2059 3228
32 300 71 347 ἵζ’
107 305 112 312 ”
185 311 201 355 ἓ
220 311 251 345 8.
272 311 341 344 Non
367 311 566 345 obstantibus
586 312 769 356 praemissis
789 318 886 344 statu-

21 363 181 424 altono-tis
206 364 306 409 ipsius
335 366 438 406 Urbis,
467 371 501 397 ut
533 366 722 409 praefertur,
747 376 805 409 per
829 376 887 398 nos

20 412 22 419 ¹
142 417 246 460 editis,
285 420 498 463 promulgatis
535 426 565 452 et
603 419 810 460 confirmatis,
850 430 887 452 ac

107 467 115 475 “
142 471 424 506 constitutionibus
440 479 468 506 et
486 473 742 506 ordinatmnibus
758 479 886 517 aposto·-

141 524 222 567 licis,
234 530 264 559 et
279 525 495 559 Cancellai·iae
513 532 638 560 nostrae
651 526 778 569 regulis,
791 527 885 559 ctiam

141 578 182 614 de
200 579 417 613 nontollendo
438 579 507 613 iure
520 580 681 623 quaesito;
702 580 886 624 privilegiis,

141 633 236 667 etiam
247 632 441 674 iuramento,
456 633 700 666 confirmatione
713 633 887 677 apostolica

141 685 191 721 vel
219 685 329 730 quavis
360 686 511 720 firmitate
545 687 605 719 alia
634 686 803 727 roboratis,
830 698 888 728 per

140 749 200 774 nos
226 744 258 773 et
276 741 539 784 praedecessores
570 745 695 773 nostros
723 740 887 783 quibusvis

141 791 244 827 dictae
278 793 371 828 Urbis
408 793 568 827 iudicibus
605 799 636 826 et
672 793 888 828 tribunalibus

140 846 384 891 quomodolibet
403 846 562 890 concessis
582 851 614 880 et
632 847 799 888 innovatis,
818 848 888 881 illo-

140 910 215 934 rum
235 905 363 935 tenores
394 901 618 945 praesentibus
641 911 701 945 pro
731 901 888 945 expressis

140 952 310 996 hahentes;
341 955 519 998 ceterisque
536 954 723 1002 ‚contrariis
752 954 887 998 quibus-

138 1012 293 1051 cumque.

183 1056 298 1094 Datum
324 1060 444 1095 Romae
468 1061 555 1105 apud
571 1061 724 1095 Sanctum
743 1061 887 1104 Petrum,

140 1113 199 1148 sub
228 1115 350 1148 annulo
378 1115 560 1156 piscatoris,
580 1116 632 1150 die
651 1116 757 1160 prima
795 1117 884 1158 maii,

142 1167 315 1202 millesimo
333 1169 591 1213 quingentesimo
607 1170 804 1213 octogesimo
823 1171 889 1215 pri-

142 1232 206 1263 m0‚
225 1222 432 1267 pontificatus
451 1224 554 1258 nostri
579 1235 665 1259 anno
688 1234 731 1258 ix.

139 1353 292 1399 Sequitur
310 1356 484 1390 declaratio
497 1356 579 1400 quod
593 1356 778 1390 constitutio
794 1366 888 1399 prae-

54 1404 100 1459 sj
184 1409 310 1443 inserta
340 1420 406 1443 uon
438 1410 644 1453 praeiudicat
678 1410 888 1453 facultatibus

57 1457 60 1463 ⁴
185 1463 410 1506 quberuatoris
429 1464 533 1505 Urbis,
555 1464 721 1507 capitanei
743 1464 887 1508 appella-

186 1517 314 1550 tionum
331 1521 362 1551 et
381 1518 523 1551 aliorum
540 1518 694 1552 iudicum.

196 1605 342 1643 Gregorius
360 1608 431 1644 rapa
447 1607 516 1641 Xltl,
535 1607 752 1644 motuproprio,
771 1609 826 1637 etc.

62 1719 75 1734 2.
186 1687 202 1732 ἓ
212 1688 244 1722 1.
255 1688 300 1722 Ne
311 1685 597 1733 per'praeinsertas
607 1688 730 1722 litteras
740 1688 772 1721 in
785 1688 889 1721 fornia

140 1739 246 1774 brevis
264 1742 365 1775 nostri
390 1741 521 1786 aliquod
541 1741 778 1786 praeiudicium
803 1742 888 1774 bono

73 1801 78 1805 ’
96 1803 129 1826 πι-
142 1799 173 1828 et
187 1795 324 1839 pacifico
348 1795 497 1839 regimini
517 1796 620 1829 almae
639 1795 735 1829 Urbis
760 1800 889 1828 nostrae

48 1840 130 1898 ‘2:3732}
142 1852 173 1882 et
190 1848 278 1883 illius
295 1849 505 1893 gubernatori
518 1861 555 1883 ac
575 1850 646 1883 aliis
666 1849 826 1882 iudicibus
840 1860 890 1882 or-

46 1897 129 1955 3332:
143 1901 275 1936 dinariis
294 1903 395 1947 ipsius
411 1903 505 1937 Urbis
524 1903 694 1944 inferatur,
710 1902 890 1936 decidimus

68 1951 97 1975 ''³'‘
143 1959 174 1989 et
192 1956 393 1990 declaramus
408 1956 597 1990 intentionis
616 1962 745 1990 nostrae
756 1956 890 1989 minime

140 2009 237 2044 fuisse
250 2021 311 2044 nec
335 2021 402 2044 esse
422 2012 510 2055 quod
530 2022 590 2055 per
607 2011 820 2054 praeinsertas
837 2010 890 2043 lit-

141 2067 225 2097 teras
247 2064 281 2097 in
300 2064 408 2108 aliquo
429 2064 710 2098 iurisdictionibus
731 2070 762 2097 et
786 2064 890 2097 sacul-

143 2116 257 2151 tatibus
271 2128 308 2151 ac
327 2118 643 2162 superintendentiae
659 2118 802 2151 eiusdem
824 2128 892 2151 mo-

141 2168 232 2203 derni
256 2180 294 2203 ac
313 2181 371 2214 pro
400 2175 542 2214 tempore
563 2171 727 2204 existentis
748 2171 891 2204 eiusdem

142 2222 235 2256 Urbis
258 2229 386 2257 nostrae
422 2225 651 2267 gubernatoris
681 2235 718 2257 ac.
753 2225 891 2257 aliorum

122 2293 127 2299 ·
143 2275 287 2310 iudicum
306 2277 546 2311 ordinariorum
563 2278 667 2311 dictae
682 2277 788 2318 Urbis,
806 2278 892 2311 circa

134 2340 314 2367 causarum
335 2331 532 2374 cognitiones
561 2332 594 2365 in
613 2331 822 2375 praeinsertis
842 2332 893 2364 lit-

145 2383 220 2417 teris
239 2394 413 2428 expressas,
423 2384 558 2428 perinde
571 2395 609 2418 ac
629 2385 654 2418 si
674 2385 892 2429 praeinsertae

128 2435 269 2471 ‘litterae
290 2448 309 2471 a
332 2437 426 2470 nobis
449 2443 614 2471 emanatae
647 2445 713 2471 non
743 2438 889 2478 fuissent,

146 2489 278 2524 minime
301 2490 553 2535 praeiudicetur.
575 2491 640 2524 Nec
658 2491 727 2524 ullo
748 2490 891 2534 unquam

90 2539 94 2551 ²
144 2547 291 2588 tempore
310 2544 430 2578 eisdem
450 2543 659 2588 gubernatori
679 2549 710 2578 et
731 2543 893 2577 iudicibus

88 2596 97 2625 ἶ
146 2607 183 2630 ac
206 2608 320 2632 eorum
352 2598 608 2632 locutenentibus
627 2603 659 2632 et
682 2608 796 2631 eorum
821 2597 892 2630 cui-

146 2649 224 2685 libet
230 2651 564 2696 praeiudicatumesse
573 2650 783 2695 intelligatur,
796 2655 894 2694 prout

90 2528 98 2535 .
91 2474 99 2490 ,Δ
66 2082 110 2460 ’,ςμκφμιψψῆ
80 2062 82 2066 v
68 2034 94 2046 ι·

101 3199 125 3228 44,
130 3219 134 3228 1.

744 257 919 284 annuemus
937 258 993 283 xm
1012 257 1061 282 FP.

1567 241 1631 277 335

928 309 1150 354 praei-uliuure
1172 308 1334 347 nolumus,
1358 306 1411 341 sed
1437 305 1524 349 quod
1543 315 1674 339 eorum-

928 364 999 396 deiu
1021 362 1245 404 gubernatoris
1258 368 1283 395 01
1301 362 1444 394 iudicum
1465 366 1496 394 et
1513 358 1675 404 capitanei

928 415 1181 460 nl‘ipellutiouuui
1206 415 1441 447 iurisdictiones
1453 419 1483 446 «rt
1494 414 1673 454 facultates,

927 480 1007 513 quas
1033 480 1089 512 per
1109 468 1199 512 plius
1220 469 1391 508 luibebunt,
1414 469 1516 500 salvae
1533 472 1563 500 et
1585 467 1676 500 illae-

928 534 980 556 sae
1005 523 1091 556 circa
1112 521 1285 565 praeniissa
1317 528 1472 564 perpetuo
1506 524 1674 562 1uaneant;

928 582 958 609 et
978 576 1048 609 illas
1069 575 1281 619 prueinsvrtas
1301 575 1345 607 eis
1363 586 1427 607 non
1447 576 1573 607 obstare
1588 574 1677 607 volu-

929 640 1013 669 mus,
1044 628 1342 672 apljiellationesque
1367 634 1396 661 ct
1434 628 1675 671 provocationes

928 693 1040 717 omnes
1061 683 1099 715 ad
1120 693 1175 716 eos
1195 687 1382 726 ceterosque
1402 682 1494 714 Urbis
1511 687 1541 714 et
1560 681 1675 715 Curiae

929 736 1109 770 ordinarios
1151 741 1181 769 et
1218 745 1331 769 eorum
1371 735 1553 775 tribunalia,
1593 735 1678 768 sicut

928 791 1031 836 prius,
1062 790 1209 824 videlicet
1239 795 1311 823 ante
1340 789 1425 821 dicta
1453 795 1580 829 statuta,
1607 788 1676 822 sine

929 846 996 878 ullo
1011 844 1243 889 impedimento
1255 844 1455 877 deserantur.

973 899 988 943 ἓ
1008 898 1039 932 2.
1062 898 1276 932 Decernentes
1296 902 1368 937 etc.;
1391 902 1421 930 et
1440 896 1484 929 sic
1506 907 1562 939 per
1577 906 1675 939 quos-

929 963 1089 996 cumque,
1115 952 1210 985 etiam
1241 951 1270 984 S.
1300 951 1336 984 R.
1367 951 1402 983 E.
1432 950 1609 983 cardinales
1640 959 1678 983 ac

1688 241 1740 268 An.
1757 238 1787 267 c.
1804 237 1882 278 ineu,

1761 892 1877 917 Decretum

1692 923 1789 949 irritetis.

928 1006 1009 1040 alios
1042 1006 1165 1039 iudices
1193 1010 1249 1038 etc.
1288 1004 1422 1038 iudicari
1447 1008 1504 1037 etc.
1538 1003 1676 1044 debere,
1719 1045 1722 1049 ⁸

929 1061 1054 1094 sublata
1073 1064 1151 1101 etc.;
1174 1059 1301 1092 irritum
1318 1069 1448 1102 quoque
1466 1064 1493 1091 et
1507 1058 1601 1090 inane
1617 1062 1676 1091 eto.

929 1113 1100 1157 contigerit
1135 1105 1299 1153 attentari,
1327 1124 1364 1146 ac
1391 1113 1491 1145 solam
1527 1122 1678 1155 praesen-

929 1168 1008 1201 tium
1027 1167 1236 1210 signaturam,
1253 1167 1286 1199 in
1306 1165 1426 1199 iudicio
1447 1170 1477 1198 et
1497 1170 1595 1205 extra,
1612 1165 1678 1198 suf-

929 1221 1026 1255 ficere
1046 1226 1077 1254 et
1092 1222 1218 1265 plenam
1233 1220 1329 1253 fidem
1341 1220 1457 1261 facere,
1472 1219 1585 1262 regula
1599 1228 1678 1252 con-

928 1275 1027 1309 traria
1046 1285 1111 1308 non
1132 1275 1287 1308 obstante.

1094 1329 1174 1362 Fiat.
1199 1329 1285 1362 Motu
1304 1327 1451 1372 proprio,
1473 1327 1510 1361 U.

973 1384 1088 1416 Datum
1108 1383 1228 1417 Romae
1255 1382 1340 1427 apud
1359 1382 1392 1416 S.
1419 1382 1564 1423 Petrum,
1584 1379 1679 1415 nonis

929 1436 1012 1478 iulii,
1035 1447 1120 1470 anno
1140 1447 1171 1470 x.

1254 1588 1354 1623 CXVI.

931 1666 1021 1707 Quod
1031 1667 1150 1709 fratres
1161 1666 1404 1699 Praedicatores
1421 1664 1554 1699 Ordinis
1566 1665 1601 1698 S.
1616 1665 1679 1698 Do-

975 1721 1102 1760 min'e'cr',
1118 1721 1159 1753 ad
1173 1720 1368 1753 instantiam
1377 1720 1600 1762 cuiuscumque
1608 1729 1679 1761 per-

973 1784 1069 1806 sonae
1089 1778 1182 1806 eoetra
1206 1774 1312 1816 ipsum
1343 1772 1510 1813 Ordinem,
1533 1773 1678 1815 aliquam

973 1827 1116 1869 qratiam
1144 1827 1248 1869 facere
1266 1830 1324 1859 aut
1356 1836 1492 1869 poenam
1516 1825 1679 1858 remittere

974 1881 1187 1924 nonpossint,
1204 1891 1303 1923 neque
1314 1880 1501 1923 conquisitis
1515 1879 1679 1921 favoribus

974 1939 1004 1967 et
1022 1935 1186 1977 suffrayz'is
1205 1935 1307 1978 officia
1323 1943 1498 1978 procurare
1517 1932 1544 1965 1.

932 2011 1077 2047 Gregorius
1087 2012 1158 2046 Papa
1167 2010 1236 2044 xm.
1249 2011 1282 2039 ad
1291 2011 1450 2046 perpetuam
1462 2009 1504 2038 rei
1511 2008 1680 2038 memoriam.

976 2073 1055 2107 Cum
1076 2073 1156 2106 nihil
1178 2072 1278 2116 magis
1307 2072 1531 2115 religiosorum
1563 2075 1679 2104 statum

932 2127 1099 2172 perturbet
1118 2137 1216 2170 quam
1238 2127 1381 2159 favorum
1403 2131 1433 2159 et
1454 2124 1680 2167 suffragiorum

933 2180 1146 2213 saecularium
1163 2180 1335 2222 aucupatio
1347 2184 1376 2211 et
1389 2178 1593 2222 conquisitio,
1608 2178 1679 2222 qui-

932 2234 993 2267 bus
1019 2233 1223 2277 superiorum
1249 2243 1351 2275 aequa
1381 2242 1487 2271 ruens,
1515 2242 1597 2274 quae
1622 2242 1680 2275 pro

933 2287 1057 2319 meritis
1094 2296 1228 2319 suorum
1262 2284 1439 2327 unicuique
1475 2285 1679 2318 subditorum

933 2341 1077 2373 tribuere
1097 2340 1203 2380 debet,
1227 2343 1437 2382 pervertatur.

978 2394 993 2437 ἓ
1014 2394 1046 2427 ’1.
1068 2393 1142 2434 Nos,
1162 2393 1282 2426 malum
1302 2393 1364 2425 hoc
1396 2393 1435 2425 ab
1464 2391 1582 2426 Ordine
1614 2393 1678 2426 sra-

932 2451 1019 2480 trum
1051 2445 1326 2484 Praedicatoruni,
1363 2444 1455 2478 cuius
1488 2455 1678 2489 prosperum

933 2499 1078 2542 regimen
1111 2504 1141 2531 et
1170 2498 1417 2539 incrementum,
1451 2497 1491 2531 ad
1524 2498 1679 2532 ecclesiae

970 2572 981 2597 1
1004 2569 1064 2597 Alia
1079 2572 1173 2597 autem
1193 2568 1227 2595 de
1252 2567 1295 2595 his
1314 2567 1448 2596 fratribus
1464 2571 1491 2596 et
1511 2576 1612 2597 eorum
1627 2568 1679 2597 Or-

933 2613 998 2641 dine
1013 2614 1096 2648 plene
1116 2612 1215 2647 scripsi
1230 2612 1258 2639 in
1280 2612 1376 2640 Onorii
1399 2612 1436 2641 111
1452 2613 1563 2642 constit.
1579 2620 1610 2648 11,
1628 2614 1679 2641 Re-

934 2658 1066 2693 liqiosam,
1083 2661 1149 2686 tom.
1171 2663 1212 2692 ιιι,
1234 2664 1295 2692 pag.
1313 2657 1371 2685 309.

1721 2075 1840 2097 Exordium.

1715 2398 1831 2420 Prohibitio
1840 2399 1877 2420 fu-v

1694 2431 1764 2451 ciendi
1779 2431 1874 2455 gratiani,

1693 2464 1728 2481 aut
1751 2461 1874 2482 remittendi

1693 2497 1784 2519 poenam
1804 2491 1830 2513 ad
1843 2491 1877 2517 inf
