2059 3228
113 228 166 258 An.
183 230 210 259 C.
227 233 294 260 1586

358 217 421 252 774

309 332 442 374 collegia
472 331 503 362 in
532 329 617 362 dicta
645 327 772 360 civitate
799 326 958 366 instituta,
981 325 1054 358 illo-

308 395 445 427 rumque
464 389 616 422 rectores,
630 381 804 421 scholareS,
814 379 995 419 oeconomi,
1009 379 1054 411 os-

308 439 427 471 ticiales
453 442 484 470 et
512 435 650 469 ministri
678 446 714 467 ac
727 444 897 478 personae,
923 433 962 466 de
983 433 1054 466 iure

306 492 352 523 vel
373 490 605 523 consuetudine
626 494 679 521 aut
701 499 738 521 ex
757 486 924 530 privilegio
944 487 992 519 vel
1020 497 1053 519 a-

306 545 364 578 lias
386 544 644 588 quomodolibet,
667 547 816 581 utuntur,
840 541 1007 584 potiuntur
1024 545 1054 573 et

305 598 455 641 gaiulmu,
476 609 513 631 ac
532 597 589 637 uti,
610 595 706 640 potiri
719 601 750 628 et
766 596 906 638 gaudere
919 599 1054 639 possunt

304 658 335 685 ct
366 657 519 696 poterunt
552 649 794 694 quomodolibet
827 649 859 681 in
892 649 1050 686 futurum,

304 717 368 739 non
393 706 498 739 solum
524 705 563 738 ad
584 715 697 737 eorum
723 703 841 742 instar,
868 701 922 735 sed
951 712 1052 744 aeque

304 759 526 802 prhwipaliter
542 764 573 791 et
596 756 826 800 parisormiteu
851 756 882 788 in
903 754 1053 787 omnibus

902 217 1080 243 nULLARIUM
1102 217 1253 243 ROMANUM

309 279 384 312 ralis
404 275 614 311 Bononiensis
632 272 831 313 huiusmodi,
853 282 980 306 necnon
992 272 1055 305 alia
1097 281 1172 303 rum
1199 270 1302 303 maior
1331 275 1362 303 et
1389 271 1497 304 sanior
1527 283 1601 316 pars
1621 284 1680 317 pro
1701 272 1857 317 tempore·

1094 323 1242 356 duxerint
1254 324 1448 367 eligendum,
1459 325 1602 359 eiusdem
1618 328 1744 370 collegii
1755 329 1843 361 Mou-

1096 377 1133 410 tis
1150 377 1226 418 Alii,
1248 377 1398 420 illiusque
1414 388 1640 422 personarum,
1655 391 1778 421 rerum,
1790 382 1844 414 ho-

1094 441 1213 463 norum
1235 436 1265 464 et
1284 431 1405 464 iurium
1428 442 1464 464 ac
1482 432 1722 475 privilegiorum
1737 439 1842 477 prote-

1095 490 1218 517 ctorem
1241 490 1271 517 et
1291 485 1496 518 defensorem
1515 496 1552 517 ac
1572 491 1842 527 conservatorem,

1095 538 1188 571 cuius
1217 537 1352 581 consilio
1379 544 1411 572 et
1437 549 1497 582 ope
1529 539 1634 571 omnia
1663 540 1845 582 supradicta

1095 597 1125 624 et
1154 602 1380 636 quaecumque
1410 591 1473 625 alia
1498 592 1530 624 in
1557 592 1607 625 his
1632 598 1662 625 et
1695 593 1780 626 circa
1809 604 1845 626 ea

1094 646 1341 688 quomodolibet
1376 645 1557 678 necessaria
1598 651 1746 687 agantur,
1783 651 1845 678 sta-

1095 704 1226 731 tuantur
1257 704 1289 731 et
1323 698 1524 739 ordinentur,
1557 698 1784 732 constituimus
1815 705 1846 732 et

1095 752 1303 795 deputamus.
1691 760 1702 774 ’

1860 222 1912 250 An.
1927 221 1955 250 C.
1973 221 2004 251 1⁴5

303 818 334 845 et
362 823 419 855 per
448 812 556 844 omnia
586 811 642 850 uti,
671 809 768 853 potiri
788 815 818 842 et
838 809 977 851 gaudere
997 819 1051 840 va·
1139 807 1152 848 ς’
1186 805 1216 837 8.
1251 805 1381 838 Necnon
1415 805 1595 839 Alexandro
1626 805 1781 839 cardinali
1815 813 1846 840 et
1889 817 2012 843 ramnum

1094 869 1152 902 pro
1173 864 1318 903 tempore
1339 858 1486 892 existenti
1500 859 1675 902 protectori
1688 859 1763 892 dicti
1779 860 1845 893 col·
1859 852 2023 904 ffissf⁰¹i⁰⁰¹¹⁰⁰⁶

302 866 407 905 leant,
439 866 550 899 itidem
575 870 732 908 perpetuo
758 863 796 895 de
818 862 949 906 speciali
978 872 1051 904 gra-
1072 887 1074 931 Ι

302 919 344 952 tia
366 919 582 962 indulgemus,
616 918 735 960 illaque
763 916 807 949 eis
827 914 1051 949 communica·
1073 934 1074 942 η
1094 912 1168 955 legii
1192 912 1306 945 Montis
1327 912 1554 952 Altirectore5‚
1576 923 1782 954 oeconomos
1798 914 1845 947 of-

306 984 388 1006 mus,
483 985 499 994 ›-
1072 962 1074 1019 χ’
1094 966 1227 1005 ficiales,
1249 966 1428 1006 advocatos,
1454 972 1682 1010 procuratores
1705 972 1845 1000 ceteros-

348 1027 363 1070 ἓ
387 1026 418 1059 6.
445 1025 626 1059 Districtius
649 1025 830 1057 inhibentes
857 1021 980 1065 legatis,
1000 1032 1051 1054 ar-
1072 1022 1074 1055 Ι
1094 1030 1157 1063 que
1178 1020 1342 1053 ministros
1362 1021 1462 1064 ipsius
1487 1020 1613 1064 collegii
1642 1021 1756 1054 Montis
1783 1021 1844 1053 Alti

128 1097 151 1118 1„
167 1098 287 1119 ,mmmm
303 1079 531 1125 chiepiscopis,
564 1078 724 1123 episcopis
755 1083 787 1110 et.
813 1076 884 1108 aliis
905 1076 1052 1108 locorum
1095 1074 1270 1118 deputandi
1290 1079 1321 1107 et
1342 1075 1522 1114 amovendi⁷
1545 1086 1581 1107 ac
1601 1075 1673 1108 loco
1693 1085 1847 1108 amoven-

100 1130 219 1180 ffiffssffb'g
235 1137 288 1181 ‘luffg'j
303 1133 484 1173 ordinariis,
511 1142 637 1166 necnon
658 1128 943 1174 gubernatoribus,
963 1128 1054 1161 audi·
1072 1123 1074 1140 “
1095 1128 1210 1160 dorum
1237 1128 1317 1160 alios
1342 1128 1542 1167 sufficiendi,
1568 1139 1604 1161 ac
1622 1139 1845 1171 quaecumque

104 1190 288 1213 ¹²⁵²³¹³¹¹¹²¹dve-
302 1187 439 1227 toribus,
453 1186 604 1226 antianis,
619 1185 807 1223 vexillifero,
830 1182 1052 1227 potestatibus,
1072 1185 1075 1226 ᾖ
1095 1186 1224 1222 statuta,
1238 1181 1459 1215 ordinationes
1479 1189 1506 1215 et
1526 1182 1743 1222 decreta‚tarn
1760 1183 1846 1216 circa

100 1224 138 1248 ⁸³²⁵
302 1239 719 1291 legatismlocatenenti]ms,
741 1236 879 1276 vicariis,
906 1236 1054 1269 olficiali-
1072 1232 1075 1275 Ι
1095 1235 1238 1268 eiusdem
1260 1235 1386 1278 collegii
1407 1236 1521 1269 Montis
1540 1237 1602 1270 Alti
1625 1236 1774 1280 illiusque
1791 1234 1857 1270 re-¹

301 1295 374 1336 bus,
410 1294 570 1327 iudicibus
598 1299 629 1325 et
660 1292 730 1324 aliis
755 1290 939 1334 praedictis,
961 1300 998 1322 ac
1019 1300 1053 1322 e-
1071 1281 1075 1339 f
1093 1299 1165 1321 rum
1188 1294 1220 1321 et
1238 1289 1400 1322 bonorum
1425 1290 1643 1334 spiritualium
1665 1295 1695 1323 et
1720 1295 1843 1335 tempo-

303 1349 378 1381 tiam
402 1348 428 1381 S.
452 1348 488 1380 R.
519 1347 553 1380 E.
579 1345 757 1380 camerario
772 1372 779 1383 ‚
802 1344 971 1387 dictaeque
991 1342 1074 1392 (la-j
1094 1342 1212 1375 salium
1242 1353 1370 1383 curam,
1394 1343 1623 1385 directionem,
1648 1344 1792 1387 regimen
1812 1349 1844 1378 et

302 1412 409 1434 merae
424 1400 632 1444 praesidenti,
649 1398 785 1439 clericis,
802 1396 1009 1430 thesaurariis
1022 1391 1074 1438 etl·
1095 1395 1418 1436 administrationem,
1432 1408 1527 1440 quam
1546 1398 1743 1431 scholarium
1752 1408 1843 1442 prae-

301 1448 692 1493 commissmiis,'necnon
710 1451 931 1495 pedagiorum,
953 1443 1074 1498 datio-'²3
1095 1449 1256 1482 dictorum
1287 1450 1505 1493 receptionem
1533 1457 1565 1483 et
1588 1451 1840 1493 admissionerm

300 1519 384 1549 rum,
412 1507 631 1551 vectigalium,
665 1506 877 1549 gabellarum,
904 1503 1052 1547 angaria·
1071 1502 1074 1544 ξ
1094 1513 1274 1546 eorumque
1307 1509 1456 1544 aetatem,
1493 1504 1674 1548 qualitates,
1709 1504 1840 1546 victum,

301 1573 384 1602 rum,
398 1558 598 1595 decimarum
614 1560 792 1593 ctaliorum
807 1568 943 1591 onerum
960 1567 1054 1600 prae·
1071 1554 1074 1602 ξ
1094 1557 1262 1596 amictum,
1292 1556 1535 1590 instructionem
1565 1563 1595 1591 et
1623 1557 1839 1602 disciplinam,

300 1615 464 1649 dictorum
499 1613 751 1658 appaltatoribus
764 1639 771 1652 ‚
809 1610 994 1644 dohaneriis
1022 1615 1053 1643 et
1071 1608 1074 1643 {⁴
1093 1610 1255 1653 studiique
1268 1621 1410 1651 cursum,
1431 1622 1468 1644 ac
1488 1616 1614 1654 tempus
1634 1622 1692 1655 per
1710 1612 1798 1656 quod
1810 1611 1842 1644 in

157 2215 288 2237 Cardiualom

109 2247 134 2265 de
157 2246 223 2268 &tonte
244 2248 289 2268 Alto

110 2277 193 2301 ·“Ῑ’“Ῐ““ῑ-·Ἰ
208 2277 289 2306 inpro-

111 2309 220 2328 tectorem.
233 2326 236 2329 ,

301 1668 502 1702 exactoribus
532 1678 590 1711 pro
616 1672 762 1710 tempore
792 1664 965 1708 deputatis,
997 1674 1049 1703 ue,

299 1722 490 1767 quarumvis
509 1721 690 1754 litterarum
710 1719 755 1752 eis
772 1719 831 1751 sub
842 1718 1053 1762 quibuscum-

299 1786 363 1819 que
376 1775 541 1809 tenoribus
554 1780 581 1807 ct
596 1773 707 1806 formis
717 1782 943 1805 concessarum
960 1781 1052 1814 prae·
1071 1792 1074 1796 ι

299 1835 398 1869 textu,
417 1828 588 1871 collegium
611 1827 723 1860 Montis
743 1825 816 1864 Alti,
840 1824 1053 1868 illiusquere-
1071 1831 1074 1839 ²

301 1888 436 1923 ctorem,
469 1883 644 1921 scholares,
678 1889 882 1919 oeconomos,
899 1878 1073 1926 officiales]

301 1943 333 1970 et
361 1936 525 1969 ministros
558 1933 745 1968 huiusmodi
777 1944 833 1966 seu
854 1942 968 1966 eorum
993 1931 1052 1964 ali-

301 2001 397 2034 quem
413 2001 510 2033 super
524 1988 707 2032 praemissis
723 1985 938 2031 quovismodo
950 1985 1052 2018 mole-

302 2050 396 2085 stare,
424 2044 613 2087 perturbare
638 2042 685 2075 vel
712 2041 891 2085 iuquietare
912 2039 1053 2072 audeant

302 2108 358 2130 scu
379 2102 596 2141 praesumant.

347 2152 362 2193 ξ
387 2151 417 2184 7.
447 2151 484 2183 Ut
512 2156 620 2183 antem
650 2149 750 2193 ipsius
779 2147 907 2188 collegii
940 2145 1053 2179 Montis

305 2205 364 2237 Alii
393 2204 554 2245 regimini,
587 2203 746 2244 gubernio
767 2207 797 2234 et
817 2199 1052 2234 conservationi
1072 2207 1075 2246 ξ

305 2264 486 2301 opportune
526 2257 725 2295 crmsulatur,
759 2255 911 2287 dilectum
949 2253 1052 2285 [ilium

1071 1662 1180 1696 ‘dicto
1211 1664 1347 1707 collegio
1374 1664 1487 1697 Montis
1516 1665 1576 1697 Alli
1604 1665 1644 1697 ali
1672 1670 1703 1698 ct
1730 1665 1842 1699 conso-

1071 1717 1159 1759 ,veri
1191 1717 1343 1758 debeant,
1374 1728 1410 1750 ac
1434 1718 1512 1751 alias
1542 1719 1572 1750 in
1599 1718 1782 1762 praemissis
1811 1723 1843 1751 et

1071 1761 1074 1788 ¹
1094 1770 1180 1802 circa
1202 1781 1239 1803 ea
1262 1771 1505 1814 quomodolibet
1530 1771 1710 1805 necessaria
1729 1777 1761 1805 et
1781 1782 1840 1816 op-

1094 1829 1244 1867 portuna,
1272 1824 1358 1857 licita
1383 1830 1488 1858 tamen
1514 1831 1545 1858 et
1572 1825 1705 1858 honesta
1734 1836 1770 1858 ac
1790 1836 1839 1859 sa-

1094 1876 1157 1909 cris
1188 1877 1365 1911 canonibus
1395 1883 1425 1911 et,
1451 1878 1587 1911 decretis
1613 1879 1689 1911 dicti
1711 1878 1840 1912 concilii

1072 1930 1074 1940 ¹
1094 1941 1158 1963 non
1184 1931 1357 1972 contraria,
1380 1931 1517 1964 faciendi
1537 1937 1565 1964 ct
1580 1932 1707 1972 edendi;
1725 1932 1839 1973 acilia,

1071 2000 1074 2022 t
1094 1984 1222 2026 quoties
1245 1995 1304 2028 pro
1334 1995 1446 2017 eorum
1473 1991 1504 2016 et
1536 1990 1719 2028 temporum
1741 1985 1843 2027 quali-

1071 2025 1074 2087 }
1094 2043 1157 2069 tate
1178 2048 1235 2070 seu
1255 2038 1333 2070 alias
1353 2037 1524 2082 expediens
1544 2038 1713 2077 videbitur,
1726 2038 1843 2070 immu-

1071 2090 1074 2131 ξ
1093 2091 1193 2132 tandi,
1203 2091 1397 2134 corrigendi,
1414 2091 1617 2131 moderandi,
1630 2092 1840 2132 reformandi,

1095 2145 1327 2188 interpretandi
1342 2145 1481 2177 acetiam
1493 2145 1555 2177 alia
1571 2156 1607 2178 ex
1624 2145 1748 2188 integro
1765 2156 1824 2178 con

1094 2198 1477 2242 (leudi,quae,postquam
1488 2198 1830 2239 edita,immutata,cor

1072 2250 1075 2271 ³
1095 2252 1377 2292 recta‚moderata‚
1396 2251 1567 2284 reformata
1581 2258 1612 2284 et
1627 2251 1755 2284 condita
1772 2252 1842 2285 sue-

307 2318 449 2343 nostrum
472 2310 685 2342 Alexandrum
708 2310 739 2341 S.
761 2307 945 2350 llieronyu‘ii
962 2305 1054 2338 Illiri-
1072 2313 1075 2357 ε
1096 2305 1170 2342 riui,
1194 2315 1230 2336 eo
1253 2305 1320 2347 ipso
1345 2303 1428 2337 dicta
1449 2304 1638 2337 auctoritate
1667 2304 1843 2348 apostolica

306 2376 416 2396 rorum
447 2364 618 2396 diaconum
651 2362 845 2394 cardinalem
876 2361 914 2393 de
948 2360 1075 2395 Monte!
1095 2359 1287 2390 contirmata
1307 2363 1338 2390 et
1362 2358 1540 2401 approbata
1565 2358 1751 2391 sintetesse
1767 2368 1842 2391 cen-

306 2414 376 2445 Alto
408 2419 629 2455 nuncinmtuin
644 2438 651 2451 ‚
690 2422 725 2443 cx
759 2420 869 2442 sorore
900 2417 1053 2451 germana
1071 2404 1075 2446 ἔ
1095 2412 1235 2446 scantur,
1253 2418 1290 2439 ac
1311 2407 1350 2439 ab
1371 2406 1521 2439 omnihus
1541 2407 1580 2439 ad
1601 2416 1682 2449 quos
1695 2416 1752 2449 pro
1764 2412 1842 2439 tem-

306 2463 481 2493 sccuudum
504 2472 633 2494 caruem
653 2465 864 2503 pronepotem
884 2468 987 2501 eoque
1004 2468 1054 2490 ce·
1072 2448 1076 2502 Ι
1094 2466 1173 2499 pore
1194 2455 1361 2499 spectabit,
1385 2455 1478 2488 etiam
1500 2455 1558 2487 sub
1583 2455 1695 2499 poenis
1715 2455 1746 2487 in
1767 2465 1844 2488 con-

305 2511 398 2542 dente
431 2511 476 2541 vol
509 2509 702 2547 decedente,
726 2514 755 2540 et
786 2507 818 2540 in
850 2507 929 2540 alios
959 2515 1052 2539 even-

306 2565 378 2595 tus,
412 2558 508 2589 alium
540 2570 573 2589 ex
604 2558 634 2590 S.
672 2558 706 2589 R.
741 2557 775 2589 Ε.
815 2554 1051 2594 cardinalibus,

306 2618 401 2650 qucm
425 2611 529 2639 rector
546 2612 572 2638 et
587 2606 748 2638 scholares
762 2604 918 2649 praedicti
930 2615 983 2636 seu
999 2614 1052 2636 eo-

1095 2504 1306 2537 travenientes
1314 2504 1499 2540 statuendis,
1514 2503 1675 2536 observari
1693 2503 1839 2542 debeant,

1094 2554 1222 2597 plenam
1254 2554 1454 2596 liberamque
1484 2554 1666 2586 facultatem
1691 2551 1841 2586 concedi-

1096 2615 1177 2636 mus.
