2059 3228
127 239 181 267 An.
198 239 226 267 c.
245 227 312 267 1531

170 1165 282 1187 Exordium

181 1961 274 1988 Philippi
289 1959 328 1980 Ri-

149 1998 269 2018 spaniarum
293 1997 331 2013 re·

147 2027 179 2049 gis
194 2023 276 2050 petitio.

369 228 433 263 480

370 291 483 323 Datum
506 289 625 321 Romae
650 286 734 329 apud
764 285 796 319 S.
817 285 961 326 Petrum,
987 293 1072 317 anno

327 341 559 376 lnearnatiouis
578 339 762 374 dominicae
781 338 952 372 millesimo
977 337 1073 382 quin-

328 395 506 439 gentesimo
544 393 764 437 octuagesimo
802 398 930 437 quarto,
962 392 1074 437 quinto

328 449 490 489 kalendas,
514 447 596 489 iulii,
633 447 839 491 pontificatus
862 448 964 481 nostri
989 456 1074 480 anno

326 512 394 536 xm.

367 560 432 591 Dat.
449 560 496 590 die
513 559 550 590 27
569 559 645 591 iunii
664 561 752 599 1584,
772 559 877 601 pontif.
898 568 946 589 an.
969 567 1035 589 Χ111.

626 748 775 783 CLXVIII.

429 845 554 879 Erectio
577 843 702 887 colleyii
724 842 895 876 societatis
914 842 987 875 Iesu

499 898 537 930 in
552 898 684 930 civitate
700 896 862 940 Bruqeusi
881 894 907 927 1.

375 977 519 1014 Gregorius
538 977 690 1013 episeopus,
711 983 806 1005 servus
822 981 962 1004 servorum
976 974 1032 1010 Dei,

472 1032 506 1060 ad
523 1032 683 1068 perpetuam
706 1031 747 1059 rei
775 1029 945 1058 memoriam.

375 1094 534 1127 Immensa
552 1093 607 1127 Dei
618 1092 829 1138 providentia,
838 1103 855 1125 a
865 1102 929 1135 qua
936 1089 1082 1124 omnium

332 1148 494 1181 bonorum
516 1147 660 1192 operatio
681 1146 839 1191 procedit,
857 1156 893 1178 ea
907 1145 1082 1178 insuorum

334 1202 479 1235 fidelium
501 1201 616 1234 animis
637 1201 822 1244 frequenter
851 1199 978 1242 ingerit,
1001 1209 1083 1242 quae
1103 1208 1105 1215 ⁴

335 1256 374 1289 ad
402 1255 593 1289 christianae
622 1253 788 1298 religionis
819 1253 1106 1286 instaurationem·

337 1315 367 1343 et
391 1309 669 1353 propagationem,
705 1307 934 1352 publicamque
962 1306 1084 1340 utilita-

337 1368 402 1396 tem
423 1368 454 1396 ct
473 1363 611 1396 salutem
631 1367 707 1395 sunt
727 1361 863 1395 maxime
892 1361 1083 1404 profutura;

337 1417 423 1450 unde
442 1427 512 1458 nos,
540 1416 658 1460 quibus
679 1426 757 1449 cura
777 1421 806 1449 et
828 1415 914 1448 salus
931 1414 1086 1448 dominici
1106 1431 1107 1437 1

1106 1459 1107 1464 ’
1129 1458 1214 1502 persi
1240 1463 1408 1501 vagantur,
1425 1458 1582 1502 cuiusque
1605 1456 1754 1499 ecclesia,
1779 1465 1877 1490 causa

338 1470 444 1514 gregis
461 1470 612 1503 divinitus
632 1476 680 1503 est
709 1469 913 1509 demandata,
941 1469 1087 1513 ipsorum

339 1524 498 1565 fidelium,
515 1523 704 1567 praesertim
717 1523 953 1556 catholicorum
973 1533 1087 1566 regum
1107 1537 1109 1542 2

338 1584 409 1611 vota
430 1577 461 1610 in
477 1577 508 1610 id
527 1576 690 1610 tendentia
705 1587 742 1610 ex
761 1576 873 1610 intimo
892 1576 999 1610 cordis
1014 1576 1090 1610 affe·
1108 1595 1109 1601 1

341 1636 395 1665 ctu
413 1631 552 1665 libenter
570 1641 809 1675 promovemus,
827 1636 858 1663 et
868 1631 1007 1675 desuper
1022 1630 1090 1663 offi-

342 1681 390 1719 cii¹
403 1685 504 1719 nostri
525 1691 632 1730 partes
665 1684 883 1718 favorabiliter
911 1684 1091 1728 interponi-

344 1750 429 1780 mus,
450 1745 558 1783 prout,
585 1749 695 1772 rerum
714 1739 928 1782 locorumque
948 1739 1090 1771 circum·
1110 1756 1112 1778 2

1110 1785 1112 1787 ’
1133 1781 1320 1814 monasterii
1340 1787 1371 1814 et
1391 1781 1514 1814 abbatis
1527 1785 1686 1825 perpetuo
1701 1779 1882 1824 supprime·

342 1792 466 1836 stantiis
498 1793 606 1826 debite
642 1793 793 1834 pensatis,
820 1791 1037 1834 conspicimus
1059 1792 1091 1824 in

342 1846 478 1880 Domino
498 1846 671 1880 salubriter
691 1846 854 1890 expedire.

388 1900 402 1943 ἓ
422 1900 453 1933 ’1.
476 1900 558 1933 Sane
577 1899 784 1933 charissimus
802 1900 836 1931 >in
856 1898 982 1932 Christo
1008 1898 1093 1931 filius

343 1959 453 1987 noster
471 1953 640 1998 Philippus
658 1953 885 1997 Hispaniarum
906 1963 960 1985 rex
982 1953 1093 1985 cattio„

345 2007 427 2040 licus
448 2007 540 2040 nobis
563 2015 670 2051 nuper
688 2006 888 2050 exponisecit
903 2006 1001 2049 quod,
1020 2005 1094 2039 lieet

347 2061 425 2094 alias
438 2054 473 2093 in
491 2060 620 2094 civitate
638 2054 795 2104 Brugensi
805 2071 907 2093 unum
923 2058 1094 2102 collegium
1115 2095 1117 2099 ¹

1115 2101 1117 2118 ³
1138 2100 1271 2143 ‹gi-alium
1292 2100 1325 2133 in
1345 2111 1383 2133 eo
1396 2100 1706 2134 introducendorum
1726 2103 1887 2133 sustenta-

347 2113 514 2148 Societatis
543 2113 614 2147 Iesu
648 2118 791 2147 ereetum
822 2123 879 2146 seu
909 2112 1096 2146 inchoatum

348 2167 456 2208 suerit,
481 2172 587 2200 tamen
607 2167 769 2200 malorum
789 2172 973 2209 temporum
985 2165 1097 2207 condi,-

351 2219 392 2253 tio
408 2219 470 2253 sert
490 2226 526 2253 ut
546 2219 638 2260 illud,
659 2220 745 2264 quod
766 2220 805 2253 ad
825 2219 900 2252 lidei
920 2219 1098 2263 catholicae

351 2271 608 2306 defensionemet
620 2272 899 2318 propagationem,
909 2282 945 2305 ae
955 2271 1100 2306 iuventu-

353 2325 392 2357 tis
412 2325 441 2358 in
462 2326 556 2359 boni-s
573 2325 688 2359 litteris
707 2332 738 2359 et
758 2318 939 2360 christianis
955 2325 1100 2358 moribus

353 2379 588 2413 institutionem
609 2390 674 2412 non
698 2379 806 2412 minus
825 2379 904 2412 utile
923 2389 1019 2422 quam
1044 2388 1100 2411 ne-

350 2432 529 2466 cessarium
539 2433 645 2467 fuerat
648 2439 764 2478 ,prout
783 2439 831 2467 est
841 2433 951 2473 hodie,
965 2432 1102 2466 dissolu-

354 2489 422 2517 tum
442 2485 492 2526 sit,
520 2487 616 2530 idque
640 2497 817 2530 agnoscens
834 2487 918 2520 idem
936 2485 1103 2529 Philippus
1122 2486 1126 2520 l

354 2548 421 2579 rex,
432 2539 487 2582 qui
508 2541 604 2573 etiam
623 2541 792 2575 Flandtiae
812 2552 920 2575 comes
939 2542 1055 2582 existit,
1067 2552 1104 2574 ac
1123 2536 1126 2579 i

379 2617 403 2645 1
422 2616 466 2646 Ex
485 2617 596 2654 aegest.
614 2619 643 2648 in
658 2620 763 2649 secret.
784 2620 928 2650 Brevium.

909 230 1086 256 mma-mim!
1109 226 1261 254 ROMANUM

1115 280 1322 314 considerans
1344 277 1462 313 uberes
1482 277 1614 317 fructus,
1632 284 1714 321 quos
1731 274 1865 322 presby-

1114 333 1175 368 teri
1199 333 1303 368 dictae
1327 332 1506 373 Societatis,
1529 336 1593 364 tam
1611 331 1747 375 legendo
1767 338 1864 374 quam

1115 386 1334 433 praedicando
1353 397 1390 420 ac
1409 384 1542 426 alias‚in
1557 383 1648 418 vinea
1656 382 1864 427 Dominipas-

1116 442 1174 476 sim
1195 441 1376 486 producere
1395 439 1541 479 soleant,
1568 442 1601 471 et
1624 447 1688 481 quo
1713 437 1753 470 ad
1781 435 1865 470 chri-

1117 496 1252 529 stianam
1268 493 1460 537 religionem
1479 492 1514 525 in
1533 489 1680 524 inferiori
1696 489 1867 524 Germania

1117 549 1168 582 his
1190 547 1386 582 turbulentis
1411 545 1612 590 temporibus
1644 543 1868 577 labefactatam

1119 602 1375 646 restaurandam,
1387 604 1599 634 restauratam
1615 596 1868 632 conservandam

1120 657 1214 690 utiles
1233 656 1308 697 sint,
1325 653 1513 689 huiusmodi
1532 652 1706 696 collegium
1725 650 1758 684 in
1777 660 1870 695 prae-

1119 710 1206 743 dicta
1243 709 1371 743 civitate
1407 707 1536 741 restitui
1576 705 1755 751 plurimum
1787 703 1870 738 desi-

1120 763 1223 796 derat.

1164 817 1178 860 ἓ
1198 816 1230 849 2.
1252 816 1291 849 Et
1302 814 1504 850 sicuteadem
1515 811 1734 856 subiungebat
1744 810 1870 856 exposi-

1121 868 1176 910 tio,
1198 869 1225 903 si
1248 869 1280 902 in
1305 869 1390 902 dicta
1420 867 1545 902 civitate
1572 876 1674 900 unum
1699 864 1871 909 collegium

1122 922 1226 956 dictae
1234 922 1412 963 Societatis,
1420 932 1493 955 cum
1505 920 1640 955 ecclesia
1653 930 1709 953 seu
1726 918 1873 964 cappella

1123 981 1154 1009 et
1177 977 1247 1010 aliis
1267 976 1468 1016 necessariis
1490 979 1647 1020 perpetue
1678 973 1870 1017 erigeretur,

1123 1041 1161 1063 ac
1189 1030 1223 1063 in
1255 1030 1450 1063 monasterio
1479 1028 1587 1062 Dulcis
1614 1027 1710 1061 Vallis
1746 1025 1873 1060 Ordinis

1123 1083 1154 1116 S.
1186 1083 1356 1126 Augustini
1385 1082 1617 1116 canonicorum
1650 1080 1871 1124 regularium,

1124 1135 1199 1169 olim
1230 1136 1462 1177 Tornacensis,
1490 1128 1576 1168 nunc
1600 1145 1675 1168 vero
1702 1132 1874 1178 Brugensis

1125 1190 1293 1230 dioecesis,
1315 1201 1373 1233 por
1399 1189 1528 1223 abbates
1561 1189 1628 1232 regi
1651 1193 1682 1222 et
1701 1185 1875 1231 gubernari

1125 1243 1230 1284 solito,
1248 1243 1280 1276 in
1300 1243 1372 1276 loco
1392 1243 1517 1276 deserto
1541 1243 1687 1282 fundato,
1706 1246 1739 1275 et
1756 1240 1790 1274 in
1808 1251 1874 1285 quo
1890 1233 1894 1239 ’

1126 1297 1165 1329 ad
1186 1307 1336 1341 praesens
1365 1295 1513 1329 canonici
1543 1307 1609 1329 non
1637 1296 1771 1338 degunt,
1792 1299 1824 1328 et
1846 1292 1874 1328 si

1127 1350 1182 1394 qui
1202 1361 1239 1383 ex
1258 1351 1314 1383 illo
1343 1355 1559 1394 superessent,
1580 1349 1602 1382 ii
1627 1360 1685 1393 per
1708 1347 1875 1382 saeculum

1127 1415 1183 1437 seu
1209 1404 1271 1437 alia
1291 1403 1368 1437 dicti
1388 1403 1515 1438 Ordinis
1534 1403 1695 1448 regularia
1716 1403 1789 1436 loca
1814 1400 1892 1436 dis-.

1129 1511 1228 1545 civilis
1246 1512 1337 1551 belli,
1357 1523 1464 1545 eversa
1479 1517 1511 1545 et
1531 1512 1598 1545 solo
1618 1516 1755 1555 aequata
1766 1514 1827 1551 est,
1840 1513 1877 1543 ut

1130 1566 1192 1599 iam
1213 1576 1284 1609 spes
1311 1576 1376 1599 non
1397 1565 1437 1599 sit
1469 1566 1555 1610 quod
1579 1565 1648 1599 eius
1671 1565 1786 1606 abhas,
1821 1561 1878 1608 qui

1130 1630 1217 1652 nunc
1237 1624 1283 1652 est
1303 1625 1333 1652 et
1348 1630 1407 1663 pro
1428 1624 1573 1664 tempore
1592 1619 1701 1660 fuerit,
1721 1619 1811 1652 illam
1824 1627 1878 1651 re-

1130 1678 1277 1706 staurare
1297 1673 1408 1713 valeat,
1427 1683 1501 1706 cum
1521 1672 1663 1716 primum
1679 1682 1790 1706 vacare
1802 1682 1879 1706 eon-

1130 1727 1250 1770 tigerit,
1281 1738 1410 1768 nomen,
1442 1727 1556 1760 titulus
1586 1738 1624 1760 ac
1658 1725 1879 1762 denominatio

1133 1839 1258 1874 rentur,
1286 1839 1317 1866 et
1338 1834 1377 1866 ab
1397 1844 1434 1866 eo
1454 1833 1501 1866 sic
1525 1843 1697 1877 suppresso
1725 1831 1833 1865 omnia
1851 1837 1883 1866 et

1133 1886 1258 1930 singula
1283 1887 1366 1920 eires
1384 1898 1435 1920 ros
1455 1892 1487 1920 et
1505 1886 1590 1919 hona
1610 1885 1883 1919 dismembraren-

1135 1946 1188 1973 tur
1219 1945 1251 1973 et
1271 1945 1510 1984 separarentur,
1532 1950 1569 1972 ac
1589 1939 1633 1972 sic
1658 1938 1885 1972 dismembrata

1113 2015 1114 2018 =
1136 2004 1172 2026 ac
1200 2001 1345 2037 separata
1366 1993 1519 2037 erigendo
1549 1992 1684 2036 collegio
1704 1991 1883 2036 praedicto,

1136 2057 1194 2091 pro
1215 2047 1283 2080 eius
1299 2047 1516 2080 stabilimento
1532 2052 1563 2080 et
1583 2046 1718 2080 rectoris
1736 2057 1774 2079 ac
1793 2045 1888 2080 colle·

1140 2153 1227 2187 tione
1239 2154 1540 2195 etmanutentione‚
1564 2159 1720 2197 perpetuo
1744 2152 1888 2197 applica-

1139 2213 1262 2248 rentur,
1283 2218 1319 2241 ex
1340 2208 1401 2241 hoc
1436 2207 1597 2240 catholica
1629 2206 1740 2250 religio
1764 2205 1889 2239 maiora

1141 2261 1174 2293 in
1193 2260 1261 2293 dies
1281 2260 1314 2293 in
1333 2260 1417 2293 dicta
1439 2260 1562 2293 civitate
1587 2259 1763 2303 sustiperet
1786 2258 1890 2293 inore-

1143 2319 1261 2346 menta
1285 2313 1341 2353 011
1343 2324 1388 2347 ire
1408 2313 1496 2347 dictu
1501 2325 1514 2346 s
1539 2312 1705 2357 Philippus
1724 2323 1780 2345 rex
1798 2310 1891 2346 nobis

1143 2367 1311 2400 humiliter
1315 2367 1465 2422 supplic
1459 2367 1505 2400 iri
1520 2367 1631 2400 feeerit
1644 2371 1803 2420 quatenus
1821 2364 1892 2399 eius

1144 2416 1197 2470 pio
1209 2416 1344 2450 desider
1338 2427 1367 2449 10
1380 2427 1542 2450 annuere
1535 2415 1677 2459 aliasque
1687 2414 1720 2448 in
1734 2413 1892 2458 praemis·

1145 2465 1187 2497 sis
1221 2470 1403 2508 opportune
1432 2465 1598 2509 providere
1627 2464 1667 2497 de
1693 2462 1893 2507 benignitate

1123 2513 1320 2556 apostolica
1340 2513 1559 2557 dignaremur.

1190 2562 1244 2606 §⁹³
1225 2579 1256 2597 ο.
1282 2563 1345 2596 Nos
1365 2563 1474 2606 igitur,
1507 2562 1562 2607 qui
1581 2562 1703 2596 dudum
1730 2560 1813 2594 inter
1831 2559 1912 2620 alia¹

1148 2612 1307 2647 xoluiinus
1337 2612 1423 2657 quod
1446 2617 1592 2656 petentes
1623 2608 1767 2645 benefica
1789 2597 1926 2646 eccle-¹⁶

1885 848 2021 872 tacu.
