2059 3228
51 261 137 292 An.C.
152 261 216 289 1574

810 271 987 295 aumonius
1006 271 1061 294 xm
1082 272 1128 294 I'I'.

1663 259 1704 293 75
1768 258 1819 286 An.
1833 259 1864 289 c.
1880 259 1924 287 15⁷1

235 322 387 366 generalis
411 327 610 366 nuncupatus
623 329 650 356 et
666 323 717 356 alii
742 323 919 367 superiores
931 322 976 354 di·
1007 333 1066 364 quc
1091 322 1339 366 ‹piilmscumque
1364 333 1516 366 personis,
1539 322 1599 356 sub
1621 333 1743 356 excom-

234 377 274 409 cti
300 376 424 409 Ordinis
447 387 618 419 eorumque
643 377 761 417 vicarii,
780 377 863 408 iuxta
880 375 977 418 ipsius
1008 375 1228 407 municationis
1253 377 1331 408 latae
1367 376 1539 408 sentcntiae
1563 375 1682 418 poenis,
1706 385 1747 408 ne

234 427 359 461 Ordinis
382 428 536 469 instituta,
555 429 755 470 monasteria,
772 429 931 472 prioratus
947 432 973 459 ct
1006 427 1150 459 abbatem
1175 429 1351 470 generalem
1390 434 1417 460 ct
1458 429 1534 461 alios
1569 429 1746 470 superiores

233 480 299 513 loca
324 480 483 522 praedicta
508 492 543 513 ac
569 481 692 514 illorum
718 491 887 524 personas,
913 484 974 512 tam

232 532 264 565 in
288 532 443 575 capitibus
460 544 554 575 quam
572 534 603 566 in
622 533 780 573 membris,
797 532 923 565 visitare
940 532 976 564 li—

232 583 305 617 bere
328 589 358 617 et
382 584 464 616 licitc
489 586 620 625 valcant3

273 635 288 678 §
310 635 341 668 4.
366 637 408 668 Ac
433 648 649 680 quaecumque
688 637 850 680 privilegia
874 642 903 670 et
928 637 973 669 in—

73 698 158 719 iminu-
171 688 316 730 npq-dulta
341 690 511 731 apostolica
536 689 680 722 visitandi
696 689 895 729 monasteria,
911 694 972 721 tam

36 726 369 774 :f'l't‘il-‘ffiY-Ei‘lvirorttm
396 753 490 784 quam
515 743 679 774 mulierum
706 741 831 774 Ordinis
866 741 972 773 huius-

35 777 221 824 3„'.'''1'30⁴2¹-‘³1¹1.'.³‚'1‘3
231 794 325 833 modi,
344 794 505 837 quibusvis
519 794 748 826 venerabilibus
757 794 906 826 fratribus
919 803 973 825 no-

34 829 303 900 ssssffl'tfissmffistris
327 846 525 889 patriarchis,
550 846 795 889 archiepiscopis
808 851 836 878 et
854 845 972 889 episco-

34 882 220 955 igiffapfflssiiiss
229 898 287 942 pis,
296 910 330 931 ac
345 899 466 932 dilectis
478 899 551 931 filiis
564 899 778 931 aliislocorum
792 898 972 939 ordinariis,

58 939 105 960 Μ’
147 938 179 954 “’
228 951 395 984 abbatibus
419 956 448 984 et
473 951 552 992 aliis,
578 962 672 994 quam
697 951 835 994 generali
860 952 972 984 Cister-

227 1004 323 1037 ciensi
348 1004 518 1047 praedicto,
543 1015 579 1038 ae
602 1004 671 1037 aliis
702 1009 837 1047 quatuor
860 1003 971 1047 primis

226 1057 415 1101 nuncupatis
440 1062 575 1100 quatuor
606 1057 870 1090 monasteriorum
894 1056 971 1089 filia-

226 1121 298 1143 rum
321 1110 461 1143 Cistercii
487 1115 741 1153 nuncupatorum
758 1109 970 1153 praefatorum

226 1162 403 1203 abbatibus,
421 1162 594 1205 ceterisque
608 1162 822 1206 superioribus
832 1161 971 1194 eiusdem

226 1214 352 1248 Ordinis
376 1215 415 1247 ad
439 1215 470 1247 id
495 1215 534 1247 ab
557 1215 625 1258 ipso
661 1214 799 1257 generali
834 1214 970 1257 capitulo

225 1267 382 1311 deputatis
406 1267 568 1310 personis,
594 1267 820 1309 cuiuscumque
852 1271 969 1307 status,

225 1320 364 1363 gradus,
388 1320 509 1353 ordinis
547 1325 578 1352 et
615 1319 883 1363 praeeminentiae
907 1319 971 1352 exi-

225 1373 390 1414 stentibus,
415 1384 471 1416 per
495 1384 709 1416 quoscumque
721 1373 879 1406 Romanos
891 1374 969 1406 Pon-

223 1425 323 1459 tifices
347 1426 604 1469 praedecessores
634 1430 757 1458 nostros
788 1435 824 1457 ac
859 1435 916 1458 nos
940 1430 969 1458 et

224 1478 338 1511 dictam
364 1478 485 1519 Sedem,
509 1479 603 1511 etiam
618 1479 656 1511 ad
673 1479 854 1522 quorumvis
872 1479 969 1522 impe-

226 1536 379 1572 ratorum,
404 1542 526 1574 regum,
551 1531 746 1573 reginarum,
786 1532 901 1564 ducum
939 1537 967 1564 et

224 1584 358 1617 aliorum
383 1583 563 1626 principum
592 1584 784 1623 instantiam,
809 1584 854 1616 vel
874 1583 967 1615 etiam

224 1642 312 1669 motu
335 1636 464 1679 proprio
488 1640 516 1669 et
541 1647 578 1669 ex
600 1642 685 1668 certa
709 1636 848 1676 scientia,
873 1636 966 1669 etiam

223 1686 484 1719 consistorialiter
507 1692 535 1720 et
561 1698 633 1719 cum
650 1698 762 1720 causae
775 1688 966 1731 cognitione,

223 1739 282 1772 sub
306 1739 558 1782 quibuscumque
582 1740 745 1772 tenoribus
758 1745 786 1773 et
800 1741 919 1781 formis,
933 1752 968 1773 ac

222 1802 294 1824 cum
318 1791 488 1835 quibusvis.
513 1792 607 1824 etiam
642 1792 859 1834 derogatoriis,
884 1794 967 1826 clau-

223 1845 309 1886 sulis,
333 1844 595 1887 irritantibusque
612 1849 640 1877 et
655 1844 724 1877 aliis
737 1845 879 1886 decretis,
894 1846 967 1878 hac-

222 1904 313 1932 tenus
339 1898 571 1941 quomodolibet
612 1908 769 1938 concessa,
808 1903 836 1931 et
872 1899 965 1931 etiam

223 1950 349 1984 iteratis
372 1950 494 1983 vicibus
517 1951 700 1994 approbata,
728 1956 757 1983 et
782 1951 967 1994 apostolicas

222 2008 252 2037 et
271 2003 346 2036 alias
370 2003 490 2036 litteras
514 2003 648 2046 desuper
671 2003 827 2037 consectas
843 2009 872 2037 et
894 2004 966 2038 inde

223 2062 330 2090 secuta
354 2067 581 2100 quaecumque,
606 2057 645 2089 ad
669 2056 729 2089 hoc
749 2057 910 2089 dumtaxat
933 2062 964 2089 ut

222 2108 328 2142 abbati
352 2110 488 2152 generali
514 2115 541 2142 et
568 2109 636 2142 aliis
648 2110 864 2152 superioribus
877 2110 966 2143 Ordi-

222 2162 272 2194 nis
295 2172 467 2205 eorumque
491 2162 617 2195 vicariis
641 2163 833 2195 monasteria
857 2163 966 2196 buius-

222 2215 319 2256 modi,
342 2220 378 2247 ut
404 2216 592 2258 praefertur,
616 2215 742 2248 visitare
767 2215 868 2255 liceat,
892 2226 965 2257 apo-

221 2269 331 2301 stolica
356 2269 552 2308 auctoritate,
592 2274 701 2301 tenore
739 2268 964 2311 praesentium,

221 2321 425 2354 moderamur
448 2326 478 2353 et
500 2321 681 2353 limitamus.

263 2374 278 2417 ἓ
302 2374 332 2407 5.
349 2373 530 2406 Inhibentes
543 2372 742 2416 patriarchis,
756 2372 965 2416 archiepisco-

49 2439 150 2461 mmmo
163 2447 211 2462 con.
221 2426 279 2470 pis,
304 2424 460 2469 episcopis
483 2429 513 2457 et
536 2424 592 2457 alis
621 2425 838 2467 superioribus
875 2436 964 2468 prae-

38 2471 211 2518 ιῗοῖἳῖἱῗὲἕῑζξῖ
221 2478 300 2519 latis,
319 2477 461 2511 videlicet
485 2477 543 2510 sub
568 2477 726 2509 interdicti
740 2477 900 2520 ingressus
916 2490 964 2512 ec-

34 2520 162 2567 {militm
171 2522 210 2568 ff*
220 2530 330 2563 clesiae
353 2541 388 2563 ac
401 2529 616 2572 suspensionis
628 2539 646 2561 a
662 2529 785 2569 divinis;
799 2532 964 2566 abbatibus

219 2593 294 2616 vero
318 2588 347 2616 et
373 2583 441 2616 aliis
465 2582 667 2615 inferioribus
679 2583 827 2626 praelatis
839 2586 964 2619 ceteris-

254 2640 267 2665 l
287 2638 346 2664 Hoc
364 2639 436 2665 idem
455 2638 553 2665 statuit
572 2637 634 2663 Pius
653 2637 699 2671 IV,
718 2637 746 2663 in
765 2640 831 2663 cost.
851 2638 897 2665 cit.

1005 479 1128 512 Ordinis
1151 490 1323 522 corumque
1340 481 1470 514 vicarios
1487 482 1651 524 praefatos,
1669 491 1745 524 quo-

1006 529 1108 562 minus
1126 531 1329 571 visitationes,
1349 532 1431 564 iuxta
1445 532 1602 573 regularia
1619 532 1745 565 Ordinis

1006 582 1146 617 instituta
1171 584 1361 623 huiusmodi,
1387 585 1481 617 libere
1496 586 1595 617 facere
1613 585 1744 627 possint,

1005 645 1058 675 per
1081 628 1111 666 ss:
1137 636 1182 667 vel
1206 646 1262 678 per
1278 636 1476 678 interpositas
1491 647 1648 679 personas,
1663 636 1743 669 dite-

1002 695 1049 721 cte
1074 689 1119 720 vel
1151 689 1322 729 indirecte,
1347 694 1400 721 aut
1425 689 1499 721 alias
1523 690 1744 732 quoquomodo

1004 741 1155 784 impedire
1173 742 1308 774 audeant
1332 742 1376 773 vel
1401 748 1611 783 praesumant.

1044 794 1059 836 ξ,
1083 794 1111 826 6.
1130 794 1206 835 Ipsis
1219 799 1323 826 autem
1342 794 1603 826 monasteriorum
1621 799 1650 825 et
1668 794 1744 826 alio·
1806 804 1905 836 nonar-w

1002 857 1072 878 rum
1112 847 1250 879 locorum
1285 846 1516 889 praedictorum
1556 833 1932 886 abbatibus,Ilsslll?.¹532‘11l1‘'.

1002 899 1176 940 abbatissis,
1202 899 1372 941 prioribus,
1396 899 1610 938 conventibus,
1637 909 1743 930 mona·
1754 887 1798 934 {221
1908 890 1940 926 Ϊ

1000 953 1077 993 chis,
1092 953 1280 985 monialibus
1304 957 1333 985 ct
1357 952 1507 996 personis,
1522 953 1743 993 utgcneralcn‘t
1754 937 1941 986 lii‘e{¹,'2‘ss1›EZ‘ss'f‘

1000 1005 1138 1048 aliosque
1163 1005 1300 1045 abbates,
1337 1004 1515 1047 superiores
1549 1010 1578 1036 et
1614 1005 1746 1038 vicarios

1000 1058 1165 1101 praefatos,
1190 1062 1224 1090 ut
1247 1057 1434 1101 praefertur,
1460 1056 1585 1089 visitare
1599 1057 1745 1105 volentes,

1001 1110 1137 1152 benigne
1160 1110 1324 1153 recipiant,
1346 1110 1452 1152 eisque
1477 1114 1504 1142 et
1530 1120 1639 1141 eorum
1657 1120 1746 1141 man-

1000 1163 1090 1203 datis,
1115 1163 1148 1195 in
1172 1164 1437 1196 concernentibus
1461 1174 1571 1196 corum
1597 1163 1744 1195 visitandi

999 1216 1138 1248 officium
1162 1216 1354 1256 huiusmodi,
1374 1221 1503 1260 pareant
1529 1220 1558 1248 et
1584 1215 1746 1248 humiliter

999 1269 1158 1310 obediant,
1184 1269 1215 1301 in
1241 1269 1354 1301 virtute
1380 1274 1505 1301 sanctae
1537 1268 1745 1309 obedientiae,

998 1327 1026 1354 et
1053 1322 1111 1355 sub
1146 1322 1256 1355 similis
1279 1321 1614 1355 excommanicationis
1644 1330 1746 1364 poena

998 1374 1140 1407 districte
1164 1374 1388 1418 praecipiendo
1414 1374 1609 1406 mandamus.

1041 1428 1055 1470 ᾖ
1079 1427 1108 1460 7.
1132 1427 1168 1459 Et
1192 1427 1321 1470 insuper
1339 1425 1484 1458 univorsa
1500 1430 1531 1458 et
1543 1425 1666 1468 singula
1678 1425 1941 1478 p1·i-omnicffiflgnassitgq

999 1480 1120 1523 vilegia,
1144 1479 1388 1523 praerogativas,
1403 1478 1628 1518 immunitates,
1641 1488 1743 1510 exem·
1752 1488 1800 1502 rum
1822 1482 1906 1503 Ordiuts
1924 1483 1941 1501 ¹-

998 1533 1130 1576 ptiones‚
1156 1532 1326 1572 libertates,
1351 1530 1610 1571 conservatorias,
1648 1530 1743 1563 sacul-

999 1591 1086 1627 tates,
1111 1585 1231 1617 indulta
1256 1589 1284 1616 et
1309 1583 1385 1616 alias
1410 1583 1527 1626 gratias
1551 1583 1689 1616 Cistercii
1714 1589 1745 1616 et

997 1644 1133 1683 quatuor
1157 1637 1282 1670 filiabus
1318 1636 1508 1678 nuncupatis
1544 1636 1743 1669 monasteriis

997 1704 1032 1725 ac
1056 1691 1165 1725 Ordini
1190 1690 1321 1732 eiusque
1345 1689 1482 1732 capitulo
1513 1689 1668 1731 generali,
1691 1690 1743 1721 de—

997 1744 1177 1777 finitoribus
1200 1748 1230 1775 et
1256 1742 1325 1775 aliis
1349 1742 1565 1785 superioribus
1584 1742 1741 1785 praefatis,

996 1809 1052 1842 per
1076 1797 1144 1841 piae
1168 1795 1340 1829 memoriae
1364 1794 1544 1827 Paschalem
1559 1794 1741 1834 secundum,

996 1852 1154 1885 Callistum
1178 1849 1274 1883 etiam
1291 1848 1473 1885 secundum,
1488 1847 1662 1889 Eugenium
1682 1852 1741 1879 ter-

997 1904 1086 1943 tium,
1110 1902 1319 1935 Alexandrum
1344 1901 1439 1934 etiam
1457 1901 1593 1940 tertium,
1612 1900 1740 1933 Lucium

996 1956 1141 1990 similiter
1165 1954 1304 1995 tertium,
1329 1954 1502 1986 Ilonorium
1539 1953 1656 1995 pariter
1680 1957 1741 1984 ter-

996 2011 1084 2050 tium,
1122 2008 1309 2051 Gregorium
1349 2017 1484 2045 nonum,
1523 2005 1741 2038 Innocentium

996 2066 1154 2105 quartum,
1179 2060 1298 2093 Sixtum
1323 2060 1417 2092 etiam
1457 2062 1614 2101 quartum,
1650 2068 1741 2100 prae-

995 2114 1103 2147 sertim
1142 2112 1345 2145 commendas
1384 2116 1411 2143 ct
1452 2110 1740 2144 commendatarios

995 2166 1260 2199 monasteriorum
1284 2170 1314 2197 et
1338 2164 1471 2196 aliorum
1496 2164 1634 2195 locorum
1649 2162 1740 2196 Ordi-

996 2221 1043 2253 nis
1068 2218 1247 2252 huiusmodi
1267 2215 1498 2255 concernentia,
1513 2221 1541 2248 et
1557 2215 1641 2258 quod
1654 2226 1739 2248 com-

995 2271 1182 2305 mendatarii
1207 2281 1264 2313 pro
1289 2276 1428 2311 tempore
1441 2268 1605 2301 existentes
1621 2269 1737 2301 nullam

995 2325 1027 2357 in
1052 2324 1242 2357 monasteria
1259 2322 1333 2355 dicti
1347 2322 1473 2354 Ordinis
1496 2321 1554 2354 sibi
1579 2332 1738 2354 commen-

995 2379 1067 2411 data
1089 2383 1119 2410 et
1144 2387 1253 2410 eorum
1277 2375 1448 2407 monachos
1488 2373 1738 2406 iurisdictionem

994 2434 1167 2469 exerceant,
1191 2433 1220 2460 et
1245 2437 1458 2469 quoscumque
1482 2426 1558 2459 alios
1582 2427 1741 2460 Romanos

994 2482 1159 2515 Pontifices
1171 2481 1426 2524 praedecessores
1440 2484 1562 2512 nostros
1578 2484 1606 2512 et
1626 2480 1736 2513 Sedem

995 2534 1173 2568 huiusmodi
1204 2533 1356 2565 hactenus
1389 2532 1624 2575 quomodolibet
1661 2544 1738 2566 con-

993 2598 1089 2621 CeSSss.

1029 2642 1042 2666 1
1062 2640 1121 2667 Hoc
1140 2639 1256 2668 habetur
1270 2639 1352 2666 otiam
1367 2638 1395 2665 in
1406 2639 1480 2667 dicta
1492 2640 1601 2667 constit.
1616 2640 1657 2666 Pii
1667 2641 1713 2668 IV.
