2059 3228
136 258 184 286 An.
202 257 230 286 C.
248 259 315 286 1579

172 630 314 652 Constitutio-

136 668 174 682 1183
200 668 240 681 1101)
263 668 315 681 (011-

134 695 211 712 ismae
223 692 270 711 huic
281 697 316 711 re-

135 723 254 743 torniatioui
271 728 316 742 ser-

135 757 210 774 ventur

160 998 238 1020 Vestes
259 1000 317 1020 desi-

135 1035 232 1057 guantur.

191 1208 317 1228 constitutio

135 1239 200 1259 elem.
232 1238 267 1259 Vll
297 1239 317 1259 iu

137 1271 205 1290 eteris
238 1275 317 1297 appro-

137 1302 204 1322 batur.

150 1471 260 1493 etan-ulae
270 1477 321 1498 prn-

137 1503 267 1525 servativae.

160 2375 256 2398 clausula
276 2378 327 2398 suh-

146 2411 199 2433 lata.

372 247 435 282 ⁶278

332 310 408 343 vatis
427 315 454 342 ct
477 305 688 346 reservandis,
710 315 769 350 per
786 316 820 340 se
840 305 1003 339 absolvere
1025 306 1071 339 vel

328 373 387 406 per
421 362 520 394 alium
555 359 672 393 absolvi
694 370 821 400 curare;
843 370 898 393 eos
928 369 1070 402 quoque,

329 415 383 457 qui
404 413 509 447 idonei
529 419 614 454 sunt,
636 423 695 457 pro
714 423 772 446 suo
792 412 925 446 arbitrio
959 412 999 445 ad
1023 423 1073 444 sa-

330 479 400 501 cros
437 467 565 500 ordines
598 466 800 510 recipiendos
836 465 1015 510 approbare
1044 470 1075 498 et

331 521 467 553 mittere.

372 574 386 616 ἓ
404 573 455 606 15.
479 573 635 605 Volumus
653 577 759 605 tamen
780 571 867 615 quod
885 574 911 605 si
931 582 964 604 1n
985 581 1074 614 capi-

329 627 404 659 tulis
413 626 616 668 generalibus
631 624 873 658 constitutiones
884 625 1010 667 aliquae
1026 623 1074 656 vel

330 679 469 718 decreta,
496 678 720 722 praesentibus
739 677 854 710 litteris
871 683 902 710 et
920 677 997 709 huic
1011 674 1075 709 Ob-

330 731 504 765 servantiae
523 730 675 764 strictiori
710 741 774 764 non
803 729 985 769 contraria,
1019 729 1074 762 sed

330 796 413 829 quae
434 785 535 828 magis
561 784 590 817 ei
610 785 713 817 favere
732 784 911 823 videantur,
930 782 1077 816 ordinata

331 839 462 878 suerint,
484 838 659 872 Reformati
685 848 722 871 ea
742 837 911 870 observare
944 836 1076 869 omnino

332 897 513 925 teneantur.

375 946 390 989 ξ
410 945 462 978 16.
485 944 553 984 Quo
571 954 646 977 vero
664 944 703 976 ad
718 943 878 983 vestitum,
900 942 1079 975 induantur

331 997 487 1042 praedicti
498 996 671 1030 Reformati
692 995 860 1028 vilioribus
882 993 1079 1028 indumentis

331 1055 362 1083 et
377 1050 526 1094 despecto
547 1050 666 1089 colore,
689 1054 720 1082 et
734 1048 858 1092 possint
872 1058 909 1081 ea
920 1047 1079 1091 repetiare

331 1103 507 1136 secundum
528 1103 562 1135 B.
586 1102 746 1135 Francisci
766 1102 932 1144 Regulam.

374 1157 389 1199 ξ
409 1155 461 1188 17.
484 1156 617 1189 Litteras
639 1165 713 1188 vero
734 1154 914 1198 praedictas
933 1153 1079 1187 Clemen—

331 1209 370 1242 tis
390 1208 527 1252 septimi,
549 1214 707 1251 quatenus
727 1206 922 1250 supradictis
941 1216 1006 1238 non
1022 1205 1078 1238 ad-

332 1267 510 1302 versentur,
537 1261 729 1294 auctoritate
753 1260 943 1304 apostolica,
968 1265 1080 1292 tenore

333 1315 565 1359 praesentium,
593 1314 833 1354 confirmamus,
856 1313 984 1356 illisque
1007 1323 1080 1356 per-

334 1374 449 1412 petuae
468 1366 629 1400 firmitatis
647 1367 748 1400 robur
766 1366 947 1400 adiit-imus.

378 1422 393 1465 ἓ
417 1421 471 1454 18.
497 1421 712 1453 Decernentes
748 1425 933 1464 praesentes
960 1419 1082 1452 litteras

334 1474 425 1507 nullo
460 1483 615 1516 umquam
639 1478 784 1516 tempore
804 1473 843 1505 de
863 1472 1082 1516 subreptionis

334 1527 384 1560 vel
404 1526 604 1569 obreptionis
622 1526 711 1566 vitio,
733 1537 789 1559 seu
813 1526 999 1559 intentionis
1024 1535 1082 1558 no-

335 1586 419 1613 strae
439 1579 578 1619 defectu,
605 1579 702 1612 etiarn
723 1589 760 1611 ex
787 1590 825 1612 eo
855 1579 943 1622 quod
972 1589 1083 1611 omnes

335 1633 489 1666 interesse
513 1632 667 1665 habentes
693 1633 741 1665 vel
766 1633 878 1665 fratres
908 1633 946 1665 de
972 1632 1084 1665 Obser-

334 1686 440 1719 vantia
463 1685 620 1729 praedicti
641 1691 695 1718 aut
719 1685 918 1729 quicumque
952 1685 1005 1718 alii
1029 1696 1084 1718 vo-

337 1740 399 1772 cati
416 1748 481 1771 non
502 1739 630 1778 fuerint,
648 1739 766 1778 notari,
793 1739 883 1781 argui
905 1747 960 1771 sen
982 1738 1086 1782 impu-

337 1792 428 1836 gnari
449 1818 457 1831 ,
477 1797 532 1824 aut
556 1792 615 1824 sub
635 1792 799 1835 quibusvis
827 1791 1086 1825 revocationibus

337 1851 392 1878 aut
410 1845 482 1878 aliis
506 1845 676 1878 contrariis
695 1844 969 1888 dispositionibus,
989 1844 1084 1878 etiam

338 1899 379 1932 ab
404 1899 517 1932 eadem
549 1898 630 1931 Sede
655 1898 837 1941 Apostolica
871 1899 1027 1931 emanatis
1057 1903 1088 1931 et

341 1953 373 1985 in
411 1958 576 1995 posterum
615 1951 814 1989 emanandis,
855 1951 1087 1994 comprehendi

339 2016 446 2049 posse,
469 2005 524 2037 sed
543 2005 626 2045 illas,
647 2015 706 2048 pro
728 2005 878 2037 omnibus
897 2009 929 2037 et
952 2004 1087 2047 singulis

342 2059 581 2102 praedictorum
611 2058 869 2091 Reformatorum
908 2058 1084 2095 custodiis,

341 2112 529 2145 custodibus
549 2116 578 2144 et
599 2111 751 2144 fratribus
770 2111 974 2151 Reformatis,
994 2122 1085 2154 prae-

342 2165 486 2198 sentibus
505 2171 536 2198 et
555 2165 682 2205 suturis,
704 2175 831 2208 semper
854 2165 974 2197 validas
994 2170 1020 2197 et
1044 2166 1087 2196 es-

342 2219 457 2251 ficaces
477 2218 621 2253 existere.
646 2228 785 2261 suosque
808 2218 971 2261 plenarios
990 2223 1020 2250 et
1040 2218 1087 2250 in-

344 2278 451 2314 tegros
474 2271 608 2304 effectus
627 2272 734 2304 sortiri
755 2272 884 2304 dehere.

390 2325 405 2367 ἓ
425 2325 478 2357 19.
501 2325 617 2368 Sicque
639 2336 696 2369 per
715 2334 938 2368 quoscumque
968 2325 1088 2356 iudice

342 2383 378 2409 et
396 2379 646 2417 commissarios,
668 2378 778 2422 quavis
797 2377 986 2411 auctoritate
1018 2377 1089 2409 fun-

347 2436 467 2471 gentes,
491 2432 584 2464 etiam
603 2443 772 2468 causarum
793 2430 903 2464 Palatii
920 2431 1092 2475 Apostolici

349 2479 509 2512 auditores
533 2491 567 2513 ac
588 2481 620 2513 S.
643 2481 677 2513 R.
706 2481 740 2512 E.
757 2477 947 2519 cardinales,
970 2479 1094 2512 sublata

349 2526 394 2558 eis
414 2533 443 2559 et
468 2539 578 2560 eorum
600 2529 730 2562 cuilibet
756 2529 868 2572 quavis
887 2527 980 2561 aliter
1009 2528 1093 2560 iudi-

349 2574 475 2607 dicandi
501 2582 531 2607 ct
551 2577 781 2621 intexpictandi
801 2578 949 2611 facultate
978 2583 1009 2611 et
1036 2588 1094 2610 au-

917 252 1094 279 BULLARIUM
1114 249 1263 276 ROMANL'M

1113 305 1208 344 here;
1230 312 1356 336 necnon
1380 300 1506 335 irritum
1528 307 1559 336 et
1582 302 1688 342 inane,
1715 300 1739 335 si
1766 311 1860 336 secus

1113 367 1211 400 super
1230 356 1279 389 his
1299 366 1316 389 a
1335 365 1512 399 quoquam,
1524 355 1638 398 quavis
1656 353 1858 395 anctoritate,

1113 411 1252 443 scienter
1270 409 1318 442 vel
1342 408 1537 451 ignoranter,
1557 407 1731 451 contigerit
1759 412 1862 441 atten-

1115 463 1186 496 tari.
1226 460 1406 495 Distrietius
1436 460 1617 494 inhibentes
1647 461 1791 504 generali
1830 465 1862 494 et

1114 516 1365 560 provincialibus
1385 515 1539 548 ministris
1553 514 1714 548 dictorum
1724 514 1860 547 fratrum

1115 570 1152 603 de
1172 569 1378 603 Observantia
1397 573 1672 612 nuncupatorum,
1694 572 1726 601 et
1746 576 1862 601 eorum

1115 622 1352 662 commissariis,
1379 632 1466 654 nunc
1486 627 1517 654 et
1535 621 1568 654 in
1587 626 1781 665 perpetuum
1802 631 1861 665 pro

1115 682 1260 720 tempore
1297 675 1516 715 existentibus,
1549 680 1581 707 et
1608 675 1740 707 illorum
1762 683 1862 716 gene-

1115 730 1238 762 ralibus
1262 734 1293 762 et
1317 727 1570 773 provincialibus
1598 727 1757 770 capitulis,
1790 737 1864 770 pera

1116 783 1266 826 sonisque
1297 783 1557 826 quibuscumque
1583 781 1615 814 in
1635 781 1698 814 illis
1725 791 1862 824 congre-

1116 837 1241 879 gandis,
1273 847 1311 869 ac
1335 836 1486 868 omnibus
1523 839 1555 868 et
1587 833 1860 878 quibuscumque,

1117 900 1197 933 quos
1216 889 1392 933 praemissa
1411 893 1613 922 concernunt
1630 892 1686 921 aut
1705 887 1739 920 in
1755 892 1863 931 poste--v

1117 952 1190 974 rum
1214 941 1455 985 quomodolibet
1492 945 1700 979 concernent,
1726 944 1758 973 et
1790 939 1863 984 qui-

1118 995 1224 1027 busvis
1243 995 1325 1035 aliis,
1348 995 1584 1038 cuiuscumque
1604 992 1777 1036 dignitatis,
1800 998 1864 1026 sta-

1118 1054 1181 1087 tus,
1204 1048 1331 1091 gradus,
1344 1048 1466 1081 ordinis
1479 1052 1510 1081 et
1524 1046 1717 1080 conditionis
1733 1046 1865 1086 fuerint,

1119 1111 1171 1135 ne,
1193 1101 1252 1133 sub
1272 1100 1500 1144 indignationis
1529 1105 1657 1133 nostrae
1681 1105 1712 1133 et
1735 1109 1864 1133 excom-

1120 1153 1347 1187 municationis
1366 1155 1448 1187 latae
1468 1153 1656 1194 sententiae,
1678 1163 1716 1186 eo
1735 1153 1817 1196 ipso,
1839 1151 1866 1185 si

1121 1207 1378 1247 contrafecerint‚
1400 1207 1627 1247 incurrendae,
1653 1206 1777 1250 poenis,
1803 1206 1865 1239 Re-

1121 1261 1272 1293 formatos
1287 1260 1469 1304 praedictos
1484 1260 1681 1303 illorumque
1694 1259 1867 1298 custodias,

1121 1313 1282 1354 custodes,
1311 1313 1477 1354 discretos,
1510 1313 1663 1346 officiales
1694 1317 1725 1345 et
1751 1312 1867 1346 fratres

1122 1372 1176 1398 aut
1199 1366 1278 1399 alios
1310 1377 1545 1410 quoscumque,
1581 1376 1662 1409 quos
1690 1365 1868 1410 praemissa

1122 1419 1365 1462 quomodolibet
1384 1424 1584 1452 concernunt
1617 1424 1672 1451 aut
1700 1419 1735 1452 in
1762 1423 1870 1463 poste-

1123 1483 1193 1505 rum
1233 1478 1451 1514 concernent,
1488 1472 1662 1517 quominus
1698 1471 1871 1516 praedictis

1123 1526 1274 1559 omnibus
1303 1532 1334 1559 et
1367 1526 1500 1574 singulis
1536 1527 1670 1572 pacifice
1705 1525 1867 1565 fruantur,

1123 1590 1179 1612 seu
1199 1579 1362 1623 praedicta
1382 1580 1491 1612 omnia
1509 1585 1540 1613 et
1559 1580 1684 1623 singula
1703 1589 1799 1612 suum
1813 1577 1871 1611 de-

1123 1632 1226 1665 bitum
1248 1632 1424 1666 sortiantur
1447 1633 1597 1666 effectum
1626 1631 1797 1676 impedire,
1818 1640 1871 1664 re-

1124 1686 1251 1718 tardare
1275 1691 1331 1719 aut
1349 1686 1540 1730 perturbare
1559 1686 1698 1719 audeant
1715 1685 1764 1718 vel
1777 1695 1871 1729 prae-

1125 1745 1264 1779 sumant;
1291 1750 1327 1772 ac
1352 1745 1383 1772 et
1411 1739 1543 1779 eisdem,
1577 1749 1783 1783 quacumque
1817 1749 1873 1771 ec-

1126 1791 1302 1825 clesiastica
1322 1803 1378 1825 seu
1398 1792 1561 1825 mundana
1579 1792 1802 1836 praefulgeant
1828 1790 1876 1824 di-

1125 1846 1243 1888 gnitate
1284 1846 1333 1879 vel
1372 1845 1571 1886 excellentia,
1611 1845 1670 1878 sub
1703 1844 1874 1878 antedictis

1126 1899 1239 1942 poenis
1259 1900 1446 1932 mandantes
1461 1904 1497 1932 ut
1516 1901 1547 1931 in
1566 1898 1751 1943 praemissis
1771 1897 1875 1931 omni-

1126 1953 1187 1985 bus
1211 1958 1242 1985 et
1264 1953 1398 1996 singulis
1417 1952 1592 1986 efficaciter
1614 1957 1749 1996 pareant
1771 1956 1803 1985 et
1826 1960 1877 1983 as*

1128 2006 1249 2039 sistant.

1172 2060 1186 2102 ἐ
1206 2059 1258 2093 20.
1281 2059 1438 2099 Quocirca
1455 2059 1691 2093 venerabilibus
1723 2056 1876 2090 fratribus

1129 2165 1299 2205 Laudensi,
1325 2177 1362 2199 ac
1381 2166 1499 2199 dilecto
1522 2166 1591 2199 filio
1623 2165 1739 2199 Curiae
1762 2175 1876 2199 causa-

1130 2228 1201 2250 rum
1222 2217 1374 2252 Gamerae
1393 2218 1598 2262 Apostolicae
1622 2218 1763 2262 generali
1782 2217 1876 2252 audi-

1129 2272 1204 2312 tmi,
1226 2283 1353 2305 necnon
1379 2273 1534 2306 universis
1564 2278 1595 2305 et
1618 2272 1756 2316 singulis
1779 2271 1880 2332 patri-

1131 2326 1251 2366 ar,chis
1285 2326 1546 2371 archiepiscopis,
1579 2326 1739 2371 episcopis
1769 2313 1808 2358 et
1823 2336 1880 2358 ece

1132 2380 1301 2413 clesiarum
1323 2381 1486 2425 praelatis,
1513 2391 1549 2414 ae
1569 2378 1852 2424 quibuscumque
1844 2388 1879 2410 in

1133 2433 1286 2476 dignitate
1299 2434 1516 2468 ecclesiastica
1532 2433 1711 2467 constitutis
1722 2444 1880 2477 perprae«

1133 2488 1239 2516 sentes
1263 2483 1454 2516 mandamus
1477 2489 1635 2527 quatenus
1655 2483 1715 2527 ipsi
1741 2483 1788 2515 vel
1814 2482 1880 2515 duo

1134 2536 1189 2564 ant
1209 2543 1294 2565 unus
1313 2543 1520 2576 eoium,pe1
1551 2543 1584 2565 se
1613 2532 1661 2564 vel
1688 2531 1788 2564 alium
1822 2542 1879 2565 seu

1136 2580 1225 2621 alios,
1252 2586 1435 2624 praesentes
1467 2580 1588 2613 litteras
1621 2585 1652 2613 ct
1676 2579 1708 2613 in
1732 2579 1777 2613 eis
1805 2591 1881 2613 con-

351 2622 507 2665 ctoritate,
531 2625 651 2665 ubique
676 2626 812 2659 iudiemi
832 2638 867 2660 ac
889 2625 1015 2661 definiri
1039 2627 1095 2661 dc-
1111 2634 1222 2672 ‚tenta
1241 2640 1477 2674 quaecumque,
1503 2629 1558 2662 ubi
1583 2634 1612 2663 ct
1641 2629 1769 2672 quando
1799 2639 1880 2672 opus

1128 2112 1373 2156 a1chiepiscopo
1406 2112 1646 2150 Mediolanensi,
1672 2117 1704 2145 et
1723 2058 1997 2156 θρίεοοροῗῦῗῖἓ·
2000 2128 2001 2132 =

1980 1514 2003 1555 ,25
1984 1446 1995 1499 «π...
1981 1414 1996 1430 *a
1979 1308 1994 1402 '‘wi-aua

1981 1636 1999 1645 'a

1985 1979 1991 1983 ·
1983 1818 2006 1943 ,ga-‚uu
1979 1780 2005 1811 *as
1989 1742 2001 1771 e.
1990 1714 2001 1734 z
1991 1665 1998 1702 .-

1982 2079 1989 2083 -
2036 2078 2039 2087 A

1986 2076 2039 2104 „iffi
