2059 3228
74 208 140 255 Ἀιι.
159 225 184 256 c.
204 228 270 257 1588
330 214 413 251 ‘¹000
870 216 1048 243 armanum
1072 216 1223 242 nonaxon

284 283 392 310 saneta
421 281 451 309 et
472 272 662 307 inviolabilis
686 276 864 316 permanet,
887 270 1027 304 debitam
1047 269 1205 351 'vellmet
1215 268 1298 301 bona
1318 276 1375 300 sua
1391 266 1430 300 ab
1452 265 1571 300 illicitis
1593 265 1812 300 detentoribus

283 328 497 363 obedientiam
511 333 540 359 et
554 325 774 363 reverentiam,
795 334 892 367 quam
911 322 1027 356 summi
1070 322 1116 354 vet
1137 321 1386 365 occupatoribus
1409 319 1578 352 vendicare
1609 320 1812 363 profitentur,

282 392 372 423 roges
391 386 422 414 et
443 380 604 424 principes
629 378 658 411 ei
679 383 852 421 praestant,
870 377 970 419 magis
990 377 1029 408 ab
1049 358 1052 447 ἱ
1070 374 1109 406 ad
1129 385 1217 406 arma
1239 374 1373 416 populos
1400 380 1582 405 ‘convocare
1611 378 1642 405 et
1666 372 1810 413 incitare,

282 436 320 468 iis
343 434 458 475 exigat,
479 432 535 476 qui
557 432 658 475 ipsius
680 431 830 473 regimini
852 431 884 463 in
906 436 1029 472 tempo·
1049 455 1052 474 1
1069 427 1226 460 tumultus
1251 427 1356 459 facere
1376 431 1407 458 et
1431 435 1645 464 commovere,
1673 432 1814 459 armato-

281 488 403 520 ralibus
427 486 574 524 subiecti,
596 485 758 517 neminem
779 484 879 516 alium
910 482 1030 525 print-i-
1049 475 1053 497 ¹>
1072 490 1144 512 rum
1168 479 1337 512 hominum
1359 477 1468 523 copias
1492 488 1607 521 cogere
1634 488 1699 511 non
1726 479 1816 512 dubi·

282 551 381 584 pem,
427 544 554 583 praeter
595 538 778 571 Romanum
819 536 1028 575 Pontificem,
1072 538 1151 572 ient,
1179 544 1216 565 ex
1242 532 1361 576 quibus
1384 531 1591 576 postmodum
1621 531 1816 576 quandoque

282 597 471 636 agnoscunt,
503 596 539 624 ut
574 601 658 635 quae
695 590 833 632 denique
866 589 1032 621 universos
1052 589 1204 660 'contigit
1223 595 1270 630 ut,
1290 588 1460 622 commotis
1477 587 1700 628 seditionibus,
1726 575 1817 621 auxi-

283 646 394 679 fideles
419 645 586 678 sublevare
611 643 711 684 solet,
738 643 796 676 lios
830 642 1031 686 potissimum
1052 664 1055 676 .
1075 643 1153 676 lium
1171 642 1426 676 facinorosorum
1438 652 1494 674 seu
1505 638 1601 674 etiam
1612 640 1819 674 bannitorum

283 699 316 732 in
341 709 430 731 suam
456 699 589 731 tutelam
610 697 794 742 specialiter
813 701 971 740 receptos,
995 694 1033 727 ab
1053 736 1054 747 γ
1073 702 1215 735 evocent,
1241 695 1467 729 imbecilliores
1500 704 1558 738 per
1582 694 1733 727 iniuriam
1762 704 1818 738 op-

284 753 372 786 omni
405 752 524 786 iniuria
541 751 692 791 vindicet,
713 756 811 794 atque
830 749 958 782 illaesos
978 749 1033 782 de·
1053 749 1054 779 ἶ
1073 750 1226 793 primam,
1253 759 1346 792 agros
1357 754 1490 789 vastent,
1514 747 1620 780 aliena
1642 747 1770 791 rapiant
1787 752 1819 781 et

283 805 393 839 fendat
416 811 447 838 et
465 810 606 838 tueatur.
1073 803 1234 843 invadant,
1254 802 1407 846 pacificos
1426 812 1624 845 possessores
1643 801 1816 845 expellant,

330 859 344 902 ἓ
362 859 392 892 1.
415 859 520 898 Quare
540 868 610 898 nos,
633 856 873 891 considerantes
892 857 1032 899 primum
1072 856 1213 899 quietem
1236 856 1398 899 publicam
1419 855 1618 899 perturbent,
1636 854 1668 887 in
1686 853 1743 887 Dei
1769 854 1819 891 os-

104 931 275 953 pmmuuocon-
286 911 417 955 quidem
433 911 467 944 in
486 916 622 954 quantas
639 921 749 944 rerum
762 908 1032 954 perturbationes,
1074 909 1208 948 sensam,
1229 909 1411 942 animarum
1429 907 1606 952 perniciem
1636 913 1668 940 et
1687 907 1819 941 scanda-

92 963 180 983 ''*⁰³¹¹·¹i
195 961 218 981 ³⁰¹
234 967 274 981 ³¹*
287 966 320 998 in
337 975 433 1008 quam
451 963 688 997 intolerabilem
703 963 903 1008 perditorum
916 968 947 995 et
966 972 1034 994 sce-
1074 963 1140 995 lum
1161 963 1390 1006 plurimorum.
1405 962 1479 1001 Nos,
1493 960 1692 994 attendentes
1703 960 1742 993 ad
1755 960 1820 994 hoc

92 1000 124 1014 rna
139 996 161 1013 et
175 992 275 1013 cavatu—

92 1029 123 1045 =³⁵
137 1030 175 1045 seu
190 1023 275 1043 wm-
288 1019 464 1051 leratorum
480 1016 649 1050 hominum
664 1017 827 1050 licentiam
839 1021 947 1049 noster
959 1026 1035 1058 pon-
1074 1016 1277 1060 potissimum
1298 1021 1425 1048 sanctae
1444 1014 1542 1048 huius
1566 1014 1657 1053 Sedis
1679 1018 1819 1058 potesta->

91 1059 130 1113 ἷξες,
158 1054 426 1113 ψιῐηξὲῗιῗιῗῖῑίῐίεειως
445 1070 494 1104 sui
524 1070 616 1104 initio
651 1069 812 1110 inciderit,
842 1070 892 1103 vel
921 1069 960 1102 ad
985 1079 1037 1101 eas
1075 1075 1137 1102 tem
1156 1069 1425 1102 etauctoritatem
1447 1068 1478 1100 in
1499 1078 1652 1112 supremo
1677 1067 1820 1101 iustitiae

93 1123 132 1144 que
149 1116 275 1136 universita-

92 1151 125 1168 m
142 1153 178 1168 ω,
194 1152 275 1173 ,em-
289 1124 396 1169 potius
411 1123 617 1157 fueritdivina
628 1123 829 1167 providentia
844 1127 1035 1159 reservatus;
1075 1122 1204 1161 throno,
1240 1122 1303 1155 Deo
1336 1121 1535 1165 disponente,
1561 1121 1762 1162 collocatam,
1788 1126 1834 1154 etv

87 1177 276 1236 ἓζζινιῇἒῗζιζέἒζζ
290 1178 406 1211 deinde
426 1188 499 1210 vero
523 1187 620 1220 quam
637 1176 776 1219 benigne
793 1175 1037 1218 faveritcoeptis
1054 1197 1057 1228 Ξ
1075 1175 1194 1207 viribus
1214 1175 1251 1208 ad
1282 1175 1437 1218 regendos
1461 1174 1606 1208 subditos
1632 1174 1822 1208 necessariis

93 1245 134 1277 ¹5³³
150 1239 277 1276 suame-
290 1230 408 1265 nostris
427 1229 531 1263 divina
556 1230 716 1270 maiestas,
742 1239 838 1273 quam
859 1229 955 1261 facile
974 1238 1038 1261 non

93 1274 149 1324 2213}
163 1275 277 1326 ξζὴζῒέἷξξ
292 1284 430 1317 obscura
445 1283 500 1316 Dei
521 1283 752 1326 omnipotentis
761 1283 925 1315 voluntate
944 1282 1037 1322 baec,

95 1335 116 1354 in
136 1334 277 1361 quibuscum-

95 1370 135 1391 que
186 1364 279 1389 casibus,

94 1398 179 1422 praeter
223 1394 278 1415 1⁰¹¹*
292 1395 478 1431 consecuta,
504 1400 681 1434 numquam
710 1399 872 1423 cessamus
905 1394 1042 1433 quantas
1077 1388 1184 1431 aliqua
1218 1387 1461 1431 perturbatione
1480 1387 1652 1426 tribuatur,
1685 1387 1833 1432 ideoque,

94 1429 204 1453 ‘nam'
293 1444 447 1477 maximas
482 1442 608 1477 animus
646 1445 754 1477 noster
782 1453 897 1486 capere
923 1447 1039 1486 potest,
1078 1442 1210 1474 minime
1236 1441 1402 1474 ferendum
1427 1447 1464 1473 ut
1485 1441 1557 1484 quis
1577 1446 1698 1474 temere
1716 1441 1765 1474 vel
1793 1441 1823 1473 vi

292 1498 397 1531 eidem
423 1497 548 1531 divinae
564 1497 711 1536 bonitati,
736 1496 768 1529 in
788 1507 852 1539 qua
876 1496 943 1529 sola
963 1506 1041 1529 con·
1078 1494 1234 1533 adhibita,
1260 1495 1309 1527 ius
1332 1494 1391 1527 sibi
1416 1494 1511 1533 dieat,
1534 1494 1587 1526 sed
1608 1494 1707 1537 magis
1726 1494 1824 1527 talem

293 1551 436 1591 fidimus,
476 1550 596 1594 gratias
621 1560 728 1594 agere,
761 1555 793 1583 et
817 1560 857 1582 nc
881 1549 912 1582 in
933 1549 1041 1593 aliquo
1079 1547 1320 1591 improbitatem
1339 1552 1371 1580 et
1386 1547 1562 1587 audaciam,
1588 1547 1693 1589 legum
1705 1546 1824 1580 severi*

294 1604 463 1649 pastoralis
475 1603 574 1637 nostri
586 1604 681 1637 officii
693 1608 799 1647 partes
807 1603 1040 1636 desiderentur.
1080 1608 1143 1635 tate
1163 1607 1191 1635 et
1208 1601 1408 1644 gravioribus
1418 1601 1530 1644 poenis
1541 1600 1725 1644 propositis,
1737 1610 1826 1634 com-

286 1649 344 1690 'his
363 1657 453 1701 quasi
479 1656 697 1690 fundamentis
717 1655 959 1690 constituendae
982 1656 1042 1689 rei·
1080 1655 1273 1700 pescendam
1285 1660 1316 1688 et
1335 1654 1543 1688 coercendam
1564 1664 1631 1687 esse
1646 1656 1825 1694 censentes,

287 1709 444 1754 'publicae
465 1710 631 1753 praeclare
648 1709 750 1748 iactis,
764 1709 852 1742 novis
867 1719 938 1741 eam
954 1719 1044 1752 prae—
1061 1705 1065 1777 ἰ
1081 1709 1189 1742 habita
1209 1720 1283 1742 cum
1296 1708 1532 1741 venerabilibus
1546 1707 1698 1740 fratribus
1709 1707 1827 1740 nostris

286 1757 386 1807 'nsidiis
406 1763 438 1795 in
463 1763 529 1797 dies
553 1763 655 1806 magis
678 1773 715 1795 ac
731 1763 832 1805 magis
852 1761 1043 1794 confirmare
1061 1782 1066 1810 ι
1082 1762 1114 1795 S.
1137 1763 1173 1796 P..
1196 1763 1230 1795 E.
1263 1761 1481 1796 cardinalibus
1505 1761 1738 1794 deliberatione
1760 1770 1828 1794 ma·-

290 1817 330 1849 'et
348 1817 552 1849 communire
572 1815 750 1849 studemus.
774 1815 854 1848 Cum
878 1814 977 1858 igitur
996 1815 1043 1846 in·
1082 1823 1166 1855 tura,
1189 1816 1227 1849 de
1241 1826 1355 1849 eorum
1367 1815 1501 1849 consilio
1513 1814 1634 1858 pariter
1647 1820 1829 1854 etassensu,

297 1876 348 1903 ter
370 1870 463 1909 alios,
484 1869 541 1913 qui
566 1869 599 1902 in
629 1869 799 1912 temporali
820 1869 909 1902 Statu
937 1874 1046 1902 nostro
1084 1872 1144 1903 bac
1160 1875 1267 1902 nostra
1278 1875 1434 1913 perpetuo
1449 1867 1832 1907 valituraconstitutione‚

297 1922 523 1956 Ecclesiastico
544 1923 751 1966 irrepserant,
774 1922 1048 1965 quosqueanobis
1085 1923 1226 1957 districte
1242 1923 1464 1955 interdicimus
1483 1926 1513 1954 et
1532 1921 1744 1965 prohibemus
1761 1920 1834 1953 uni-

298 1986 414 2019 magna
434 1986 471 2009 ex
492 1981 581 2020 parte
605 1976 747 2009 sublatos
767 1975 899 2008 omnino
919 1975 1047 2008 abolere
1087 1977 1187 2010 versis
1219 1980 1250 2008 et
1276 1975 1411 2017 singulis
1438 1974 1586 2013 ducibus,
1617 1973 1832 2018 principibus,

290 2030 446 2070 (nitimur,
471 2040 584 2072 pravos
604 2029 740 2069 abusus,
764 2029 817 2062 ille
847 2029 886 2061 sit
911 2029 1048 2062 maxime
1067 2045 1072 2075 ¹.
1088 2029 1342 2067 marchionibus,
1369 2028 1560 2066 comitibus,
1594 2026 1770 2060 baronibus
1802 2031 1834 2059 et

299 2082 503 2123 damnabilis,
513 2089 548 2116 ut
562 2083 709 2122 barones,
722 2082 884 2116 domicelli
893 2088 948 2115 aut
959 2093 1047 2115 com-
1069 2082 1598 2124 {fdomicellis,quaeutnque,etiam
1607 2079 1833 2118 ecclesiastica,

292 2136 474 2169 >munitates
494 2136 541 2170 vel
563 2136 791 2175 universitates,
811 2142 866 2169 aut
886 2136 1050 2179 magistra·
1069 2124 1242 2180 idignitate
1271 2134 1497 2178 fungentibus,
1535 2143 1663 2167 necnon
1695 2132 1834 2173 vicariis,

300 2193 352 2221 tus
378 2188 554 2229 civitatum,
576 2189 783 2233 oppidorum,
807 2194 979 2229 terrarum,
998 2200 1051 2222 ca·
1091 2189 1288 2228 feudatariis,
1310 2198 1474 2221 armorum
1495 2187 1694 2227 ductoribus,
1713 2185 1836 2230 capita-

301 2246 442 2274 strorum
463 2247 494 2274 et
518 2242 664 2274 locorum
683 2241 865 2286 praedictae
889 2242 1051 2276 Romanae
1091 2243 1171 2281 nois,
1194 2241 1442 2284 magistratibus,
1458 2238 1837 2279 communitatibusmni*

304 2293 466 2327 Ecclesiae
491 2295 661 2339 temporali
681 2296 793 2329 ditioni
814 2295 1049 2336 subiectorum,
1091 2294 1292 2328 versitatibus
1303 2293 1546 2333 etotlieialibus,
1565 2303 1602 2326 ac
1611 2292 1681 2325 aliis
1694 2291 1839 2336 personis

305 2345 365 2378 sub
386 2352 549 2389 praetextu
581 2349 822 2391 recuperandae
850 2350 912 2381 sive
941 2359 1058 2381 manu-
1095 2340 1270 2387 civitatum,
1293 2347 1498 2390 oppidorum,
1525 2351 1697 2385 terrarum,
1723 2349 1841 2377 castro-

306 2396 464 2428 tenendae
493 2403 548 2428 aut
584 2397 810 2440 adipiscendae
849 2398 1054 2440 possessionis
1073 2439 1076 2442 ἢ
1095 2407 1167 2430 rum
1184 2397 1361 2429 etaliorum
1382 2405 1663 2439 quorumcumque
1679 2395 1838 2429 locorum,

305 2443 466 2476 bonorum
494 2445 721 2485 immobilium,
737 2446 850 2478 finium
869 2457 926 2479 seu
948 2448 1054 2479 termi-
1073 2445 1076 2483 ἑ
1097 2447 1155 2490 ipsi
1181 2446 1343 2479 Romanae
1367 2445 1526 2478 Ecclesiae
1547 2444 1684 2477 mediate
1710 2442 1759 2476 ve}
1778 2441 1839 2474 im-

308 2501 425 2522 noruui
444 2497 474 2524 et
494 2493 633 2525 limitum
653 2495 806 2527 territorii
827 2495 875 2527 vel
887 2505 1052 2538 agrorum.
1073 2486 1079 2522 l
1098 2495 1234 2528 mediate
1273 2495 1305 2527 in
1340 2493 1570 2537 temporalibus
1606 2492 1837 2526 subiectorum.

309 2549 392 2581 quae
407 2540 445 2571 ad
455 2550 489 2573 se
500 2541 642 2587 legitime
653 2543 814 2588 pertinere
827 2530 1053 2586 praetendunt‘,
1073 2535 1079 2556 ¹
1099 2544 1332 2586 cuiuscumque
1342 2549 1452 2582 status,
1466 2543 1582 2585 gradus
1597 2550 1629 2575 et
1648 2537 1841 2575 conditionis

310 2586 387 2621 oum
418 2598 451 2621 ⁵0
481 2588 531 2626 ius
567 2600 663 2627 suurn
697 2591 780 2625 tueri
816 2598 871 2630 aut
903 2592 1057 2640 consequi
1099 2592 1321 2638 existentibus,
1334 2602 1373 2626 ne
1389 2591 1521 2636 posthac
1535 2591 1704 2634 quisquam
1718 2595 1842 2624 eorum,

1077 1292 1133 1325 per
1153 1281 1333 1314 Romanum
1353 1281 1540 1314 Pontificem
1561 1281 1608 1314 illi
1634 1280 1820 1324 praesidem

1076 1229 1171 1261 fuisse
1194 1228 1269 1262 satis
1292 1228 1476 1261 instructam
1503 1234 1532 1260 et
1565 1228 1759 1269 roboratam,
1784 1233 1834 1261 ut'
1872 1220 1874 1222 ¹

292 1349 355 1382 qua
385 1335 537 1377 fruimur,
569 1337 661 1381 quies
693 1342 724 1369 et
753 1335 969 1379 tranquillitas
999 1335 1040 1368 sit
1077 1340 1140 1367 tem
1161 1335 1287 1368 cunctis
1311 1344 1412 1378 aequa
1438 1334 1528 1367 lance
1552 1334 1602 1366 ius
1636 1345 1731 1367 suum
1751 1334 1822 1367 sine
1854 1336 1856 1338 ’

1953 0 1992 55 ἶ

1825 209 1878 238 An.
1890 207 1919 237 c.
1938 190 2002 254 ιώ
