2059 3228
387 206 449 239 516

341 277 436 311 quain
454 264 608 309 oppidum
629 263 660 297 S.
680 261 795 296 Leonis
818 261 1003 296 huiusmodi
1030 272 1083 294 su-

339 325 483 363 spectum
501 317 660 357 existeret,
681 315 713 348 in
727 316 846 358 illoque
865 326 902 349 ac
921 314 1084 359 praedicta

339 371 562 414 dioecesi-una
578 370 741 402 dumtaxat
757 369 926 411 collegiata
949 367 1084 402 ecclesia

338 425 398 459 sub
418 416 619 457 invocatione
630 422 661 456 S.
676 421 904 456 Bartholomaei
920 421 1080 462 existeret,

338 478 371 510 in
409 487 451 510 ua
467 476 593 510 divinus
621 476 727 509 cultus
753 486 812 519 per
840 475 974 508 dilectos
1000 474 1085 507 filios

338 488 439 574 ipsilfls
459 528 613 563 ecclesiae
638 529 670 563 S.
700 522 926 562 Bartholomaei
946 538 1084 572 praepo-

338 584 435 617 situm
452 589 484 617 et
503 582 687 623 canonicos,
709 581 765 625 qui
790 581 923 615 insimul
948 592 1003 615 sex
1027 591 1086 614 nu-

338 647 428 670 mero
455 636 644 678 existebant,
673 635 902 675 exercebatur;
932 635 1085 678 quodque

337 696 403 724 tam
434 690 625 724 Franciscus
652 689 824 734 episcopus
851 699 949 733 quam
983 689 1086 722 dictae

338 744 494 778 ecclesiae
510 744 701 777 Feretranae
718 742 864 776 canonici
885 742 1041 786 praedicti
1053 741 1086 774 in

338 797 450 831 eadem
476 796 612 832 ecclesia
628 796 661 830 S.
680 785 917 836 bartholomaei,
942 795 1087 828 situatio-

337 861 379 884 ne
395 855 427 884 et
441 850 507 884 loci
524 849 751 884 commoditate
770 848 1085 893 praedictisattentis,

337 903 431 937 facile
449 903 603 945 residere,
620 909 652 937 et
671 914 745 936 cum
756 902 921 936 canonicis
931 902 1086 935 ecclesiae

338 957 446 991 Sancti
457 957 697 991 Bartholomaei
708 956 894 990 huiusmodi
906 956 1011 989 divina
1019 956 1087 989 offi-

336 1011 388 1044 cia
404 1011 574 1044 decantare
591 1015 751 1055 poterant,
770 1010 933 1054 praefatus
954 1009 1088 1053 praede-

338 1075 456 1106 cessor,
475 1064 532 1108 qui
548 1064 654 1097 divino
672 1063 774 1097 cultui
791 1063 929 1096 libenter
939 1062 1086 1095 intende-

337 1118 402 1159 bat,
420 1123 451 1152 et
475 1123 510 1151 ut
535 1117 735 1151 cathedrales
762 1116 917 1150 ecclesiae
941 1115 1086 1149 situatio-

335 1180 413 1205 nem
439 1171 643 1205 commodam
669 1171 827 1203 haberent
851 1169 986 1203 sinceris
1011 1179 1086 1202 exo-

340 1225 447 1269 ptabat
464 1224 643 1265 affectibus,
661 1223 784 1268 quique
800 1223 923 1256 dudum
935 1221 1088 1255 interalia

337 1279 482 1313 voluerat
505 1279 591 1322 quod
608 1288 737 1322 semper
755 1277 790 1310 in
808 1276 985 1310 unionibus
1001 1286 1089 1309 com-

338 1332 447 1366 missio
465 1332 559 1366 fieret
584 1331 625 1365 ad
652 1336 774 1376 partes,
801 1330 922 1364 vocatis
947 1339 1088 1374 quorum

338 1385 486 1426 interest,
505 1385 592 1419 circa
607 1383 796 1428 praemissa,
815 1393 943 1417 necnon
974 1382 1014 1415 de
1033 1382 1090 1415 do-

338 1439 461 1473 micilio
478 1444 543 1472 tam
562 1437 733 1471 Francisco
747 1443 778 1471 et
792 1447 851 1481 pro
863 1446 1010 1481 tempore
1021 1435 1089 1468 exi-

339 1492 436 1526 stenti
448 1491 454 1499 ²
467 1492 620 1536 episcopo
650 1491 826 1524 Feretrano
858 1500 957 1534 quam
989 1489 1090 1532 ipsius

340 1546 496 1580 ecclesiae
512 1545 536 1578 F
538 1550 708 1578 eretranae
725 1543 890 1577 canonicis
901 1542 1088 1587 praedictis,

339 1605 376 1633 ut
391 1598 516 1633 facilius
533 1597 638 1631 divina
657 1597 765 1631 officia
774 1597 939 1630 celebrare
946 1601 1088 1640 possent,

341 1658 374 1687 et
389 1653 435 1686 eis
451 1652 501 1686 via
517 1650 732 1685 excusationis
750 1661 817 1684 non
841 1650 1035 1683 residentiae
1054 1660 1092 1682 ac

342 1705 524 1740 divinorum
540 1716 606 1739 non
623 1703 848 1738 celebrationis
862 1703 1091 1748 praecludere-

339 1766 412 1801 tur,
439 1765 538 1803 utque
557 1758 590 1792 in
614 1759 700 1792 dicta
718 1757 855 1791 ecclesia
874 1757 906 1791 S.
925 1756 1093 1790 Bartholo-

342 1813 426 1847 maei
442 1823 500 1857 per
527 1812 666 1856 amplius
689 1811 911 1844 ministrorum
936 1819 1093 1843 numerus

147 218 199 247 An.
215 217 245 248 c.
263 220 330 250 ¹572

341 1873 516 1912 augeretur
545 1872 728 1911 opportune
758 1865 929 1910 providere
961 1863 1090 1904 volens,
1111 1874 1113 1888 ·
1133 1862 1296 1906 plionlbus
1313 1868 1344 1896 et
1367 1863 1584 1905 libertatibus,
1609 1875 1736 1899 necnon
1762 1866 1876 1900 favori-

342 1920 709 1966 ipsosqueFranciscum
720 1919 910 1963 episcopum
920 1929 958 1951 ac
972 1917 1004 1951 S.
1017 1918 1094 1950 Leo-
1132 1915 1201 1955 bu5‚
1228 1916 1337 1959 gratiis
1361 1922 1392 1949 et
1419 1916 1563 1960 indultis,
1581 1918 1698 1962 quibus
1729 1918 1876 1953 canonici

343 1975 394 2008 nis
404 1980 437 2008 et
447 1975 478 2009 S.
492 1973 730 2008 Bartholomaei
747 1972 958 2006 ecclesiarum
979 1971 1092 2005 huius—

344 2028 432 2061 modi
464 2026 665 2072 praepositos
694 2035 873 2069 eorumque
905 2024 1049 2068 singulos
1076 2035 1094 2056 a

345 2081 511 2125 quibusvis
530 2079 882 2120 excommunicationis,
913 2077 1094 2121 suspensio-

345 2135 396 2168 nis
412 2140 443 2168 et
459 2133 624 2167 interdicti
641 2132 775 2177 aliisque
786 2131 1010 2166 ecclesiasticis
1021 2141 1093 2164 sen-

348 2188 469 2228 tentiis,
500 2187 644 2221 censuris
662 2193 694 2220 et
710 2187 833 2231 poenis,
853 2197 872 2219 a
897 2185 970 2219 iure
987 2185 1035 2218 vel
1055 2185 1094 2218 ab

348 2241 490 2282 homine,
510 2240 622 2284 quavis
637 2240 808 2274 occasione
826 2240 875 2273 vel
887 2249 995 2279 causa,
1010 2239 1092 2278 latis,

349 2294 505 2336 siquibus
531 2293 774 2337 quomodolibet
808 2292 952 2326 innodati
984 2291 1097 2325 existe-

349 2346 438 2387 bant,
464 2348 503 2380 ad
529 2348 678 2381 effectum
698 2347 979 2390 infrascriptorum
1002 2345 1097 2378 dum-

350 2399 434 2428 taxat
451 2396 726 2439 consequendum,
762 2395 929 2428 absolvens
951 2400 983 2427 et
1007 2393 1099 2427 ahso-

351 2443 435 2476 lutos
459 2445 527 2477 fore
551 2455 696 2478 censens.

396 2492 411 2534 ἓ
435 2491 466 2524 3.
493 2493 577 2526 Motu
605 2492 758 2537 proprio,
784 2502 850 2525 non
869 2491 911 2525 ad
937 2490 1098 2525 Francisci

205 2566 340 2587 Fortinum)

161 2599 272 2622 cecinam
295 2600 341 2617 cnm
355 2599 427 2623 rum
446 2589 688 2633 praedictorum
707 2590 756 2624 vel
775 2589 909 2624 alterius
925 2599 986 2636 pro
996 2589 1043 2627 eis
1051 2599 1101 2623 su-

951 209 1130 234 mmmmm!
1148 207 1298 233 mmmm

353 2540 496 2584 episcopi
526 2547 556 2574 et
583 2541 843 2585 praepositorum
869 2545 901 2574 et
929 2539 1101 2574 canonico-
1118 2543 1167 2576 ,8.
1186 2538 1412 2572 Bartholomaei
1430 2539 1464 2572 in
1484 2540 1595 2581 choro,
1618 2541 1876 2583 processionibus

1123 270 1182 304 per
1198 270 1235 293 eo
1253 259 1358 293 eidem
1382 259 1620 304 praedecessori
1638 261 1761 295 oblatae
1790 264 1931 307 peti-¹⁰⁵³
2003 271 2009 274 “
2031 287 2032 295 ,

1125 312 1219 346 tionis
1235 312 1431 352 instantiam,
1451 313 1505 345 sed
1522 313 1625 346 desua
1644 325 1731 348 mera
1751 316 1870 349 delibe-
1883 298 1926 349 ,ΓΙ

1123 366 1246 399 ratione
1263 372 1293 399 et
1311 377 1347 399 ex
1365 371 1451 399 certa
1481 365 1612 399 scientia
1628 377 1665 400 ac
1685 368 1723 402 de
1740 376 1869 413 aposto-
1882 360 1977 414 {3520
2001 376 2027 411 ς’,

1123 420 1204 453 licae
1235 420 1403 464 potestatis
1429 419 1642 463 plenitudine,
1673 422 1732 455 sub
1758 423 1868 457 datum
1883 417 2021 473 3ξῖῑῶ

1123 473 1272 506 videlicet
1287 479 1374 506 sexto
1394 473 1467 506 idus
1483 472 1572 514 iulii,
1599 474 1805 517 pontificatus
1821 477 1870 511 sui
1883 458 1978 505 ⁵¹:¹³?

1123 536 1208 559 anno
1218 536 1247 567 v,
1260 526 1427 559 ecclesiam
1443 526 1647 560 Feretranam
1658 528 1868 571 praedic-tam,
1883 519 1980 566 :312⁰
2001 519 2011 524 .,

1124 585 1256 612 eatenus
1274 589 1337 612 'ion
1353 579 1599 621 frequentatam,
1614 585 1644 613 et
1664 580 1697 613 in
1719 592 1782 623 qua
1804 588 1870 616 tam
1883 576 1986 626 ''i‘ffl'22'
2004 594 2005 597 ’

1124 632 1314 666 Franciscus
1349 638 1379 665 et
1405 632 1462 677 qui
1487 643 1546 677 pro
1569 638 1716 677 tempore
1742 635 1871 670 fuerunt

1125 686 1267 731 episcopi
1276 686 1440 720 Feretrani
1458 697 1495 720 ac
1504 687 1650 721 canonici
1658 687 1761 722 dictae
1769 690 1872 723 eccle-

1125 741 1190 773 siae
1207 751 1272 774 non
1298 740 1496 782 resederant,
1518 741 1557 774 ad
1582 741 1701 775 dictam
1719 743 1872 786 collegia-

1127 799 1192 826 tam
1209 794 1390 834 ecclesiam‚
1409 804 1474 826 una
1494 805 1569 828 cum
1596 794 1740 829 eiusdem
1769 798 1872 831 eccle-

1125 847 1190 880 siae
1207 847 1399 880 cathedralis
1419 846 1576 890 insigniis,
1595 850 1873 895 auctiritateapo-

1125 901 1246 942 stolica‚
1267 902 1429 934 transtulit
1445 907 1475 934 et
1483 902 1669 935 translatam
1680 913 1747 936 esse
1758 904 1869 946 voluit,

1126 954 1169 986 ita
1176 959 1211 987 ut
1218 954 1368 998 deinceps
1379 954 1491 987 liceret
1501 955 1524 987 F
1525 954 1672 988 rancisco
1680 966 1717 989 ac
1726 967 1784 1001 pro
1792 962 1873 991 tem-

1127 1018 1204 1051 pore
1224 1008 1371 1042 existenti
1389 1008 1541 1052 episcopo
1552 1009 1739 1051 Feretrano,
1753 1010 1871 1055 ipsius-

1126 1071 1189 1104 que
1208 1061 1364 1094 ecclesiae
1380 1060 1412 1094 S.
1431 1061 1546 1095 Leonis
1562 1063 1748 1107 praeposito
1768 1068 1800 1096 et
1817 1075 1870 1097 ca-

1126 1113 1251 1147 nonicis
1268 1113 1438 1157 praedictis
1455 1114 1489 1147 in
1498 1114 1585 1147 dicta
1595 1116 1729 1149 ecclesia
1745 1116 1777 1150 S.
1793 1116 1870 1150 Bar-

1127 1167 1290 1200 tliolomaei
1306 1167 1450 1200 residere
1461 1194 1469 1208 ,
1482 1173 1512 1201 et
1529 1168 1636 1202 divina
1654 1169 1760 1203 officia
1780 1169 1870 1212 inibi,

1127 1231 1191 1253 una
1206 1231 1280 1253 cum
1297 1220 1385 1254 illius
1394 1221 1747 1266 canonicispraedictis,
1757 1223 1873 1258 decan-

1128 1279 1195 1307 tare
1209 1285 1217 1314 ;
1235 1274 1385 1317 quodque
1402 1274 1505 1308 dictae
1517 1274 1550 1308 S.
1563 1275 1678 1309 Leonis
1694 1281 1726 1309 et
1744 1276 1777 1310 S.
1798 1277 1874 1311 Bar-

1129 1327 1291 1360 tholomaei
1328 1328 1483 1361 ecclesiae
1507 1339 1574 1362 non
1605 1329 1743 1373 amplius
1775 1330 1870 1373 duae,
1912 1329 1915 1332 ⁴

1127 1381 1322 1414 cathedralis
1338 1381 1463 1415 scilicet
1482 1387 1514 1415 et
1530 1382 1699 1426 collegiata
1718 1384 1873 1418 ecclesiae

1127 1441 1394 1479 nuncuparentur
1406 1462 1414 1477 ,
1435 1436 1491 1469 sed
1509 1446 1574 1469 una
1590 1441 1716 1470 tantum
1737 1438 1873 1472 ecclesia

1129 1488 1322 1522 cathedralis
1339 1489 1500 1531 existeret,
1519 1496 1765 1534 nuncuparetur
1773 1497 1805 1525 et
1820 1503 1872 1526 re-

1130 1547 1308 1586 putaretur,
1317 1548 1348 1576 et
1356 1543 1565 1577 ecclesiarum
1577 1545 1764 1579 earumdem
1775 1557 1872 1580 cano-

1129 1597 1192 1629 nici
1219 1607 1322 1630 unum
1353 1608 1470 1641 corpus
1494 1598 1698 1640 efficeretur3
1728 1605 1874 1634 et-cano-

1131 1649 1194 1683 nici
1211 1650 1367 1684 ecclesiae
1387 1650 1419 1684 S.
1434 1651 1662 1685 Bartholomaei
1674 1652 1871 1696 huiusmodi,

1131 1704 1253 1736 fructus
1277 1713 1352 1736 suos
1388 1704 1622 1748 percipientes,
1654 1705 1800 1739 canonici
1821 1717 1875 1740 ca-

1133 1756 1283 1789 thedralis
1303 1756 1458 1790 ecclesiae
1474 1764 1744 1802 nuncuparentur
1754 1765 1876 1793 etnun-

1131 1809 1255 1853 cupari,
1273 1809 1523 1854 privilegiisque,
1553 1811 1744 1854 honoribus,
1770 1823 1876 1846 exem-

1129 1968 1265 2002 aliarum
1276 1969 1509 2003 cathedralium
1520 1971 1729 2005 ecclesiarum
1744 1979 1876 2006 eatenus

1131 2022 1189 2060 uti,
1211 2022 1352 2065 gaudere
1371 2028 1402 2056 et
1417 2023 1481 2056 frui
1502 2019 1675 2068 potuerant
1701 2031 1732 2059 et
1753 2025 1876 2060 debue-

1128 2080 1200 2108 rant
1217 2086 1254 2109 ac
1271 2081 1418 2119 poterant
1433 2082 1464 2109 et
1475 2077 1647 2120 debebant,
1659 2078 1718 2120 uti,
1730 2070 1877 2123 srui,'po-

1128 2128 1184 2161 tiri
1202 2134 1233 2162 et
1248 2129 1388 2172 gaudere
1405 2130 1506 2164 libere
1529 2136 1560 2164 et
1574 2131 1672 2173 licite,
1695 2132 1877 2175 parisormi-

1128 2187 1178 2214 ter
1195 2187 1225 2215 et
1243 2182 1361 2226 absque
1378 2183 1444 2216 ulla
1461 2183 1588 2227 penitus
1599 2184 1791 2226 differentia,
1804 2196 1876 2230 pos-

1127 2240 1211 2269 sent.
1230 2235 1398 2280 Voluitque
1415 2237 1503 2280 quod
1522 2243 1585 2270 tam
1603 2237 1635 2271 S.
1654 2238 1769 2272 Leonis
1779 2249 1874 2283 quam

1127 2288 1162 2323 S.
1172 2289 1396 2322 Bartholomaei
1414 2290 1625 2324 ecclesiarum
1632 2291 1778 2326 canonici
1784 2303 1877 2336 prae-

1127 2343 1186 2376 fati
1211 2353 1313 2376 unum
1344 2343 1507 2377 dumtaxat
1537 2344 1714 2388 capitulum
1745 2345 1876 2379 insimul

1118 2390 1286 2438 facerent,
1306 2393 1574 2436 praecedentibus
1583 2399 1691 2427 tamen
1711 2394 1812 2439 ipsius
1824 2404 1877 2428 ec-

1132 2441 1248 2474 etesiae
1272 2441 1304 2475 S.
1326 2441 1441 2474 Leonis
1459 2442 1505 2475 sic
1524 2443 1694 2476 translatae
1711 2443 1875 2476 canonicis

1131 2489 1350 2533 praepositum
1359 2491 1572 2524 etcanonicos
1585 2491 1687 2524 dictae
1702 2492 1875 2526 eecclesiae

1120 2598 1123 2628 3
1132 2597 1167 2622 et
1183 2586 1255 2620 aliis
1271 2587 1395 2623 actibus
1415 2587 1664 2633 capitularibus3
1681 2598 1718 2622 ac
1733 2588 1818 2632 quod
1835 2589 1876 2624 de
