2059 3228
90 212 137 261 ΑΒ.
155 213 222 244 1586

95 266 103 270 ”
234 272 293 307 tes,
314 266 376 300 illis
392 267 469 300 alias
489 267 520 299 in
541 276 598 299 suo
618 265 733 300 robore
742 266 972 309 permansuris,

234 319 294 352 hac
310 318 378 352 vice
390 319 565 359 dumtaxat,
579 319 762 363 specialiter
772 325 802 353 et
814 330 972 364 expresse,

232 371 410 415 ceterisque
418 373 687 416 quibuscumque,
706 378 794 406 motu
804 372 913 413 simili,
924 372 976 405 de-

233 435 396 469 rogamus.

277 477 361 511 Nulli
382 488 458 521 ergo
479 483 535 511 etc.

274 530 389 564 Datum
408 531 526 565 Romae
546 531 628 575 apud
655 531 806 564 Sanctum
831 531 973 569 Petrum,

231 594 316 618 anno
352 585 583 617 lncarnationis
617 583 796 617 dominicae
846 583 976 616 millesi-

232 647 285 671 mo
326 637 583 681 quingentesimo
617 636 834 676 octuagesimo
868 641 954 669 sexto
967 662 974 675 ,

230 700 282 724 xvi
312 691 464 725 kalendas
491 690 612 735 aprilis,
639 689 845 733 pontificatus
873 689 975 722 nostri

231 754 316 778 anno
335 754 357 777 1.

281 801 344 833 Dat.
361 803 407 833 die
424 802 459 833 Π
474 802 574 833 martii
589 801 676 840 1586,
690 800 796 841 pontif.
809 809 886 830 anno
901 809 921 830 1.

544 979 660 1012 XXXV.

230 1057 426 1102 Approoatio
446 1054 704 1098 conqrcqationis
723 1053 911 1086 clericorum
926 1063 976 1085 re-

272 1111 437 1155 yularinm
469 1108 735 1142 „timisa-antium
766 1107 910 1149 infirmis
940 1107 977 1139 in

276 1164 486 1208 hospitalibus
512 1166 541 1195 et
573 1166 665 1194 extra
693 1161 889 1204 degentibus,
918 1161 978 1193 Ro-

272 1228 345 1251 mae
375 1227 478 1260 nuper
507 1216 703 1255 institutae,
739 1225 812 1247 cum
846 1214 976 1247 habitus

275 1271 506 1314 assignatione.

274 1351 370 1380 sixtus
375 1352 446 1386 Papa
453 1350 484 1383 V.
499 1349 532 1377 ad
543 1349 704 1385 perpetuam
714 1348 755 1377 rei
764 1353 932 1376 memoriam.

275 1423 318 1456 Ex
337 1421 488 1456 omnibus
512 1420 706 1454 christianae
735 1418 876 1453 caritatis
906 1419 975 1451 offi-

58 1488 63 1494 ¹
98 1477 220 1530 3⁸²2ss
232 1477 302 1518 ciis,
320 1475 437 1520 quibus
457 1481 587 1508 aeterna
598 1474 684 1506 salus
700 1484 758 1516 per
773 1472 909 1515 gratiam
922 1472 975 1505 Dei

115 1544 148 1560 ι·
163 1535 451 1574 infir-comparatur,
473 1528 528 1560 illa
552 1527 757 1570 Redemptori
778 1530 887 1558 nostro
907 1525 974 1558 lesu

231 1583 357 1618 Christo
387 1583 436 1615 vel
466 1581 603 1614 maxime
641 1580 769 1623 placere
798 1578 974 1619 credimus,

231 1647 290 1682 per
313 1646 395 1680 quae
414 1645 574 1679 pauperes
602 1633 717 1667 Christi
738 1632 859 1665 infirmi
885 1638 915 1665 et
945 1633 974 1665 in

231 1689 445 1734 hospitalibus
472 1689 654 1727 existentes,
678 1687 710 1719 in
730 1686 975 1719 necessitatibm

232 1744 297 1778 suis
316 1741 536 1788 spiritualibus
555 1740 818 1784 etcorporalibus
827 1739 976 1772 adiuvan-

233 1803 296 1831 tur.
313 1796 404 1836 Quod
424 1806 525 1839 genus
545 1794 642 1828 officii
660 1794 798 1827 dilectus
817 1793 903 1825 filius
923 1792 974 1825 Ca-

234 1850 342 1884 millus
374 1849 413 1882 de
451 1849 576 1889 Laeliis,
610 1847 777 1891 presbyter
804 1845 975 1879 Theatinw·

233 1903 400 1945 dioecesis,
424 1908 455 1936 et
487 1903 541 1936 alii
568 1902 637 1935 eius
668 1901 759 1941 socii,
793 1911 889 1944 quam
914 1900 969 1932 Det

233 1963 360 2000 gratum
385 1962 413 1989 et
435 1956 530 1989 saluti
558 1956 741 1988 animas-:111
761 1953 974 1986 necessarium

234 2021 301 2044 esse
322 2010 548 2052 intelligentes,
570 2008 658 2041 hisce
670 2007 782 2040 diebus
803 2016 877 2048 erga
896 2017 973 2049 pau-

233 2073 326 2108 peres
344 2062 479 2103 Christi,
512 2062 544 2094 in
564 2060 778 2105 hospitalibus
797 2058 890 2091 Urbis
919 2069 974 2090 no-

234 2124 316 2150 strae
336 2116 518 2156 existentes,
532 2125 597 2148 non
614 2113 731 2146 minori
746 2112 863 2145 affectu
881 2123 974 2154 quam

234 2176 336 2204 mater
354 2180 430 2213 erga
459 2179 557 2213 quern
581 2168 677 2201 unice
697 2166 843 2200 educavit
862 2165 975 2198 filiunt

234 2223 508 2262 demonstrarunt,
528 2221 671 2265 quotidie
694 2220 753 2252 hos
772 2219 880 2259 modo,
904 2229 974 2251 cum

234 2276 398 2319 omniqua
413 2275 503 2309 decet
513 2274 761 2308 mansuetudine
781 2279 812 2305 et
831 2272 974 2308 caritate,

234 2330 275 2363 ad
294 2328 499 2372 patientiam,
531 2327 610 2361 alios
639 2327 679 2360 ad
698 2329 975 2359 sacramentorum

235 2382 525 2418 ecclesiasticorum
558 2380 794 2424 susceptionem
834 2388 976 2411 commo-

235 2436 354 2476 nendo,
385 2435 465 2468 alios
484 2434 518 2466 in
536 2433 672 2466 articulo
693 2434 806 2465 mortis
823 2432 976 2464 eonstitu-

236 2494 286 2523 tos
305 2487 514 2528 consolando,
536 2493 567 2519 et
587 2486 727 2529 denique
747 2485 787 2518 ad
810 2485 893 2518 bene
910 2495 978 2517 mo-

237 2542 386 2576 riendum
401 2541 452 2575 die
472 2547 635 2583 noctuque
656 2538 826 2578 hortando,
848 2538 980 2571 demon-

237 2601 338 2638 strare
358 2605 423 2629 non
438 2600 571 2628 cessant.
586 2593 738 2633 Idemque
758 2597 920 2632 praestare
931 2591 979 2624 in—

104 2778 107 2785 ι
78 2763 82 2766 1
79 2729 98 2742 4-
72 2535 107 2720 t··-=j·‚t..*-·‘‹·''‘·
66 2322 106 2525 '45357'2555
77 2304 84 2306 v
69 2235 97 2291 ,ως
67 2153 95 2225 ’,Ψ-Μ
63 2118 90 2145 9)-
64 2065 97 2110 3⁸5
48 1571 98 2059 vat-<1255mddfjtqejrfsffloezsti}

879 215 981 238 SIXTFS
1013 214 1033 236 V
1065 214 1109 238 ΓΡ.

1654 197 1718 232 669
1775 204 1828 233 An.
1846 204 1957 233 0158ss

1013 265 1162 304 tendunt,
1185 270 1330 308 tempore
1349 262 1459 303 etiam,
1481 260 1566 305 quod
1586 259 1678 301 absit,
1702 269 1759 304 pe-

1017 318 1188 351 stilentiae.
1696 332 1699 334 -

1059 372 1074 414 §
1099 371 1128 403 1.
1156 371 1193 403 Hi
1216 371 1322 415 itaque
1344 370 1497 403 Camillus
1528 374 1557 401 ct
1584 367 1663 401 socii
1684 366 1760 400 insi·
1814 377 1957 411 vaunnam-

1016 424 1081 457 mul
1103 430 1133 456 et
1153 424 1185 456 in
1206 423 1382 461 communi,
1404 423 1464 456 sub
1483 426 1684 465 paupertate,
1706 430 1759 453 ca·
1773 407 1897 465 22ssffi¹⁰¹¹¹⁸
1943 416 1955 427 ⁴

1017 478 1122 510 stitate
1147 483 1178 510 et
1203 477 1406 515 obedientia,
1440 475 1482 507 ita
1502 480 1608 507 tamen
1634 479 1670 506 ut
1688 478 1759 506 voto

1015 530 1158 563 adstricti
1178 539 1243 562 non
1263 529 1336 569 sint,
1359 528 1463 560 virere
1484 534 1514 560 et
1537 526 1697 559 Altissimo
1723 535 1760 558 ac

1016 583 1084 615 eius
1117 583 1315 626 pauperihus
1351 581 1498 614 saniulari
1528 584 1757 624 proponentes,

1015 645 1112 668 unam
1143 635 1226 668 inter
1247 646 1278 667 se
1303 634 1485 667 societatem
1505 643 1561 666 seu
1585 642 1760 675 congrega-

1017 689 1137 722 tionem
1150 716 1158 729 ,
1182 688 1240 720 sub
1261 687 1416 720 vocabulo
1436 697 1494 719 seu
1513 685 1644 720 nomine
1667 684 1757 717 Mini-

1015 742 1183 775 strantium
1210 741 1357 781 infirmis,
1385 741 1478 773 cuius
1502 739 1681 784 principale
1709 738 1758 770 in-

1015 795 1162 829 stitutum
1175 800 1221 828 est
1238 795 1366 838 speciali
1379 794 1518 837 quodam
1539 792 1678 825 caritatis
1695 792 1758 824 ser-

1014 860 1088 888 rore
1105 848 1241 881 infirmis
1257 847 1428 891 praedictis
1445 846 1608 883 inservire,
1625 845 1683 877 sub
1703 855 1759 877 no-

1015 908 1080 936 stro
1101 908 1132 935 et
1151 902 1240 935 Sedis
1252 901 1453 945 Apostolicae
1464 899 1664 942 beneplacito
1677 898 1758 930 inie-

1016 962 1102 996 runt;
1118 961 1282 1000 sperantes
1293 966 1330 988 ex
1341 954 1402 987 hoc
1418 953 1528 986 multis
1549 951 1759 985 incommodis

1016 1015 1045 1042 et
1073 1009 1235 1053 periculis,
1260 1009 1292 1040 in
1321 1018 1403 1050 quae
1427 1015 1658 1050 saepenumero
1683 1003 1757 1037 dicti

1018 1063 1137 1096 infirmi
1155 1063 1195 1095 oh
1212 1062 1372 1095 defectum
1398 1061 1510 1093 talium
1536 1058 1756 1091 ministrorum

1018 1117 1212 1156 inciderunt,
1230 1116 1354 1148 obviam
1371 1114 1423 1154 iri,
1436 1124 1472 1146 ac
1485 1113 1619 1146 salutem
1632 1111 1759 1144 animae

1015 1175 1046 1203 et
1065 1170 1210 1213 corporis
1224 1169 1387 1212 multaque
1399 1166 1662 1200 christifidelibus
1671 1175 1759 1197 com-

1016 1224 1112 1256 moda
1127 1223 1246 1268 parari.

1059 1277 1074 1320 §
1098 1276 1130 1309 ⁶2.
1155 1276 1230 1315 Nos,
1252 1284 1365 1308 eorum
1391 1271 1682 1317 supplicationibus
1713 1270 1760 1303 in·
1785 1310 1788 1313 η
1820 1278 1955 1312 emmam

1016 1328 1137 1370 clinati,
1155 1339 1192 1361 ac
1211 1329 1250 1361 de
1269 1326 1454 1360 huiusmodi
1475 1325 1530 1368 pio
1548 1324 1711 1368 proposito
1729 1329 1757 1355 et
1770 1309 1841 1360 ἶξζῗξ,
1868 1310 1954 1330 ¹⁰⁵¹¹¹²¹‘

1015 1383 1138 1417 vivendi
1158 1382 1267 1421 modo,
1285 1391 1349 1425 quo
1366 1379 1427 1424 ipsi
1442 1378 1613 1412 intendunt
1622 1377 1680 1417 uti,
1694 1377 1760 1421 plc-

1016 1448 1068 1477 ne,
1090 1436 1185 1470 etiam
1211 1446 1249 1468 ex
1274 1434 1430 1467 relatione
1457 1432 1648 1465 dilectorum
1675 1430 1758 1463 filio-

1016 1501 1089 1524 rum
1109 1494 1293 1523 nostrorum
1309 1488 1340 1521 S.
1363 1487 1400 1519 R.
1422 1486 1457 1519 E.
1473 1484 1696 1523 cardinalium,
1711 1494 1761 1516 su-

1015 1555 1074 1589 per
1093 1542 1327 1576 consultatione
1349 1546 1379 1573 et
1405 1539 1508 1573 causis
1534 1538 1758 1581 episcoporum

1016 1609 1052 1630 ac
1081 1596 1280 1640 regularium
1314 1605 1350 1627 ac
1373 1593 1552 1626 visitatione
1585 1590 1760 1634 apostolica

1016 1653 1256 1695 deputatorum,
1279 1647 1454 1686 informati,
1484 1657 1521 1679 ex
1548 1650 1634 1678 certa
1652 1649 1759 1676 nostra

1016 1705 1161 1744 scientia,
1171 1702 1453 1746 congregationem
1467 1699 1526 1732 sub
1537 1697 1693 1731 vocabulo
1704 1707 1759 1729 seu

1015 1758 1145 1791 nomine
1162 1755 1326 1791 Societatis
1342 1751 1589 1786 Ministrantium
1610 1749 1757 1788 infirmis,

1015 1823 1073 1857 per
1083 1822 1184 1844 unum
1199 1809 1353 1842 maiorem
1361 1807 1545 1840 ministrum
1555 1815 1610 1837 seu
1618 1802 1760 1846 superio-

1015 1875 1084 1898 rem
1109 1864 1179 1907 (qui
1197 1863 1363 1907 presbyter
1381 1870 1459 1899 esse,
1486 1869 1522 1891 ac
1543 1867 1600 1901 per
1615 1855 1759 1889 eamdem

1016 1918 1299 1962 congregationem
1317 1915 1356 1947 de
1372 1912 1510 1946 triennio
1530 1911 1563 1943 in
1583 1909 1759 1943 triennium

1015 1983 1074 2016 per
1112 1971 1268 2004 maiorem
1289 1973 1412 2012 partem
1440 1963 1665 2007 suffragiorum
1688 1962 1759 2004 eligi

1016 2025 1142 2067 debeat)
1162 2022 1335 2066 regendam
1356 2028 1385 2052 et
1410 2016 1663 2062 gubernandam,
1686 2025 1760 2058 apo-

1016 2079 1127 2112 stolica
1159 2075 1366 2113 auctoritate,
1393 2079 1504 2105 tenore
1529 2067 1758 2113 praesentium,

1016 2136 1174 2176 perpetuo
1211 2127 1429 2172 approbamus
1463 2130 1493 2157 et
1517 2122 1757 2159 confirmamus,

1016 2185 1201 2228 supplentes
1232 2191 1343 2215 omnes
1370 2185 1400 2212 et
1426 2177 1566 2219 singulos
1595 2181 1660 2208 tam
1684 2173 1762 2207 iuris

1016 2248 1112 2281 quam
1133 2236 1207 2269 sacti
1239 2235 1382 2268 desectus
1395 2258 1402 2272 ,
1429 2230 1512 2274 siqui
1531 2229 1762 2262 intervenerint

1016 2292 1050 2324 in
1067 2291 1200 2324 eisdem,

1061 2344 1076 2386 ξ
1100 2342 1130 2376 3.
1158 2343 1195 2374 Et
1224 2341 1299 2384 quia
1327 2339 1412 2372 dicta
1449 2335 1655 2379 congregatio
1684 2344 1760 2377 pro-

1017 2393 1152 2437 prietate
1172 2401 1281 2424 rerum
1296 2387 1524 2432 temporalium
1544 2395 1653 2418 carere
1672 2383 1762 2416 insti-

1019 2442 1090 2482 tuit,
1112 2452 1170 2474 nos
1189 2440 1309 2484 pariter
1335 2437 1470 2472 Camillo
1499 2441 1530 2468 et
1553 2433 1704 2478 praefatis
1723 2443 1760 2465 ac

1020 2502 1077 2534 pro
1096 2497 1241 2533 tempore
1251 2486 1458 2521 existentibus
1472 2484 1572 2528 ipsius
1583 2493 1759 2526 congrega-

1019 2540 1115 2573 tionis
1140 2538 1235 2571 sociis
1259 2543 1291 2570 et
1318 2536 1389 2569 aliis
1416 2535 1455 2567 ab
1479 2533 1525 2567 eis
1548 2531 1707 2577 deputatis
1730 2537 1757 2564 et

1020 2587 1222 2630 deputandis,
1231 2585 1317 2629 quod
1327 2585 1543 2627 eleemosynas
1552 2580 1760 2623 ubicumque,

1795 2343 1888 2364 Licentia
1903 2344 1950 2364 elon

1775 2380 1872 2402 musy-nas
1893 2375 1957 2395 colti-

1774 2407 1836 2431 gendi
1853 2407 1872 2426 in
1894 2404 1950 2426 Urbe

1773 2438 1948 2463 ministr-audique

1773 2469 1859 2489 infirmis
1893 2471 1956 2494 atque

1773 2499 1870 2520 audiendi
1917 2502 1956 2518 eo-

1773 2537 1817 2551 rum
1839 2528 1956 2550 tartessio—

1774 2568 1812 2582 1165
1823 2565 1865 2582 etc.
