2059 3228
795 252 888 277 mnax
914 251 1018 276 nemun
1573 236 1661 270 ¹0:35¹,

241 301 403 344 migravit,
431 303 523 335 cuius
555 304 785 337 miraculorum
813 306 894 337 sama
915 303 1115 348 perturbuit,
1139 303 1214 334 illm.
1243 302 1258 333 Ιι
1277 315 1284 337 ;
1307 302 1378 336 ida-o
1407 303 1511 335 Sixtus
1532 303 1565 335 lV
1592 303 1674 335 iuter

242 361 380 395 sanctOS,
396 356 498 389 Sixtus
522 367 596 390 vero
619 357 642 389 V
661 357 692 390 in
717 363 817 390 sanct.
840 355 952 390 Pontis.
973 356 1141 389 Doctorum
1161 366 1330 387 nunna-iun
1355 356 1544 398 aggregant,
1572 355 1672 392 ibid..-

241 408 375 450 eiusque
403 419 501 453 opera
521 410 626 442 omnia
647 410 741 442 simul
763 415 793 442 et
811 408 1068 443 emendatissime
1088 418 1104 440 a
1125 407 1330 450 typum-:ipliia
1347 407 1494 440 Vaticana
1517 408 1546 440 in
1568 408 1673 439 lucem

241 459 342 493 emitti
364 461 497 501 curavit,
520 462 597 495 ibid.
619 463 658 501 b;
679 467 706 494 et
723 462 802 494 sicut
824 462 898 494 Pius
911 461 932 493 V
948 463 980 493 S.
998 461 1137 493 Tlioniae
1160 462 1283 496 asinum,
1306 459 1345 491 ita
1362 459 1468 492 Sixtus
1484 460 1504 491 t·
1520 460 1549 491 S.
1569 459 1672 491 Bona-

241 518 393 546 venturae
430 514 584 553 instituit,
615 515 692 547 ibid.
723 514 797 547 Eius
826 514 969 547 dot-trina
995 513 1247 556 quammaxime
1282 513 1525 545 ‹oiiiuwndatur
1549 518 1577 543 vt
1605 512 1672 555 ipse

241 565 327 598 inter
352 567 496 609 egregios
515 567 668 600 ecclesiae
687 567 833 600 doctores
853 571 1071 604 eminieratur‚
1094 565 1172 597 1011
1202 577 1235 602 a,-
1259 564 1390 607 eiusque
1416 566 1511 597 festus
1531 564 1598 597 dies
1624 566 1672 596 ot'-

238 617 311 650 ficio
327 618 552 659 celebrandus,
574 629 676 662 eoque
703 619 918 661 indulgentia(¹
943 627 1124 656 concessae,
1151 617 1235 649 tow
1255 628 1285 649 a.

149 655 390 704 Boriaventurae
409 672 470 713 (S.)
495 672 667 714 collegium
692 670 810 705 Romae
834 672 864 703 in
896 675 1050 703 ⁴conventu
1071 669 1125 702 SS.
1153 669 1203 702 Xll
1224 669 1448 712 Apostolorum
1471 667 1596 702 Ordinis
1616 669 1671 701 Mi-

232 732 348 756 norum
370 725 629 758 conventualium
650 724 744 767 erigit
763 724 868 756 Sixtus
893 724 926 761 V,
948 722 1012 758 980
1029 723 1067 762 b,·
1086 732 1145 765 pro
1166 722 1239 754 dote
1259 721 1400 754 ciusdem
1421 722 1559 763 assignat
1577 733 1673 766 quae:-

236 775 311 808 dam
331 776 486 810 beneficia
514 777 669 816 vacantia,
695 777 894 820 dispositioni
914 777 1046 809 Sanctae
1069 774 1160 808 Sedis
1180 781 1347 812 reservata,
1369 773 1426 807 981
1456 786 1495 811 a:
1521 774 1671 817 abrogata

235 832 268 860 et
299 827 345 861 sic
376 829 464 862 unita
488 829 637 862 abbatiali
666 829 829 872 dignitate,
851 829 1037 869 monachos,
1063 828 1103 861 ad
1123 827 1184 859 alia
1212 826 1403 859 monasteria
1422 826 1555 858 transire
1584 826 1672 859 iubet

240 879 304 914 982
329 892 370 922 a‚·
397 882 581 916 monasterii
601 892 699 915 onera
724 883 859 923 collegio
879 882 1027 925 imponit,
1050 881 1126 913 ibid.
1143 892 1152 917 ;
1176 879 1227 912 cui
1247 885 1427 912 ceterorum
1461 879 1669 922 collegiorum

237 933 405 977 privilegia
419 935 647 975 communicat,
670 935 746 967 ibid.
765 936 802 975 1›,·
819 935 1014 968 cardinalem
1029 932 1242 977 protectorem
1257 933 1406 975 assignat,
1422 932 1556 975 eiusque
1571 932 1672 965 sacul-·

235 991 315 1019 tates
333 993 499 1020 enumerat
520 987 584 1021 983
603 999 634 1020 α.

145 1032 358 1071 Bononiensis
373 1040 563 1083 episcopalis
577 1040 713 1073 ecclesia
725 1041 756 1072 in
771 1039 1081 1082 Arcbiepisropalem
1095 1037 1230 1080 erigitur
1251 1048 1322 1070 cum
1340 1037 1509 1080 privilegiis
1523 1038 1672 1070 omnibus

234 1091 575 1136 archiepiscopalibus,
607 1089 671 1127 402
702 1106 719 1126 a
732 1105 740 1131 ,·
761 1093 955 1131 Placentina,
983 1091 1160 1124 Parmensis
1179 1091 1323 1134 aliaeque
1343 1091 1494 1124 ecclesiae
1515 1102 1586 1123 cum
1607 1091 1671 1123 suis

236 1143 396 1188 episcopis
414 1145 630 1179 subiiciuntur
648 1146 838 1179 Bononiensi
858 1145 1101 1188 archiepiscopo
1121 1144 1197 1176 ibid.
1214 1144 1231 1175 b
1256 1149 1285 1176 et
1304 1154 1363 1186 seq.

143 1195 354 1230 Bononiensis
368 1198 580 1231 universitatis
599 1199 745 1231 doctores
761 1197 969 1230 obtinuerunt
993 1197 1114 1229 datium
1136 1195 1291 1228 mercium
1316 1196 1355 1228 ab
1374 1195 1517 1238 Eugenio
1538 1195 1586 1235 tv,
1609 1195 1674 1229 719

233 1259 274 1288 ας
294 1258 312 1281 a
330 1249 413 1283 lulio
427 1250 451 1282 ΙΙ
477 1251 564 1283 novis
584 1251 706 1294 legibus
725 1250 964 1289 confirmatum,
994 1250 1072 1282 ibid.
1103 1249 1135 1288 b,·
1151 1259 1168 1281 a
1188 1247 1350 1281 Clemente
1373 1248 1423 1280 Vll
1442 1255 1584 1287 auctum,
1617 1249 1671 1292 qui

234 1308 378 1335 montem
398 1303 494 1337 erexit
516 1310 546 1336 ct
571 1304 751 1337 facultatem
772 1303 961 1336 doctoribus
979 1302 1077 1341 dedit,
1108 1311 1166 1344 pro
1186 1311 1244 1333 suo
1264 1301 1394 1333 arbitrio
1414 1301 1589 1344 deputandi
1615 1302 1670 1334 de-

233 1355 425 1400 positarium
446 1354 509 1389 722
530 1369 570 1392 a:
598 1356 713 1390 Paulus
739 1357 776 1389 Ill
801 1356 965 1399 privilegia
985 1354 1093 1387 omnia
1117 1353 1329 1394 confirmavit,
1357 1358 1387 1387 et
1414 1364 1524 1386 curam
1552 1355 1672 1387 canalis

233 1409 405 1449 concessit,
426 1409 505 1442 ibid.
521 1421 531 1447 ‚·
547 1410 663 1442 Paulus
683 1410 718 1442 IV
741 1415 771 1442 et
799 1408 872 1442 Pius
898 1409 934 1441 lV
954 1408 1052 1441 erecti
1071 1408 1185 1442 Montis
1214 1417 1326 1440 curam
1346 1406 1481 1450 collegio
1501 1407 1670 1440 doctorum

234 1461 449 1503 vindicarunt,
488 1463 565 1495 ibid.
595 1464 631 1502 (η
660 1463 788 1496 deinum
809 1462 882 1495 Pius
900 1462 923 1493 V
939 1461 1107 1505 privilegia
1131 1461 1241 1494 omnia
1261 1466 1293 1493 et
1312 1459 1438 1503 singula
1456 1460 1684 1500 confirmavit„

232 1515 325 1556 ibid.;
345 1515 403 1549 sed
421 1516 511 1548 novis
538 1517 655 1549 exortis
674 1516 790 1555 causis,
816 1515 921 1548 Sixtus
939 1515 961 1547 V
982 1514 1213 1558 depositarium
1233 1524 1251 1546 a
1262 1512 1446 1546 doctoribus
1462 1500 1684 1545 constitutum}

232 1567 404 1602 confirmat
421 1578 495 1601 cum
515 1568 666 1601 omnibus
686 1567 843 1602 veteribus
867 1566 1034 1611 priviligiis
1052 1565 1116 1600 723
1136 1577 1156 1599 a
1175 1571 1206 1599 et
1224 1566 1252 1598 b.

145 1619 396 1656 Bononiensium
425 1622 634 1663 collegiorum
663 1621 848 1654 doctoribus
876 1619 1098 1664 philosophiae
1128 1625 1159 1653 et
1178 1618 1355 1651 medicinae
1376 1618 1554 1661 privilegia,
1577 1628 1671 1662 prae-

231 1675 403 1718 rogativae,
429 1676 548 1718 gratiae
586 1681 615 1708 et
635 1675 759 1708 indulta
779 1685 796 1706 a
816 1673 950 1706 summis
973 1672 1191 1716 pontificibus,
1213 1672 1252 1704 ab
1273 1670 1522 1715 imperatoribus
1541 1676 1572 1703 et
1590 1671 1672 1713 regi·

232 1726 293 1760 bus
320 1724 473 1761 Romanis
501 1740 537 1762 ac
571 1728 640 1761 aliis
677 1727 877 1771 principibus
905 1736 1055 1759 concessa
1085 1725 1329 1763 confirmantur,
1360 1729 1517 1767 quatenus
1549 1724 1611 1756 sint
1638 1723 1671 1756 in

233 1789 294 1813 usu
323 1774 355 1813 et
379 1782 478 1814 sacris
507 1782 696 1820 canonibus,
730 1781 918 1825 praesertim
948 1779 1081 1812 Concilii
1107 1777 1284 1811 Tridentini
1313 1776 1463 1816 decretis,
1483 1786 1547 1809 non
1573 1786 1675 1820 repu÷

232 1839 342 1875 guent,
365 1833 430 1867 432
449 1835 478 1867 h.
508 1829 658 1867 Doctores
677 1833 793 1866 artium
814 1832 995 1865 liberalium
1024 1831 1262 1875 praedictarum
1283 1829 1406 1873 equites
1434 1829 1537 1862 aurati
1561 1838 1672 1862 crean-

236 1890 289 1918 tur
307 1885 372 1919 433
395 1897 427 1925 α;
449 1886 635 1929 eisdemque
654 1886 747 1918 datur
769 1885 901 1918 facultas
919 1883 1111 1927 aggregandi
1135 1883 1284 1916 doctores
1298 1882 1338 1915 ad
1361 1881 1506 1915 militiam
1526 1887 1670 1915 auratam

237 1949 312 1971 cum
330 1938 401 1972 aliis
425 1939 612 1982 privilegiis,
631 1939 710 1971 ibid.
733 1943 763 1971 et
779 1949 841 1980 seq.

148 1986 402 2025 Bononiensium
422 1991 665 2025 confraternitas
685 1991 717 2024 in
741 1991 824 2024 Urbe
851 1989 991 2022 instituta
1025 1989 1223 2033 approbatur
1256 1993 1287 2022 et
1316 1988 1448 2032 prop'rio
1479 1988 1608 2021 nomine
1628 1988 1673 2020 di-

240 2043 426 2088 stinguitur,
449 2044 513 2078 535
536 2056 576 2083 (ι,’
603 2054 702 2077 unum
723 2048 920 2076 carceratum
941 2042 1084 2085 quolibet
1102 2052 1187 2075 anno
1202 2040 1338 2074 liberare
1355 2046 1470 2084 potest,
1491 2042 1568 2074 ibid.
1591 2047 1621 2074 et
1640 2041 1674 2080 b,-

235 2097 368 2141 insuper
402 2097 472 2130 aliis
501 2097 760 2140 quibuscumque
789 2095 1104 2128 confraternitatibus
1132 2094 1275 2128 eiusdem
1304 2093 1442 2127 nationis
1471 2093 1530 2126 sub
1559 2093 1671 2127 eadem

238 2150 441 2184 invocatione
461 2150 567 2184 Sancti
592 2149 718 2183 loannis
736 2149 877 2192 Apostoli
899 2156 929 2181 ct
953 2147 1181 2190 Evangelistac,
1210 2146 1305 2180 etiam
1326 2151 1411 2179 extra
1434 2146 1556 2179 Italiam
1577 2153 1669 2190 prae-

238 2203 324 2236 dicta
343 2204 452 2237 omnia
472 2203 724 2241 communicare,
747 2201 809 2235 53ss
829 2212 869 2240 a,·
890 2201 1160 2243 indulgentiarum
1181 2199 1360 2238 concessio,
1385 2200 1462 2231 ibid.

150 2255 315 2289 Bonorum
344 2255 495 2290 alienatio
524 2256 556 2288 in
576 2255 664 2288 Statu
691 2254 908 2287 ecclesiastico
928 2253 1130 2286 existentium
1160 2252 1231 2284 aliis
1250 2262 1347 2295 quam
1375 2252 1517 2285 vassallis
1548 2252 1673 2295 absque

239 2308 332 2342 Sedis
355 2309 558 2352 Apostolicae
589 2307 718 2340 licentia
743 2307 848 2347 vetita,
876 2306 934 2339 581
959 2317 998 2344 a,·
1022 2310 1124 2338 castra
1152 2312 1227 2337 vero
1247 2309 1278 2337 ct
1306 2304 1456 2337 fortalitia
1482 2314 1541 2337 nec
1567 2316 1584 2336 a
1603 2316 1673 2337 vas-

237 2360 326 2394 sallis
340 2361 434 2395 vendi
454 2365 599 2405 possunt,
621 2360 681 2392 nisi
695 2360 826 2392 obtenta
846 2358 942 2391 simili
963 2358 1091 2391 licentia
1111 2358 1188 2390 ibid.
1209 2358 1246 2396 b,·
1269 2356 1324 2399 qui
1345 2357 1503 2389 reversuri
1523 2366 1587 2389 non
1602 2362 1675 2389 sunt

239 2414 272 2447 in
285 2414 408 2447 Statum
424 2413 675 2447 ecclesiasticum
689 2412 740 2445 illa
752 2412 888 2444 vendant
899 2411 980 2443 infra
998 2410 1164 2443 biennium
1178 2410 1255 2442 ibid.
1269 2421 1279 2447 ,·
1293 2408 1466 2442 declaratio
1486 2408 1571 2441 circa
1586 2420 1675 2452 prae-

239 2466 340 2500 dictas
359 2467 592 2511 prohibitiones
604 2472 635 2499 et
647 2466 729 2498 bona
746 2471 779 2497 ut
795 2475 891 2507 supra
910 2463 1042 2496 alienari
1064 2462 1237 2507 prohibita,
1253 2462 1330 2494 ibid.
1342 2473 1353 2501 ;
1366 2461 1674 2495 contravenientium

241 2529 366 2564 poenae
378 2525 409 2553 et
428 2519 606 2553 annullatio
624 2523 859 2557 contractuum,
882 2516 944 2550 582
963 2528 993 2548 ιι.

153 2572 286 2606 Borrom
308 2582 422 2606 eorum
443 2571 613 2614 collegium
633 2570 750 2613 Papiae
769 2568 903 2601 Sanctus
922 2568 1055 2601 Carolus
1077 2568 1287 2601 Borromaeus
1313 2567 1419 2610 erigit,
1439 2573 1596 2601 reservata
1616 2567 1675 2601 sibi

244 2625 314 2658 sacu
330 2630 405 2662 tate,
424 2625 493 2657 eius
512 2629 626 2656 statuta
642 2622 815 2662 condendi,
837 2621 898 2655 ⁸37
919 2622 950 2662 b,·
972 2621 1040 2665 ipso
1069 2621 1129 2654 vita
1150 2621 1259 2654 functo
1279 2630 1351 2653 cum
1372 2620 1455 2661 aliis,
1478 2620 1596 2664 quibus
1615 2626 1677 2653 sta-

233 2678 306 2708 Bau.
330 2678 405 2709 licut.
432 2678 484 2708 Vol.
508 2676 578 2707 VIII.
1349 2672 1406 2702 130
