2059 3228
26 240 44 266 “.
69 237 134 291 '1379

761 253 935 280 altecomus
954 255 1008 278 XIII
1029 254 1075 278 ΓΡ.

153 307 260 349 suerit,
279 318 316 342 ac
336 307 462 352 quoties
482 318 541 352 pro
561 313 650 352 parte
672 308 805 341 fratrum
835 308 896 340 Re-

151 362 361 397 formatorum
378 361 615 405 praedictorum
626 361 764 404 desuper
779 360 897 394 suerint

140 413 307 460 requisiti,
329 414 516 447 solemniter
536 414 748 458 publicantes,
769 413 895 457 illisque

148 466 183 501 in
206 466 389 511 praemissis
408 467 547 500 efficacis
572 466 768 500 defensionis
801 477 894 509 prae-

148 520 230 554 sidio
245 525 438 559 assistentes,
455 520 573 553 saciant
584 519 773 553 auctoritate
786 525 895 552 nostra

147 583 203 607 eos
221 573 405 617 praemissis
422 573 573 606 omnibus
592 578 621 606 et
642 571 786 615 singulis,
808 572 894 605 iuxta

146 626 363 670 praesentium
374 626 607 659 continentiam
621 631 652 658 et
664 630 822 664 tenorem,
840 635 893 665 pa-

145 678 238 712 cifice
258 678 322 711 srui
343 685 374 712 et
396 679 548 722 gaudere.
578 678 646 711 Non
672 677 893 721 permittentes

145 741 199 765 eos
233 731 374 775 desuper
398 742 457 775 per
488 731 670 764 ministrum
709 730 891 772 generalem

143 783 289 828 aliosque
313 785 495 828 praedictos
525 783 768 830 quomodolibet
800 784 891 817 inde-

143 837 209 871 bite
233 837 408 870 molestari.
440 836 698 870 Contradictores
730 836 889 880 quoslibet

141 900 180 924 ac
198 890 336 923 rebelles
364 895 395 923 et
421 889 606 934 praemissis
634 899 699 921 non
729 895 889 932 parentes,

141 953 200 987 per
231 943 414 983 sententias,
439 953 592 975 censuras
628 948 659 974 et
684 952 804 985 poenas
839 953 891 975 ec-

141 995 335 1040 clesiasticas
368 995 497 1040 aliaque
530 1000 714 1039 opportuna
748 994 826 1028 iuris
862 1000 889 1028 et

141 1049 216 1083 facti
229 1049 382 1090 remedia,
405 1048 493 1082 omni
513 1048 729 1093 appellatione
757 1053 890 1092 postpo-

140 1102 212 1143 sita,
233 1102 486 1146 compescendo;
508 1101 647 1141 necnon,
666 1101 818 1144 legitimis
835 1112 888 1134 su-

142 1165 201 1200 per
219 1155 270 1188 his
288 1155 445 1191 habendis
464 1154 596 1188 servatis
617 1154 833 1198 processibuS,
855 1154 892 1187 il-

143 1209 190 1243 los
212 1208 398 1248 sententias,
422 1218 574 1241 censuras
594 1213 624 1241 et
652 1218 773 1251 poenas
799 1219 891 1251 prae-

143 1261 244 1298 dictas
280 1261 455 1295 incurrisse
475 1275 479 1280 ·
498 1261 691 1294 declarando
704 1287 712 1301 ‚
753 1261 890 1304 illasque

142 1313 240 1351 etiam
259 1314 381 1348 iteratis
403 1314 528 1348 vicibus
547 1314 749 1356 aggravando
761 1325 768 1354 ;
802 1315 890 1347 invo-

144 1373 215 1402 cato
234 1367 329 1401 etiam
349 1367 389 1400 ad
408 1367 482 1408 hoc,
496 1367 522 1401 si
546 1378 628 1412 opus
648 1367 755 1407 suerit,
772 1367 890 1400 auxilio

143 1420 267 1454 brachii
292 1421 478 1455 saecularis.

187 1474 203 1518 ἓ
221 1473 275 1507 21.
297 1474 366 1508 Non
381 1473 581 1507 obstantibus
602 1472 890 1509 constitutionibus

101 1531 175 1561 ‹te-§t
193 1527 450 1561 ordinationibus
473 1527 668 1570 apostolicis,
700 1527 890 1571 praesertim

75 1577 82 1584 '
104 1616 111 1624 ⁴
143 1579 245 1614 felicis
263 1580 497 1614 recordationis
516 1580 629 1613 Leonis
647 1580 683 1619 X,
703 1580 892 1623 praedeces-

133 1634 226 1669 soris
244 1633 358 1674 nostri,
381 1644 479 1678 super
504 1634 625 1667 unione
654 1634 801 1666 omnium
826 1633 890 1666 fra-

143 1692 229 1725 trum
257 1687 415 1722 Minorum
440 1687 478 1720 de
508 1687 725 1727 Observantia‚
752 1691 783 1719 et
810 1697 892 1719 nuu-

144 1741 315 1785 cupatione
347 1740 547 1781 eorumdem,
579 1745 610 1773 et
638 1740 707 1773 aliis
738 1739 772 1772 in
800 1739 890 1775 dictis

134 1793 257 1828 alitteris
279 1793 453 1827 Clementis
474 1793 525 1827 VII
545 1793 714 1832 contentis,
743 1798 774 1826 et
808 1803 890 1836 quae

143 1846 248 1884 eidem
268 1846 424 1880 Clementi
442 1845 641 1890 placuitnon
657 1845 796 1886 obstare,
814 1856 888 1878 nec-

139 1910 208 1936 non
228 1899 304 1933 dicti
327 1899 498 1933 Clementis
517 1898 567 1932 Vll
586 1898 701 1932 litteris
720 1897 890 1942 praedicti>

142 1963 203 1998 pro
221 1952 425 1993 Reformatis,
447 1957 478 1985 et
496 1951 650 1984 Bonisacii
665 1952 728 1984 VIII
754 1951 793 1984 de
812 1962 888 1991 una,

143 2011 176 2039 et
199 2005 329 2040 concilii
358 2004 517 2049 generalis
546 2005 585 2037 de
610 2005 736 2038 duabus
764 2004 888 2044 diaetis,

143 2058 319 2093 dummodo
356 2059 428 2103 quis
460 2059 568 2101 vigore
597 2056 816 2102 praesentium
851 2058 888 2090 ad

143 2111 301 2146 iudicium
319 2113 405 2145 ultra
425 2117 490 2145 tres
509 2111 629 2145 diaetas
649 2121 714 2144 non
733 2111 889 2151 trahatur,

142 2164 236 2199 Bulla
253 2165 372 2206 Aurea,
392 2165 468 2198 Mari
489 2164 601 2208 Magno
618 2165 754 2207 aliisque
774 2164 892 2197 consti—

143 2217 323 2252 tutionibus
354 2223 385 2251 et
412 2217 670 2251 ordinationibus
707 2216 888 2261 apostolicis

142 2271 416 2316 quibuscumque,
438 2270 582 2314 dictique
606 2269 734 2304 Ordinis
753 2270 890 2310 statutis,

143 2323 447 2364 consuetudinibus3
477 2323 662 2367 privilegiis,
699 2323 832 2357 indultis
862 2329 892 2356 et

141 2375 257 2410 litteris
273 2375 469 2420 apostolicis,
492 2375 587 2409 etiam
605 2376 799 2417 iuramento,
813 2385 890 2409 con-

143 2428 324 2463 firmatione
344 2428 520 2472 apostolica
538 2428 586 2461 vel
606 2428 715 2472 quavis
740 2428 891 2461 firmitate

144 2477 207 2511 alia
216 2477 386 2518 roboratis,
396 2477 492 2511 etiam
500 2476 642 2510 informa
649 2477 767 2516 brevis,
775 2477 825 2510 vel
833 2477 891 2510 sub

143 2525 406 2569 quibuscumque
425 2525 595 2559 verborum
621 2525 751 2565 formis,
777 2525 892 2558 solem—

145 2573 309 2615 nitatibus,
318 2573 482 2614 clausulis,
495 2573 591 2606 etiam
604 2572 741 2608 insolitis
749 2579 780 2606 et
791 2583 893 2616 quan-

143 2626 354 2667 tumcumque
380 2622 571 2664 fortissimis,
602 2622 687 2656 dicto
714 2621 824 2655 Ordini
843 2621 891 2655 vel

1576 247 1638 281 ⁶279

937 306 1196 349 quibuscumque
1218 308 1365 349 praelatis
1389 308 1531 342 eiusdem
1554 308 1582 341 in
1604 321 1682 342 von-

937 359 1072 392 trarium
1085 361 1256 399 concessis,
1270 361 1455 405 approbatis
1470 367 1500 394 et
1515 361 1681 402 innovatis,

935 417 967 444 et
988 412 1019 445 in
1041 413 1185 445 futurum
1213 414 1447 455 enticedenilis,
1466 415 1683 458 approbandis

936 470 966 498 et
987 465 1186 504 innovandis,
1208 466 1300 497 etiam
1318 466 1342 498 >i
1364 468 1436 500 talia
1457 468 1562 501 forent
1581 469 1679 512 quod,

937 529 994 562 pro
1020 518 1149 551 illorum
1186 518 1357 551 sufficienti
1390 520 1607 561 derogatione,
1643 522 1682 554 de

935 570 998 603 illis
1018 580 1196 614 eorumque
1217 571 1289 603 totis
1311 572 1476 603 tenoribus
1495 574 1641 617 specialis
1652 581 1683 607 et

934 634 1084 667 expressa
1108 634 1144 656 ac
1165 624 1204 656 de
1235 624 1331 656 verbo
1365 624 1403 656 ad
1437 626 1580 666 verbum,
1617 638 1681 660 non

934 681 1040 709 autem
1074 687 1132 720 per
1165 677 1325 709 clausulas
1357 679 1533 719 generales,
1561 677 1680 712 mentio

934 729 1081 762 habenda
1102 729 1194 761 soret.
1225 729 1347 767 Quibus
1376 730 1537 770 omnibus,
1567 742 1680 764 eorum

936 787 1075 821 tenores,
1098 792 1134 814 ac
1155 781 1178 813 si
1199 781 1237 814 de
1257 783 1353 814 verbo
1374 782 1412 814 ad
1433 783 1564 815 verbum
1585 796 1679 827 prae·

933 835 1077 867 sentibus
1100 835 1328 875 insererentur,
1352 845 1410 877 pro
1429 835 1522 878 plene
1542 841 1572 868 et
1589 838 1679 869 susti-

933 888 1054 920 cienter
1074 887 1229 932 expressis
1255 888 1421 928 habentes,
1458 888 1520 921 illis
1545 891 1621 923 alias
1648 891 1678 923 in

932 952 990 974 suo
1010 942 1126 974 robore
1147 941 1378 985 permansuris,
1406 942 1466 974 hac
1490 942 1557 975 vice
1587 944 1680 976 dum-

933 1000 1026 1035 taxat,
1049 994 1229 1038 specialiter
1253 1001 1284 1028 et
1308 1006 1456 1038 expresse
1475 995 1678 1038 derogamus,

932 1048 1110 1092 ceterisque
1131 1048 1300 1081 contrariis
1323 1049 1595 1092 quibuscumque.
1618 1051 1680 1082 Aut

932 1100 955 1132 si
977 1100 1149 1144 aliquibus,
1172 1101 1390 1133 communiter
1409 1102 1458 1134 vel
1478 1101 1615 1142 divisim,
1638 1103 1678 1134 ab

931 1154 1042 1186 eadem
1067 1154 1105 1186 sit
1126 1154 1205 1188 Sede
1231 1154 1390 1186 indultum
1412 1155 1498 1198 quod
1515 1155 1675 1193 interdici,

932 1207 1083 1251 suspendi
1103 1208 1151 1241 vel
1177 1208 1449 1241 excommunicari
1472 1219 1536 1241 non
1558 1209 1679 1252 possint

931 1271 989 1304 per
1008 1260 1130 1294 litteras
1149 1261 1341 1304 apostolicas
1361 1271 1425 1293 non
1447 1261 1676 1305 facientesple-

931 1324 1003 1345 nam
1025 1319 1053 1346 et
1075 1324 1257 1357 expressam
1277 1325 1312 1347 ac
1344 1314 1384 1346 de
1417 1315 1514 1347 verbo
1547 1315 1586 1347 ad
1610 1326 1678 1347 ver-

931 1367 1006 1399 bum
1027 1367 1065 1400 de
1085 1367 1210 1400 indulto
1240 1367 1428 1400 huiusmodi
1463 1368 1672 1401 mentionem.

974 1420 988 1463 ἓ
1008 1419 1061 1452 22.
1084 1419 1232 1453 Ceterum
1257 1421 1333 1463 quia
1354 1420 1486 1453 difficile
1511 1421 1592 1454 soret
1616 1426 1671 1454 etc.

973 1474 1085 1506 Datum
1107 1473 1227 1506 Roinae
1247 1473 1334 1516 apud
1354 1473 1384 1506 S.
1402 1473 1531 1506 Petrum
1546 1475 1605 1507 sub
1621 1485 1676 1507 an-

931 1527 1008 1559 nulo
1024 1526 1206 1568 piscatoris,
1226 1527 1277 1560 die
1290 1527 1383 1559 tertia
1395 1520 1489 1568 iunii,
1505 1527 1675 1561 millesimo

931 1579 1186 1623 quingentesimo
1205 1580 1442 1624 septuagesimo
1473 1591 1572 1621 nono,
1598 1592 1676 1625 pon-

932 1632 1071 1666 tificatus
1090 1633 1190 1666 nostri
1211 1643 1295 1666 anno
1315 1639 1437 1666 octavo.

976 1684 1038 1715 Dat.
1053 1685 1099 1716 die
1115 1686 1132 1716 3
1147 1685 1222 1716 iunii
1242 1686 1327 1723 1579,
1348 1686 1452 1725 pontis.
1471 1696 1547 1716 anno
1566 1695 1626 1716 vni.

1289 1837 1323 1870 C.

934 1902 1016 1935 Unio
1040 1903 1165 1947 colleyii
1202 1903 1450 1946 Purificatiom‘s
1479 1902 1516 1935 B.
1550 1902 1676 1934 Marsae

974 1956 1160 1990 Elborensis
1180 1961 1208 1989 e!
1221 1957 1391 2000 hospitalis
1402 1956 1444 1988 ad
1460 1956 1677 1998 recipiendum

970 2020 1127 2053 pauperes
1149 2009 1320 2048 scholares,
1351 2020 1409 2052 per
1432 2019 1536 2051 reqem
1560 2008 1676 2040 Portu-

973 2063 1093 2106 9alliae
1107 2064 1344 2103 institutorum,
1367 2062 1493 2104 callepio
1513 2061 1546 2093 S.
1568 2061 1676 2103 Spiri-

976 2120 1025 2149 tus
1048 2116 1188 2149 eiusdem
1208 2116 1364 2149 civitatis,
1383 2126 1454 2147 cum
1469 2114 1625 2156 fructibus
1647 2117 1676 2146 el

974 2170 1150 2203 redditibus
1166 2170 1210 2202 eis
1227 2169 1443 2212 applicamlz'S,
1476 2178 1546 2200 cum
1574 2167 1675 2209 facul-

977 2227 1041 2256 tate
1055 2223 1249 2267 presbyteris
1272 2222 1441 2254 Sortetalis
1465 2220 1536 2253 Iesu
1558 2230 1677 2263 posses-

974 2277 1096 2310 sionem
1137 2275 1294 2318 capiendi,
1334 2279 1363 2307 et
1386 2274 1517 2316 rependi
1547 2273 1676 2306 illorum

974 2340 1126 2374 personas
1147 2334 1174 2362 et
1196 2329 1361 2367 banaeim,
1384 2338 1420 2360 ac
1442 2337 1513 2359 cum-
1528 2326 1676 2359 oneribus

974 2387 1004 2416 et
1021 2382 1280 2415 ordinationibus
1303 2385 1359 2414 etc.
1374 2380 1400 2412 ¹.

931 2452 1076 2489 Gregorius
1086 2454 1157 2488 Papa
1166 2452 1234 2485 xm,
1246 2452 1279 2479 ad
1288 2452 1449 2487 perpetuam
1459 2450 1500 2479 rei
1509 2449 1675 2479 memoriam.

975 2514 1110 2548 Romani
1130 2513 1294 2547 Pontifieis
1313 2512 1513 2557 providentia
1540 2512 1675 2545 circum-

932 2573 1041 2613 specta
1064 2579 1112 2607 ea,
1134 2577 1215 2609 quae
1235 2566 1274 2599 ad
1293 2565 1444 2599 scientiae
1464 2571 1495 2598 et
1510 2564 1676 2599 doctrinae

969 2632 980 2658 ί
998 2629 1040 2659 Ex
1060 2629 1169 2664 Regest.
1193 2628 1220 2656 in
1240 2628 1344 2656 secret.
1365 2627 1505 2656 Brevium.

1687 227 1737 253 An.
1754 226 1781 252 C.
1811 224 1876 251 1372·

1740 1432 1805 1451 rides
1818 1434 1878 1450 tran-

1688 1461 1830 1484 sumptorum.

1710 2460 1828 2481 Praemium
1833 2473 1838 2479 .
