<?xml version="1.0" encoding="UTF-8"?>
<!DOCTYPE html PUBLIC "-//W3C//DTD XHTML 1.0 Transitional//EN"
    "http://www.w3.org/TR/xhtml1/DTD/xhtml1-transitional.dtd">
<html xmlns="http://www.w3.org/1999/xhtml" xml:lang="en" lang="en">
 <head>
  <title>
</title>
<meta http-equiv="Content-Type" content="text/html;charset=utf-8" />
  <meta name='ocr-system' content='tesseract 3.04.00' />
  <meta name='ocr-capabilities' content='ocr_page ocr_carea ocr_par ocr_line ocrx_word'/>
</head>
<body>
  <div class='ocr_page' id='page_1' title='image "./bullarumdiplomat08cath/bullarumdiplomat08cath_0814.png"; bbox 0 0 2059 3228; ppageno 0'>
   <div class='ocr_carea' id='block_1_1' title="bbox 1953 0 2006 102">
    <p class='ocr_par' dir='ltr' id='par_1_1' title="bbox 1953 0 2006 102">
     <span class='ocr_line' id='line_1_1' title="bbox 1953 0 2006 102; baseline 0 -28"><span class='ocrx_word' id='word_1_1' title='bbox 1953 0 2006 102; x_wconf 65' lang='lat'>2¹⁵2</span> 
     </span>
    </p>
   </div>
   <div class='ocr_carea' id='block_1_2' title="bbox 2002 103 2059 3228">
    <p class='ocr_par' dir='ltr' id='par_1_2' title="bbox 2002 103 2059 3228">
     <span class='ocr_line' id='line_1_2' title="bbox 2002 103 2059 3228; baseline 0 -798"><span class='ocrx_word' id='word_1_2' title='bbox 2002 103 2059 3228; x_wconf 95' lang='lat' dir='ltr'>   </span> 
     </span>
    </p>
   </div>
   <div class='ocr_carea' id='block_1_3' title="bbox 149 177 1999 293">
    <p class='ocr_par' dir='ltr' id='par_1_3' title="bbox 149 177 1999 293">
     <span class='ocr_line' id='line_1_3' title="bbox 149 177 1999 227; baseline -0.005 -3"><span class='ocrx_word' id='word_1_3' title='bbox 149 195 244 224; x_wconf 62' lang='lat' dir='ltr'>Aac.</span> <span class='ocrx_word' id='word_1_4' title='bbox 265 196 331 225; x_wconf 70' lang='lat'>1586</span> <span class='ocrx_word' id='word_1_5' title='bbox 390 186 452 221; x_wconf 70' lang='lat'>708</span> <span class='ocrx_word' id='word_1_6' title='bbox 935 195 1112 227; x_wconf 61' lang='lat' dir='ltr'>cunamen</span> <span class='ocrx_word' id='word_1_7' title='bbox 1138 194 1286 219; x_wconf 73' lang='lat' dir='ltr'>nomnen</span> <span class='ocrx_word' id='word_1_8' title='bbox 1898 183 1951 215; x_wconf 71' lang='lat' dir='ltr'>An.</span> <span class='ocrx_word' id='word_1_9' title='bbox 1967 177 1999 222; x_wconf 68' lang='grc' dir='ltr'>Β,</span> 
     </span>
     <span class='ocr_line' id='line_1_4' title="bbox 149 246 1884 293; baseline 0.003 -15"><span class='ocrx_word' id='word_1_10' title='bbox 149 258 278 284; x_wconf 63' lang='lat' dir='ltr'>praeda-iun,</span> <span class='ocrx_word' id='word_1_11' title='bbox 294 265 330 285; x_wconf 66' lang='grc' dir='ltr'>,ψ-</span> <span class='ocrx_word' id='word_1_12' title='bbox 347 250 388 282; x_wconf 78' lang='lat' dir='ltr'>ris</span> <span class='ocrx_word' id='word_1_13' title='bbox 410 248 619 292; x_wconf 60' lang='lat' dir='ltr'>temporibus,</span> <span class='ocrx_word' id='word_1_14' title='bbox 643 246 682 280; x_wconf 88' lang='lat' dir='ltr'>ad</span> <span class='ocrx_word' id='word_1_15' title='bbox 702 257 823 280; x_wconf 85' lang='lat' dir='ltr'>meram</span> <span class='ocrx_word' id='word_1_16' title='bbox 840 253 871 281; x_wconf 86' lang='lat' dir='ltr'>et</span> <span class='ocrx_word' id='word_1_17' title='bbox 885 248 1018 281; x_wconf 80' lang='lat' dir='ltr'>liberam</span> <span class='ocrx_word' id='word_1_18' title='bbox 1034 258 1094 292; x_wconf 81' lang='lat' dir='ltr'>pro</span> <span class='ocrx_word' id='word_1_19' title='bbox 1136 248 1230 280; x_wconf 84' lang='lat' dir='ltr'>datus</span> <span class='ocrx_word' id='word_1_20' title='bbox 1261 246 1377 286; x_wconf 82' lang='lat' dir='ltr'>existit,</span> <span class='ocrx_word' id='word_1_21' title='bbox 1413 246 1453 280; x_wconf 89' lang='lat' dir='ltr'>ad</span> <span class='ocrx_word' id='word_1_22' title='bbox 1486 248 1633 285; x_wconf 78' lang='lat' dir='ltr'>effectum</span> <span class='ocrx_word' id='word_1_23' title='bbox 1664 247 1884 293; x_wconf 81' lang='lat' dir='ltr'>praesentium</span> 
     </span>
    </p>
   </div>
   <div class='ocr_carea' id='block_1_4' title="bbox 148 289 1918 1741">
    <p class='ocr_par' dir='ltr' id='par_1_4' title="bbox 148 289 1918 1741">
     <span class='ocr_line' id='line_1_5' title="bbox 148 289 1885 346; baseline 0.001 -12"><span class='ocrx_word' id='word_1_24' title='bbox 148 289 233 345; x_wconf 54' lang='grc' dir='ltr'>ἓὲᾞῖᾞο</span> <span class='ocrx_word' id='word_1_25' title='bbox 249 292 332 310; x_wconf 58' lang='lat'><strong>‘¹⁹⁰¹&#39;-</strong></span> <span class='ocrx_word' id='word_1_26' title='bbox 345 308 489 345; x_wconf 86' lang='lat' dir='ltr'>tempore</span> <span class='ocrx_word' id='word_1_27' title='bbox 510 300 671 333; x_wconf 82' lang='lat' dir='ltr'>existentis</span> <span class='ocrx_word' id='word_1_28' title='bbox 690 300 847 334; x_wconf 86' lang='lat' dir='ltr'>auditoris</span> <span class='ocrx_word' id='word_1_29' title='bbox 862 301 1093 346; x_wconf 88' lang='lat' dir='ltr'>praedictidis-</span> <span class='ocrx_word' id='word_1_30' title='bbox 1136 300 1302 333; x_wconf 83' lang='lat' dir='ltr'>dumtaxat</span> <span class='ocrx_word' id='word_1_31' title='bbox 1336 301 1611 343; x_wconf 87' lang='lat' dir='ltr'>consequendum,</span> <span class='ocrx_word' id='word_1_32' title='bbox 1649 302 1762 335; x_wconf 87' lang='lat' dir='ltr'>harum</span> <span class='ocrx_word' id='word_1_33' title='bbox 1801 301 1885 337; x_wconf 79' lang='lat' dir='ltr'>serie</span> 
     </span>
     <span class='ocr_line' id='line_1_6' title="bbox 345 353 1881 398; baseline 0.001 -11"><span class='ocrx_word' id='word_1_34' title='bbox 345 354 538 398; x_wconf 67' lang='lat' dir='ltr'>positionem</span> <span class='ocrx_word' id='word_1_35' title='bbox 558 358 681 397; x_wconf 88' lang='lat' dir='ltr'>spectet</span> <span class='ocrx_word' id='word_1_36' title='bbox 701 359 731 386; x_wconf 83' lang='lat' dir='ltr'>et</span> <span class='ocrx_word' id='word_1_37' title='bbox 756 354 930 397; x_wconf 70' lang='lat' dir='ltr'>pertineat,</span> <span class='ocrx_word' id='word_1_38' title='bbox 962 355 1093 398; x_wconf 80' lang='lat' dir='ltr'>ipseque</span> <span class='ocrx_word' id='word_1_39' title='bbox 1137 354 1336 387; x_wconf 67' lang='lat' dir='ltr'>absolventes</span> <span class='ocrx_word' id='word_1_40' title='bbox 1356 359 1387 386; x_wconf 85' lang='lat' dir='ltr'>et</span> <span class='ocrx_word' id='word_1_41' title='bbox 1406 353 1590 387; x_wconf 91' lang='lat' dir='ltr'>absolutum</span> <span class='ocrx_word' id='word_1_42' title='bbox 1616 354 1683 388; x_wconf 84' lang='lat' dir='ltr'>fore</span> <span class='ocrx_word' id='word_1_43' title='bbox 1703 361 1881 397; x_wconf 82' lang='lat' dir='ltr'>censentes,</span> 
     </span>
     <span class='ocr_line' id='line_1_7' title="bbox 344 406 1885 453; baseline 0.002 -13"><span class='ocrx_word' id='word_1_44' title='bbox 344 418 402 451; x_wconf 86' lang='lat' dir='ltr'>pro</span> <span class='ocrx_word' id='word_1_45' title='bbox 440 413 585 450; x_wconf 88' lang='lat' dir='ltr'>tempore</span> <span class='ocrx_word' id='word_1_46' title='bbox 619 407 757 440; x_wconf 77' lang='lat' dir='ltr'>existens</span> <span class='ocrx_word' id='word_1_47' title='bbox 790 407 918 441; x_wconf 77' lang='lat' dir='ltr'>auditor</span> <span class='ocrx_word' id='word_1_48' title='bbox 951 407 1091 440; x_wconf 80' lang='lat' dir='ltr'>osticium</span> <span class='ocrx_word' id='word_1_49' title='bbox 1137 406 1240 439; x_wconf 88' lang='lat' dir='ltr'>eidem</span> <span class='ocrx_word' id='word_1_50' title='bbox 1261 406 1441 440; x_wconf 80' lang='lat' dir='ltr'>Alexandro</span> <span class='ocrx_word' id='word_1_51' title='bbox 1461 407 1603 440; x_wconf 84' lang='lat' dir='ltr'>officium</span> <span class='ocrx_word' id='word_1_52' title='bbox 1620 407 1820 442; x_wconf 89' lang='lat' dir='ltr'>auditoratus</span> <span class='ocrx_word' id='word_1_53' title='bbox 1831 419 1885 453; x_wconf 76' lang='lat' dir='ltr'>ge-</span> 
     </span>
     <span class='ocr_line' id='line_1_8' title="bbox 344 459 1883 504; baseline 0.001 -11"><span class='ocrx_word' id='word_1_54' title='bbox 344 460 522 493; x_wconf 78' lang='lat' dir='ltr'>notariatus</span> <span class='ocrx_word' id='word_1_55' title='bbox 546 460 746 501; x_wconf 88' lang='lat' dir='ltr'>huiusmodi,</span> <span class='ocrx_word' id='word_1_56' title='bbox 773 460 860 504; x_wconf 85' lang='lat' dir='ltr'>quod</span> <span class='ocrx_word' id='word_1_57' title='bbox 885 461 1022 494; x_wconf 69' lang='lat' dir='ltr'>dilectus</span> <span class='ocrx_word' id='word_1_58' title='bbox 1054 461 1092 493; x_wconf 82' lang='lat' dir='ltr'>si-</span> <span class='ocrx_word' id='word_1_59' title='bbox 1135 459 1254 492; x_wconf 88' lang='lat' dir='ltr'>neralis</span> <span class='ocrx_word' id='word_1_60' title='bbox 1269 470 1439 492; x_wconf 82' lang='lat' dir='ltr'>causarum</span> <span class='ocrx_word' id='word_1_61' title='bbox 1451 459 1780 494; x_wconf 85' lang='lat' dir='ltr'>confidentialiumvel</span> <span class='ocrx_word' id='word_1_62' title='bbox 1795 461 1883 503; x_wconf 86' lang='lat' dir='ltr'>alias,</span> 
     </span>
     <span class='ocr_line' id='line_1_9' title="bbox 345 512 1884 558; baseline 0.001 -12"><span class='ocrx_word' id='word_1_63' title='bbox 345 514 406 546; x_wconf 87' lang='lat' dir='ltr'>lius</span> <span class='ocrx_word' id='word_1_64' title='bbox 425 514 561 557; x_wconf 86' lang='lat' dir='ltr'>Prosper</span> <span class='ocrx_word' id='word_1_65' title='bbox 579 513 691 554; x_wconf 86' lang='lat' dir='ltr'>Vacca,</span> <span class='ocrx_word' id='word_1_66' title='bbox 712 513 752 546; x_wconf 89' lang='lat' dir='ltr'>ad</span> <span class='ocrx_word' id='word_1_67' title='bbox 771 514 834 547; x_wconf 86' lang='lat' dir='ltr'>boe</span> <span class='ocrx_word' id='word_1_68' title='bbox 851 525 868 547; x_wconf 89' lang='lat' dir='ltr'>a</span> <span class='ocrx_word' id='word_1_69' title='bbox 886 514 977 547; x_wconf 81' lang='lat' dir='ltr'>nobis</span> <span class='ocrx_word' id='word_1_70' title='bbox 994 515 1094 558; x_wconf 88' lang='lat' dir='ltr'>depu-</span> <span class='ocrx_word' id='word_1_71' title='bbox 1137 518 1170 545; x_wconf 85' lang='lat' dir='ltr'>ut</span> <span class='ocrx_word' id='word_1_72' title='bbox 1190 513 1384 556; x_wconf 76' lang='lat' dir='ltr'>praefertur,</span> <span class='ocrx_word' id='word_1_73' title='bbox 1400 512 1582 553; x_wconf 86' lang='lat' dir='ltr'>mixtarum,</span> <span class='ocrx_word' id='word_1_74' title='bbox 1596 524 1613 546; x_wconf 90' lang='lat' dir='ltr'>a</span> <span class='ocrx_word' id='word_1_75' title='bbox 1633 513 1801 557; x_wconf 78' lang='lat' dir='ltr'>primaeva.</span> <span class='ocrx_word' id='word_1_76' title='bbox 1814 515 1884 548; x_wconf 91' lang='lat' dir='ltr'>eius</span> 
     </span>
     <span class='ocr_line' id='line_1_10' title="bbox 346 566 1882 611; baseline 0.001 -12"><span class='ocrx_word' id='word_1_77' title='bbox 346 572 439 607; x_wconf 67' lang='lat' dir='ltr'>tatus,</span> <span class='ocrx_word' id='word_1_78' title='bbox 458 567 496 599; x_wconf 86' lang='lat' dir='ltr'>ad</span> <span class='ocrx_word' id='word_1_79' title='bbox 519 577 669 611; x_wconf 79' lang='lat' dir='ltr'>praesens</span> <span class='ocrx_word' id='word_1_80' title='bbox 694 573 833 608; x_wconf 80' lang='lat' dir='ltr'>exercet,</span> <span class='ocrx_word' id='word_1_81' title='bbox 856 579 929 601; x_wconf 86' lang='lat' dir='ltr'>eum</span> <span class='ocrx_word' id='word_1_82' title='bbox 950 568 1092 611; x_wconf 87' lang='lat' dir='ltr'>primum</span> <span class='ocrx_word' id='word_1_83' title='bbox 1138 566 1296 599; x_wconf 78' lang='lat' dir='ltr'>electione</span> <span class='ocrx_word' id='word_1_84' title='bbox 1327 577 1441 599; x_wconf 85' lang='lat' dir='ltr'>vacans</span> <span class='ocrx_word' id='word_1_85' title='bbox 1472 566 1669 608; x_wconf 90' lang='lat' dir='ltr'>huiusmodi,</span> <span class='ocrx_word' id='word_1_86' title='bbox 1706 577 1765 610; x_wconf 85' lang='lat' dir='ltr'>per</span> <span class='ocrx_word' id='word_1_87' title='bbox 1796 578 1882 608; x_wconf 90' lang='lat' dir='ltr'>eum,</span> 
     </span>
     <span class='ocr_line' id='line_1_11' title="bbox 346 619 1884 665; baseline 0.001 -12"><span class='ocrx_word' id='word_1_88' title='bbox 346 632 402 665; x_wconf 80' lang='lat' dir='ltr'>per</span> <span class='ocrx_word' id='word_1_89' title='bbox 417 632 542 654; x_wconf 82' lang='lat' dir='ltr'>cessum</span> <span class='ocrx_word' id='word_1_90' title='bbox 562 621 608 654; x_wconf 86' lang='lat' dir='ltr'>vel</span> <span class='ocrx_word' id='word_1_91' title='bbox 627 621 794 654; x_wconf 79' lang='lat' dir='ltr'>decessum</span> <span class='ocrx_word' id='word_1_92' title='bbox 812 627 868 654; x_wconf 87' lang='lat' dir='ltr'>aut</span> <span class='ocrx_word' id='word_1_93' title='bbox 881 621 1091 665; x_wconf 78' lang='lat' dir='ltr'>privationem</span> <span class='ocrx_word' id='word_1_94' title='bbox 1135 620 1243 663; x_wconf 89' lang='lat' dir='ltr'>quoad</span> <span class='ocrx_word' id='word_1_95' title='bbox 1252 619 1373 660; x_wconf 84' lang='lat' dir='ltr'>vixerit,</span> <span class='ocrx_word' id='word_1_96' title='bbox 1386 620 1536 653; x_wconf 88' lang='lat' dir='ltr'>adinstar</span> <span class='ocrx_word' id='word_1_97' title='bbox 1548 619 1686 653; x_wconf 88' lang='lat' dir='ltr'>aliorum</span> <span class='ocrx_word' id='word_1_98' title='bbox 1702 620 1884 655; x_wconf 83' lang='lat' dir='ltr'>officiorum</span> 
     </span>
     <span class='ocr_line' id='line_1_12' title="bbox 344 673 1884 718; baseline -0.001 -10"><span class='ocrx_word' id='word_1_99' title='bbox 344 676 391 708; x_wconf 94' lang='lat' dir='ltr'>vel</span> <span class='ocrx_word' id='word_1_100' title='bbox 416 674 611 708; x_wconf 78' lang='lat' dir='ltr'>amotionem</span> <span class='ocrx_word' id='word_1_101' title='bbox 633 674 710 707; x_wconf 89' lang='lat' dir='ltr'>dicti</span> <span class='ocrx_word' id='word_1_102' title='bbox 734 674 883 718; x_wconf 89' lang='lat' dir='ltr'>Prosperi</span> <span class='ocrx_word' id='word_1_103' title='bbox 905 681 960 708; x_wconf 91' lang='lat' dir='ltr'>aut</span> <span class='ocrx_word' id='word_1_104' title='bbox 984 675 1092 708; x_wconf 86' lang='lat' dir='ltr'>cuius·</span> <span class='ocrx_word' id='word_1_105' title='bbox 1135 673 1249 706; x_wconf 88' lang='lat' dir='ltr'>Curiae</span> <span class='ocrx_word' id='word_1_106' title='bbox 1270 679 1301 706; x_wconf 93' lang='lat' dir='ltr'>et</span> <span class='ocrx_word' id='word_1_107' title='bbox 1319 673 1410 707; x_wconf 86' lang='lat' dir='ltr'>Sedis</span> <span class='ocrx_word' id='word_1_108' title='bbox 1429 673 1680 718; x_wconf 82' lang='lat' dir='ltr'>praedictarum,</span> <span class='ocrx_word' id='word_1_109' title='bbox 1699 675 1884 716; x_wconf 88' lang='lat' dir='ltr'>tenendum,</span> 
     </span>
     <span class='ocr_line' id='line_1_13' title="bbox 344 727 1886 772; baseline -0.001 -10"><span class='ocrx_word' id='word_1_110' title='bbox 344 729 388 762; x_wconf 88' lang='lat' dir='ltr'>vis</span> <span class='ocrx_word' id='word_1_111' title='bbox 412 729 556 769; x_wconf 80' lang='lat' dir='ltr'>alterius,</span> <span class='ocrx_word' id='word_1_112' title='bbox 585 728 640 772; x_wconf 87' lang='lat' dir='ltr'>qui</span> <span class='ocrx_word' id='word_1_113' title='bbox 662 728 740 761; x_wconf 88' lang='lat' dir='ltr'>illud</span> <span class='ocrx_word' id='word_1_114' title='bbox 765 739 824 772; x_wconf 88' lang='lat' dir='ltr'>pro</span> <span class='ocrx_word' id='word_1_115' title='bbox 846 734 991 772; x_wconf 88' lang='lat' dir='ltr'>tempore</span> <span class='ocrx_word' id='word_1_116' title='bbox 1011 739 1092 771; x_wconf 86' lang='lat' dir='ltr'>quo·</span> <span class='ocrx_word' id='word_1_117' title='bbox 1136 727 1312 769; x_wconf 79' lang='lat' dir='ltr'>regendum</span> <span class='ocrx_word' id='word_1_118' title='bbox 1334 734 1364 760; x_wconf 86' lang='lat' dir='ltr'>et</span> <span class='ocrx_word' id='word_1_119' title='bbox 1383 727 1642 770; x_wconf 72' lang='lat' dir='ltr'>gubernandum,</span> <span class='ocrx_word' id='word_1_120' title='bbox 1663 738 1738 761; x_wconf 88' lang='lat' dir='ltr'>cum</span> <span class='ocrx_word' id='word_1_121' title='bbox 1760 728 1886 762; x_wconf 85' lang='lat' dir='ltr'>decima</span> 
     </span>
     <span class='ocr_line' id='line_1_14' title="bbox 345 781 1884 826; baseline -0.001 -10"><span class='ocrx_word' id='word_1_122' title='bbox 345 783 522 816; x_wconf 86' lang='lat' dir='ltr'>modolibet</span> <span class='ocrx_word' id='word_1_123' title='bbox 563 782 735 823; x_wconf 84' lang='lat' dir='ltr'>obtinebit,</span> <span class='ocrx_word' id='word_1_124' title='bbox 775 787 832 814; x_wconf 88' lang='lat' dir='ltr'>aut</span> <span class='ocrx_word' id='word_1_125' title='bbox 870 783 948 815; x_wconf 86' lang='lat' dir='ltr'>alias</span> <span class='ocrx_word' id='word_1_126' title='bbox 981 783 1094 826; x_wconf 88' lang='lat' dir='ltr'>quovis</span> <span class='ocrx_word' id='word_1_127' title='bbox 1135 786 1225 825; x_wconf 85' lang='lat' dir='ltr'>parte</span> <span class='ocrx_word' id='word_1_128' title='bbox 1245 782 1422 819; x_wconf 80' lang='lat' dir='ltr'>fruetuum,</span> <span class='ocrx_word' id='word_1_129' title='bbox 1445 781 1641 822; x_wconf 80' lang='lat' dir='ltr'>reddituum,</span> <span class='ocrx_word' id='word_1_130' title='bbox 1657 787 1884 825; x_wconf 87' lang='lat' dir='ltr'>proventuum,</span> 
     </span>
     <span class='ocr_line' id='line_1_15' title="bbox 346 835 1887 879; baseline 0 -9"><span class='ocrx_word' id='word_1_131' title='bbox 346 837 441 870; x_wconf 91' lang='lat' dir='ltr'>modo</span> <span class='ocrx_word' id='word_1_132' title='bbox 470 835 639 876; x_wconf 85' lang='lat' dir='ltr'>vacaverit,</span> <span class='ocrx_word' id='word_1_133' title='bbox 674 835 838 879; x_wconf 75' lang='lat' dir='ltr'>quibusvis</span> <span class='ocrx_word' id='word_1_134' title='bbox 863 835 1021 879; x_wconf 86' lang='lat' dir='ltr'>personis,</span> <span class='ocrx_word' id='word_1_135' title='bbox 1055 836 1094 869; x_wconf 90' lang='lat' dir='ltr'>de</span> <span class='ocrx_word' id='word_1_136' title='bbox 1135 835 1267 875; x_wconf 65' lang='lat' dir='ltr'>iulium,</span> <span class='ocrx_word' id='word_1_137' title='bbox 1294 835 1536 877; x_wconf 86' lang='lat' dir='ltr'>obventionum,</span> <span class='ocrx_word' id='word_1_138' title='bbox 1566 835 1829 869; x_wconf 80' lang='lat' dir='ltr'>distributionum</span> <span class='ocrx_word' id='word_1_139' title='bbox 1855 841 1887 870; x_wconf 86' lang='lat' dir='ltr'>et</span> 
     </span>
     <span class='ocr_line' id='line_1_16' title="bbox 345 889 1903 935; baseline 0 -12"><span class='ocrx_word' id='word_1_140' title='bbox 345 890 461 935; x_wconf 83' lang='lat' dir='ltr'>quibus</span> <span class='ocrx_word' id='word_1_141' title='bbox 486 889 545 922; x_wconf 89' lang='lat' dir='ltr'>sibi</span> <span class='ocrx_word' id='word_1_142' title='bbox 570 889 740 929; x_wconf 87' lang='lat' dir='ltr'>videbitur,</span> <span class='ocrx_word' id='word_1_143' title='bbox 772 900 831 932; x_wconf 87' lang='lat' dir='ltr'>per</span> <span class='ocrx_word' id='word_1_144' title='bbox 850 900 924 921; x_wconf 80' lang='lat' dir='ltr'>suas</span> <span class='ocrx_word' id='word_1_145' title='bbox 948 894 1094 932; x_wconf 83' lang='lat' dir='ltr'>patentes</span> <span class='ocrx_word' id='word_1_146' title='bbox 1135 889 1273 922; x_wconf 90' lang='lat' dir='ltr'>aliorum</span> <span class='ocrx_word' id='word_1_147' title='bbox 1307 890 1601 922; x_wconf 85' lang='lat' dir='ltr'>emolumentorum</span> <span class='ocrx_word' id='word_1_148' title='bbox 1632 900 1668 922; x_wconf 87' lang='lat' dir='ltr'>ae</span> <span class='ocrx_word' id='word_1_149' title='bbox 1693 889 1903 933; x_wconf 84' lang='lat' dir='ltr'>pensionum·</span> 
     </span>
     <span class='ocr_line' id='line_1_17' title="bbox 344 941 1885 986; baseline 0 -9"><span class='ocrx_word' id='word_1_150' title='bbox 344 945 480 984; x_wconf 74' lang='lat' dir='ltr'>litteras,</span> <span class='ocrx_word' id='word_1_151' title='bbox 498 943 604 986; x_wconf 79' lang='lat' dir='ltr'>sigillo</span> <span class='ocrx_word' id='word_1_152' title='bbox 619 942 715 975; x_wconf 84' lang='lat' dir='ltr'>officii</span> <span class='ocrx_word' id='word_1_153' title='bbox 733 942 783 975; x_wconf 88' lang='lat' dir='ltr'>sui</span> <span class='ocrx_word' id='word_1_154' title='bbox 798 941 1094 984; x_wconf 79' lang='lat' dir='ltr'>auditoratus,gra-</span> <span class='ocrx_word' id='word_1_155' title='bbox 1136 942 1277 979; x_wconf 83' lang='lat' dir='ltr'>indebite</span> <span class='ocrx_word' id='word_1_156' title='bbox 1298 948 1525 986; x_wconf 87' lang='lat' dir='ltr'>perceptorum</span> <span class='ocrx_word' id='word_1_157' title='bbox 1546 948 1574 976; x_wconf 84' lang='lat' dir='ltr'>et</span> <span class='ocrx_word' id='word_1_158' title='bbox 1601 943 1885 986; x_wconf 81' lang='lat' dir='ltr'>percipiendorum</span> 
     </span>
     <span class='ocr_line' id='line_1_18' title="bbox 344 995 1886 1041; baseline -0.001 -11"><span class='ocrx_word' id='word_1_159' title='bbox 344 998 384 1031; x_wconf 86' lang='lat' dir='ltr'>tis</span> <span class='ocrx_word' id='word_1_160' title='bbox 403 997 451 1030; x_wconf 86' lang='lat' dir='ltr'>vel</span> <span class='ocrx_word' id='word_1_161' title='bbox 477 1007 535 1041; x_wconf 84' lang='lat' dir='ltr'>pro</span> <span class='ocrx_word' id='word_1_162' title='bbox 556 996 661 1041; x_wconf 87' lang='lat' dir='ltr'>pretio</span> <span class='ocrx_word' id='word_1_163' title='bbox 681 995 842 1039; x_wconf 85' lang='lat' dir='ltr'>repetibili</span> <span class='ocrx_word' id='word_1_164' title='bbox 864 995 1044 1028; x_wconf 78' lang='lat' dir='ltr'>concedere</span> <span class='ocrx_word' id='word_1_165' title='bbox 1064 999 1095 1028; x_wconf 86' lang='lat' dir='ltr'>et</span> <span class='ocrx_word' id='word_1_166' title='bbox 1136 996 1334 1036; x_wconf 84' lang='lat' dir='ltr'>huiusmodi,</span> <span class='ocrx_word' id='word_1_167' title='bbox 1366 1002 1397 1029; x_wconf 91' lang='lat' dir='ltr'>et</span> <span class='ocrx_word' id='word_1_168' title='bbox 1426 996 1496 1028; x_wconf 87' lang='lat' dir='ltr'>aliis</span> <span class='ocrx_word' id='word_1_169' title='bbox 1520 995 1566 1028; x_wconf 88' lang='lat' dir='ltr'>illi</span> <span class='ocrx_word' id='word_1_170' title='bbox 1594 995 1736 1036; x_wconf 78' lang='lat' dir='ltr'>annexis,</span> <span class='ocrx_word' id='word_1_171' title='bbox 1757 1006 1886 1030; x_wconf 78' lang='lat' dir='ltr'>necnon</span> 
     </span>
     <span class='ocr_line' id='line_1_19' title="bbox 344 1048 1883 1094; baseline -0.001 -10"><span class='ocrx_word' id='word_1_172' title='bbox 344 1051 520 1094; x_wconf 80' lang='lat' dir='ltr'>assignare,</span> <span class='ocrx_word' id='word_1_173' title='bbox 547 1062 584 1084; x_wconf 88' lang='lat' dir='ltr'>ac</span> <span class='ocrx_word' id='word_1_174' title='bbox 609 1051 713 1083; x_wconf 81' lang='lat' dir='ltr'>soluta</span> <span class='ocrx_word' id='word_1_175' title='bbox 741 1049 799 1083; x_wconf 90' lang='lat' dir='ltr'>sibi</span> <span class='ocrx_word' id='word_1_176' title='bbox 820 1049 913 1083; x_wconf 88' lang='lat' dir='ltr'>solita</span> <span class='ocrx_word' id='word_1_177' title='bbox 933 1049 1094 1093; x_wconf 88' lang='lat' dir='ltr'>composi·</span> <span class='ocrx_word' id='word_1_178' title='bbox 1136 1050 1287 1084; x_wconf 85' lang='lat' dir='ltr'>omnibus</span> <span class='ocrx_word' id='word_1_179' title='bbox 1321 1056 1353 1083; x_wconf 87' lang='lat' dir='ltr'>et</span> <span class='ocrx_word' id='word_1_180' title='bbox 1383 1049 1518 1093; x_wconf 82' lang='lat' dir='ltr'>singulis</span> <span class='ocrx_word' id='word_1_181' title='bbox 1542 1050 1682 1090; x_wconf 86' lang='lat' dir='ltr'>iuribus,</span> <span class='ocrx_word' id='word_1_182' title='bbox 1708 1048 1883 1094; x_wconf 81' lang='lat' dir='ltr'>regalibus,</span> 
     </span>
     <span class='ocr_line' id='line_1_20' title="bbox 347 1102 1884 1148; baseline -0.001 -10"><span class='ocrx_word' id='word_1_183' title='bbox 347 1106 432 1139; x_wconf 89' lang='lat' dir='ltr'>tione</span> <span class='ocrx_word' id='word_1_184' title='bbox 462 1104 685 1148; x_wconf 75' lang='lat' dir='ltr'>resignationis</span> <span class='ocrx_word' id='word_1_185' title='bbox 708 1103 746 1136; x_wconf 92' lang='lat' dir='ltr'>de</span> <span class='ocrx_word' id='word_1_186' title='bbox 767 1102 852 1136; x_wconf 87' lang='lat' dir='ltr'>dicto</span> <span class='ocrx_word' id='word_1_187' title='bbox 872 1102 979 1136; x_wconf 82' lang='lat' dir='ltr'>officio</span> <span class='ocrx_word' id='word_1_188' title='bbox 1001 1108 1094 1136; x_wconf 90' lang='lat' dir='ltr'>nota·</span> <span class='ocrx_word' id='word_1_189' title='bbox 1137 1103 1306 1144; x_wconf 89' lang='lat' dir='ltr'>iocalibus,</span> <span class='ocrx_word' id='word_1_190' title='bbox 1342 1103 1513 1148; x_wconf 89' lang='lat' dir='ltr'>sportulis,</span> <span class='ocrx_word' id='word_1_191' title='bbox 1546 1103 1634 1143; x_wconf 79' lang='lat' dir='ltr'>taxis,</span> <span class='ocrx_word' id='word_1_192' title='bbox 1664 1103 1884 1147; x_wconf 83' lang='lat' dir='ltr'>proventibus,</span> 
     </span>
     <span class='ocr_line' id='line_1_21' title="bbox 345 1156 1884 1202; baseline -0.001 -11"><span class='ocrx_word' id='word_1_193' title='bbox 345 1159 446 1191; x_wconf 86' lang='lat' dir='ltr'>riatus</span> <span class='ocrx_word' id='word_1_194' title='bbox 479 1168 538 1202; x_wconf 90' lang='lat' dir='ltr'>pro</span> <span class='ocrx_word' id='word_1_195' title='bbox 575 1163 720 1201; x_wconf 89' lang='lat' dir='ltr'>tempore</span> <span class='ocrx_word' id='word_1_196' title='bbox 745 1156 935 1196; x_wconf 82' lang='lat' dir='ltr'>faciendae;</span> <span class='ocrx_word' id='word_1_197' title='bbox 967 1167 1094 1189; x_wconf 79' lang='lat' dir='ltr'>necnon</span> <span class='ocrx_word' id='word_1_198' title='bbox 1137 1157 1395 1198; x_wconf 87' lang='lat' dir='ltr'>obventionibus,</span> <span class='ocrx_word' id='word_1_199' title='bbox 1427 1157 1618 1197; x_wconf 84' lang='lat' dir='ltr'>honoribus,</span> <span class='ocrx_word' id='word_1_200' title='bbox 1643 1156 1884 1202; x_wconf 85' lang='lat' dir='ltr'>emolumentis,</span> 
     </span>
     <span class='ocr_line' id='line_1_22' title="bbox 346 1205 1918 1256; baseline -0.002 -10"><span class='ocrx_word' id='word_1_201' title='bbox 346 1223 530 1256; x_wconf 84' lang='lat' dir='ltr'>personam,</span> <span class='ocrx_word' id='word_1_202' title='bbox 553 1211 605 1245; x_wconf 89' lang='lat' dir='ltr'>cui</span> <span class='ocrx_word' id='word_1_203' title='bbox 626 1210 768 1244; x_wconf 88' lang='lat' dir='ltr'>officium</span> <span class='ocrx_word' id='word_1_204' title='bbox 790 1211 897 1254; x_wconf 90' lang='lat' dir='ltr'>ipsum</span> <span class='ocrx_word' id='word_1_205' title='bbox 917 1210 1096 1243; x_wconf 81' lang='lat' dir='ltr'>notariatus</span> <span class='ocrx_word' id='word_1_206' title='bbox 1137 1210 1325 1255; x_wconf 79' lang='lat' dir='ltr'>privilegiis,</span> <span class='ocrx_word' id='word_1_207' title='bbox 1339 1209 1887 1254; x_wconf 75' lang='lat' dir='ltr'>exemptionil)tiS‚immunitatibus,</span> <span class='ocrx_word' id='word_1_208' title='bbox 1914 1205 1918 1209; x_wconf 68' lang='grc'>’</span> 
     </span>
     <span class='ocr_line' id='line_1_23' title="bbox 345 1263 1887 1310; baseline -0.001 -12"><span class='ocrx_word' id='word_1_209' title='bbox 345 1276 404 1310; x_wconf 83' lang='lat' dir='ltr'>pro</span> <span class='ocrx_word' id='word_1_210' title='bbox 428 1271 574 1309; x_wconf 86' lang='lat' dir='ltr'>tempore</span> <span class='ocrx_word' id='word_1_211' title='bbox 598 1265 793 1298; x_wconf 85' lang='lat' dir='ltr'>concesserit</span> <span class='ocrx_word' id='word_1_212' title='bbox 812 1268 845 1297; x_wconf 87' lang='lat' dir='ltr'>et</span> <span class='ocrx_word' id='word_1_213' title='bbox 872 1263 1093 1307; x_wconf 81' lang='lat' dir='ltr'>assignaverit,</span> <span class='ocrx_word' id='word_1_214' title='bbox 1139 1264 1407 1308; x_wconf 61' lang='lat' dir='ltr'>praeeminentiis,</span> <span class='ocrx_word' id='word_1_215' title='bbox 1424 1263 1694 1304; x_wconf 79' lang='lat' dir='ltr'>antelationihuS,</span> <span class='ocrx_word' id='word_1_216' title='bbox 1713 1274 1887 1308; x_wconf 88' lang='lat' dir='ltr'>praeroga-</span> 
     </span>
     <span class='ocr_line' id='line_1_24' title="bbox 345 1316 1886 1363; baseline -0.002 -10"><span class='ocrx_word' id='word_1_217' title='bbox 345 1320 384 1353; x_wconf 87' lang='lat' dir='ltr'>ad</span> <span class='ocrx_word' id='word_1_218' title='bbox 396 1320 476 1353; x_wconf 91' lang='lat' dir='ltr'>illud</span> <span class='ocrx_word' id='word_1_219' title='bbox 488 1319 641 1363; x_wconf 86' lang='lat' dir='ltr'>illiusque</span> <span class='ocrx_word' id='word_1_220' title='bbox 657 1319 797 1352; x_wconf 90' lang='lat' dir='ltr'>liberum</span> <span class='ocrx_word' id='word_1_221' title='bbox 810 1317 1014 1358; x_wconf 77' lang='lat' dir='ltr'>exercitium,</span> <span class='ocrx_word' id='word_1_222' title='bbox 1028 1317 1097 1350; x_wconf 87' lang='lat' dir='ltr'>abs·</span> <span class='ocrx_word' id='word_1_223' title='bbox 1138 1318 1219 1357; x_wconf 84' lang='lat' dir='ltr'>tivis‚</span> <span class='ocrx_word' id='word_1_224' title='bbox 1242 1316 1531 1357; x_wconf 69' lang='lat' dir='ltr'>iurisdictionibus,</span> <span class='ocrx_word' id='word_1_225' title='bbox 1559 1317 1733 1356; x_wconf 81' lang='lat' dir='ltr'>favoribus,</span> <span class='ocrx_word' id='word_1_226' title='bbox 1763 1317 1886 1360; x_wconf 82' lang='lat' dir='ltr'>gratiis,</span> 
     </span>
     <span class='ocr_line' id='line_1_25' title="bbox 346 1369 1890 1417; baseline -0.002 -11"><span class='ocrx_word' id='word_1_227' title='bbox 346 1385 409 1417; x_wconf 90' lang='lat' dir='ltr'>que</span> <span class='ocrx_word' id='word_1_228' title='bbox 429 1374 491 1406; x_wconf 86' lang='lat' dir='ltr'>alia</span> <span class='ocrx_word' id='word_1_229' title='bbox 511 1379 621 1406; x_wconf 86' lang='lat' dir='ltr'>nostra</span> <span class='ocrx_word' id='word_1_230' title='bbox 646 1378 679 1406; x_wconf 87' lang='lat' dir='ltr'>et</span> <span class='ocrx_word' id='word_1_231' title='bbox 702 1383 761 1416; x_wconf 93' lang='lat' dir='ltr'>pro</span> <span class='ocrx_word' id='word_1_232' title='bbox 781 1378 928 1415; x_wconf 86' lang='lat' dir='ltr'>tempore</span> <span class='ocrx_word' id='word_1_233' title='bbox 961 1371 1098 1405; x_wconf 85' lang='lat' dir='ltr'>existen·</span> <span class='ocrx_word' id='word_1_234' title='bbox 1139 1370 1285 1410; x_wconf 81' lang='lat' dir='ltr'>indultis,</span> <span class='ocrx_word' id='word_1_235' title='bbox 1304 1382 1340 1403; x_wconf 82' lang='lat' dir='ltr'>ae</span> <span class='ocrx_word' id='word_1_236' title='bbox 1361 1370 1399 1403; x_wconf 91' lang='lat' dir='ltr'>de</span> <span class='ocrx_word' id='word_1_237' title='bbox 1415 1369 1501 1403; x_wconf 87' lang='lat' dir='ltr'>dicto</span> <span class='ocrx_word' id='word_1_238' title='bbox 1517 1369 1624 1403; x_wconf 80' lang='lat' dir='ltr'>officio</span> <span class='ocrx_word' id='word_1_239' title='bbox 1636 1370 1814 1403; x_wconf 80' lang='lat' dir='ltr'>notariatus</span> <span class='ocrx_word' id='word_1_240' title='bbox 1827 1369 1890 1403; x_wconf 91' lang='lat' dir='ltr'>dis-</span> 
     </span>
     <span class='ocr_line' id='line_1_26' title="bbox 348 1422 1889 1468; baseline -0.004 -7"><span class='ocrx_word' id='word_1_241' title='bbox 348 1429 387 1461; x_wconf 87' lang='lat' dir='ltr'>tis</span> <span class='ocrx_word' id='word_1_242' title='bbox 410 1427 546 1461; x_wconf 87' lang='lat' dir='ltr'>Romani</span> <span class='ocrx_word' id='word_1_243' title='bbox 571 1426 737 1460; x_wconf 86' lang='lat' dir='ltr'>Pontificis</span> <span class='ocrx_word' id='word_1_244' title='bbox 757 1426 966 1460; x_wconf 78' lang='lat' dir='ltr'>concessione</span> <span class='ocrx_word' id='word_1_245' title='bbox 991 1431 1023 1459; x_wconf 82' lang='lat' dir='ltr'>et</span> <span class='ocrx_word' id='word_1_246' title='bbox 1047 1437 1096 1459; x_wconf 87' lang='lat' dir='ltr'>as·</span> <span class='ocrx_word' id='word_1_247' title='bbox 1141 1424 1281 1468; x_wconf 89' lang='lat' dir='ltr'>ponendi</span> <span class='ocrx_word' id='word_1_248' title='bbox 1299 1431 1330 1457; x_wconf 83' lang='lat' dir='ltr'>et</span> <span class='ocrx_word' id='word_1_249' title='bbox 1350 1423 1682 1466; x_wconf 76' lang='lat' dir='ltr'>illiusresignationes</span> <span class='ocrx_word' id='word_1_250' title='bbox 1698 1422 1889 1462; x_wconf 84' lang='lat' dir='ltr'>admittendi</span> 
     </span>
     <span class='ocr_line' id='line_1_27' title="bbox 348 1477 1890 1525; baseline -0.003 -11"><span class='ocrx_word' id='word_1_251' title='bbox 348 1481 538 1525; x_wconf 81' lang='lat' dir='ltr'>signatione,</span> <span class='ocrx_word' id='word_1_252' title='bbox 558 1481 702 1525; x_wconf 78' lang='lat' dir='ltr'>recipere</span> <span class='ocrx_word' id='word_1_253' title='bbox 723 1486 755 1514; x_wconf 88' lang='lat' dir='ltr'>et</span> <span class='ocrx_word' id='word_1_254' title='bbox 770 1480 952 1520; x_wconf 81' lang='lat' dir='ltr'>admittere,</span> <span class='ocrx_word' id='word_1_255' title='bbox 979 1492 1016 1513; x_wconf 87' lang='lat' dir='ltr'>ae</span> <span class='ocrx_word' id='word_1_256' title='bbox 1041 1491 1099 1524; x_wconf 88' lang='lat' dir='ltr'>per</span> <span class='ocrx_word' id='word_1_257' title='bbox 1140 1478 1320 1521; x_wconf 85' lang='lat' dir='ltr'>ceterisque</span> <span class='ocrx_word' id='word_1_258' title='bbox 1340 1477 1544 1510; x_wconf 81' lang='lat' dir='ltr'>facultatibus</span> <span class='ocrx_word' id='word_1_259' title='bbox 1562 1477 1764 1520; x_wconf 78' lang='lat' dir='ltr'>supradictis,</span> <span class='ocrx_word' id='word_1_260' title='bbox 1777 1482 1890 1510; x_wconf 84' lang='lat' dir='ltr'>aucto-</span> 
     </span>
     <span class='ocr_line' id='line_1_28' title="bbox 349 1530 1891 1578; baseline -0.003 -10"><span class='ocrx_word' id='word_1_261' title='bbox 349 1546 415 1576; x_wconf 85' lang='lat' dir='ltr'>eos,</span> <span class='ocrx_word' id='word_1_262' title='bbox 433 1536 473 1568; x_wconf 90' lang='lat' dir='ltr'>ad</span> <span class='ocrx_word' id='word_1_263' title='bbox 493 1545 574 1578; x_wconf 87' lang='lat' dir='ltr'>quos</span> <span class='ocrx_word' id='word_1_264' title='bbox 594 1540 717 1578; x_wconf 84' lang='lat' dir='ltr'>spectat</span> <span class='ocrx_word' id='word_1_265' title='bbox 736 1539 767 1567; x_wconf 83' lang='lat' dir='ltr'>et</span> <span class='ocrx_word' id='word_1_266' title='bbox 786 1545 845 1578; x_wconf 85' lang='lat' dir='ltr'>pro</span> <span class='ocrx_word' id='word_1_267' title='bbox 860 1540 1005 1578; x_wconf 88' lang='lat' dir='ltr'>tempore</span> <span class='ocrx_word' id='word_1_268' title='bbox 1026 1545 1098 1577; x_wconf 85' lang='lat' dir='ltr'>spe-</span> <span class='ocrx_word' id='word_1_269' title='bbox 1140 1532 1233 1565; x_wconf 82' lang='lat' dir='ltr'>ritate</span> <span class='ocrx_word' id='word_1_270' title='bbox 1253 1537 1284 1564; x_wconf 87' lang='lat' dir='ltr'>et</span> <span class='ocrx_word' id='word_1_271' title='bbox 1303 1538 1415 1564; x_wconf 86' lang='lat' dir='ltr'>tenore</span> <span class='ocrx_word' id='word_1_272' title='bbox 1439 1530 1610 1571; x_wconf 86' lang='lat' dir='ltr'>similibus,</span> <span class='ocrx_word' id='word_1_273' title='bbox 1634 1530 1842 1564; x_wconf 75' lang='lat' dir='ltr'>concedimus</span> <span class='ocrx_word' id='word_1_274' title='bbox 1861 1536 1891 1564; x_wconf 88' lang='lat' dir='ltr'>et</span> 
     </span>
     <span class='ocr_line' id='line_1_29' title="bbox 349 1584 1891 1633; baseline -0.003 -11"><span class='ocrx_word' id='word_1_275' title='bbox 349 1589 459 1629; x_wconf 69' lang='lat' dir='ltr'>mabit,</span> <span class='ocrx_word' id='word_1_276' title='bbox 480 1588 583 1633; x_wconf 85' lang='lat' dir='ltr'>recipi</span> <span class='ocrx_word' id='word_1_277' title='bbox 604 1594 635 1621; x_wconf 90' lang='lat' dir='ltr'>et</span> <span class='ocrx_word' id='word_1_278' title='bbox 654 1588 793 1629; x_wconf 88' lang='lat' dir='ltr'>admitti,</span> <span class='ocrx_word' id='word_1_279' title='bbox 816 1598 852 1620; x_wconf 86' lang='lat' dir='ltr'>ac</span> <span class='ocrx_word' id='word_1_280' title='bbox 872 1588 919 1620; x_wconf 91' lang='lat' dir='ltr'>illi</span> <span class='ocrx_word' id='word_1_281' title='bbox 940 1588 979 1620; x_wconf 89' lang='lat' dir='ltr'>de</span> <span class='ocrx_word' id='word_1_282' title='bbox 999 1587 1099 1620; x_wconf 84' lang='lat' dir='ltr'>solitis</span> <span class='ocrx_word' id='word_1_283' title='bbox 1140 1584 1358 1627; x_wconf 81' lang='lat' dir='ltr'>assignamus,</span> <span class='ocrx_word' id='word_1_284' title='bbox 1390 1584 1563 1627; x_wconf 86' lang='lat' dir='ltr'>ipsumque</span> <span class='ocrx_word' id='word_1_285' title='bbox 1597 1584 1814 1617; x_wconf 76' lang='lat' dir='ltr'>Alexandrum</span> <span class='ocrx_word' id='word_1_286' title='bbox 1850 1584 1891 1617; x_wconf 87' lang='lat' dir='ltr'>ad</span> 
     </span>
     <span class='ocr_line' id='line_1_30' title="bbox 350 1637 1892 1684; baseline -0.004 -7"><span class='ocrx_word' id='word_1_287' title='bbox 350 1649 381 1677; x_wconf 88' lang='lat' dir='ltr'>et</span> <span class='ocrx_word' id='word_1_288' title='bbox 405 1642 566 1676; x_wconf 86' lang='lat' dir='ltr'>consuetis</span> <span class='ocrx_word' id='word_1_289' title='bbox 591 1641 718 1675; x_wconf 89' lang='lat' dir='ltr'>iuribus</span> <span class='ocrx_word' id='word_1_290' title='bbox 744 1646 776 1674; x_wconf 89' lang='lat' dir='ltr'>et</span> <span class='ocrx_word' id='word_1_291' title='bbox 799 1641 1028 1674; x_wconf 58' lang='lat' dir='ltr'>emolumentis</span> <span class='ocrx_word' id='word_1_292' title='bbox 1048 1653 1099 1673; x_wconf 70' lang='lat' dir='ltr'>re·</span> <span class='ocrx_word' id='word_1_293' title='bbox 1142 1639 1286 1671; x_wconf 84' lang='lat' dir='ltr'>officium</span> <span class='ocrx_word' id='word_1_294' title='bbox 1308 1637 1508 1684; x_wconf 85' lang='lat' dir='ltr'>auditoratus</span> <span class='ocrx_word' id='word_1_295' title='bbox 1525 1648 1696 1670; x_wconf 78' lang='lat' dir='ltr'>causarum</span> <span class='ocrx_word' id='word_1_296' title='bbox 1729 1637 1892 1671; x_wconf 87' lang='lat' dir='ltr'>confiden-</span> 
     </span>
     <span class='ocr_line' id='line_1_31' title="bbox 349 1688 1893 1741; baseline -0.005 -11"><span class='ocrx_word' id='word_1_297' title='bbox 349 1696 503 1741; x_wconf 86' lang='lat' dir='ltr'>sponderi</span> <span class='ocrx_word' id='word_1_298' title='bbox 532 1696 648 1737; x_wconf 86' lang='lat' dir='ltr'>facere,</span> <span class='ocrx_word' id='word_1_299' title='bbox 681 1696 782 1729; x_wconf 89' lang='lat' dir='ltr'>libere</span> <span class='ocrx_word' id='word_1_300' title='bbox 813 1700 845 1728; x_wconf 88' lang='lat' dir='ltr'>et</span> <span class='ocrx_word' id='word_1_301' title='bbox 868 1695 956 1728; x_wconf 88' lang='lat' dir='ltr'>licite</span> <span class='ocrx_word' id='word_1_302' title='bbox 985 1695 1098 1736; x_wconf 78' lang='lat' dir='ltr'>valeat,</span> <span class='ocrx_word' id='word_1_303' title='bbox 1143 1688 1792 1734; x_wconf 75' lang='lat' dir='ltr'>tiatiumtmiusmodi,illiusquetiberum</span> <span class='ocrx_word' id='word_1_304' title='bbox 1804 1701 1893 1724; x_wconf 83' lang='lat' dir='ltr'>exer-</span> 
     </span>
    </p>
   </div>
   <div class='ocr_carea' id='block_1_5' title="bbox 159 1740 1944 1982">
    <p class='ocr_par' dir='ltr' id='par_1_5' title="bbox 159 1740 1944 1982">
     <span class='ocr_line' id='line_1_32' title="bbox 171 1740 1893 1789; baseline -0.005 -3"><span class='ocrx_word' id='word_1_305' title='bbox 171 1740 186 1761; x_wconf 54' lang='lat'><em>.</em></span> <span class='ocrx_word' id='word_1_306' title='bbox 351 1751 474 1785; x_wconf 88' lang='lat' dir='ltr'>eisdem</span> <span class='ocrx_word' id='word_1_307' title='bbox 512 1750 706 1784; x_wconf 83' lang='lat' dir='ltr'>auctoritate</span> <span class='ocrx_word' id='word_1_308' title='bbox 740 1754 771 1782; x_wconf 83' lang='lat' dir='ltr'>et</span> <span class='ocrx_word' id='word_1_309' title='bbox 801 1754 925 1789; x_wconf 88' lang='lat' dir='ltr'>tenore,</span> <span class='ocrx_word' id='word_1_310' title='bbox 953 1748 1102 1782; x_wconf 86' lang='lat' dir='ltr'>similiter</span> <span class='ocrx_word' id='word_1_311' title='bbox 1143 1746 1255 1780; x_wconf 89' lang='lat' dir='ltr'>citium</span> <span class='ocrx_word' id='word_1_312' title='bbox 1276 1755 1404 1778; x_wconf 87' lang='lat' dir='ltr'>necnon</span> <span class='ocrx_word' id='word_1_313' title='bbox 1417 1745 1574 1778; x_wconf 86' lang='lat' dir='ltr'>decimam</span> <span class='ocrx_word' id='word_1_314' title='bbox 1591 1746 1768 1786; x_wconf 85' lang='lat' dir='ltr'>fructuum,</span> <span class='ocrx_word' id='word_1_315' title='bbox 1784 1745 1893 1778; x_wconf 90' lang='lat' dir='ltr'>reddi-</span> 
     </span>
     <span class='ocr_line' id='line_1_33' title="bbox 351 1790 1944 1849; baseline -0.005 -11"><span class='ocrx_word' id='word_1_316' title='bbox 351 1810 509 1849; x_wconf 90' lang='lat' dir='ltr'>perpetuo</span> <span class='ocrx_word' id='word_1_317' title='bbox 534 1804 706 1836; x_wconf 88' lang='lat' dir='ltr'>statuimus</span> <span class='ocrx_word' id='word_1_318' title='bbox 718 1809 758 1836; x_wconf 64' lang='grc' dir='ltr'>,εἰ</span> <span class='ocrx_word' id='word_1_319' title='bbox 778 1803 977 1836; x_wconf 85' lang='lat' dir='ltr'>ordinamus.</span> <span class='ocrx_word' id='word_1_320' title='bbox 1145 1806 1248 1840; x_wconf 86' lang='lat' dir='ltr'>tuum,</span> <span class='ocrx_word' id='word_1_321' title='bbox 1266 1798 1633 1844; x_wconf 85' lang='lat' dir='ltr'>proventuum,iurium,</span> <span class='ocrx_word' id='word_1_322' title='bbox 1648 1797 1891 1839; x_wconf 80' lang='lat' dir='ltr'>obventionum,</span> <span class='ocrx_word' id='word_1_323' title='bbox 1939 1790 1944 1796; x_wconf 78' lang='grc'><strong>’</strong></span> 
     </span>
     <span class='ocr_line' id='line_1_34' title="bbox 396 1853 1894 1903; baseline -0.005 -11"><span class='ocrx_word' id='word_1_324' title='bbox 396 1860 411 1903; x_wconf 62' lang='lat' dir='ltr'>g</span> <span class='ocrx_word' id='word_1_325' title='bbox 437 1859 467 1892; x_wconf 89' lang='lat'>7.</span> <span class='ocrx_word' id='word_1_326' title='bbox 499 1859 634 1902; x_wconf 83' lang='lat' dir='ltr'>Insuper</span> <span class='ocrx_word' id='word_1_327' title='bbox 658 1858 697 1891; x_wconf 88' lang='lat' dir='ltr'>de</span> <span class='ocrx_word' id='word_1_328' title='bbox 726 1857 834 1890; x_wconf 90' lang='lat' dir='ltr'>dilecti</span> <span class='ocrx_word' id='word_1_329' title='bbox 864 1857 921 1889; x_wconf 85' lang='lat' dir='ltr'>filii</span> <span class='ocrx_word' id='word_1_330' title='bbox 957 1856 1102 1899; x_wconf 72' lang='lat' dir='ltr'>magistri</span> <span class='ocrx_word' id='word_1_331' title='bbox 1144 1853 1422 1894; x_wconf 83' lang='lat' dir='ltr'>distributionum,</span> <span class='ocrx_word' id='word_1_332' title='bbox 1445 1853 1739 1885; x_wconf 87' lang='lat' dir='ltr'>emolumentorum</span> <span class='ocrx_word' id='word_1_333' title='bbox 1756 1857 1788 1885; x_wconf 86' lang='lat' dir='ltr'>et</span> <span class='ocrx_word' id='word_1_334' title='bbox 1813 1862 1894 1896; x_wconf 72' lang='lat' dir='ltr'>pen-</span> 
     </span>
     <span class='ocr_line' id='line_1_35' title="bbox 205 1905 1894 1950; baseline -0.004 -4"><span class='ocrx_word' id='word_1_335' title='bbox 205 1927 339 1947; x_wconf 62' lang='lat' dir='ltr'>imiamaius</span> <span class='ocrx_word' id='word_1_336' title='bbox 352 1911 524 1946; x_wconf 84' lang='lat' dir='ltr'>Alexandri</span> <span class='ocrx_word' id='word_1_337' title='bbox 543 1911 685 1945; x_wconf 86' lang='lat' dir='ltr'>Catalani</span> <span class='ocrx_word' id='word_1_338' title='bbox 707 1910 815 1943; x_wconf 84' lang='lat' dir='ltr'>cleriei</span> <span class='ocrx_word' id='word_1_339' title='bbox 837 1910 984 1950; x_wconf 83' lang='lat' dir='ltr'>Romani,</span> <span class='ocrx_word' id='word_1_340' title='bbox 1010 1911 1033 1943; x_wconf 93' lang='lat' dir='ltr'>I.</span> <span class='ocrx_word' id='word_1_341' title='bbox 1066 1910 1100 1943; x_wconf 90' lang='lat' dir='ltr'>U.</span> <span class='ocrx_word' id='word_1_342' title='bbox 1145 1908 1271 1941; x_wconf 90' lang='lat' dir='ltr'>sionum</span> <span class='ocrx_word' id='word_1_343' title='bbox 1293 1906 1479 1939; x_wconf 90' lang='lat' dir='ltr'>huiusmodi</span> <span class='ocrx_word' id='word_1_344' title='bbox 1491 1911 1627 1949; x_wconf 76' lang='lat' dir='ltr'>partem,</span> <span class='ocrx_word' id='word_1_345' title='bbox 1646 1916 1683 1938; x_wconf 90' lang='lat' dir='ltr'>ae</span> <span class='ocrx_word' id='word_1_346' title='bbox 1702 1905 1785 1946; x_wconf 73' lang='lat' dir='ltr'>iura,</span> <span class='ocrx_word' id='word_1_347' title='bbox 1802 1916 1894 1949; x_wconf 80' lang='lat' dir='ltr'>rega-</span> 
     </span>
     <span class='ocr_line' id='line_1_36' title="bbox 159 1958 340 1982; baseline -0.017 -3"><span class='ocrx_word' id='word_1_348' title='bbox 159 1958 229 1980; x_wconf 70' lang='lat' dir='ltr'>otttrii,</span> <span class='ocrx_word' id='word_1_349' title='bbox 253 1959 271 1977; x_wconf 86' lang='lat' dir='ltr'>iu</span> <span class='ocrx_word' id='word_1_350' title='bbox 289 1962 340 1982; x_wconf 83' lang='lat' dir='ltr'>per-</span> 
     </span>
    </p>
   </div>
   <div class='ocr_carea' id='block_1_6' title="bbox 1125 2081 1129 2167">
    <p class='ocr_par' dir='ltr' id='par_1_6' title="bbox 1125 2081 1129 2167">
     <span class='ocr_line' id='line_1_37' title="bbox 1125 2081 1129 2167; baseline 0 1061"><span class='ocrx_word' id='word_1_351' title='bbox 1125 2081 1129 2167; x_wconf 95' lang='lat' dir='ltr'> </span> 
     </span>
    </p>
   </div>
   <div class='ocr_carea' id='block_1_7' title="bbox 121 1959 2033 2629">
    <p class='ocr_par' dir='ltr' id='par_1_7' title="bbox 121 1959 2033 2629">
     <span class='ocr_line' id='line_1_38' title="bbox 157 1959 1896 2010; baseline -0.005 -10"><span class='ocrx_word' id='word_1_352' title='bbox 157 1995 230 2010; x_wconf 54' lang='lat' dir='ltr'>sow„</span> <span class='ocrx_word' id='word_1_353' title='bbox 249 1988 341 2008; x_wconf 30' lang='lat' dir='ltr'>flexam,</span> <span class='ocrx_word' id='word_1_354' title='bbox 352 1968 387 2000; x_wconf 89' lang='lat' dir='ltr'>D.</span> <span class='ocrx_word' id='word_1_355' title='bbox 425 1977 463 2000; x_wconf 87' lang='lat' dir='ltr'>ac</span> <span class='ocrx_word' id='word_1_356' title='bbox 486 1966 668 1999; x_wconf 89' lang='lat' dir='ltr'>litterarum</span> <span class='ocrx_word' id='word_1_357' title='bbox 698 1964 946 2008; x_wconf 85' lang='lat' dir='ltr'>apostolicarum</span> <span class='ocrx_word' id='word_1_358' title='bbox 974 1964 1105 1997; x_wconf 83' lang='lat' dir='ltr'>maioris</span> <span class='ocrx_word' id='word_1_359' title='bbox 1146 1961 1199 2003; x_wconf 88' lang='lat' dir='ltr'>lia,</span> <span class='ocrx_word' id='word_1_360' title='bbox 1230 1961 1404 2004; x_wconf 76' lang='lat' dir='ltr'>sportulas,</span> <span class='ocrx_word' id='word_1_361' title='bbox 1434 1966 1533 2000; x_wconf 66' lang='lat' dir='ltr'>taxas,</span> <span class='ocrx_word' id='word_1_362' title='bbox 1566 1965 1751 2003; x_wconf 72' lang='lat' dir='ltr'>proventuS,</span> <span class='ocrx_word' id='word_1_363' title='bbox 1779 1959 1896 1993; x_wconf 81' lang='lat' dir='ltr'>obven-</span> 
     </span>
     <span class='ocr_line' id='line_1_39' title="bbox 159 2013 1897 2076; baseline -0.004 -23"><span class='ocrx_word' id='word_1_364' title='bbox 159 2019 341 2076; x_wconf 40' lang='grc' dir='ltr'>ζζζιξῇζζέξίζζὲξέ</span> <span class='ocrx_word' id='word_1_365' title='bbox 354 2019 590 2064; x_wconf 87' lang='lat' dir='ltr'>praesidentiae</span> <span class='ocrx_word' id='word_1_366' title='bbox 609 2017 850 2058; x_wconf 76' lang='lat' dir='ltr'>abbreviatoris,</span> <span class='ocrx_word' id='word_1_367' title='bbox 873 2023 904 2050; x_wconf 87' lang='lat' dir='ltr'>et</span> <span class='ocrx_word' id='word_1_368' title='bbox 924 2018 1105 2061; x_wconf 85' lang='lat' dir='ltr'>inutraque</span> <span class='ocrx_word' id='word_1_369' title='bbox 1148 2016 1263 2055; x_wconf 86' lang='lat' dir='ltr'>tiones,</span> <span class='ocrx_word' id='word_1_370' title='bbox 1289 2015 1439 2054; x_wconf 87' lang='lat' dir='ltr'>honores,</span> <span class='ocrx_word' id='word_1_371' title='bbox 1459 2013 1638 2057; x_wconf 74' lang='lat' dir='ltr'>privilegia,</span> <span class='ocrx_word' id='word_1_372' title='bbox 1661 2014 1830 2046; x_wconf 80' lang='lat' dir='ltr'>facultates</span> <span class='ocrx_word' id='word_1_373' title='bbox 1846 2023 1897 2046; x_wconf 88' lang='lat' dir='ltr'>ce—</span> 
     </span>
     <span class='ocr_line' id='line_1_40' title="bbox 158 2067 1890 2116; baseline -0.003 -10"><span class='ocrx_word' id='word_1_374' title='bbox 158 2081 283 2116; x_wconf 49' lang='lat' dir='ltr'>simvaurqe</span> <span class='ocrx_word' id='word_1_375' title='bbox 307 2085 342 2100; x_wconf 76' lang='lat' dir='ltr'>re-</span> <span class='ocrx_word' id='word_1_376' title='bbox 356 2073 518 2116; x_wconf 79' lang='lat' dir='ltr'>signatura</span> <span class='ocrx_word' id='word_1_377' title='bbox 546 2077 654 2105; x_wconf 87' lang='lat' dir='ltr'>nostra</span> <span class='ocrx_word' id='word_1_378' title='bbox 674 2070 897 2112; x_wconf 79' lang='lat' dir='ltr'>referendarii,</span> <span class='ocrx_word' id='word_1_379' title='bbox 919 2071 994 2113; x_wconf 86' lang='lat' dir='ltr'>lide,</span> <span class='ocrx_word' id='word_1_380' title='bbox 1028 2071 1107 2105; x_wconf 74' lang='lat' dir='ltr'>inte·</span> <span class='ocrx_word' id='word_1_381' title='bbox 1125 2067 1128 2079; x_wconf 97' lang='lat'>&#39;</span> <span class='ocrx_word' id='word_1_382' title='bbox 1148 2076 1280 2112; x_wconf 86' lang='lat' dir='ltr'>teraque</span> <span class='ocrx_word' id='word_1_383' title='bbox 1300 2068 1408 2101; x_wconf 86' lang='lat' dir='ltr'>omnia</span> <span class='ocrx_word' id='word_1_384' title='bbox 1433 2073 1465 2101; x_wconf 89' lang='lat' dir='ltr'>et</span> <span class='ocrx_word' id='word_1_385' title='bbox 1492 2067 1619 2109; x_wconf 73' lang='lat' dir='ltr'>singula</span> <span class='ocrx_word' id='word_1_386' title='bbox 1647 2067 1831 2110; x_wconf 68' lang='lat' dir='ltr'>supradicta</span> <span class='ocrx_word' id='word_1_387' title='bbox 1860 2078 1890 2101; x_wconf 66' lang='lat' dir='ltr'>e)</span> 
     </span>
     <span class='ocr_line' id='line_1_41' title="bbox 160 2113 1894 2170; baseline -0.005 -8"><span class='ocrx_word' id='word_1_388' title='bbox 160 2113 283 2170; x_wconf 42' lang='lat'>20:353333,</span> <span class='ocrx_word' id='word_1_389' title='bbox 297 2117 484 2169; x_wconf 60' lang='lat' dir='ltr'>⁰1⁰„n-‘gritate,</span> <span class='ocrx_word' id='word_1_390' title='bbox 511 2125 670 2169; x_wconf 86' lang='lat' dir='ltr'>probitate</span> <span class='ocrx_word' id='word_1_391' title='bbox 687 2130 718 2157; x_wconf 89' lang='lat' dir='ltr'>et</span> <span class='ocrx_word' id='word_1_392' title='bbox 736 2124 883 2157; x_wconf 83' lang='lat' dir='ltr'>doctrina</span> <span class='ocrx_word' id='word_1_393' title='bbox 901 2124 994 2157; x_wconf 90' lang='lat' dir='ltr'>nobis</span> <span class='ocrx_word' id='word_1_394' title='bbox 1014 2135 1107 2167; x_wconf 88' lang='lat' dir='ltr'>prae-</span> <span class='ocrx_word' id='word_1_395' title='bbox 1150 2133 1236 2156; x_wconf 91' lang='lat' dir='ltr'>nune</span> <span class='ocrx_word' id='word_1_396' title='bbox 1247 2122 1422 2165; x_wconf 82' lang='lat' dir='ltr'>recipimus</span> <span class='ocrx_word' id='word_1_397' title='bbox 1433 2127 1463 2153; x_wconf 89' lang='lat' dir='ltr'>et</span> <span class='ocrx_word' id='word_1_398' title='bbox 1477 2120 1687 2158; x_wconf 85' lang='lat' dir='ltr'>admittimus,</span> <span class='ocrx_word' id='word_1_399' title='bbox 1700 2130 1737 2152; x_wconf 86' lang='lat' dir='ltr'>ac</span> <span class='ocrx_word' id='word_1_400' title='bbox 1752 2130 1810 2163; x_wconf 87' lang='lat' dir='ltr'>per</span> <span class='ocrx_word' id='word_1_401' title='bbox 1829 2130 1894 2160; x_wconf 78' lang='lat' dir='ltr'>eos,</span> 
     </span>
     <span class='ocr_line' id='line_1_42' title="bbox 162 2173 1896 2225; baseline -0.003 -13"><span class='ocrx_word' id='word_1_402' title='bbox 162 2174 309 2225; x_wconf 46' lang='grc' dir='ltr'>ζ’,ῗζΓῙξξζζζζξζ</span> <span class='ocrx_word' id='word_1_403' title='bbox 324 2179 346 2224; x_wconf 55' lang='lat'>{2</span> <span class='ocrx_word' id='word_1_404' title='bbox 359 2180 453 2222; x_wconf 86' lang='lat' dir='ltr'>cipue</span> <span class='ocrx_word' id='word_1_405' title='bbox 471 2179 502 2211; x_wconf 90' lang='lat' dir='ltr'>in</span> <span class='ocrx_word' id='word_1_406' title='bbox 517 2178 632 2212; x_wconf 87' lang='lat' dir='ltr'>iudicis</span> <span class='ocrx_word' id='word_1_407' title='bbox 647 2178 833 2211; x_wconf 87' lang='lat' dir='ltr'>earumdem</span> <span class='ocrx_word' id='word_1_408' title='bbox 855 2188 1025 2211; x_wconf 85' lang='lat' dir='ltr'>causarum</span> <span class='ocrx_word' id='word_1_409' title='bbox 1039 2188 1109 2210; x_wconf 92' lang='lat' dir='ltr'>mu-</span> <span class='ocrx_word' id='word_1_410' title='bbox 1150 2177 1188 2209; x_wconf 86' lang='lat' dir='ltr'>ad</span> <span class='ocrx_word' id='word_1_411' title='bbox 1209 2186 1289 2220; x_wconf 87' lang='lat' dir='ltr'>quos</span> <span class='ocrx_word' id='word_1_412' title='bbox 1309 2180 1430 2218; x_wconf 84' lang='lat' dir='ltr'>spectat.</span> <span class='ocrx_word' id='word_1_413' title='bbox 1450 2180 1549 2217; x_wconf 88' lang='lat' dir='ltr'>etpro</span> <span class='ocrx_word' id='word_1_414' title='bbox 1565 2179 1710 2216; x_wconf 85' lang='lat' dir='ltr'>tempore</span> <span class='ocrx_word' id='word_1_415' title='bbox 1728 2173 1896 2216; x_wconf 76' lang='lat' dir='ltr'>spectabit,</span> 
     </span>
     <span class='ocr_line' id='line_1_43' title="bbox 121 2225 1898 2299; baseline -0.002 -37"><span class='ocrx_word' id='word_1_416' title='bbox 121 2252 126 2259; x_wconf 91' lang='lat'><em>.</em></span> <span class='ocrx_word' id='word_1_417' title='bbox 164 2237 280 2286; x_wconf 34' lang='lat' dir='ltr'>Eme-giis</span> <span class='ocrx_word' id='word_1_418' title='bbox 298 2235 346 2256; x_wconf 71' lang='lat'><strong>⁴2⁰¹-</strong></span> <span class='ocrx_word' id='word_1_419' title='bbox 360 2243 436 2265; x_wconf 85' lang='lat' dir='ltr'>nere</span> <span class='ocrx_word' id='word_1_420' title='bbox 462 2233 524 2265; x_wconf 91' lang='lat' dir='ltr'>iam</span> <span class='ocrx_word' id='word_1_421' title='bbox 551 2233 675 2265; x_wconf 88' lang='lat' dir='ltr'>dudum</span> <span class='ocrx_word' id='word_1_422' title='bbox 695 2232 874 2265; x_wconf 85' lang='lat' dir='ltr'>exercendo</span> <span class='ocrx_word' id='word_1_423' title='bbox 899 2236 929 2264; x_wconf 86' lang='lat' dir='ltr'>et</span> <span class='ocrx_word' id='word_1_424' title='bbox 959 2230 1109 2264; x_wconf 90' lang='lat' dir='ltr'>obeundo</span> <span class='ocrx_word' id='word_1_425' title='bbox 1128 2244 1131 2299; x_wconf 58' lang='grc'>1</span> <span class='ocrx_word' id='word_1_426' title='bbox 1152 2230 1251 2273; x_wconf 86' lang='lat' dir='ltr'>recipi</span> <span class='ocrx_word' id='word_1_427' title='bbox 1272 2234 1302 2261; x_wconf 90' lang='lat' dir='ltr'>et</span> <span class='ocrx_word' id='word_1_428' title='bbox 1321 2227 1458 2267; x_wconf 88' lang='lat' dir='ltr'>admitti,</span> <span class='ocrx_word' id='word_1_429' title='bbox 1476 2232 1707 2270; x_wconf 86' lang='lat' dir='ltr'>receptumque</span> <span class='ocrx_word' id='word_1_430' title='bbox 1728 2231 1758 2259; x_wconf 88' lang='lat' dir='ltr'>et</span> <span class='ocrx_word' id='word_1_431' title='bbox 1781 2225 1898 2259; x_wconf 88' lang='lat' dir='ltr'>admis-</span> 
     </span>
     <span class='ocr_line' id='line_1_44' title="bbox 361 2279 1897 2339; baseline -0.004 -21"><span class='ocrx_word' id='word_1_432' title='bbox 361 2286 487 2327; x_wconf 67' lang='lat' dir='ltr'>eognita</span> <span class='ocrx_word' id='word_1_433' title='bbox 507 2291 602 2329; x_wconf 86' lang='lat' dir='ltr'>atque</span> <span class='ocrx_word' id='word_1_434' title='bbox 623 2281 804 2329; x_wconf 69' lang='lat' dir='ltr'>perspecta,⁴</span> <span class='ocrx_word' id='word_1_435' title='bbox 815 2285 986 2328; x_wconf 86' lang='lat' dir='ltr'>specialem</span> <span class='ocrx_word' id='word_1_436' title='bbox 1001 2285 1033 2317; x_wconf 91' lang='lat' dir='ltr'>in</span> <span class='ocrx_word' id='word_1_437' title='bbox 1048 2284 1110 2316; x_wconf 90' lang='lat' dir='ltr'>Do·</span> <span class='ocrx_word' id='word_1_438' title='bbox 1129 2304 1132 2339; x_wconf 53' lang='grc'>1</span> <span class='ocrx_word' id='word_1_439' title='bbox 1153 2294 1223 2316; x_wconf 82' lang='lat' dir='ltr'>sum</span> <span class='ocrx_word' id='word_1_440' title='bbox 1256 2282 1287 2315; x_wconf 91' lang='lat' dir='ltr'>in</span> <span class='ocrx_word' id='word_1_441' title='bbox 1323 2282 1377 2321; x_wconf 75' lang='lat' dir='ltr'>eis,</span> <span class='ocrx_word' id='word_1_442' title='bbox 1402 2281 1508 2324; x_wconf 85' lang='lat' dir='ltr'>quoad</span> <span class='ocrx_word' id='word_1_443' title='bbox 1533 2280 1655 2320; x_wconf 79' lang='lat' dir='ltr'>vixerit,</span> <span class='ocrx_word' id='word_1_444' title='bbox 1682 2279 1897 2319; x_wconf 89' lang='lat' dir='ltr'>manuteneri,</span> 
     </span>
     <span class='ocr_line' id='line_1_45' title="bbox 363 2332 1901 2389; baseline -0.003 -19"><span class='ocrx_word' id='word_1_445' title='bbox 363 2339 450 2371; x_wconf 84' lang='lat' dir='ltr'>mino</span> <span class='ocrx_word' id='word_1_446' title='bbox 470 2339 621 2372; x_wconf 85' lang='lat' dir='ltr'>fiduciam</span> <span class='ocrx_word' id='word_1_447' title='bbox 634 2339 827 2378; x_wconf 80' lang='lat' dir='ltr'>obtinentes,</span> <span class='ocrx_word' id='word_1_448' title='bbox 851 2339 1021 2382; x_wconf 85' lang='lat' dir='ltr'>ipsumque</span> <span class='ocrx_word' id='word_1_449' title='bbox 1037 2338 1111 2370; x_wconf 82' lang='lat' dir='ltr'>Ale·</span> <span class='ocrx_word' id='word_1_450' title='bbox 1130 2342 1133 2389; x_wconf 64' lang='lat' dir='ltr'>l</span> <span class='ocrx_word' id='word_1_451' title='bbox 1153 2336 1277 2380; x_wconf 87' lang='lat' dir='ltr'>sibique</span> <span class='ocrx_word' id='word_1_452' title='bbox 1296 2336 1335 2368; x_wconf 89' lang='lat' dir='ltr'>de</span> <span class='ocrx_word' id='word_1_453' title='bbox 1355 2334 1474 2368; x_wconf 89' lang='lat' dir='ltr'>eisdem</span> <span class='ocrx_word' id='word_1_454' title='bbox 1490 2334 1612 2377; x_wconf 66' lang='lat' dir='ltr'>integre</span> <span class='ocrx_word' id='word_1_455' title='bbox 1632 2332 1821 2378; x_wconf 82' lang='lat' dir='ltr'>responderi</span> <span class='ocrx_word' id='word_1_456' title='bbox 1847 2333 1901 2366; x_wconf 83' lang='lat' dir='ltr'>de—</span> 
     </span>
     <span class='ocr_line' id='line_1_46' title="bbox 364 2383 2023 2432; baseline -0.002 -13"><span class='ocrx_word' id='word_1_457' title='bbox 364 2387 518 2421; x_wconf 81' lang='lat' dir='ltr'>xandrum</span> <span class='ocrx_word' id='word_1_458' title='bbox 539 2399 556 2421; x_wconf 89' lang='lat' dir='ltr'>a</span> <span class='ocrx_word' id='word_1_459' title='bbox 579 2388 743 2432; x_wconf 78' lang='lat' dir='ltr'>quibusvis</span> <span class='ocrx_word' id='word_1_460' title='bbox 760 2387 1111 2426; x_wconf 80' lang='lat' dir='ltr'>excommunicationis,</span> <span class='ocrx_word' id='word_1_461' title='bbox 1153 2386 1230 2419; x_wconf 86' lang='lat' dir='ltr'>bere</span> <span class='ocrx_word' id='word_1_462' title='bbox 1240 2385 1387 2418; x_wconf 86' lang='lat' dir='ltr'>volumus</span> <span class='ocrx_word' id='word_1_463' title='bbox 1407 2389 1439 2416; x_wconf 80' lang='lat' dir='ltr'>et</span> <span class='ocrx_word' id='word_1_464' title='bbox 1457 2383 1660 2424; x_wconf 82' lang='lat' dir='ltr'>mandamus,</span> <span class='ocrx_word' id='word_1_465' title='bbox 1681 2386 1739 2416; x_wconf 80' lang='lat' dir='ltr'>etc.</span> <span class='ocrx_word' id='word_1_466' title='bbox 2019 2413 2023 2416; x_wconf 74' lang='grc'>,</span> 
     </span>
     <span class='ocr_line' id='line_1_47' title="bbox 365 2429 2031 2480; baseline -0.002 -13"><span class='ocrx_word' id='word_1_467' title='bbox 365 2437 584 2480; x_wconf 63' lang='lat' dir='ltr'>suspensionis</span> <span class='ocrx_word' id='word_1_468' title='bbox 605 2443 635 2470; x_wconf 79' lang='lat' dir='ltr'>ot</span> <span class='ocrx_word' id='word_1_469' title='bbox 664 2437 823 2470; x_wconf 74' lang='lat' dir='ltr'>interdicti</span> <span class='ocrx_word' id='word_1_470' title='bbox 848 2437 983 2480; x_wconf 80' lang='lat' dir='ltr'>aliisque</span> <span class='ocrx_word' id='word_1_471' title='bbox 1009 2436 1112 2469; x_wconf 88' lang='lat' dir='ltr'>eccle-</span> <span class='ocrx_word' id='word_1_472' title='bbox 1198 2436 1213 2477; x_wconf 65' lang='grc' dir='ltr'>,ξ</span> <span class='ocrx_word' id='word_1_473' title='bbox 1233 2433 1263 2466; x_wconf 85' lang='grc'>8.</span> <span class='ocrx_word' id='word_1_474' title='bbox 1286 2433 1329 2465; x_wconf 81' lang='lat' dir='ltr'>Ae</span> <span class='ocrx_word' id='word_1_475' title='bbox 1345 2432 1471 2466; x_wconf 88' lang='lat' dir='ltr'>easdem</span> <span class='ocrx_word' id='word_1_476' title='bbox 1488 2429 1900 2476; x_wconf 79' lang='lat' dir='ltr'>praesenteslitterasnullo</span> <span class='ocrx_word' id='word_1_477' title='bbox 1982 2441 2031 2464; x_wconf 68' lang='lat' dir='ltr'>cun</span> 
     </span>
     <span class='ocr_line' id='line_1_48' title="bbox 366 2478 2033 2536; baseline -0.005 -18"><span class='ocrx_word' id='word_1_478' title='bbox 366 2487 511 2523; x_wconf 65' lang='lat' dir='ltr'>siastiszis,</span> <span class='ocrx_word' id='word_1_479' title='bbox 533 2487 712 2527; x_wconf 64' lang='lat' dir='ltr'>sententiis,</span> <span class='ocrx_word' id='word_1_480' title='bbox 735 2487 879 2519; x_wconf 66' lang='lat' dir='ltr'>censuris</span> <span class='ocrx_word' id='word_1_481' title='bbox 900 2492 929 2519; x_wconf 80' lang='lat' dir='ltr'>et</span> <span class='ocrx_word' id='word_1_482' title='bbox 950 2486 1074 2530; x_wconf 72' lang='lat' dir='ltr'>poenis,</span> <span class='ocrx_word' id='word_1_483' title='bbox 1097 2496 1113 2517; x_wconf 86' lang='lat' dir='ltr'>a</span> <span class='ocrx_word' id='word_1_484' title='bbox 1133 2501 1136 2531; x_wconf 43' lang='grc' dir='ltr'>ξ</span> <span class='ocrx_word' id='word_1_485' title='bbox 1157 2492 1309 2526; x_wconf 83' lang='lat' dir='ltr'>umquam</span> <span class='ocrx_word' id='word_1_486' title='bbox 1337 2487 1480 2524; x_wconf 85' lang='lat' dir='ltr'>tempore</span> <span class='ocrx_word' id='word_1_487' title='bbox 1499 2481 1538 2513; x_wconf 90' lang='lat' dir='ltr'>de</span> <span class='ocrx_word' id='word_1_488' title='bbox 1559 2478 2033 2536; x_wconf 59' lang='lat' dir='ltr'>subreptionisvelob-&#39;&#39;¹³⁰⁵“&#39;;</span> 
     </span>
     <span class='ocr_line' id='line_1_49' title="bbox 369 2528 1898 2579; baseline -0.004 -13"><span class='ocrx_word' id='word_1_489' title='bbox 369 2535 437 2567; x_wconf 86' lang='lat' dir='ltr'>iure</span> <span class='ocrx_word' id='word_1_490' title='bbox 458 2536 502 2567; x_wconf 77' lang='lat' dir='ltr'>vel</span> <span class='ocrx_word' id='word_1_491' title='bbox 525 2537 564 2568; x_wconf 81' lang='lat' dir='ltr'>ab</span> <span class='ocrx_word' id='word_1_492' title='bbox 586 2536 726 2575; x_wconf 83' lang='lat' dir='ltr'>bomine,</span> <span class='ocrx_word' id='word_1_493' title='bbox 747 2536 858 2579; x_wconf 78' lang='lat' dir='ltr'>quavis</span> <span class='ocrx_word' id='word_1_494' title='bbox 878 2536 1047 2568; x_wconf 68' lang='lat' dir='ltr'>occasione</span> <span class='ocrx_word' id='word_1_495' title='bbox 1067 2535 1111 2567; x_wconf 84' lang='lat' dir='ltr'>vel</span> <span class='ocrx_word' id='word_1_496' title='bbox 1133 2533 1137 2576; x_wconf 73' lang='lat' dir='ltr'>i</span> <span class='ocrx_word' id='word_1_497' title='bbox 1157 2531 1312 2576; x_wconf 81' lang='lat' dir='ltr'>reptionis</span> <span class='ocrx_word' id='word_1_498' title='bbox 1326 2531 1413 2571; x_wconf 90' lang='lat' dir='ltr'>vitio,</span> <span class='ocrx_word' id='word_1_499' title='bbox 1435 2535 1490 2563; x_wconf 91' lang='lat' dir='ltr'>aut</span> <span class='ocrx_word' id='word_1_500' title='bbox 1509 2529 1696 2563; x_wconf 89' lang='lat' dir='ltr'>intentionis</span> <span class='ocrx_word' id='word_1_501' title='bbox 1714 2533 1842 2562; x_wconf 86' lang='lat' dir='ltr'>nostrae</span> <span class='ocrx_word' id='word_1_502' title='bbox 1853 2528 1898 2561; x_wconf 89' lang='lat' dir='ltr'>vel</span> 
     </span>
     <span class='ocr_line' id='line_1_50' title="bbox 370 2576 1901 2629; baseline -0.006 -12"><span class='ocrx_word' id='word_1_503' title='bbox 370 2594 463 2617; x_wconf 76' lang='lat' dir='ltr'>eausa</span> <span class='ocrx_word' id='word_1_504' title='bbox 485 2583 565 2624; x_wconf 85' lang='lat' dir='ltr'>latis,</span> <span class='ocrx_word' id='word_1_505' title='bbox 587 2584 611 2617; x_wconf 81' lang='lat' dir='ltr'>si</span> <span class='ocrx_word' id='word_1_506' title='bbox 633 2585 750 2627; x_wconf 81' lang='lat' dir='ltr'>quibus</span> <span class='ocrx_word' id='word_1_507' title='bbox 764 2584 1001 2626; x_wconf 81' lang='lat' dir='ltr'>quomodolibet</span> <span class='ocrx_word' id='word_1_508' title='bbox 1025 2583 1115 2615; x_wconf 84' lang='lat' dir='ltr'>inno-</span> <span class='ocrx_word' id='word_1_509' title='bbox 1133 2577 1138 2629; x_wconf 59' lang='grc' dir='ltr'>ξ</span> <span class='ocrx_word' id='word_1_510' title='bbox 1156 2581 1267 2624; x_wconf 81' lang='lat' dir='ltr'>quovis</span> <span class='ocrx_word' id='word_1_511' title='bbox 1287 2580 1349 2614; x_wconf 86' lang='lat' dir='ltr'>alio</span> <span class='ocrx_word' id='word_1_512' title='bbox 1367 2581 1505 2619; x_wconf 80' lang='lat' dir='ltr'>delectu,</span> <span class='ocrx_word' id='word_1_513' title='bbox 1521 2579 1615 2612; x_wconf 79' lang='lat' dir='ltr'>etiam</span> <span class='ocrx_word' id='word_1_514' title='bbox 1637 2589 1673 2611; x_wconf 70' lang='lat' dir='ltr'>ex,</span> <span class='ocrx_word' id='word_1_515' title='bbox 1691 2588 1728 2611; x_wconf 85' lang='lat' dir='ltr'>eo</span> <span class='ocrx_word' id='word_1_516' title='bbox 1748 2576 1834 2620; x_wconf 86' lang='lat' dir='ltr'>quod</span> <span class='ocrx_word' id='word_1_517' title='bbox 1854 2576 1901 2609; x_wconf 91' lang='lat' dir='ltr'>in-</span> 
     </span>
    </p>
   </div>
   <div class='ocr_carea' id='block_1_8' title="bbox 2017 2568 2025 2581">
    <p class='ocr_par' dir='ltr' id='par_1_8' title="bbox 2017 2568 2025 2581">
     <span class='ocr_line' id='line_1_51' title="bbox 2017 2568 2025 2581; baseline 0 0"><span class='ocrx_word' id='word_1_518' title='bbox 2017 2568 2025 2581; x_wconf 65' lang='grc' dir='ltr'>ὓ</span> 
     </span>
    </p>
   </div>
  </div>
 </body>
</html>
