2059 3228
133 212 187 243 Aa.
202 214 231 243 C.
248 213 316 243 ¹587

154 2456 264 2478 clanculae
274 2455 312 2476 de*

129 2489 258 2514 rog-toriae.

373 203 437 239 908

329 266 437 300 Palatii
467 263 643 308 Apostolici
675 262 850 303 auditores,
874 272 911 295 ac
930 262 1075 296 eiusdem

326 325 455 352 sanctae
486 317 650 351 Romanae
683 315 844 349 Ecclesiae
882 315 1071 356 cardinales,

326 372 451 405 sublata
470 371 516 404 eis
535 376 567 404 et
586 380 699 404 eorum
719 369 852 403 cuilibet
873 369 985 414 quavis
1015 369 1074 402 ali-

326 431 373 458 ter
389 423 553 458 iudicandi
573 430 605 457 et
623 423 857 467 interpretandi
877 419 1027 457 fa'cultate
1044 429 1074 457 et

324 477 528 517 auctoritate,
548 477 582 509 in
609 477 718 520 quavis
738 487 835 510 causa
855 482 886 510 et
908 477 1071 517 instantia,

324 530 460 564 iudicari
480 541 517 563 ac
536 529 666 563 definiri
685 530 821 570 debere;
842 530 971 563 irritum
991 540 1073 574 quo-

322 595 386 627 que
410 589 441 617 et
469 583 565 616 inane
597 583 623 617 si
658 594 750 617 secus
769 594 868 628 super
885 584 937 617 his
956 595 974 617 a
994 595 1073 627 quo-

321 648 432 681 quam,
467 637 577 680 quavis
609 638 814 678 auctoritate,
850 637 990 671 scienter
1023 639 1072 671 vel

320 691 520 734 ignoranter,
541 691 714 735 contigerit.
732 691 893 725 attentari.
915 691 1073 731 Quocirca

320 744 447 778 dilectis
470 744 546 777 filiis
575 755 747 778 causarum
777 745 888 778 curiae
918 745 1072 779 Gamerae

319 798 522 842 Apostolicae
539 798 683 841 generali
702 798 842 832 auditori
863 803 894 832 et
912 798 1072 832 archidia-

320 862 402 886 cono
419 852 574 886 ecclesiae
598 852 796 892 valentinae,
814 863 851 886 ac
869 852 976 885 abbati
1000 862 1071 886 mo-

318 906 451 939 nasterii
480 906 595 940 Beatae
628 905 744 939 Mariae
779 905 992 949 Valisdignae,
1019 906 1070 939 Ci-

317 959 502 992 sterciensis
529 959 668 999 Ordinis,
687 959 875 993 valentinae
899 959 1068 1001 dioecesis,

317 1023 377 1056 per
394 1013 573 1057 apostolica
592 1013 713 1057 scripta
732 1019 821 1046 motu
850 1012 948 1046 simili
981 1024 1071 1046 man-

317 1066 431 1099 damus
452 1071 615 1110 quatenus
635 1066 708 1110 ipsi,
738 1066 788 1100 vel
809 1066 874 1099 duo
905 1072 961 1099 aut
984 1076 1070 1099 unus

317 1129 445 1160 eorum,
462 1130 521 1163 per
540 1130 573 1152 se
592 1120 640 1154 vel
660 1120 761 1153 alium
785 1130 842 1153 seu
861 1120 954 1159 alios,
977 1130 1070 1163 prae-

316 1178 424 1207 sentes
456 1174 580 1207 litteras
603 1178 634 1207 et
667 1173 700 1206 in
727 1173 773 1207 eis
797 1179 949 1207 contenta
968 1184 1068 1217 quae-

317 1238 471 1271 cumque,
493 1227 549 1260 ubi
576 1233 605 1261 et
626 1227 757 1271 quando
786 1237 869 1272 opus
898 1227 1006 1267 suerit,
1032 1238 1070 1260 ac

315 1280 444 1324 quoties
470 1291 529 1325 pro
558 1286 648 1325 parte
672 1280 897 1324 indigenarum
922 1281 1069 1324 praedic-

316 1339 424 1367 torum
444 1344 501 1367 seu
521 1334 660 1368 alicuius
680 1344 793 1367 eorum
814 1333 935 1367 suerint
959 1334 1068 1378 requi-

316 1387 381 1428 siti,
415 1388 604 1421 solemniter
638 1387 852 1432 publicantes,
893 1387 1003 1431 eisque
1036 1387 1069 1420 in

316 1441 501 1485 praemissis
521 1441 663 1475 efficacis
686 1441 883 1475 defensionis
906 1440 1068 1485 praesidio

316 1494 512 1535 assistentes,
525 1494 643 1528 faciant
655 1495 848 1528 auctoritate
856 1500 966 1527 nostra
977 1505 1069 1538 prae-

316 1553 423 1580 sentes
443 1547 566 1580 litteras
595 1554 627 1581 et
654 1548 688 1581 in
721 1548 767 1581 eis
788 1553 937 1581 contenta
956 1548 1069 1581 huius-

317 1600 404 1634 modi
423 1601 464 1634 oh
484 1602 634 1634 omnibus
654 1602 693 1635 ad
717 1612 799 1645 quos
818 1606 940 1645 spectat
959 1607 990 1634 et
1010 1612 1069 1645 pro

317 1659 463 1698 tempore
496 1655 665 1698 spectabit,
701 1654 928 1688 inviolabiliter
961 1655 1070 1688 obser-

316 1707 397 1747 vari,
414 1708 565 1751 ipsosque
581 1708 749 1752 indigenas
769 1708 832 1741 illis
851 1708 985 1752 pacifice
1005 1709 1068 1742 frui

318 1766 349 1794 et
381 1761 542 1803 gaudere,
580 1773 649 1794 non
678 1762 901 1806 permittentes
933 1773 987 1796 eos
1020 1763 1068 1796 vel

317 1815 503 1858 quempiam
525 1826 562 1848 ex
582 1815 646 1848 illis
662 1816 801 1860 desuper
825 1817 1069 1860 quomodolibet

318 1868 459 1901 indebite
480 1869 660 1910 molestari3
689 1870 945 1903 contradictores
974 1881 1071 1914 quos-

318 1921 397 1954 libet
417 1928 447 1955 et
468 1922 605 1956 rebelles
625 1934 683 1967 per
703 1923 888 1964 sententias,
917 1934 1069 1957 censuras

319 1981 347 2007 ct
366 1986 485 2018 poenas
497 1976 731 2009 ecclesiasticas
745 1977 873 2021 aliaque
887 1984 1070 2021 opportuna

320 2027 400 2060 iuris
419 2035 450 2061 et
470 2029 542 2062 sacti
567 2030 722 2070 remedia,
744 2030 961 2073 appellatione
986 2037 1071 2075 post-

320 2081 434 2124 posita,
469 2083 722 2126 compescendo;
762 2095 890 2117 necnon
920 2084 1071 2127 legitimis

320 2145 419 2178 super
442 2135 492 2168 his
515 2136 672 2169 habendis
697 2137 830 2169 servatis
850 2138 1068 2181 processibus,

321 2188 509 2229 sententias,
545 2199 698 2222 censuras
717 2196 744 2222 ct
764 2200 886 2233 poenas
918 2190 1003 2234 ipsas
1037 2202 1070 2224 e-

322 2241 399 2273 tiam
420 2242 542 2275 iteratis
556 2243 680 2276 vicibus
694 2245 906 2287 aggravando,
925 2245 1072 2278 invocato

323 2294 418 2327 etiam
439 2295 478 2327 ad
499 2295 572 2336 hoc,
592 2296 616 2329 si
637 2307 719 2340 opus
740 2297 847 2337 suerit,
866 2298 985 2331 auxilio
1000 2299 1073 2332 bra-

323 2346 388 2379 chii
409 2348 595 2381 saecularis.
1022 2373 1029 2377 -

367 2396 456 2437 §td
477 2397 546 2430 Non
578 2398 781 2431 obstantibus
814 2400 1010 2442 praemissis,
1036 2411 1072 2433 ac

325 2444 585 2487 piaememoriae
597 2447 750 2481 Bonisacii
764 2449 868 2491 Papae
880 2449 956 2486 Vllt.
976 2450 1071 2483 etiam

327 2493 582 2535 praedecessoris
593 2497 707 2536 nostri,
727 2508 790 2539 qua
802 2504 932 2530 cavetur
946 2509 985 2532 nc
1001 2499 1074 2542 quis

326 2547 412 2573 extra
433 2553 521 2575 suam
543 2544 701 2577 civitatem
723 2547 770 2578 vel
795 2546 982 2585 dioecesim,
1012 2547 1071 2580 nisi

327 2590 357 2621 in
379 2590 473 2623 certis
493 2593 630 2635 exceptis
656 2594 794 2635 casibus,
830 2600 861 2627 et
893 2595 956 2628 illis
990 2597 1074 2630 ultra

914 208 1096 234 mmmmm
1119 208 1271 234 nonmmt

1117 272 1216 295 unam
1237 261 1390 301 diaetam,
1411 271 1429 294 a
1448 261 1512 295 fine
1537 272 1614 296 suae
1642 263 1798 298 dioecesis
1825 263 1865 297 ad

1116 314 1273 348 iudicium
1290 320 1452 355 evocetur;
1474 325 1530 348 seu
1550 326 1591 348 ne
1607 316 1728 351 iudices
1747 328 1766 350 a
1784 317 1865 351 Sede

1115 368 1281 412 praedicta
1292 367 1436 412 deputati
1453 373 1541 401 extra
1555 368 1714 403 civitatem
1729 376 1761 404 et
1774 371 1864 405 dioe-

1116 421 1227 462 cesim,
1249 432 1283 454 in
1302 421 1421 465 quibus
1440 421 1585 466 deputati
1605 422 1736 463 fuerint,
1753 430 1865 457 contra

1115 485 1339 519 quoscumque
1355 475 1544 519 procedere,
1571 481 1626 508 aut
1649 475 1703 508 alii
1722 477 1771 510 vel
1794 477 1865 511 aliis

1114 528 1199 562 vices
1219 540 1292 562 suas
1316 528 1519 562 committere
1539 528 1678 562 audeant
1697 540 1753 563 seu
1771 541 1865 574 prae-

1115 587 1262 622 sumant;
1284 587 1315 615 et
1334 582 1367 614 in
1387 582 1527 615 concilio
1551 582 1694 625 generali
1722 583 1806 616 edita
1824 584 1866 617 de

1114 635 1240 668 duabus
1250 635 1378 676 diaetis,
1394 635 1571 669 dummodo
1591 636 1677 669 ultra
1695 640 1760 669 tres
1779 636 1866 670 diae-

1112 694 1161 722 tas
1184 689 1302 733 aliquis
1321 688 1512 722 auctoritate
1531 689 1750 733 praesentium
1767 690 1807 723 ad
1818 689 1866 734 ἰιιτΙ

1113 742 1236 776 dicium
1264 753 1330 776 non
1358 742 1522 782 trahatur3
1544 753 1684 782 necnon,
1705 748 1865 786 quatenus

1113 806 1194 840 opus
1228 796 1280 837 sit,
1314 801 1424 829 nostra
1458 795 1499 829 de
1532 805 1598 828 non
1632 796 1774 830 tollendo
1793 796 1865 830 iure

1112 850 1270 894 quaesito,
1306 849 1442 894 aliisque
1463 849 1647 894 apostolicis
1671 860 1709 883 ac
1732 850 1766 883 in
1785 843 1863 894 pro-¹

1111 903 1316 944 vinciahbus,
1351 903 1558 948 synodalibus
1577 910 1609 937 et
1628 904 1864 938 universalibus

1112 957 1259 991 conciliis
1278 958 1384 998 editis,
1419 958 1612 1002 specialibus
1633 959 1677 991 vel
1703 958 1863 1002 generali-

1110 1010 1180 1051 bus,
1209 1010 1494 1044 constitutionibus
1526 1016 1556 1045 et
1585 1011 1861 1052 ordinationibus;

1111 1074 1239 1097 necnon
1259 1064 1481 1104 ecclesiarum,
1506 1064 1540 1097 in
1567 1064 1684 1107 quibus
1703 1064 1863 1102 beneficia

1110 1118 1296 1151 huiusmodi
1312 1118 1446 1158 suerint,
1468 1129 1505 1151 ac
1524 1129 1711 1161 regnorum,
1733 1118 1862 1163 provin-

1111 1172 1247 1212 ciarum,
1269 1171 1486 1205 dominiorum
1503 1177 1534 1205 et
1550 1172 1727 1206 insularum
1747 1168 1866 1207 lulius-'

1110 1226 1211 1266 modi,
1243 1225 1438 1262 iuramento,
1465 1226 1712 1260 confirmatione
1732 1232 1860 1271 aposto-

1110 1279 1223 1312 stolica
1241 1279 1289 1312 vel
1309 1279 1420 1322 quan‘s
1434 1279 1587 1313 firmitate
1606 1280 1669 1313 alia
1688 1280 1858 1321 roboratis,

1108 1333 1235 1366 statutis
1258 1338 1289 1367 et
1308 1333 1609 1374 consuetudinibus,
1643 1333 1738 1367 etiam
1759 1345 1861 1378 quan-

1111 1387 1227 1420 tumvis
1246 1386 1434 1430 longissimo
1455 1393 1602 1431 tempore
1618 1387 1804 1428 observatis,
1821 1399 1861 1421 ac

1109 1440 1247 1483 legibus,
1273 1440 1368 1473 etiarn
1400 1439 1665 1484 municipalibus,
1703 1447 1734 1474 et
1763 1452 1860 1485 prag-

1110 1493 1233 1526 maticis
1263 1493 1398 1537 aliisque
1421 1493 1661 1534 sanctionibus;
1683 1494 1861 1539 privilegiis

1110 1558 1252 1591 quoque,
1275 1547 1408 1580 indultis
1428 1554 1457 1581 et
1477 1547 1592 1580 litteris
1611 1548 1806 1592 apostolicis,
1825 1559 1860 1582 e·

1110 1601 1187 1634 tiam
1212 1611 1310 1644 super
1333 1601 1484 1634 facultate
1512 1601 1671 1635 beneficia
1695 1602 1861 1646 praedicta

1111 1654 1188 1698 ipsis
1207 1654 1398 1698 alienigenis
1420 1655 1622 1696 conserendi,
1644 1666 1700 1689 seu
1733 1657 1773 1690 de
1796 1656 1861 1690 illis

1110 1708 1300 1752 providendi
1320 1713 1352 1741 et
1375 1708 1453 1741 alias
1472 1709 1718 1752 quomodolibet
1749 1710 1860 1754 dispo-

1110 1762 1220 1802 nendi,
1243 1762 1393 1806 ipsosque
1412 1762 1609 1805 alienigenas
1628 1763 1666 1796 ad
1686 1764 1857 1804 beneficia,

1111 1816 1233 1849 fructus
1253 1820 1284 1849 et
1301 1815 1473 1860 pensiones
1485 1815 1670 1849 huiusmodi
1682 1817 1860 1861 recipiendi

1111 1876 1141 1903 et
1155 1869 1358 1910 admittendi,
1368 1869 1488 1903 eisdem
1500 1869 1656 1911 ecclesiis,
1665 1870 1861 1915 illarumque

1110 1923 1314 1968 praesulibus
1341 1929 1371 1956 et
1399 1923 1568 1967 capitulis,
1586 1933 1713 1957 necnon
1738 1925 1860 1966 regnis,

1112 1976 1295 2020 provinciis,
1302 1976 1453 2009 dominiis
1463 1982 1493 2010 et
1502 1976 1616 2010 insulis
1624 1977 1795 2020 praedictis,
1809 1988 1863 2012 eo-

1111 2041 1248 2074 rumque
1268 2030 1564 2071 communitatibus,
1587 2031 1861 2071 universitatibus,

1111 2084 1311 2124 hominibus,
1333 2083 1450 2117 incolis
1469 2089 1499 2117 et
1519 2084 1678 2128 personis,
1700 2085 1760 2119 sub
1789 2085 1863 2130 qui-

1111 2137 1314 2180 buscumque
1344 2137 1511 2170 tenoribus
1530 2142 1561 2170 et
1580 2137 1701 2178 formis,
1730 2149 1769 2172 ac
1788 2149 1862 2172 cum

1112 2190 1289 2234 quibusvis,
1312 2190 1407 2223 etiam
1428 2190 1705 2234 derogatoriarum
1731 2191 1865 2236 deroga-

1114 2243 1215 2283 toi-iis,
1238 2243 1374 2286 aliisque
1393 2243 1630 2278 efficacioribus
1665 2249 1696 2278 et
1725 2244 1863 2279 insolitis

1114 2296 1277 2336 clausulis,
1299 2307 1428 2330 necnon
1451 2297 1652 2330 irritantibus
1670 2303 1702 2331 et
1719 2298 1790 2332 aliis
1809 2298 1864 2332 de-

1089 2345 1093 2356 '
1114 2350 1220 2390 cretis,
1244 2349 1338 2382 etiam
1358 2350 1421 2382 vim
1442 2350 1538 2384 validi
1569 2356 1600 2384 et
1624 2351 1767 2387 efficacis
1783 2348 1866 2385 conss·

1114 2404 1233 2431 tractus
1253 2409 1309 2432 seu
1329 2399 1437 2432 statuti
1457 2400 1607 2444 perpetui
1627 2402 1675 2434 vel
1701 2400 1780 2444 legis
1801 2400 1862 2434 ha-

1114 2447 1264 2480 bentibus
1284 2454 1314 2480 et
1334 2447 1574 2489 inducentibus,
1590 2452 1660 2493 'per
1691 2459 1862 2493 quoscum-

1115 2507 1177 2539 que
1206 2496 1367 2529 Romanos
1400 2496 1572 2530 Pontifices
1600 2498 1862 2541 praedecessores

1115 2551 1242 2580 nostros
1261 2555 1298 2578 ac
1325 2555 1384 2578 nos
1404 2551 1435 2578 et
1453 2545 1572 2579 dictam
1603 2546 1731 2588 Sedem‚
1766 2547 1860 2580 etiam

1115 2601 1217 2636 motu,
1242 2594 1376 2628 scientia
1408 2601 1441 2629 et
1466 2595 1632 2640 potestatis
1660 2595 1860 2640 plenitudine
