2059 3228
47 244 102 283 An.
120 248 150 278 C.
163 248 230 278 1587

79 528 199 550 vuenti-ie·
207 531 236 548 tn-

53 561 79 582 tin
107 560 235 587 protectoris

52 593 159 614 enunciat.

99 2459 211 2481 clausum
219 2464 257 2486 pro

73 2493 194 2519 pratentis
203 2497 258 2512 con-

74 2523 190 2544 stitutionis
204 2527 258 2549 per—

74 2556 136 2582 petuu
150 2555 257 2576 firmitate.

908 247 1012 272 SIXTUS
1036 247 1054 271 V
1079 247 1126 271 1²1³.

248 299 334 333 circa
350 309 387 332 ea
403 299 648 343 quomodolibet
659 299 841 333 necessaria
854 305 1000 342 agantur,
1019 306 1023 313 '

248 358 430 386 statuantur
466 358 494 386 et
523 352 734 394 ordinentur,
771 353 943 386 statuimus
972 358 1000 385 et

249 406 453 450 deputamus.

293 461 308 504 ἓ
333 460 364 494 8.
387 461 558 493 Praeterea
578 461 758 493 Alexandro
784 460 940 493 cardinali
966 471 1002 492 ac

249 524 309 559 pro
335 519 482 558 tempore
502 514 648 547 existenti
670 514 843 558 protectori
877 513 1003 557 praedi-

250 572 302 601 cto
326 567 481 600 lectorem
514 576 568 599 scu
592 574 755 609 regentem
788 568 1000 611 praedictum,

250 631 378 655 necnon
394 631 458 653 una
471 631 545 653 cum
568 620 638 664 ipso
659 621 780 654 lectore
801 631 855 654 seu
873 626 1003 663 regente.

251 685 459 715 oeconomos,
483 674 649 713 officiales,
679 674 862 714 advocatos,
885 684 1003 718 procu-

252 732 375 761 ratores
394 733 584 771 ceterosque
614 727 777 760 ministros
802 727 876 760 dicti
909 727 1006 760 eolle-

252 781 295 825 gii
316 781 494 825 deputandi
516 787 546 814 et
566 781 749 822 amovendi,
772 792 808 814 ac
829 782 901 814 loco
918 791 1003 813 amc»

253 835 432 869 vendorum
444 835 525 869 alios
545 835 741 876 sufficiendi,
764 845 890 868 necnon
909 846 1007 879 quae-

254 899 394 934 cumque
422 895 553 929 statuta,
587 888 808 922 ordinationes
829 895 855 921 et
878 888 1006 922 decreta

254 943 342 977 circa
361 943 506 976 eiusdem
528 943 655 987 collegii
676 943 828 986 illiusque
849 953 959 976 rerum
977 948 1005 975 et

255 997 417 1030 bonorum
429 997 649 1040 spiritualium
662 1003 694 1030 et
707 997 936 1040 temporalium
954 1007 1007 1029 cu-

256 1061 338 1090 ram,
375 1050 600 1091 directionem,
634 1050 779 1094 regimen
814 1057 843 1083 et
869 1049 1007 1083 admini-

256 1103 460 1145 strationem,
488 1114 585 1147 quam
612 1104 829 1147 collegialium
864 1103 1008 1147 praedic-

255 1163 364 1191 torum
384 1157 607 1202 receptionem
640 1164 671 1191 et
694 1157 934 1198 admissionem,
957 1168 1010 1190 eo-

257 1221 397 1255 rumque
435 1211 605 1255 qualitates
619 1239 626 1252 ,
666 1211 798 1252 victum,
839 1211 1007 1249 ainictum,

257 1265 420 1309 studiique
440 1276 573 1298 cursum
594 1275 630 1298 ac
651 1270 779 1308 tempus
800 1276 858 1308 per
877 1265 962 1309 quod
978 1265 1010 1297 in

257 1318 344 1352 dicto
365 1319 502 1362 collegio
523 1318 564 1351 ali
582 1324 612 1351 et
628 1318 790 1352 confoveri
811 1320 958 1359 debeant,
974 1330 1010 1352 ac

258 1373 337 1407 alias
355 1373 389 1406 in
414 1373 599 1417 praemissis
620 1378 648 1406 et
666 1372 749 1406 circa
771 1384 808 1406 ea
833 1373 1012 1416 quomodo·
1030 1378 1032 1393 ¹

258 1426 338 1460 libet
361 1427 543 1461 necessaria
577 1433 607 1461 et
639 1432 836 1471 opportuna,
863 1427 950 1460 licita
969 1433 1013 1460 ta·

259 1491 334 1514 men
358 1486 390 1514 et
417 1481 552 1514 honesta
576 1492 614 1514 ac
646 1480 744 1514 saeris
780 1480 959 1514 canonibus
983 1486 1014 1514 et

259 1533 390 1568 concilii
409 1534 587 1568 Tridentini
608 1534 758 1575 decretis,
780 1534 945 1578 ipsiusque
955 1534 1012 1568 Or-

260 1588 346 1622 dinis
365 1588 525 1622 Minorum
562 1588 825 1622 conventualium
857 1588 1014 1631 regulari-

261 1643 322 1676 bus
342 1642 496 1676 institutis
524 1653 590 1675 non
624 1642 797 1683 contraria,
819 1642 957 1676 faciendi
983 1647 1015 1675 ct

262 1695 392 1736 edendi,
405 1707 443 1729 ac
459 1697 526 1737 illa,
540 1696 668 1740 quoties
682 1707 740 1741 pro
757 1707 869 1729 eorum
889 1702 919 1729 et
937 1701 1016 1729 tem-

261 1760 379 1794 porum
399 1749 554 1794 qualitate
570 1750 619 1783 vel
639 1750 718 1783 alias
738 1750 913 1794 expediens
933 1750 1016 1782 vide-

261 1803 363 1844 bitur,
376 1803 582 1845 immutandi,
601 1804 799 1847 corrigendi,
813 1804 1014 1844 moderandi,

263 1857 475 1899 reformandi,
495 1857 729 1902 interpretandi
749 1869 786 1891 ac
803 1858 865 1891 alia
886 1869 922 1891 ex
938 1859 1017 1891 inte-

263 1921 322 1954 gro
342 1912 516 1953 condendi,
543 1922 627 1955 quae
652 1917 822 1956 postquam
844 1912 940 1953 edita,
960 1913 1018 1945 im-

265 1970 400 2007 mutata,
423 1971 581 2006 correcta,
600 1965 778 2007 moderata,
801 1966 974 1999 reformata
989 1971 1019 1998 et

265 2019 397 2052 condita
416 2019 547 2060 fuerint,
571 2030 609 2052 eo
634 2019 704 2063 ipso
735 2019 820 2052 dicta
843 2019 1019 2063 apostolica

266 2072 459 2106 auctoritate
488 2073 678 2106 confirmata
698 2079 730 2106 et
750 2073 928 2116 approbata
958 2073 1020 2105 siut

266 2136 304 2160 ac
333 2137 403 2160 esse
428 2133 633 2168 censeantur,
666 2132 697 2160 et
732 2128 771 2160 ab
797 2126 947 2160 omnibus
981 2127 1018 2159 ad

267 2190 349 2224 quos
367 2191 428 2225 pro
447 2186 594 2225 tempore
629 2181 799 2225 spectabit,
832 2181 928 2213 etiam
962 2180 1020 2213 sub

268 2234 383 2279 poenis
402 2234 434 2267 in
455 2235 734 2268 contravenientes
751 2234 940 2275 statuendis,
963 2234 1020 2267 ob-

268 2288 389 2321 servari
407 2288 560 2328 debeant,
590 2289 719 2332 plenam
749 2287 952 2331 liberamque
978 2288 1022 2320 sa-

269 2342 422 2375 cultatem
444 2341 655 2375 concedimus
673 2348 705 2375 et
729 2341 916 2383 elargimur.

315 2396 330 2439 ἓ
350 2395 381 2429 9.
401 2395 618 2429 Decernentes
629 2395 839 2435 erectionem,
856 2395 1021 2433 unionem,

270 2445 496 2485 annexionem,
532 2445 842 2490 incorporationem,
869 2454 1022 2487 suppres-

270 2495 409 2535 sionem,
421 2494 664 2535 extinctionem,
678 2494 937 2533 translationem,
951 2503 1024 2526 con-

270 2544 464 2585 versionem,
504 2544 802 2583 commutationem,
843 2543 1022 2582 indultum,

270 2598 438 2635 statutum,
475 2594 728 2637 deputationem,
767 2591 1022 2630 concessionem,

271 2643 457 2676 facultatem
477 2643 604 2687 aliaque
624 2641 800 2686 praemissa
818 2651 854 2674 ac
874 2650 1025 2684 praesen-

1043 304 1088 333 tes
1113 299 1243 339 litteras,
1269 299 1359 332 nullo
1385 309 1526 343 unquam
1553 304 1707 342 tempore,
1728 299 1791 332 sive

1044 363 1101 396 pro
1123 364 1159 385 eo
1184 353 1270 396 quod
1293 363 1419 393 causae,
1443 359 1576 397 propter
1604 364 1683 397 quas
1704 364 1791 386 ema-

1044 406 1187 439 naverint
1209 412 1239 439 ct
1263 408 1365 439 sactae
1397 407 1470 447 sint,
1503 417 1611 440 coram
1644 408 1790 440 locorum

1043 459 1225 500 ordinariis,
1249 461 1342 493 ctiam
1365 467 1527 504 tamquam
1550 461 1730 504 praedictae
1741 461 1793 495 Se-

1043 513 1091 546 dis
1106 513 1271 555 delegatis,
1294 515 1340 547 vei
1359 515 1434 547 alibi
1456 515 1667 554 examinatae,
1691 515 1793 548 verisi-

1044 572 1132 599 catac
1153 573 1182 600 ct
1203 569 1412 611 approbatae,
1435 580 1471 601 ac
1496 568 1665 609 ordinarii,
1696 580 1792 612 supc-

1045 620 1146 653 riores
1170 626 1200 653 et
1229 623 1377 655 monachi
1399 622 1553 666 praedicti
1575 623 1622 655 vel
1642 622 1793 666 quicum-

1045 685 1106 717 que
1136 675 1189 707 alii
1225 675 1377 709 interesse
1407 677 1561 709 babentes
1581 676 1618 708 ad
1640 676 1670 709 id
1692 676 1792 709 vocati

1047 739 1109 761 non
1130 729 1260 769 suerint,
1283 741 1341 763 nec
1362 730 1480 763 eisdem
1503 731 1687 774 praemissis
1715 741 1793 764 con-

1046 781 1216 823 senseriut,
1240 783 1301 816 sive
1322 784 1400 817 alias
1424 795 1459 816 ex
1489 783 1652 826 quibusvis
1678 784 1793 824 causis,

1046 837 1252 879 quantumvis
1287 837 1436 880 legitimis
1468 843 1499 871 ct
1532 838 1733 881 urgentibus,
1756 838 1795 871 de

1047 889 1276 933 subreptionis,
1315 891 1514 935 obreptionis
1552 892 1600 925 vel
1639 891 1796 924 nullitatis

1049 943 1122 976 vitio
1143 955 1199 977 seu
1221 945 1407 978 ibtentionis
1422 951 1560 986 nostrae,
1574 952 1627 979 aut
1644 946 1706 979 alio
1718 957 1797 990 quo-

1049 998 1093 1037 vis
1113 998 1240 1031 defectu
1261 999 1377 1039 notari,
1399 999 1593 1043 impugnari,
1617 999 1794 1040 invalidari,

1048 1052 1226 1093 retractari,
1252 1052 1284 1085 in
1309 1053 1357 1085 ius
1386 1053 1434 1085 vcl
1464 1054 1715 1086 controversiam
1746 1063 1796 1086 re—

1049 1106 1168 1144 vocari,
1189 1106 1227 1139 ad
1248 1107 1405 1140 terminos
1432 1107 1528 1146 iuris,
1559 1119 1615 1140 seu
1647 1107 1798 1140 adversus

1051 1161 1103 1193 illa
1113 1161 1421 1204 quomodocumque
1431 1161 1523 1202 iuris,
1533 1161 1654 1204 gratiae
1663 1161 1711 1194 vel
1724 1161 1796 1194 sacti

1050 1215 1229 1248 remedium
1242 1214 1419 1258 impetrari,
1428 1225 1483 1247 seu
1492 1214 1587 1247 etiam
1600 1215 1799 1248 motuscien-

1053 1269 1094 1302 tia
1114 1274 1145 1302 et
1165 1268 1540 1312 potestatisplenitudine
1553 1268 1712 1302 similibus
1724 1279 1799 1301 cou-

1052 1334 1141 1357 cesso
1166 1323 1211 1355 uti
1237 1333 1342 1366 posse,
1361 1332 1467 1366 neque
1488 1322 1547 1355 sub
1568 1322 1731 1365 quibusvis
1760 1323 1799 1355 il-

1052 1378 1156 1411 larum
1180 1388 1217 1410 ac
1242 1376 1412 1416 unionum,
1436 1376 1663 1417 annexionum,
1691 1375 1799 1410 incor-

1053 1430 1260 1475 porationum
1282 1440 1338 1463 seu
1358 1429 1494 1463 aliarum
1508 1429 1662 1462 similium
1673 1431 1722 1463 vel
1738 1430 1801 1463 dis-

1053 1484 1206 1518 similium
1228 1483 1405 1527 gratiarum
1431 1483 1701 1524 revocationibus,
1734 1495 1802 1517 sus-

1032 1575 1034 1583 2
1054 1538 1276 1583 pensionibus,
1296 1537 1554 1577 limitationibus‚
1589 1537 1801 1571 modificatio-

1054 1593 1161 1633 nibus,
1186 1592 1449 1635 derogationibus
1470 1597 1523 1624 aut
1544 1592 1614 1624 aliis
1634 1591 1803 1624 contrariis

1055 1645 1331 1690 dispositionibuS,
1349 1645 1444 1678 etiam
1465 1655 1482 1677 a
1502 1644 1594 1677 nobis
1610 1645 1658 1677 vel
1678 1655 1804 1678 sucees-

1056 1701 1182 1734 soribus
1202 1700 1318 1733 nostris
1342 1698 1493 1732 Romanis
1523 1698 1744 1739 Pontificibus,
1770 1711 1803 1733 e-

1057 1754 1131 1787 tiam
1154 1753 1185 1786 iu
1207 1752 1381 1786 crastinum
1403 1752 1631 1796 assumptionis
1660 1752 1803 1796 ipsorum

1057 1813 1281 1837 successorum
1302 1808 1488 1835 nostrorum
1509 1806 1539 1834 et
1559 1800 1731 1835 cuiuslibet
1750 1813 1804 1835 eo-

1057 1864 1130 1886 rum
1152 1853 1190 1885 ad
1222 1851 1338 1884 summi
1367 1851 1565 1894 apostolatus
1599 1851 1734 1894 apicem,
1769 1863 1806 1886 ac

1058 1903 1136 1935 alias
1166 1901 1423 1945 quomodolibet,
1456 1911 1491 1933 ac
1526 1911 1598 1933 cum
1628 1900 1803 1943 quibusvis,

1060 1953 1154 1985 ctiam
1186 1949 1463 1993 derogatoriarum
1492 1949 1724 1992 derogatoriis‚
1764 1951 1808 1983 al-

1060 2001 1175 2044 liisque
1196 1999 1434 2032 efficacioribus
1458 2005 1488 2031 et
1513 1998 1649 2031 insolitis
1678 1999 1808 2032 clausu-

1060 2051 1110 2090 lis,
1134 2049 1399 2091 irritantibusquc
1429 2054 1457 2081 et
1488 2048 1559 2081 aliis
1588 2048 1726 2081 decretis
1750 2059 1809 2092 pro

1063 2106 1205 2143 tempore
1231 2097 1398 2135 emanatis,
1431 2097 1555 2130 etiamsi
1588 2097 1627 2131 de
1661 2107 1811 2141 praesen-

1063 2149 1148 2181 tibus
1176 2147 1290 2180 litteris
1320 2157 1497 2190 earumque
1532 2151 1599 2178 toto
1634 2151 1745 2179 tenore
1773 2157 1810 2179 ac

1061 2198 1134 2230 data
1154 2195 1312 2240 specialis,
1335 2195 1485 2239 specifica
1505 2200 1536 2227 et
1556 2205 1704 2239 expressa
1722 2205 1811 2228 men-

1064 2247 1106 2279 tio
1126 2245 1199 2285 fiat,
1232 2244 1364 2277 minime
1390 2244 1643 2288 comprehendi,
1679 2244 1732 2278 sed
1771 2244 1810 2277 il-

1063 2297 1101 2328 lis
1122 2306 1157 2328 ac
1178 2293 1343 2337 quibusvis
1362 2292 1431 2325 aliis
1461 2293 1631 2326 contrariis
1659 2304 1724 2326 non
1754 2294 1812 2326 ob·

1063 2343 1231 2382 stantibus,
1258 2342 1291 2375 in
1311 2342 1376 2375 suis
1396 2342 1513 2375 robore
1535 2347 1563 2375 et
1585 2342 1728 2375 efficacia
1741 2353 1813 2386 per-

1065 2394 1192 2433 sistere:
1220 2398 1249 2425 et
1273 2391 1398 2435 quoties
1423 2391 1653 2432 revocationes,
1678 2403 1813 2436 suspen-

1064 2442 1182 2482 siones,
1195 2441 1405 2474 limitationes
1415 2441 1542 2484 aliaque
1555 2441 1716 2475 contraria
1724 2453 1815 2486 prae-

1067 2491 1150 2524 dieta
1167 2490 1375 2531 emanabunt,
1398 2491 1490 2524 toties
1510 2491 1541 2523 in
1562 2490 1734 2534 pristinum
1752 2497 1814 2525 sta-

1066 2546 1132 2573 tum
1158 2539 1315 2579 restituta,
1348 2540 1488 2583 reposita
1508 2545 1538 2572 et
1557 2539 1701 2582 plenarie
1725 2541 1813 2573 rein-

1067 2595 1187 2632 tegrata
1207 2600 1243 2622 ac
1273 2589 1313 2622 de
1341 2600 1422 2622 novo
1452 2589 1547 2622 etiam
1573 2591 1631 2623 sub
1661 2590 1733 2623 data
1758 2601 1816 2633 per

1066 2643 1293 2682 protectorem,
1311 2639 1464 2672 lectorem
1481 2649 1537 2672 seu
1557 2644 1733 2682 regentem,
1747 2639 1812 2673 col-

1682 235 1747 271 983
1803 244 1857 273 An.
1875 243 1903 272 c.
1921 243 1988 273 1587
