2059 3228
80 205 86 210 ’
121 222 124 223 ’
145 219 197 250 An.
215 221 242 249 c.
259 221 326 251 17-‹23

150 762 318 787 Fwertmontum

135 798 155 814 el
173 801 258 815 vmincn
280 802 319 817 et]-

137 826 237 846 tamdem.

385 214 449 247 tot.

342 275 512 316 lorumque
533 280 709 306 concursus
724 271 847 313 audire,
866 276 902 305 ut
918 272 956 306 de
972 283 1009 306 eo
1025 272 1087 305 sive

341 328 385 361 cis
403 335 487 360 recte
508 325 651 359 iudicare
672 325 796 369 possint
815 331 847 359 et
865 326 1001 367 valeant,
1029 327 1086 359 eli-

338 386 473 423 gantur,
501 379 675 422 iurentque
699 379 793 413 electi
812 379 872 424 ipsi
893 391 926 414 se
946 381 1014 413 solo
1034 390 1086 413 re-

336 433 465 476 ligionis
485 433 565 472 zelo,
588 432 676 466 omui
698 433 842 467 humano
861 433 978 467 affectu
998 439 1085 478 post-

336 487 452 530 posito,
475 487 547 520 illos
566 497 635 520 sese
655 487 827 528 electuros,
838 498 919 531 quos
933 488 1006 528 vita,
1020 498 1086 520 mo-

336 540 424 573 ribus
444 546 474 574 ct
497 540 643 574 doctrina
669 540 802 578 idoneos
821 552 878 574 seu
902 541 1085 579 idoneiores

335 604 372 627 ex
391 604 468 627 suae
488 594 646 638 cuiusque
662 594 878 628 conscientiae
897 594 1017 628 iudicio
1037 594 1085 627 iu-

334 647 500 681 dicabunt.

377 701 392 745 g
410 701 443 735 3.
471 701 587 735 Omnes
605 711 680 735 vero
697 707 728 736 et
746 701 865 745 singuli
885 701 925 735 de
950 700 1084 744 singulis

332 754 592 799 quibuscumque
608 754 717 789 Italiae
738 754 912 799 provinciis
932 765 988 788 seu
1007 762 1084 787 con-

331 808 573 852 gregationibus
590 809 779 852 respective,
797 808 853 853 qui
874 819 906 842 se
927 809 966 842 ad
983 808 1083 851 magi-

330 863 386 898 stri
396 874 452 898 scu
460 863 635 907 magisterii
644 864 692 896 vel
702 864 887 897 doctoratus
895 861 1082 896 huiusmodi

330 917 467 961 gradum
495 922 526 952 et
557 917 746 961 dignitatem
782 916 955 950 ascendere
987 925 1082 960 posse

331 972 506 1013 confident,
537 983 575 1005 ex
603 971 680 1015 ipsis
700 971 885 1015 quibusque
905 969 1081 1014 respective

331 1025 505 1069 provinciis
532 1035 589 1058 seu
616 1024 919 1067 congregationibus
947 1023 985 1067 (si
1006 1023 1080 1056 ade-

331 1083 431 1123 runt),
460 1079 510 1112 sin
536 1084 656 1118 autem,
684 1079 779 1111 ctiam
809 1088 846 1111 ex
873 1077 956 1117 aliis,
985 1077 1080 1109 dum-

331 1132 427 1166 modo
443 1132 653 1176 promovendi
674 1131 734 1176 ipsi
755 1131 794 1164 ad
814 1130 946 1174 aliquod
966 1140 1080 1163 mona-

329 1186 463 1220 sterium
483 1186 569 1219 illius
587 1185 785 1230 provinciae,
814 1184 847 1216 in
867 1194 930 1227 qua
947 1191 1080 1227 promo-

313 1240 422 1274 -vendi
442 1240 574 1280 fuerint,
602 1240 847 1280 transferantur,
870 1243 901 1271 et
920 1238 960 1271 ab
984 1248 1022 1271 eo
1046 1237 1079 1269 in

328 1293 412 1327 filios
435 1293 578 1336 legitime
598 1292 828 1336 suscipiantur,
851 1302 978 1326 summa
1005 1302 1079 1325 cum

329 1347 495 1390 diligentia
520 1352 550 1381 et
576 1347 758 1380 maturitate
778 1347 817 1379 ab
838 1347 949 1380 electis
968 1346 1080 1379 huius-

330 1401 417 1434 modi
437 1401 672 1440 examinentur,
692 1406 723 1433 et.
743 1400 775 1433 in
795 1410 909 1434 eorum
930 1399 1077 1433 omnium

330 1460 360 1488 et
379 1455 582 1498 singulorum
603 1454 735 1488 scientia
762 1459 793 1487 et
821 1454 967 1487 doctrina
992 1453 1078 1497 peri-

330 1509 440 1542 culum
460 1509 515 1542 fiat
534 1514 564 1542 et
583 1507 850 1552 experientia3et,
868 1513 998 1541 centum
1016 1508 1080 1540 sor-

330 1563 423 1596 matis
443 1562 617 1603 schedulis,
649 1562 870 1596 distinctiones
890 1568 920 1595 et
940 1568 1079 1606 punctos

330 1627 367 1649 ex
386 1621 526 1660 quatuor
545 1616 683 1659 Magistri
712 1615 945 1649 sententiarum
970 1616 1076 1656 libris,

328 1669 587 1714 vigintiquinque
616 1669 737 1703 scilicet
756 1680 793 1703 ex
813 1669 896 1702 libro
920 1670 1076 1712 quolibet,

330 1731 496 1767 excerptos
507 1724 758 1765 continentibus,
780 1723 908 1766 illisque
919 1724 951 1756 in
963 1734 1078 1756 urnam

329 1778 496 1819 coniectis,
511 1778 656 1821 singulae
670 1783 754 1811 sorte
769 1777 987 1818 extrahantur,
1006 1789 1078 1821 qute

329 1831 463 1875 singulis
492 1831 718 1876 promovendis
752 1831 964 1864 incontinenti
999 1832 1078 1865 assi-

328 1890 480 1929 gnentur,
495 1890 525 1918 et
540 1894 639 1928 super
654 1884 815 1917 schedulis
827 1884 905 1928 ipsis
918 1884 982 1918 sive
998 1895 1079 1928 pun-

329 1940 388 1973 ctis
407 1938 465 1972 sibi
486 1937 670 1981 assignatis,
698 1937 754 1981 qui
777 1938 858 1971 forte
878 1938 1076 1978 obvenerint,

328 1992 446 2035 singuli
466 1991 688 2036 promovendi,
714 1990 967 2034 vigintiquatuor
985 1992 1079 2024 hora-

329 2056 403 2079 rum
423 2046 537 2089 spatio‚
564 2045 598 2078 in
623 2044 804 2089 praesentia
824 2044 976 2086 duorum,
999 2044 1078 2077 sicut

329 2099 559 2143 praemittitur,
590 2100 767 2132 electorum
794 2103 825 2131 et
853 2097 992 2131 aliorum
1021 2098 1078 2131 do-

331 2159 457 2186 ctorum
495 2153 637 2186 virorum
679 2164 716 2186 ac
758 2157 886 2196 patrum
918 2151 1078 2185 vocalium

332 2207 433 2250 ipsius
452 2206 585 2251 capituli
605 2205 820 2250 provincialis,
842 2205 1025 2246 lectionem,
1045 2211 1080 2238 ut

333 2265 458 2300 vocant,
474 2260 698 2294 scholasticam
718 2259 836 2302 legere,
856 2264 887 2292 et
902 2269 939 2292 ex
953 2269 990 2292 ca
1005 2269 1080 2292 con-

333 2313 492 2346 clusiones
512 2325 569 2347 suo
590 2313 721 2346 arbitrio
739 2313 946 2356 disputandas
963 2317 1079 2356 propo—

333 2376 422 2407 nere,
447 2372 478 2400 et
497 2372 609 2400 contra
630 2366 713 2410 ipsos
740 2376 850 2399 omnes
871 2371 902 2398 et
921 2365 1077 2408 singulos,

332 2420 414 2453 sicut
428 2421 608 2463 praefertur,
625 2420 769 2463 legentes
784 2426 815 2453 et.
830 2419 1077 2459 substentantes,

334 2468 476 2511 magistri
488 2469 646 2511 graduati,
659 2469 704 2502 sic
719 2474 752 2501 ut
767 2468 955 2511 praesertur,
974 2468 1077 2507 electi,

333 2527 389 2550 seu
410 2517 487 2549 alias
508 2524 702 2561 praesentes,
722 2518 834 2550 saltem
846 2523 919 2558 tres,
937 2517 1080 2559 magistri

333 2576 469 2609 arguere
489 2572 519 2598 et
539 2567 758 2600 contradicere
779 2572 958 2600 teneantur.
981 2566 1018 2599 Et
1035 2566 1080 2598 in-

934 219 1113 245 BULLARIUM
1133 218 1284 242 ROMANUM

1129 281 1255 313 cursus,
1278 275 1312 304 ut
1328 270 1400 315 quis
1415 281 1527 306 eorum
1544 272 1606 307 atio
1619 283 1674 308 seu
1691 274 1761 308 aliis
1776 274 1876 317 magis

1129 325 1264 358 idoneus
1282 329 1429 369 repertus
1449 325 1556 367 suerit,
1576 326 1646 359 aliis
1671 326 1872 370 posthabitis,

1128 378 1347 421 praeferatur3
1371 378 1572 412 examinibus
1589 390 1664 415 vero
1684 386 1715 413 et
1736 391 1874 417 concur·

1127 432 1213 465 sibus
1234 432 1368 475 singulis
1395 432 1428 465 in
1452 433 1519 466 suis
1538 433 1720 477 quibusque
1745 435 1874 477 provin-

1127 486 1262 519 cialibus
1291 486 1440 530 capitulis
1469 487 1566 526 modo
1596 492 1626 520 et
1653 487 1757 520 forma
1779 498 1874 532 prae-

1127 540 1231 573 missis
1259 539 1425 583 pcrfectis,
1455 550 1567 574 omnes
1595 546 1626 573 et
1653 540 1788 584 singuli,
1818 541 1874 584 qui

1126 592 1327 626 examinibus
1355 599 1386 626 et
1415 593 1627 627 concursibus
1661 593 1760 638 ipsis,
1791 592 1874 627 sicut

1127 646 1307 689 praefertur
1320 673 1328 687 ,
1365 647 1456 680 electi
1488 647 1708 691 praefuerint,
1743 647 1874 691 praevio

1125 710 1239 733 eorum
1263 705 1294 733 et
1314 700 1487 734 cuiuslibet
1507 700 1652 744 ipsorum
1672 700 1869 742 iuramento,

1124 753 1242 796 singuli
1262 764 1321 798 pro
1342 754 1408 788 suis
1431 754 1638 788 conscientiis
1653 755 1758 788 solum
1770 754 1872 788 Deum

1124 812 1154 840 et
1174 807 1338 850 religionis
1372 807 1564 841 christianae
1588 808 1772 852 profectum
1795 817 1873 851 prae

1123 861 1226 893 oculis
1241 861 1409 902 habentes,
1426 861 1515 894 omni
1533 867 1565 895 et
1583 872 1792 905 quocumque
1806 861 1871 894 alio

1123 914 1239 948 affectu
1252 915 1442 959 postposito,
1459 925 1540 959 quos
1556 915 1691 948 idoneos
1701 925 1758 948 seu
1770 914 1872 958 magis

1122 967 1255 1001 idoneos
1270 968 1502 1013 reputaverint,
1525 968 1558 1001 in
1577 968 1731 1002 schedula
1756 978 1870 1002 eorum

1121 1026 1152 1054 et
1163 1021 1335 1055 cuiuslibet
1347 1029 1473 1062 eorum,
1488 1021 1621 1066 propria
1637 1032 1736 1055 manu
1751 1021 1872 1066 scripta

1121 1085 1178 1107 seu
1197 1075 1391 1119 subscripta,
1413 1076 1580 1115 adnotare,
1602 1080 1633 1109 et
1651 1075 1753 1119 priori
1772 1085 1871 1119 gene-

1121 1127 1181 1161 rali
1198 1128 1231 1161 in
1245 1129 1387 1172 generali
1404 1129 1546 1173 capitulo
1561 1129 1707 1173 quolibet
1719 1129 1871 1163 sexennio

1121 1182 1276 1215 celebrari
1297 1183 1390 1216 solito
1403 1210 1411 1224 ,
1441 1194 1551 1216 coram
1571 1183 1794 1217 definitoribus
1813 1194 1871 1218 seu

1120 1235 1233 1268 maiori
1248 1236 1378 1270 illorum
1390 1243 1494 1282 parte,
1504 1238 1574 1271 etin
1589 1237 1660 1283 ipso
1672 1237 1867 1279 definitorio,

1120 1294 1150 1322 et
1170 1300 1235 1323 non
1255 1291 1343 1331 aiibi,
1365 1291 1425 1324 sub
1445 1301 1549 1335 poena
1565 1291 1871 1326 excommunicatio-

1120 1344 1180 1384 nis,
1203 1350 1411 1388 praesentare
1432 1345 1605 1378 curabunt.

1163 1398 1178 1441 g
1207 1397 1239 1430 li.
1271 1397 1314 1430 Ex
1340 1397 1417 1441 ipsis
1437 1403 1557 1439 autem,
1580 1398 1677 1432 modo
1709 1404 1741 1432 et
1765 1399 1870 1434 forma

1119 1450 1313 1495 praemissis„
1329 1456 1360 1484 et
1375 1451 1509 1494 singulis
1528 1452 1701 1496 provinciis
1720 1463 1776 1487 seu
1793 1463 1870 1488 con·
1894 1443 1899 1447 ⁵

1119 1504 1370 1547 gregationibUS,
1399 1505 1509 1539 electis
1540 1506 1727 1540 examinatis
1754 1512 1785 1541 et
1807 1518 1868 1553 pro

1120 1559 1244 1592 idoneis
1269 1569 1326 1592 seu
1355 1559 1456 1602 magis
1483 1559 1608 1593 ido’neis
1632 1562 1819 1605 approbatis
1837 1567 1869 1597 et

1119 1613 1267 1657 receptis,
1290 1613 1380 1657 prior
1398 1613 1556 1657 generalis
1573 1625 1632 1658 pro
1648 1620 1795 1660 tempore
1806 1616 1869 1650 exi-

1119 1672 1216 1708 stens,
1232 1666 1264 1699 in
1280 1667 1352 1700 loco
1365 1667 1434 1710 ipso
1448 1667 1635 1709 definitorii,
1651 1674 1683 1702 et
1696 1679 1761 1703 non
1776 1669 1866 1711 alibi,

1119 1726 1150 1753 et
1173 1729 1283 1754 coram
1311 1721 1387 1764 ipsis
1416 1720 1641 1755 definitoribus
1669 1733 1726 1756 seu
1753 1723 1868 1757 maiori

1119 1774 1250 1807 illorum
1270 1780 1372 1818 parte,
1390 1774 1470 1808 duos
1479 1780 1582 1808 etnon
1599 1776 1719 1819 plures,
1733 1776 1869 1821 singulis

1119 1838 1171 1861 sex
1191 1827 1294 1869 annis,
1317 1834 1347 1861 et
1368 1828 1400 1861 in
1420 1828 1561 1871 generali
1585 1829 1726 1873 capitulo
1746 1840 1784 1864 ex
1801 1831 1868 1864 sin-

1118 1881 1202 1925 gulis
1226 1881 1334 1914 Italiae
1360 1881 1534 1925 provinciis
1560 1893 1617 1916 seu
1643 1885 1868 1927 congregatio-

1119 1935 1214 1967 nibus
1233 1935 1364 1978 eligere,
1387 1935 1524 1979 illosque
1543 1935 1576 1968 in
1595 1946 1686 1970 sacra
1705 1937 1868 1982 theologia

1119 1988 1286 2031 magistros
1311 1988 1375 2022 sive
1399 1989 1547 2022 doctores
1567 2000 1678 2024 creare
1697 1996 1729 2024 et
1747 1991 1865 2033 facere,

1119 2042 1309 2075 auctoritate
1328 2047 1438 2075 nostra
1456 2043 1558 2086 possit
1572 2049 1603 2076 et
1618 2044 1740 2085 valeat3
1755 2044 1868 2090 sicque

1119 2101 1177 2139 per
1201 2096 1306 2140 ipsum
1332 2095 1475 2139 priorem
1502 2097 1685 2139 generalem
1711 2098 1868 2144 assumpti

1119 2154 1150 2182 et
1170 2150 1321 2193 promoti,
1344 2149 1378 2182 in
1395 2149 1462 2194 ipsa
1481 2160 1571 2184 sacra
1587 2150 1748 2195 theologia
1767 2151 1868 2196 magi-

1119 2203 1175 2236 stri
1190 2214 1263 2237 vere
1277 2208 1306 2236 et
1319 2204 1459 2245 realiter,
1472 2204 1605 2248 ubique,
1620 2212 1685 2238 tam
1696 2209 1762 2239 tota
1777 2205 1868 2240 Italia

1119 2263 1217 2300 quarn
1244 2262 1331 2290 extra
1351 2257 1384 2290 in
1404 2267 1610 2302 quacumque
1633 2257 1800 2302 provincia
1816 2259 1868 2294 vel

1120 2311 1389 2354 congregatione,
1427 2317 1620 2345 censeantur
1648 2319 1678 2346 et
1711 2311 1865 2355 existant,

1120 2365 1334 2408 omnibusque
1350 2371 1381 2398 et
1394 2364 1528 2408 singulis
1542 2365 1662 2409 gratiis,
1679 2365 1865 2410 privilegiis,

1120 2418 1388 2461 exemptionibus,
1406 2419 1659 2463 praeeminentiis
1673 2424 1704 2453 et
1718 2419 1866 2464 superio-

1121 2467 1280 2507 sitatibus,
1298 2474 1360 2501 tam
1381 2479 1399 2501 a
1418 2468 1488 2502 iure
1509 2469 1674 2502 communi
1690 2479 1786 2513 quam
1806 2474 1868 2502 sta-

1122 2517 1195 2550 tutis
1215 2523 1246 2550 et
1265 2518 1554 2551 consuetudinibus
1573 2517 1699 2552 Ordinis
1718 2517 1813 2551 vestri
1834 2517 1866 2551 in

1121 2577 1211 2600 sacra
1241 2567 1402 2610 theologia
1434 2567 1592 2610 magistris
1622 2572 1653 2601 et
1679 2565 1867 2601 doctoribus

332 2625 430 2660 Super
458 2614 541 2649 inter
569 2616 804 2660 promovendos
824 2615 909 2662 ipsos
927 2615 983 2652 siat
1003 2625 1079 2650 con·
1122 2616 1283 2650 concessis
1308 2622 1339 2650 et
1363 2616 1494 2651 indultis
1507 2642 1515 2657 ,
1535 2621 1565 2649 et
1583 2615 1701 2660 quibus
1720 2614 1773 2649 alii
1792 2615 1867 2660 qui·

1886 199 1947 262 «2412
