2059 3228
390 248 452 282 410

340 308 426 342 stet-ii
439 308 538 341 nostri
551 313 667 353 partes,
679 314 775 353 prout
790 315 1009 355 opportunum
1026 312 1094 346 sore

341 362 571 406 conspicimus,
592 363 788 407 propensius
807 364 1024 409 impartimur.

383 416 397 458 g
417 416 448 448 ¹1.
467 415 549 448 Sane
561 426 620 460 pro
631 422 720 460 parte
731 417 839 452 dilecti
848 419 905 452 filii
917 419 1093 453 Cherubini

115 496 117 498 .
148 470 327 524 Potitiolfbbttiff
339 468 378 501 de
394 468 598 511 Lendinaria,
616 469 738 504 abbatis
753 473 912 514 generalis
923 474 1020 507 totius
1034 473 1091 507 Or-

140 508 325 568 {ssZZJT'c'JmiSl-
337 521 420 555 dinis
434 522 736 567 et'congregationis
755 525 1020 569 Camaldulensis,
1035 539 1092 562 no-

139 564 213 586 ¹²¹¹³¹⁸'
336 575 386 608 his
395 585 501 620 nuper
516 577 654 611 exhibita
669 579 781 622 petitio
799 580 980 615 continebat
996 582 1092 625 quod,

336 640 411 663 cum
430 629 537 663 Sancti
549 631 671 665 Nicolai
692 632 725 665 in
743 633 942 669 Fortioribus
953 635 991 668 de
1008 635 1092 668 Urbe

337 688 369 716 et
395 683 529 718 Sanctae
551 684 662 719 Crucis
683 686 918 731 Euguhinensis
937 694 965 722 et
986 689 1092 722 Sancti

335 735 482 770 Damiani
497 736 709 774 Bononiensis
725 742 919 774 monasteria
937 752 993 776 seu
1004 742 1092 786 prio-

335 790 559 825 ratusOrdinis
568 798 599 825 et
618 794 878 837 congregationis
893 795 1092 836 huiusmodi,

335 854 476 888 quorum
495 846 645 889 regimini
666 852 697 880 et
716 847 1092 882 administrationiabba-

335 902 383 931 tes
393 907 451 931 seu
464 898 589 942 priores
600 911 659 944 pro
672 905 770 945 temp.
785 902 964 943 existentes,
973 914 1032 947 per
1041 914 1093 945 ge-

336 952 493 994 neralem,
515 952 694 987 visitatores
715 960 744 987 et
769 955 958 990 diffinitores
989 956 1092 990 dictae

338 1006 597 1049 congregationis
616 1008 649 1040 in
669 1008 756 1042 illius
789 1009 929 1053 capitulo
950 1011 1092 1052 generali

335 1059 429 1092 annis
453 1059 588 1103 singulis
604 1088 611 1102 ‚
633 1061 720 1094 iuxta
737 1062 806 1095 eius
826 1068 942 1096 statuta
962 1070 991 1096 et
1021 1064 1091 1097 lau-

336 1112 459 1147 dabiles
478 1115 742 1156 consuetudines,
774 1116 847 1160 eligi
879 1117 976 1155 soliti,
999 1128 1091 1161 prae-

336 1177 405 1200 esse
415 1167 699 1210 dignoscebantur,
717 1174 746 1202 ot
767 1179 850 1212 quae
866 1180 921 1203 seu
939 1171 995 1214 qui
1007 1177 1092 1214 post-

335 1221 483 1262 modum,
504 1221 714 1266 dignitatibus
729 1223 942 1257 abbatialibus
952 1234 1008 1257 seu
1028 1225 1093 1269 pri-

335 1275 477 1308 oratibus
488 1275 572 1309 ineis
588 1282 745 1320 perpetuo
757 1277 937 1321 suppressis
950 1284 980 1311 et
995 1278 1092 1312 extin-

336 1328 407 1369 ctis,
424 1328 532 1362 Sancti
550 1329 674 1363 Nicolai
693 1331 742 1364 vel
762 1331 870 1364 Sancti
898 1331 1042 1375 Gregorii
1058 1345 1092 1367 e-

335 1381 413 1415 tiam
424 1382 463 1415 de
474 1382 572 1423 Urbe,
591 1394 718 1417 necnon
736 1385 871 1418 Sanctae
886 1384 1006 1426 Crucis,
1017 1387 1092 1421 Bea-

334 1439 386 1469 tae
406 1436 524 1470 Mariae
535 1438 732 1480 Angelorum
752 1438 952 1472 Pisaurensis
964 1445 995 1473 et
1012 1441 1092 1477 San-

336 1489 378 1523 cti
397 1489 542 1523 Damiani
562 1491 757 1525 monasteria
776 1503 832 1526 seu
849 1493 1010 1536 prioratus
1030 1494 1091 1528 hu-

335 1542 475 1576 iusmodi
498 1543 605 1577 Sancti
620 1545 748 1578 Ioannis
765 1545 926 1590 Baptistae
945 1547 1091 1581 Faventi-

335 1596 444 1630 nensis
455 1598 648 1631 monasterio
666 1599 810 1632 eiusdem
827 1599 954 1634 Ordinis
968 1606 998 1634 et
1013 1612 1092 1635 con-

337 1651 544 1694 gregationis,
564 1652 741 1695 apostolica
759 1653 961 1694 auctoritate,
978 1665 1092 1698 perpe-

336 1707 394 1737 tuo
413 1704 514 1746 unita,
534 1715 657 1738 annexa
666 1711 696 1738 et
716 1706 934 1750 incorporata,
955 1708 1092 1741 seuillo-

336 1767 411 1791 rum
430 1758 527 1800 bona,
545 1759 681 1799 fruc-tus,
703 1759 847 1793 redditus
867 1766 898 1793 et
918 1767 1092 1804 proventus

336 1811 469 1844 eiisdem
493 1811 601 1845 Sancti
622 1813 766 1855 Gregorii
782 1824 819 1847 ae
839 1814 952 1848 Beatae
974 1815 1091 1849 Mariae

335 1864 533 1908 Angelorum
554 1871 585 1898 et
597 1866 704 1899 Sancti
716 1867 843 1900 loannis
853 1867 1013 1912 Baptistae
1026 1880 1093 1903 mo·

335 1919 484 1952 nasteriis
503 1919 662 1964 applicata
682 1925 712 1953 et
727 1921 935 1965 appropriata
946 1922 1090 1964 suerunt,

336 1982 374 2004 ex
393 1972 604 2016 propriorum
625 1973 777 2006 abbatum
795 1985 851 2007 seu
871 1974 1017 2018 priorum
1039 1976 1093 2009 de-

336 2027 436 2066 fectu,
458 2037 523 2060 non
544 2038 640 2071 parva
660 2027 692 2060 in
715 2027 938 2072 spiritualibus
959 2035 988 2062 et
1008 2035 1091 2062 tem-

335 2080 501 2123 poralibus
521 2072 726 2121 detrimenta,
745 2081 909 2125 divinique
931 2083 1038 2115 cultus
1062 2088 1093 2116 et

336 2133 493 2175 regularis
503 2133 660 2167 essentiae
671 2134 885 2168 diminutione
905 2135 1023 2169 sensim
1038 2146 1092 2179 pa-

336 2185 469 2227 tiantur,
492 2197 586 2220 acex
605 2187 783 2221 unionibus
792 2199 848 2222 seu
865 2189 1091 2233 applicationi-

337 2238 397 2272 bus
417 2240 603 2273 huiusmodi
637 2241 761 2274 fructus
785 2251 989 2285 nequaquam
1014 2252 1091 2285 pro-

337 2293 495 2333 venerint‚
517 2294 755 2339 expediensque
782 2294 834 2336 sit,
864 2306 924 2339 pro
958 2295 1091 2328 illorum

339 2345 459 2379 salubri
489 2353 519 2379 et
547 2347 683 2380 feliciori
711 2347 898 2389 directione,
926 2348 1092 2392 religionis

143 253 186 282 An
210 254 238 284 C.
262 255 327 285 1583

341 2400 580 2434 conservatione
592 2407 623 2434 et
637 2402 881 2446 propagatione,
895 2412 932 2435 ac
944 2401 1093 2446 spiritua-

339 2450 418 2483 lium
453 2459 483 2484 ct
519 2454 745 2497 temporalium
782 2454 1001 2496 incremento,
1036 2462 1090 2496 ut,

339 2499 526 2541 unionibus,
549 2502 781 2536 :innexionibus
801 2510 831 2536 et
856 2503 1092 2548 incorporatio·
1110 2486 1114 2543 Ι

338 2547 435 2581 nibus
454 2559 510 2582 seu
531 2551 801 2594 applicationibus
821 2554 1093 2597 etappropriatio—
1110 2548 1115 2577 ἱ

339 2596 436 2630 nibus
454 2599 627 2641 praedictis
643 2606 802 2644 perpetuo
822 2601 996 2643 dissolutis,
1021 2612 1091 2636 mo-

340 2644 478 2679 nasteria
498 2656 555 2680 seu
575 2647 737 2691 prioratus
756 2648 864 2683 Sancti
882 2650 1003 2684 Nicolai
1019 2661 1093 2685 nec-

939 258 1118 284 armatum
1137 257 1288 283 nonstNt'u

1135 322 1201 344 non
1235 311 1368 344 Sanctae
1398 309 1509 343 Crucis
1541 319 1577 342 ac
1609 308 1715 342 Sancti
1739 307 1886 345 Damiani

1135 363 1322 398 huiusmodi
1343 374 1402 408 per
1425 362 1573 407 proprios
1593 362 1723 396 abbates
1746 373 1802 395 seu
1818 362 1886 407 pri-

1135 429 1219 458 ores,
1247 422 1281 450 ut
1306 417 1488 461 praefertur
1511 415 1686 460 eligendOS,
1714 416 1753 449 de
1778 421 1887 450 cetero

1135 477 1301 513 regantur,
1324 470 1547 513 gubernentur
1565 474 1595 502 et
1607 469 1885 503 administrentur.

1180 526 1194 568 ξ
1211 525 1240 557 2.
1265 524 1410 567 Cumque
1421 523 1500 556 alias
1517 523 1624 556 Sancti
1644 523 1768 556 Martini
1784 534 1887 568 prope

1135 584 1163 611 et
1190 584 1277 611 extra
1297 578 1442 612 Castrum
1463 577 1501 610 de
1530 577 1630 609 Domo
1651 581 1683 609 et
1701 576 1809 610 Sancti
1831 577 1887 610 Ni-

1136 632 1217 666 colai
1233 632 1332 665 Castri
1353 631 1402 664 del
1416 631 1496 664 Ριῗιύ
1508 631 1662 664 ecclesiae
1680 641 1736 664 seu
1755 631 1887 676 cappel-

1134 687 1183 719 lae
1194 686 1261 719 sine
1275 696 1363 725 cura,
1372 696 1446 718 rum
1462 684 1526 718 illis
1536 684 1679 726 annexis,
1693 684 1887 720 monasterio

1134 740 1325 773 Sanctorum
1342 739 1512 772 Salvatoris
1531 738 1737 772 etRomuaidi
1751 738 1791 771 de
1800 738 1888 772 Valle

1134 793 1234 827 Castri
1256 793 1399 827 eiusdem
1420 792 1547 826 Ordinis
1567 797 1598 826 et
1617 792 1886 836 congregationis,

1134 846 1369 880 Camerinensis
1385 846 1550 887 dioecesis,
1581 846 1666 879 dicta
1683 845 1886 888 auctoritate,

1135 900 1229 933 etiam
1250 906 1406 944 perpetuo
1422 899 1531 933 unitae
1542 899 1674 941 fuerint,
1696 899 1722 933 si
1734 898 1887 933 ecclesiae

1134 964 1191 986 seu
1209 954 1375 998 cappellae
1396 953 1578 998 praedictae
1599 953 1639 986 ab
1668 953 1782 987 eodem
1815 963 1886 986 mo-

1133 1007 1274 1040 nasterio
1299 1007 1492 1041 Sanctorum
1519 1006 1691 1040 Salvatoris
1709 1011 1742 1040 et
1764 1005 1889 1040 Romu-·

1134 1061 1210 1101 aldi,
1232 1061 1319 1104 quod
1339 1061 1573 1095 sufficientibus
1602 1060 1793 1101 redditibus,
1814 1059 1887 1094 abs-

1133 1124 1196 1158 que
1216 1114 1427 1147 ecclesiarum
1448 1125 1504 1147 seu
1525 1115 1746 1159 cappellarum
1760 1114 1888 1159 praedi-

1134 1173 1259 1200 ctarum
1274 1167 1443 1208 fructibus,
1462 1167 1643 1202 redditibus
1663 1173 1695 1202 et
1721 1168 1886 1213 proventi-

1134 1222 1206 1262 bus,
1228 1221 1397 1255 suffultum
1418 1221 1514 1255 modo
1535 1222 1649 1263 existit,
1667 1222 1762 1255 etiam
1772 1232 1887 1266 perpe·

1133 1282 1189 1308 tuo
1206 1275 1469 1316 dissolverentur,
1490 1275 1628 1319 illaeque
1648 1275 1694 1309 sic
1713 1274 1887 1309 dissolutae

1135 1328 1330 1362 monasterio
1350 1339 1407 1362 seu
1440 1329 1599 1373 prioratui
1633 1328 1742 1363 Sancti
1764 1328 1886 1363 Nicolai

1133 1382 1330 1424 huiusmodi,
1351 1382 1443 1416 euius
1456 1383 1591 1423 fructus,
1615 1382 1758 1416 redditus
1768 1388 1800 1416 et
1808 1391 1886 1428 pro-

1133 1442 1247 1470 ventus
1271 1437 1350 1470 adeo
1376 1442 1488 1470 tenues
1512 1436 1662 1478 existunt,
1689 1441 1726 1470 ut
1743 1437 1784 1471 ad
1806 1445 1885 1471 con-

1132 1502 1247 1534 gruam
1266 1491 1529 1528 sustentationem
1541 1490 1778 1525 monachorum
1796 1490 1831 1524 in
1845 1501 1885 1526 eo

1133 1545 1252 1588 iugiter
1283 1545 1468 1588 degentium
1496 1545 1681 1578 nullatenus
1710 1545 1882 1587 sufficiant,
1925 1591 1928 1594 ἢ
1970 1551 1975 1558 ·

1133 1605 1291 1643 perpetuo
1313 1599 1496 1639 unirentur,
1518 1602 1770 1632 annecterentur
1786 1604 1820 1632 et.
1836 1598 1886 1632 in-

1134 1657 1397 1696 corporarentur,
1419 1663 1457 1685 ex
1486 1653 1549 1685 hoc
1568 1651 1713 1695 profecto
1743 1651 1884 1687 necessi-

1133 1704 1251 1738 tatibus
1269 1705 1506 1739 monachorum
1522 1704 1667 1739 eiusdem
1687 1715 1753 1739 non
1767 1715 1884 1750 pamm

1133 1759 1368 1799 subveniretur,
1383 1759 1437 1792 sed
1453 1759 1549 1792 etiam
1566 1758 1698 1793 illorum
1717 1769 1885 1801 numerus,

1134 1823 1170 1845 ac
1190 1812 1234 1845 ibi
1253 1812 1378 1846 divinus
1398 1812 1517 1853 cultus,
1539 1823 1613 1846 curn
1628 1811 1756 1847 Ordinis
1768 1812 1884 1847 huius—

1133 1865 1221 1898 modi
1241 1866 1370 1907 decore,
1386 1866 1426 1899 ad
1436 1865 1665 1910 omnipotentis
1679 1866 1735 1900 Dei
1755 1865 1884 1900 laudem

1133 1925 1329 1962 augeretur,
1348 1930 1408 1964 pro
1423 1924 1514 1963 parte
1533 1919 1607 1953 dicti
1632 1918 1808 1954 Cherubini
1826 1919 1884 1953 ab·

1132 1973 1225 2013 batis,
1248 1973 1560 2013 asserentisfructus,
1572 1972 1729 2015 redditus,
1745 1984 1883 2018 proven·

1132 2031 1183 2059 tus.
1194 2027 1352 2060 dictarum
1361 2027 1570 2060 ecclesiarum
1585 2037 1642 2060 seu
1663 2027 1883 2072 cappellarum

1133 2080 1264 2113 insimul
1293 2085 1422 2113 centurn
1453 2080 1646 2114 ducatorum
1673 2081 1744 2113 auri
1764 2080 1803 2114 de
1823 2080 1883 2115 Ca-

1134 2144 1222 2166 mera
1241 2135 1382 2167 valorem
1400 2144 1545 2167 annuum
1559 2144 1624 2168 non
1643 2134 1810 2176 excedere,
1826 2145 1884 2175 no-
1930 2166 1938 2177 ,

1133 2187 1182 2219 bis
1212 2187 1380 2220 humiliter
1414 2187 1474 2220 suit
1506 2187 1725 2231 supplicatum
1750 2193 1786 2222 ut
1811 2189 1883 2222 om·
1908 2183 1911 2185 Α

1134 2251 1190 2273 nes
1218 2247 1249 2274 et
1281 2241 1424 2284 singulas
1450 2241 1598 2282 uniones,
1620 2241 1816 2275 annexiones
1851 2246 1883 2276 et

1133 2294 1427 2338 incorporationes,
1460 2305 1518 2328 seu
1554 2294 1743 2328 eorumdem
1775 2293 1882 2328 Sancti

1132 2347 1254 2380 Nicolai
1267 2352 1297 2380 et
1308 2348 1441 2381 Sanctae
1453 2348 1562 2382 Crucis
1573 2359 1611 2382 ac
1620 2348 1728 2382 Sancti
1736 2348 1881 2382 Damiani

1134 2401 1403 2434 monasteriorum
1423 2412 1480 2435 seu
1499 2401 1702 2445 prioratuum
1717 2402 1880 2434 fructuum

1133 2455 1365 2498 applicationes
1403 2461 1434 2488 et
1470 2455 1750 2500 appropriationes
1783 2455 1880 2488 t'actas

1133 2503 1314 2547 praedictas
1327 2509 1484 2547 perpetuo
1495 2504 1680 2545 dissolvere,
1691 2509 1722 2537 et
1737 2514 1792 2538 seu
1802 2503 1880 2537 San-

1134 2553 1174 2586 cti
1208 2553 1329 2586 Nicolai
1354 2559 1385 2586 et
1417 2553 1553 2587 Sanctae
1578 2552 1691 2586 Crucis
1719 2558 1747 2586 et
1771 2552 1880 2586 Sancti

1132 2601 1277 2634 Damiani
1293 2602 1488 2635 monasteria
1506 2601 1880 2646 se11p1·toratus‚11ec.non
1905 2629 1911 2639 .

1133 2650 1285 2684 ecclesias
1305 2661 1361 2683 seu
1388 2651 1550 2694 cappellas
1568 2650 1746 2694 praedictus
1771 2660 1788 2684 a
1813 2650 1878 2683 siu-

1901 247 1977 282 Am<
2009 270 2013 283 ,ι

1915 533 2005 560 Pem‘j:

1902 565 1946 586 tina
1965 592 1967 594 Ι
