2059 3228
138 255 187 285 An.
205 255 232 283 C.
251 255 317 283 1570

374 246 437 279 ‚⁶318

331 308 391 341 cati
412 307 574 339 dumtaxat
597 303 731 343 tollitur,
753 306 784 336 et
802 301 1017 335 ministerium
1026 310 1071 333 sa-

331 360 495 393 cerdotum
521 358 626 390 solum
645 356 760 389 liberat
779 366 797 388 a
820 360 921 388 reatu.

375 410 474 444 LVIII.
496 409 648 442 Peccator
665 408 834 452 poenitens
857 417 922 440 non
936 405 1074 439 vivifica-

333 472 384 497 tur
399 462 573 496 ministerio
597 461 770 495 sacerdotis
789 460 979 493 absolventis
991 485 999 500 ,
1018 459 1073 492 sed

332 529 349 550 a
369 517 436 550 solo
456 516 532 557 Deo,
554 515 620 559 qui,
652 514 879 559 poenitentiam
900 523 1074 556 suggerens

332 576 362 603 et
381 570 553 614 inspirans,
574 568 710 602 vivificat
741 578 814 601 eum
840 573 870 600 et
889 566 1072 605 resuscitat3

333 623 511 656 ministerio
530 628 638 655 autem
662 621 835 654 sacerdotis
854 621 941 653 solus
969 624 1076 653 reatus

334 677 467 710 tollitur.

377 729 451 762 le.
486 726 620 768 Quando
651 737 709 771 per
733 727 967 770 eleemosynam
997 731 1074 758 atia-

333 793 396 827 quc
430 782 559 826 pietatis
577 791 675 825 opera
693 781 758 813 Deo
777 778 989 812 satisfacimus
1016 788 1075 822 pro

334 836 448 880 poenis
466 834 719 878 temporalibus,
744 843 810 866 non
843 833 977 875 dignum
1006 841 1077 874 pre-

335 890 414 922 tium
433 889 497 922 Deo
503 898 562 932 pro
571 887 709 932 peccatis
719 886 836 920 nostris
848 885 1025 925 offerimus,
1037 884 1079 917 si-

335 948 389 976 cut
408 941 540 985 quidam
559 946 703 974 errantes
722 943 982 978 autumant,nam
998 937 1078 970 alio-

336 996 416 1039 quin
449 1005 591 1028 essemus
611 994 722 1027 saltem
743 992 849 1035 aliqua
865 1002 901 1024 ex
921 996 1011 1034 parte
1029 1001 1079 1023 re-

337 1049 541 1092 demptores;
562 1047 617 1080 sed
636 1046 760 1089 aliquid
779 1045 914 1077 facimus
926 1043 1080 1077 cuiusin-

337 1103 420 1135 tuitu
439 1101 555 1135 Christi
580 1100 751 1134 satisfactio
780 1097 872 1131 nobis
899 1097 1081 1141 applicatur

337 1161 368 1188 ct
387 1154 658 1188 communicatur.

381 1208 441 1241 LX.
468 1208 528 1240 Per
543 1207 707 1250 passiones
717 1210 900 1238 sanctorum
913 1203 1082 1246 indulgen-

338 1262 390 1294 tiis
409 1260 661 1294 communicatas
680 1269 745 1291 non
769 1257 899 1302 proprie
919 1256 1083 1289 redimun-

340 1321 392 1348 tur
419 1319 528 1347 nostra
556 1313 682 1351 delicta,
710 1311 765 1345 sed
797 1321 855 1355 per
879 1309 1083 1344 communio-

340 1379 414 1401 nem
446 1367 609 1400 charitatis
642 1366 734 1399 nobis
769 1374 883 1398 eorum
918 1363 1084 1408 passiones

341 1421 583 1465 impartiuntur,
611 1425 645 1452 ut
664 1418 753 1462 digni
772 1418 883 1458 simus,
905 1416 962 1460 qui
980 1416 1085 1460 pretio

341 1474 513 1517 Sanguinis
540 1473 655 1507 Christi
675 1483 693 1505 a
722 1471 835 1516 poenis
860 1480 919 1515 pro
945 1469 1085 1514 peccatis

342 1527 457 1561 debitis
477 1526 665 1560 liberemur.

386 1581 460 1614 LXI.
482 1579 623 1613 Celebris
642 1579 697 1612 illa
716 1578 887 1612 doctorum
914 1577 1087 1616 distinctio,

343 1634 468 1667 divinae
498 1633 576 1675 legis
601 1632 749 1665 mandata
772 1631 918 1664 bifariam
946 1630 1086 1674 impleri,

344 1688 446 1720 altero
465 1687 561 1720 modo
589 1690 745 1729 quantum
776 1684 816 1718 ad
843 1689 1088 1728 praeceptorum

344 1751 481 1785 operum
505 1739 717 1773 substantiam
730 1744 867 1777 tanturn,
879 1738 980 1770 altero
991 1747 1091 1781 quan-

345 1800 413 1827 tum
437 1793 477 1826 ad
492 1798 615 1826 certum
640 1791 814 1835 quemdam
834 1791 980 1830 modum,
1001 1790 1090 1823 vide-

346 1847 420 1880 licet
439 1846 617 1880 secundum
637 1856 734 1889 quem
753 1845 877 1877 valeant
904 1850 1090 1888 operantem

346 1900 524 1944 perducere
544 1899 585 1932 ad
604 1909 739 1941 regnum
765 1904 946 1938 aeternum,
972 1897 1033 1930 hoc
1047 1902 1093 1930 est

347 1953 387 1987 ad
411 1953 544 1986 modum
568 1951 769 1992 meritorum,
802 1950 1022 1984 commentitia
1047 1956 1093 1983 est

348 2011 379 2040 et
402 2005 616 2049 explodenda.

392 2059 480 2092 LXII.
501 2059 558 2092 Illa
577 2068 707 2102 quoque
726 2056 902 2097 distinctio,
923 2067 988 2100 qua
1012 2067 1094 2100 opus

349 2112 469 2145 dicitur
487 2111 636 2144 bifariam
651 2111 786 2151 bonum,
812 2110 861 2143 vel
885 2109 961 2153 quia
980 2120 1018 2142 ex
1036 2110 1094 2142 ob-

350 2165 432 2198 iecto
452 2169 483 2198 et
515 2164 665 2198 omnibus
696 2162 944 2197 circumstantiis
971 2167 1094 2196 rectum

351 2224 399 2252 est
415 2223 446 2252 et
464 2219 599 2258 bonum,
621 2217 708 2262 quod
722 2216 887 2250 moraliter
904 2217 1028 2249 bonum
1038 2226 1095 2259 ap-

352 2270 465 2314 pellari
485 2271 660 2311 consuevit,
681 2271 729 2303 vel
747 2270 824 2314 quia
834 2275 881 2303 est
895 2268 1095 2303 meritorium

353 2324 442 2367 regni
462 2325 605 2364 aeterni,
627 2334 666 2357 eo
683 2323 769 2368 quod
790 2324 826 2356 fit
844 2334 861 2356 a
887 2322 956 2355 vivo
980 2321 1095 2355 Christi

356 2378 500 2410 membro
512 2388 569 2420 per
580 2377 729 2421 spiritum
737 2375 912 2415 charitatis,
924 2374 1099 2408 reiicienda

355 2435 498 2472 putatur.

402 2478 500 2510 LXIII.
528 2479 692 2519 Similiter,
715 2485 745 2512 ct
764 2479 819 2511 illa
851 2476 1011 2511 distinctio
1038 2476 1099 2509 du-

357 2525 448 2569 plicis
473 2526 622 2568 iustitiae,
645 2528 786 2567 alterius,
806 2537 889 2570 quae
909 2526 944 2559 fit
963 2536 1020 2569 per
1033 2525 1099 2568 spi-

360 2574 457 2606 ritum
488 2575 649 2608 charitatis
677 2575 922 2615 inhabitantem,
955 2573 1098 2614 alterius,

360 2632 442 2665 quau:
461 2622 494 2654 sn
512 2634 546 2655 ex
578 2623 786 2665 inspiratione
806 2624 937 2668 quidem
966 2622 1102 2666 Spiritus

917 247 1094 274 BULLARIUM
1114 245 1263 271 ROMANUM

1109 297 1216 331 Sancti
1241 307 1298 331 cor
1321 296 1598 340 adpoenitentiam
1607 298 1786 342 excitanti-s,
1800 299 1857 333 sed

1110 351 1254 384 nondum
1274 361 1331 383 cor
1349 350 1569 391 inhabitantis,
1595 357 1625 384 et
1643 351 1676 384 in
1696 362 1735 385 eo
1754 352 1858 386 chari-

1111 410 1206 438 tatem
1227 403 1450 445 diffundentis,
1471 415 1534 448 qua
1553 404 1678 438 divinae
1705 405 1786 448 legis
1804 405 1857 439 iu-

1111 458 1259 491 stificatio
1284 457 1466 501 impleatur,
1486 458 1685 492 odiosissima
1708 464 1740 493 et
1756 459 1858 503 perti-

1112 522 1284 546 nacissima
1304 517 1461 545 reiicitur.

1156 566 1254 599 cxiv.
1287 565 1442 608 nemque,
1468 570 1499 597 et
1530 565 1584 598 ina
1607 553 1857 599 distinctionu-

1113 619 1206 664 plicis
1225 618 1458 658 vivificationis,
1480 617 1624 659 alterius,
1643 629 1708 662 qua
1723 618 1860 652 vivifica-

1114 679 1167 707 tur
1185 678 1346 717 peccator,
1367 671 1443 704 dum
1471 671 1499 704 ei
1518 671 1715 715 poenitentia
1729 677 1761 705 et
1777 671 1860 705 vitae

1114 736 1214 759 novae
1244 725 1447 770 propositum
1468 730 1499 758 et
1533 724 1694 758 inchoatio
1726 736 1786 769 per
1802 724 1859 758 Dei

1115 779 1249 822 gratiam
1274 779 1462 822 inspiratur,
1484 777 1617 811 alterius
1639 788 1703 821 qua
1721 778 1860 811 vivitica-

1115 838 1179 873 tur,
1200 832 1257 876 qui
1276 843 1348 865 vere
1368 831 1571 872 iustihcatur,
1589 836 1620 864 et
1639 831 1760 875 palmes
1772 831 1861 865 vivus

1117 886 1149 919 in
1168 886 1229 919 vite
1252 885 1368 919 Christi
1393 885 1542 925 efficitur,
1575 885 1794 918 commentitia
1812 885 1862 918 iu-

1118 940 1256 979 dicatur,
1275 944 1306 971 et
1325 937 1493 981 scripturis
1513 937 1647 971 minime
1665 948 1859 981 congruens.

1157 992 1242 1025 LXV.
1260 991 1398 1034 ,Nonnisi
1416 991 1588 1033 Pelagiano
1608 1001 1718 1024 errore
1737 990 1862 1024 admitti

1119 1051 1222 1090 potest
1240 1056 1318 1079 usus
1336 1045 1454 1089 aliquis
1472 1044 1565 1077 liberi
1593 1044 1717 1077 arbitrii
1743 1045 1861 1084 bonus,

1119 1099 1183 1133 sive
1201 1109 1266 1132 non
1286 1098 1407 1138 malus;
1428 1104 1459 1131 et
1477 1097 1598 1141 gratiae
1630 1097 1747 1131 Christi
1776 1097 1863 1131 inin-⁷

1120 1152 1200 1185 riam
1220 1151 1306 1188 facit,
1327 1151 1383 1194 qui
1402 1151 1446 1184 ita
1464 1151 1559 1184 sentit
1578 1156 1608 1184 et
1627 1151 1730 1184 docet.

1164 1205 1263 1238 LXVI.
1286 1205 1360 1238 Sola
1382 1203 1533 1238 violentia
1554 1203 1863 1248 repugnatlihertati

1121 1258 1262 1292 hominis
1280 1258 1431 1291 naturali.

1166 1312 1277 1344 LXVII.
1304 1311 1406 1344 IIomo
1430 1316 1553 1355 peccat,
1575 1310 1866 1344 etiamdamnabili-

1123 1373 1184 1406 ter,
1210 1366 1243 1398 in
1266 1375 1304 1398 eo
1323 1365 1411 1408 quod
1429 1363 1609 1397 necessario
1628 1363 1716 1396 facit.

1168 1419 1294 1452 LXVIII.
1315 1417 1490 1451 Infidelitas
1504 1427 1586 1461 pure
1594 1415 1740 1459 negativa
1755 1416 1788 1450 in
1803 1416 1866 1457 his,

1125 1472 1242 1516 quibus
1260 1471 1405 1505 Christus
1423 1481 1489 1504 non
1509 1475 1555 1504 est
1567 1469 1868 1514 praedicatus,pec-<

1126 1531 1233 1559 catum
1254 1530 1312 1558 est.

1170 1578 1270 1613 LXIX.
1293 1577 1479 1612 Iustificatio
1502 1576 1594 1621 impii
1623 1577 1660 1610 fit
1692 1575 1871 1610 formaliter

1128 1643 1185 1677 per
1204 1632 1418 1666 obedientiam
1437 1631 1529 1674 legis,
1550 1640 1615 1663 non
1625 1635 1731 1663 autem
1742 1640 1801 1673 per
1815 1639 1870 1663 oc-

1129 1686 1248 1719 cultam
1276 1684 1603 1719 communicationem
1624 1689 1654 1716 et
1686 1682 1872 1726 inspiratio—

1129 1749 1202 1772 nem
1221 1738 1354 1782 gratiae,
1368 1747 1452 1781 quae
1470 1747 1528 1781 per
1542 1747 1613 1770 eam
1628 1735 1816 1769 iustificatos
1830 1735 1875 1767 sa·-

1130 1793 1193 1826 ciat
1211 1792 1346 1836 implere
1364 1791 1481 1834 legem.

1173 1845 1261 1878 Lxx.
1282 1845 1386 1878 Homo
1397 1843 1532 1877 existens
1539 1842 1572 1875 in
1586 1847 1719 1887 peccato
1734 1840 1873 1881 mortali,

1131 1898 1237 1932 sivein
1249 1903 1342 1931 reatu
1360 1903 1509 1930 aeternae
1528 1895 1752 1935 damnationis,
1772 1899 1877 1939 potest

1131 1952 1250 1985 habere
1259 1961 1366 1985 veram
1379 1950 1580 1990 charitatem;
1591 1954 1623 1982 et
1633 1948 1771 1982 charitas
1780 1948 1877 1981 etiam

1132 2005 1272 2049 perfecta
1281 2009 1385 2048 potest
1395 2003 1571 2037 consistere
1585 2013 1660 2035 cum
1673 2007 1765 2035 reatu
1777 2007 1879 2034 aeter·

1133 2069 1193 2091 nae
1212 2057 1437 2090 damnationis.

1177 2110 1277 2143 LXXI.
1304 2110 1364 2143 Per
1395 2108 1645 2149 contritionem,
1676 2107 1772 2141 etiam
1805 2117 1878 2140 cum

1135 2163 1287 2196 charitate
1305 2162 1444 2206 perfecta
1464 2167 1495 2195 et
1511 2171 1585 2195 cum
1601 2166 1673 2194 voto
1685 2159 1878 2204 suscipiendi

1135 2221 1373 2249 sacramentum
1399 2215 1624 2254 coniunctam,
1653 2224 1719 2247 non
1744 2213 1880 2246 remitti—

1136 2275 1188 2302 tur
1212 2268 1335 2301 crimen
1360 2274 1448 2301 extra
1472 2278 1582 2301 casum
1606 2266 1804 2300 necessitatis
1827 2271 1882 2299 aut

1137 2322 1292 2365 martyrii,
1318 2322 1387 2355 sine
1409 2321 1528 2355 actuali
1552 2319 1756 2364 susceptione
1775 2329 1882 2352 sacra-

1138 2375 1250 2408 menti.

1181 2427 1297 2461 LXXII.
1320 2427 1438 2461 Omnes
1460 2427 1593 2460 omnino
1616 2425 1773 2458 iustorum
1801 2424 1881 2458 01111-

1139 2475 1260 2510 ctiones
1273 2482 1348 2509 sunt
1359 2476 1499 2509 ultiones
1506 2474 1881 2519 peccatorumipsorum‚

1140 2525 1226 2558 unde
1255 2525 1311 2558 Iob
1335 2530 1366 2559 et
1390 2530 1556 2568 martyres,
1580 2533 1662 2567 quae
1687 2523 1771 2567 passi
1795 2527 1881 2557 sunt,

1140 2580 1273 2618 propter
1293 2585 1348 2607 sua
1367 2579 1499 2617 peccata
1518 2572 1603 2617 passi
1623 2576 1707 2605 sunt.

1186 2622 1314 2655 LXXIII.
1341 2621 1461 2661 Nemo,
1480 2626 1607 2664 praeter
1629 2619 1807 2657 Christum,
1838 2623 1885 2651 est
