2059 3228
23 221 74 250 An.
90 221 203 254 &1588

217 282 399 315 flammatus
432 281 464 314 in
492 281 591 315 Deum
624 282 818 326 rapiebatur,
839 288 874 315 ut
898 283 961 315 iam

217 334 249 367 in
269 334 383 366 cellam
404 334 557 367 vinariam
577 335 685 378 sponsi
702 335 962 375 introductus‚et

215 387 288 420 vino
301 387 423 431 optimo
443 388 585 421 caritatis
605 388 724 425 ebrius.
744 389 848 421 Iesum
867 388 961 422 Chri-

214 445 299 473 stum
320 441 512 474 crucifixum
533 447 564 474 et
590 442 765 485 patientem
787 442 898 485 utique
915 441 962 474 in-

214 493 297 526 tueri
317 499 349 527 et.
369 494 401 526 in
426 494 495 527 eius
505 494 693 527 vulneribus
711 494 857 527 habitare
876 494 961 527 vide-

215 550 315 582 retur.
338 547 384 580 Ad
403 548 487 580 hanc
506 558 580 581 vero
608 548 756 580 eximiam
777 547 856 581 vitae
887 558 959 580 san-

215 599 358 633 ‹titatem
383 600 430 632 vir
449 599 503 633 Dei
524 610 671 643 magnam
696 600 887 644 praestantis
905 601 961 633 do-

214 653 335 686 (trinae
360 653 489 686 laudem
514 653 671 693 adiunxit,
700 653 763 686 Deo
789 654 831 686 ita
850 653 958 697 dispo-

205 711 321 746 ‚It-ente,
344 711 377 738 ut
399 706 438 738 ad
460 706 530 739 eius
548 707 684 749 gloriam
705 712 735 739 et
748 707 908 740 Ecclesiae
922 719 959 739 u—

211 759 374 800 tilitatem,
395 770 461 793 non
481 761 584 793 solum
610 761 769 804 exemplo,
788 761 842 793 sed
863 761 959 794 verbo

209 816 246 846 ‘et
263 813 446 846 eruditione
466 824 662 858 magnopere
688 814 870 857 proficeret.
897 814 958 847 lta-

212 873 276 909 ‘quc
296 877 371 899 cum
396 867 428 900 in
449 878 614 901 sacrarum
639 867 819 900 litterarum
838 868 956 908 studio,

210 925 400 955 santorum
421 920 552 953 Patrum
576 920 715 953 lectione
735 925 766 952 et
790 920 957 954 scholasti-

214 981 270 1005 cae
297 972 477 1016 theologiae
515 973 757 1017 pernecessaria
787 973 957 1018 disciplina

208 1025 390 1060 Aleiandro
406 1026 445 1058 de
462 1026 534 1059 Ales
548 1025 717 1069 magistro,
736 1026 850 1069 insigni
872 1027 958 1060 illius

205 1077 324 1120 ,aetatis
347 1078 510 1121 theologo,
541 1079 785 1122 diligentissime
813 1090 956 1113 versare-

211 1136 279 1171 tur,
297 1131 388 1165 brevi
405 1132 560 1176 temporis
580 1133 684 1175 spatio
704 1133 886 1166 excellentis
906 1133 956 1165 in-

210 1184 303 1228 genii
325 1184 479 1224 bonitate,
512 1185 640 1218 assiduo
669 1185 788 1223 labore,
811 1191 840 1218 et
871 1185 957 1228 quod

213 1242 311 1281 caput
330 1243 389 1276 est,
407 1237 506 1280 gratia
527 1237 665 1281 Spiritus
682 1237 801 1273 Sancti,
823 1237 877 1280 qui
906 1248 957 1270 ras

200 1300 347 1323 laureum
380 1290 415 1323 in
445 1290 603 1323 honorem
636 1291 773 1323 electum
802 1290 890 1323 omni
921 1301 957 1323 ex

198 1339 303 1387 {parte
327 1342 498 1384 formabat,
523 1348 628 1376 tantos
657 1353 845 1387 progressus
870 1342 955 1382 fecit,

201 1390 245 1430 'et
262 1395 301 1428 ad
319 1401 443 1429 tantam
462 1396 628 1430 doetrinae
643 1396 872 1440 perfectionem
883 1406 957 1440 per-

211 1449 310 1490 venit,
333 1454 366 1481 ut
391 1449 533 1482 doctoris
561 1455 592 1482 et
615 1448 756 1491 magistri
781 1448 959 1491 insignibus

211 1501 247 1535 in
266 1502 480 1535 celeberrimo
500 1502 671 1535 Parisiensi
693 1501 859 1546 gymnasio
878 1502 960 1535 sole-

213 1555 281 1588 mni
306 1555 599 1602 morqdecorattis,
621 1565 743 1588 sacram
764 1554 959 1598 theologiam

213 1607 335 1641 ibidem
358 1608 489 1653 publice
511 1609 672 1652 professus
691 1607 741 1641 sit.

258 1660 274 1703 ἓ
297 1660 330 1694 3.
355 1661 488 1694 Tantam
505 1671 579 1693 vero
598 1661 726 1693 laudem
748 1660 780 1692 in
802 1660 959 1704 interpre-

34 1718 203 1771 ’,ἕκτη-αξξ
215 1713 303 1747 tandi
323 1720 470 1755 munere,
492 1720 522 1747 et
542 1714 574 1746 in
594 1713 760 1747 universae
781 1713 961 1756 theologiae

29 1785 82 1806 ms,
94 1781 204 1807 nnuma
216 1767 349 1801 scientia
368 1772 416 1801 est
430 1773 632 1807 consecutus,
654 1772 689 1799 ut
708 1766 765 1799 viri
786 1765 961 1799 doctissimi

34 1813 203 1866 ζ*,“,ξ’,ζ“,,’,“,ξ“““
216 1821 288 1854 eius
315 1820 495 1854 doctrinam
524 1826 555 1853 et
582 1819 795 1853 eruditionem
825 1819 962 1852 admira-

217 1878 340 1907 rentur.
362 1874 400 1907 Et
423 1873 554 1917 quidem
574 1873 771 1916 multiplices
787 1872 886 1905 sancti
904 1872 962 1904 viri

215 1927 459 1961 lucubrationes
487 1933 518 1960 et
541 1927 707 1970 praeclara
727 1926 858 1970 scripta,
880 1936 963 1969 quae

215 1980 322 2014 adhuc
351 1990 467 2023 magna
494 1980 655 2013 Ecclesiae
684 1979 821 2012 utilitate
846 1984 878 2011 et
899 1989 963 2011 non

217 2033 373 2068 mediocri
393 2034 457 2067 Deo
476 2033 635 2067 beneficio
661 2038 790 2072 extant,
816 2043 963 2076 quaeque

217 2092 249 2120 et
267 2092 396 2120 nostrae
416 2092 447 2120 et
465 2086 669 2130 superiorum
693 2091 833 2118 aetatum
854 2085 912 2117 viri
933 2095 964 2118 e-

218 2139 319 2173 ruditi
339 2139 443 2173 multo
464 2150 538 2172 cum
558 2138 664 2171 fructu
679 2138 827 2180 legerunt
847 2143 878 2170 et
898 2148 965 2170 ma-

199 2195 362 2236 'gnopere
391 2193 658 2237 comprobarunt,
684 2196 823 2234 quantus
849 2190 903 2223 ille
932 2189 964 2222 in

220 2245 382 2289 theologia
408 2246 523 2286 suerit,
546 2245 621 2278 satis
649 2245 823 2277 declarant,
856 2243 898 2275 Ea
935 2254 966 2275 e-

221 2298 288 2332 nim
312 2298 411 2331 divini
431 2298 551 2342 ingenii
576 2298 622 2331 sui
644 2297 838 2330 monimenta
860 2305 964 2340 poste-

222 2352 266 2384 ris
285 2351 427 2395 reliquit,
453 2352 570 2394 quibus
598 2350 803 2394 perdifficiles
831 2355 861 2381 et
882 2349 965 2381 mul-

223 2400 262 2433 tis
292 2400 541 2433 obscuritatibus
567 2400 726 2432 involutae
753 2398 966 2440 quaestiones,

222 2458 338 2491 magna
357 2448 553 2492 optimorum
578 2452 842 2489 argumentorum
864 2444 966 2488 copia,

222 2497 271 2529 ria
289 2502 321 2529 ct
344 2497 470 2536 ordine,
493 2497 658 2529 enucleate
682 2505 720 2527 ac
751 2493 890 2526 dilucide
916 2504 968 2526 cx-

223 2543 395 2587 plicantur,
417 2544 490 2577 fidei
512 2543 686 2576 catholicae
699 2541 966 2575 veritasillustra-

225 2599 291 2634 tur,
318 2594 490 2636 perniciosi
518 2602 644 2625 errores
672 2597 701 2624 et
721 2590 874 2634 profanae
894 2590 969 2623 hae-

874 228 977 254 Si'X'l'US
996 228 1014 253 V
1033 228 1080 253 ΡΡ.

1616 217 1700 251 4007

1002 291 1088 315 reses
1112 280 1336 324 profligantur,
1354 285 1385 313 et
1404 280 1474 323 piae
1495 279 1638 313 fidelium
1658 290 1746 312 men-

1003 340 1050 368 tes
1068 334 1108 367 ad
1127 334 1181 367 Dei
1207 344 1349 367 amorem
1361 340 1392 367 et
1404 333 1550 367 coelestis
1562 333 1681 377 patriae
1693 333 1746 366 ‹le-

1001 386 1155 420 siderium
1165 387 1397 420 admirabiliter
1408 387 1659 420 inflammantur.
1676 387 1745 419 Fuit

1003 440 1089 473 enim
1109 440 1141 472 in
1162 440 1194 473 S.
1227 440 1448 473 Bonaventura
1478 440 1507 472 id
1534 440 1745 484 praecipuum

1002 499 1032 526 et
1052 494 1226 536 singulare,
1249 500 1283 526 ut
1302 504 1367 526 non
1383 494 1486 527 solum
1500 494 1745 537 argumentandi

1001 539 1354 586 subtilitate‚'docendi
1387 546 1546 586 facilitate,
1573 546 1746 580 definiendi

1001 600 1130 632 solertia
1151 604 1337 643 praestaret,
1361 600 1414 632 sed
1438 599 1541 632 divina
1557 600 1694 642 quadam
1712 612 1746 632 a·

1001 652 1106 685 nimos
1126 652 1333 695 permovendi
1353 652 1380 684 vi
1402 653 1582 691 excelleret,
1605 653 1649 685 sic
1661 654 1745 686 enim
1756 648 1763 675 ν’

999 704 1170 738 scribendo
1191 715 1263 737 cum
1290 715 1413 737 summa
1434 704 1615 737 eruditione
1636 706 1758 748 parem

1000 757 1127 801 pietatis
1151 758 1298 790 ardorem
1321 757 1503 800 coniungit,
1527 764 1560 791 ut
1592 758 1745 791 lectorem

999 810 1146 845 docendo
1170 816 1305 850 moveat,
1329 817 1358 843 et
1379 810 1409 842 in
1431 810 1558 843 intimos
1577 811 1675 843 animi
1698 822 1746 843 re-

999 874 1107 896 cessus
1128 863 1298 903 illabatur,
1335 874 1371 896 ac
1401 863 1540 906 denique
1569 863 1746 907 seraphicis

998 916 1192 960 quibusdam
1223 916 1343 949 aculeis
1377 926 1434 949 cor
1463 921 1681 960 compungat,
1716 921 1747 948 et

999 968 1080 1001 mira
1123 969 1300 1001 devotionis
1343 969 1513 1002 dulcedine
1553 969 1743 1012 perfundat,

997 1033 1092 1064 quam
1116 1033 1191 1055 sane
1210 1021 1344 1065 gratiam
1365 1022 1397 1054 in
1418 1022 1487 1055 eius
1507 1033 1561 1055 ore
1574 1027 1605 1054 ct
1622 1022 1746 1054 calamo

998 1075 1148 1108 diffusam
1176 1075 1337 1108 admirans
1374 1075 1601 1118 praedecessor
1638 1080 1746 1107 noster

997 1128 1102 1161 Sixtus
1122 1128 1158 1161 lV
1178 1127 1332 1171 pontifex,
1355 1127 1433 1160 illud
1446 1128 1552 1160 dicere
1566 1138 1629 1160 non
1648 1127 1742 1160 dubi-

998 1181 1092 1214 tavit:
1116 1181 1270 1225 Spiritum
1291 1182 1443 1214 Sanctum
1474 1181 1506 1212 in
1534 1191 1571 1213 eo
1598 1181 1741 1213 locutum

998 1233 1109 1266 videri.

1042 1288 1057 1330 ἓ
1081 1287 1111 1319 4.
1134 1287 1214 1320 Cum
1231 1286 1329 1328 igitur
1348 1297 1437 1319 servo
1457 1286 1542 1319 fideli
1564 1291 1624 1319 tam
1643 1287 1742 1319 multa
1782 1293 1870 1314 saw-1⁶
1895 1284 1953 1315 1³0—'

998 1346 1028 1373 et
1048 1340 1214 1384 praeclara
1230 1351 1247 1372 a
1267 1340 1401 1373 Domino
1421 1340 1538 1372 talenta
1559 1345 1663 1372 essent
1677 1350 1743 1372 cre·
1756 1329 1941 1376 ζέἶξῖἷζῖἑῖῃῑῗῗρῖ

998 1393 1075 1433 dita,
1098 1399 1132 1426 ut
1152 1393 1213 1425 illis
1237 1393 1276 1425 ad
1302 1394 1435 1425 fratrum
1461 1392 1630 1425 utilitatem
1651 1403 1741 1425 exer·
1757 1387 1943 1413 ³¹¹⁰“¹³”⁶⁵⁰⁹²'²‘

1759 1425 1802 1439 mus
1832 1421 1865 1438 ost
1882 1417 1943 1437 San-

1000 1447 1110 1479 cendis
1138 1452 1169 1479 et
1197 1445 1418 1488 negociandis,
1450 1445 1596 1478 coelestis
1624 1446 1744 1488 gratiae
1759 1424 1941 1469 ⁰¹¹¹mp*'¹³⁰⁶t⁵-

998 1500 1167 1533 thesauros
1186 1498 1408 1542 amplificaret,
1430 1498 1536 1531 divino
1561 1498 1695 1531 consilio
1716 1509 1746 1537 et
1760 1486 1806 1531 iiiii
1856 1482 1942 1499 cmm

999 1563 1126 1585 summo
1153 1552 1252 1585 totius
1272 1551 1320 1584 sui
1340 1551 1468 1584 Ordinis
1488 1562 1659 1590 consensu,
1682 1552 1746 1584 Ro-

1000 1616 1071 1638 mae
1091 1604 1236 1638 minister
1255 1604 1411 1647 generalis
1422 1604 1577 1648 septimus
1588 1610 1659 1647 post
1669 1604 1747 1637 Bea-

1000 1664 1068 1691 tum
1089 1657 1297 1691 Franciscum
1319 1663 1366 1690 est
1385 1658 1496 1695 sactus,
1516 1668 1580 1700 quo
1598 1657 1629 1689 in
1651 1657 1747 1689 officii

1002 1722 1139 1744 munere
1160 1721 1225 1744 non
1245 1711 1348 1743 solum
1373 1710 1592 1753 prudentiam,
1614 1710 1748 1752 vigilan-

1001 1766 1092 1804 tiam,
1115 1763 1365 1797 solticitudinem
1391 1762 1558 1806 praestitit,
1581 1763 1634 1796 sed
1661 1768 1749 1796 tanto

1002 1818 1162 1851 fraternae
1187 1816 1330 1849 caritatis
1360 1816 1474 1848 ardore
1496 1816 1623 1856 exarsit,
1650 1821 1751 1848 tanta-

1004 1882 1067 1914 que
1107 1869 1299 1902 christianae
1341 1869 1529 1901 humilitatis
1558 1868 1751 1901 demissione

1004 1923 1158 1956 fratribus
1175 1921 1345 1961 inservivit,
1372 1927 1405 1954 ut
1427 1922 1458 1954 in
1481 1933 1518 1955 eo
1539 1921 1617 1954 illud
1642 1921 1750 1955 Salva-

1004 1976 1082 2009 toris
1093 1981 1337 2018 agnosceretur:
1357 1975 1416 2013 Oui
1427 1975 1530 2007 maior
1542 1981 1587 2007 est
1603 1975 1634 2007 in
1648 1974 1747 2013 robis,

1005 2029 1045 2062 sit
1065 2034 1166 2061 vester
1190 2027 1346 2060 minister.

1045 2081 1113 2124 §5-
1141 2081 1223 2120 Quin
1252 2086 1283 2113 et
1310 2081 1381 2124 piae
1411 2081 1584 2113 memoriae
1619 2080 1749 2124 praede·
1790 2085 1946 2114 Avehteptsen-

1005 2145 1114 2168 cessor
1134 2140 1242 2167 noster
1261 2134 1408 2167 Clemens
1428 2135 1510 2177 Papa
1532 2133 1580 2174 lV,
1603 2134 1657 2177 qui
1679 2144 1750 2166 san·
1763 2116 1948 2170 ἷῗέυξῗιῖζῖἶῗζ

1005 2193 1091 2220 ctum
1112 2187 1215 2219 virum
1236 2187 1326 2219 valde
1346 2187 1455 2220 dilexit
1470 2192 1500 2219 et
1515 2186 1582 2220 eius
1603 2187 1748 2220 doctrina
1764 2179 1949 2231 {Yassiesshssfflsj

1007 2240 1141 2273 mirifice
1165 2245 1211 2272 est
1228 2240 1413 2279 delectatus,
1440 2245 1475 2272 ut
1504 2245 1565 2271 tam
1590 2240 1748 2272 excellens
1763 2240 1881 2262 ‘³¹⁰⁵“ffl-

1006 2294 1107 2325 virtus
1127 2298 1157 2325 et
1177 2293 1348 2336 prudentia
1367 2293 1406 2325 ad
1428 2293 1603 2325 multorum
1632 2293 1750 2325 utilita-

1007 2352 1069 2378 tem
1095 2345 1199 2378 latiori
1230 2345 1262 2376 in
1293 2356 1407 2388 campo
1439 2350 1637 2385 excurreret,
1676 2345 1751 2377 insi-

1007 2405 1100 2437 gnem
1128 2394 1361 2426 Eboracensem
1383 2393 1696 2436 archiepiseopatuiu
1722 2394 1750 2425 vi

1007 2443 1132 2476 obtulit.
1155 2443 1209 2475 llle
1221 2453 1295 2475 vero
1308 2453 1381 2474 cum
1394 2452 1453 2474 sea
1471 2442 1655 2485 seraphicae
1671 2453 1750 2485 pau-

1008 2492 1139 2537 pertatis
1160 2492 1330 2534 complexu
1351 2491 1457 2523 divelli
1479 2501 1541 2523 non
1563 2491 1654 2523 facile
1666 2497 1753 2534 pate-

1008 2547 1108 2579 retur,
1131 2540 1266 2572 oblatam
1288 2539 1473 2581 dignitatem
1495 2539 1636 2573 modeste
1657 2545 1752 2583 atque

1009 2589 1175 2631 humiliter
1195 2588 1363 2622 recusavit.

1761 230 1801 254 Αιι
1825 226 1842 253 (Σ
1875 227 1940 254 15>8
