2059 3228
763 281 938 308 GREGORIUS
955 281 1012 307 xm
1031 281 1080 307 121².

163 334 373 371 obtinuissent
397 340 427 369 et
451 333 484 368 in
512 339 678 379 posterum
708 334 901 376 obtinerent,

159 389 201 424 ad
223 389 412 424 eorumdem
445 398 582 422 onerum
615 399 652 422 ae
686 388 820 423 subsidii
846 399 902 422 seu

158 441 384 486 impositorum
413 442 608 475 solutionem
637 442 710 486 cogi
734 442 899 476 deberent.

201 496 216 540 ἓ
235 495 268 528 2.
290 495 400 535 Quoad
419 506 494 529 vero
519 495 655 529 clericos
675 496 856 529 saeculares
871 500 902 528 et

153 548 296 582 cuiusvis
315 548 442 582 Ordinis
461 549 630 591 utriusque
655 558 748 582 sexus
772 549 899 592 regula-

153 610 219 641 res,
257 601 359 634 bona‘
376 601 614 644 patrimonialia
646 601 822 645 praedicta,
860 599 899 634 de

151 653 272 698 quibus
293 653 440 687 videlicet
464 654 607 687 decimae
627 653 821 697 apostolieae
833 664 898 687 non

151 707 332 748 solvuntur,
353 707 386 739 in
402 707 522 740 eisdem
542 707 678 747 civitate,
697 706 851 740 comitatu
867 713 899 740 et

150 758 301 792 districtu
320 770 377 793 seu
401 759 563 793 territorio
582 759 804 799 consistentia,
825 771 898 804 pos—

147 811 303 853 sidentes,
319 813 419 856 quod,
440 812 563 846 ratione
572 812 704 845 subsidii
717 812 893 853 triennalis,

147 864 412 899 constitutionem
436 866 509 910 piae
528 865 703 898 memoriae
725 865 816 898 Pauli
836 866 895 900 Pa-

148 928 208 961 pae
233 918 283 959 ΙΙΙ,
310 918 404 952 etiam
435 918 693 963 praedecessoris
716 919 830 959 nostri,
861 919 893 953 in

146 970 354 1015 impositione
391 971 525 1004 subsidii
562 971 748 1005 huiusmodi
776 972 892 1006 editam

143 1034 289 1064 servare,
302 1035 368 1068 quo
379 1035 452 1057 vero
468 1025 507 1057 ad
523 1024 583 1057 alia
595 1035 693 1057 onera
711 1026 891 1067 cameralia,

145 1087 229 1121 quae
248 1083 396 1121 respectu
421 1088 529 1111 rerum
555 1078 703 1122 imposita
728 1085 844 1121 essent,
866 1080 891 1114 si

142 1130 309 1164 ordinaria
327 1131 443 1171 serent,
473 1131 533 1175 ipsi
568 1131 678 1164 clerici
710 1133 891 1167 saeculares

142 1188 177 1216 et
201 1183 255 1216 alii
278 1184 449 1227 utriusque
475 1195 568 1217 sexus
601 1185 739 1218 cuiusvis
761 1186 890 1220 Ordinis

143 1237 286 1280 religiosi
314 1238 352 1270 ad
387 1237 451 1277 illa,
480 1237 602 1272 ratione
624 1239 814 1272 eorumdem
834 1240 889 1274 bo—

143 1299 261 1323 norum
285 1290 575 1334 patrimonialium,
610 1292 816 1326 contribuere
849 1293 888 1327 de

139 1348 251 1377 cetero
266 1343 432 1378 deberent.

185 1395 201 1439 ἓ
223 1395 255 1429 3.
277 1397 322 1429 Ac
333 1397 468 1440 insuper
477 1397 576 1440 quod,
593 1397 618 1430 si
637 1397 721 1430 bona
734 1398 887 1432 oneribus

140 1447 191 1483 his
213 1449 327 1483 affecta
350 1451 389 1483 ad
423 1450 587 1492 ecclesias,
622 1452 819 1497 ‚monasteria
857 1459 887 1486 et

135 1502 202 1536 alia
217 1503 271 1547 pia
289 1503 361 1537 loca
379 1504 564 1544 transirent,
590 1504 646 1537 illa
664 1504 785 1538 eisdem
806 1516 884 1539 one-

138 1555 231 1589 riBus
248 1563 375 1600 gravata
398 1563 616 1597 remanerent,
643 1557 778 1601 perinde
799 1569 836 1592 ac
860 1559 884 1592 si

137 1609 292 1643 translata
306 1620 370 1643 non
383 1615 545 1651 essent,ac
560 1621 673 1643 eorum
687 1621 885 1655 possessores

138 1662 179 1695 ad
215 1663 466 1707 praemissarum
492 1664 763 1697 contributionem
794 1671 883 1698 tene-

138 1721 253 1750 rentur
274 1722 306 1749 et
327 1716 479 1759 obbligati
504 1722 620 1757 essent,
643 1723 674 1750 et
697 1718 736 1750 ad
755 1718 786 1751 id
807 1729 881 1752 cen-

136 1762 222 1802 suris
230 1775 262 1803 et
272 1769 384 1813 poenis
395 1769 619 1803 ecelesiasticis
638 1781 675 1803 ae
694 1770 764 1804 aliis
779 1772 883 1804 omni-

57 1823 86 1862 ,’
135 1820 197 1855 bus
215 1821 294 1856 iuris
313 1828 345 1856 et
368 1823 441 1856 facti
468 1823 619 1857 mmediis
647 1824 718 1867 cogi
747 1830 777 1857 et
797 1836 882 1858 com-

135 1875 212 1919 pelli
233 1881 375 1919 possent,
397 1886 434 1909 ex
454 1883 541 1909 certa
558 1877 691 1910 scientia
709 1882 740 1910 et
758 1885 884 1921 aposto-

135 1926 216 1962 lieae
223 1929 388 1972 potestatis
395 1929 596 1973 plenitudine
607 1936 765 1974 perpetuo
775 1931 883 1964 statuit

135 1985 169 2014 et
189 1980 368 2021 ordinavit;
388 1992 516 2015 necnon
541 1982 704 2026 prioribus
737 1983 770 2015 in
799 1983 882 2017 dicta

135 2033 262 2068 civitate
281 2044 341 2079 pro
363 2039 509 2078 tempore
530 2035 737 2069 existentibus
749 2047 883 2080 acprae-

134 2086 239 2121 dictae
273 2088 508 2128 communitati,
540 2089 627 2132 quod
651 2089 736 2122 bona
773 2090 882 2122 huius-

135 2140 223 2174 modi
243 2140 426 2175 describere
455 2146 487 2174 et
510 2147 704 2175 accatastare
729 2153 785 2175 seu
810 2143 882 2176 alli·

133 2192 242 2234 brare,
253 2195 378 2227 necnon
391 2200 569 2235 extraneos,
582 2195 736 2236 forenses,
746 2196 882 2230 clericos

134 2251 166 2279 et
185 2245 264 2279 alias
273 2256 426 2289 personas
445 2258 481 2280 ac
501 2248 665 2287 ecclesias,
687 2250 882 2282 monasteria

135 2305 167 2332 et
190 2299 252 2331 alia
284 2299 337 2342 pia
367 2300 436 2332 loca
473 2301 626 2344 praefata,
652 2310 710 2344 pro
735 2301 882 2345 ipsorum

135 2357 215 2392 rata,
234 2352 274 2384 ad
288 2362 424 2385 onerum
443 2354 659 2396 praefatorum
676 2354 880 2395 solutionem,

136 2404 230 2438 toties
247 2405 374 2449 quoties
394 2416 474 2448 opus
495 2406 587 2446 soret,
610 2417 725 2449 cogere
741 2413 770 2439 et
791 2417 881 2440 com-

137 2457 257 2501 pellere
290 2458 390 2491 libere
410 2465 439 2490 et
464 2458 549 2491 licite
576 2460 729 2499 valerent,
752 2461 878 2502 plenam

126 2510 170 2547 ,et
187 2506 321 2540 liberam
342 2507 497 2539 concessit
515 2507 709 2542 facultatem.
732 2514 826 2551 prout
847 2509 880 2540 in

137 2553 251 2588 litteris
274 2555 349 2588 dicti
376 2555 629 2599 praedecessoris
649 2556 788 2598 desuper
807 2566 881 2587 con-

138 2602 229 2636 fectis
251 2604 379 2648 plenius
399 2603 593 2637 continetur.

1579 270 1645 305 215

944 345 1000 368 nes
1025 334 1192 379 praedicti,
1225 334 1307 369 sicut
1331 335 1447 380 exponi
1472 333 1565 368 nobis
1583 343 1689 378 nuper

943 388 1099 427 fecerunt,
1122 387 1254 431 cupiant
1274 389 1448 432 praemissa
1467 388 1586 429 omnia,
1604 398 1688 431 quae
1740 429 1744 433 .

942 451 961 474 a
979 440 1065 474 dicto
1084 440 1333 484 praedecessore
1357 447 1473 475 statuta
1493 447 1523 475 et
1542 440 1689 475 ordinata

941 494 1084 533 suerunt,
1095 493 1267 537 approbari
1278 500 1307 526 et
1318 494 1515 531 confirmari:
1529 505 1578 534 ae,
1591 500 1688 537 prout

941 546 1085 590 aequitas
1104 546 1240 579 suadere
1252 545 1425 588 rideretur,
1443 547 1573 580 decerni
1584 557 1620 580 ac
1635 546 1688 580 ‹le-

941 599 1056 631 clarari
1076 604 1108 632 et
1122 599 1270 642 ampliari
1291 609 1402 632 omnes
1422 600 1556 633 clericos
1567 599 1686 633 etalios

939 651 1122 695 praedictos
1155 652 1194 685 ad
1215 652 1484 686 contribuendum
1507 654 1686 697 impositio-

938 704 1034 737 nibus
1053 710 1084 738 et
1103 704 1246 738 collectis
1265 706 1490 746 cameralibus,
1512 712 1575 739 tam
1596 707 1684 739 ordi-

938 757 1038 790 nariis
1056 768 1154 801 quam
1167 757 1437 798 extraordinariis,
1449 759 1549 792 teneri
1561 760 1684 793 ratione

937 820 1051 844 eorum
1071 811 1231 844 bonorum
1251 819 1335 853 quae
1359 811 1501 844 decimas
1530 823 1595 845 non
1617 813 1681 845 sol-

935 869 1031 904 vunt;
1057 863 1210 907 quodque
1230 863 1315 896 idem
1335 864 1443 897 locum
1462 864 1679 898 habeatetiam

935 917 969 950 in
1002 917 1052 950 his
1089 928 1171 961 quae
1203 927 1262 960 per
1290 917 1448 951 civitatem
1480 923 1510 951 et
1533 918 1680 951 homines

934 970 1115 1014 praedictos
1134 980 1193 1014 pro
1220 970 1413 1003 instantibus
1437 976 1469 1003 et
1492 971 1680 1013 urgentibus

933 1023 1178 1057 necessitatibus
1210 1023 1399 1057 eorumdem
1433 1024 1498 1056 iam
1530 1023 1679 1068 imposita

933 1082 1008 1110 sunt
1032 1082 1063 1111 et
1081 1076 1115 1110 in
1141 1081 1309 1121 posterum
1339 1076 1568 1120 imponentur;
1601 1088 1678 1121 pro-

931 1135 1043 1174 pterea
1061 1129 1277 1163 communitas
1296 1134 1327 1163 et
1349 1129 1497 1162 homines
1524 1130 1678 1173 praedicti

931 1182 1025 1216 nohis
1043 1182 1211 1216 humiliter
1229 1182 1407 1226 supplicari
1432 1182 1575 1215 fecerunt
1600 1195 1679 1227 qua—

931 1241 1023 1270 tenus
1042 1236 1074 1268 in
1095 1236 1513 1280 praemissisauctoritatem
1534 1244 1674 1270 nostram

929 1289 1135 1333 interponere
1154 1289 1193 1322 de
1213 1288 1409 1331 benignitate
1428 1291 1603 1333 apostoliea
1627 1291 1675 1323 di-

928 1353 1113 1386 gnaremur.

972 1397 987 1440 g
1007 1396 1038 1429 5.
1060 1397 1123 1429 Nos
1142 1396 1251 1439 igitur,
1271 1406 1409 1439 aequum
1427 1407 1493 1429 esse
1510 1403 1674 1430 censentes

928 1455 963 1482 nt
985 1450 1040 1493 qui
1062 1449 1215 1482 territorii
1236 1455 1267 1482 et
1285 1450 1446 1482 honorum
1466 1451 1671 1483 commodum

927 1503 1080 1543 sentiunt,
1093 1503 1222 1535 illorum
1244 1514 1373 1546 quoque
1393 1503 1530 1536 sentiant
1549 1504 1672 1536 incom-

927 1556 1071 1596 modum,
1093 1556 1272 1589 litterarum
1293 1556 1528 1600 praedictarum
1546 1562 1674 1590 tenores

926 1608 1150 1652 praesentibus
1170 1619 1228 1652 pro
1247 1609 1405 1652 expressis
1416 1609 1581 1649 habentes,
1599 1620 1673 1653 sup-

926 1661 1153 1705 plicationibus
1177 1662 1337 1695 dictorum
1375 1662 1615 1695 communitatis
1642 1669 1671 1695 et

925 1715 1094 1748 hominum
1119 1715 1179 1748 hac
1199 1715 1232 1748 in
1251 1721 1341 1759 parte
1371 1715 1529 1756 inclinati,
1552 1727 1633 1759 quae
1654 1728 1669 1748 a

925 1768 1088 1811 praedicto
1108 1768 1356 1812 praedecessore
1382 1774 1498 1802 statuta
1530 1774 1561 1802 et
1589 1769 1671 1801 ordi-

924 1828 997 1854 nata
1007 1822 1135 1854 fuerunt
1156 1821 1383 1854 confirmantes
1402 1821 1667 1865 etapprobantes‚

924 1874 1052 1918 illisque
1065 1874 1227 1917 plenariae
1247 1880 1278 1908 et
1298 1874 1490 1908 inviolabilis
1510 1874 1669 1907 firmitatis

924 1927 1024 1959 robur
1043 1927 1242 1967 adiicientes,
1263 1938 1301 1960 ex
1321 1933 1406 1960 certa
1426 1927 1559 1960 scientia
1573 1937 1609 1959 ac
1629 1927 1667 1958 ‹l‹=

923 1980 1119 2023 apostolicae
1139 1980 1305 2024 potestatis
1325 1980 1535 2024 plenitudine,
1558 1990 1669 2013 omncs

923 2039 954 2066 et
983 2033 1138 2076 singulas,
1173 2034 1198 2066 si
1228 2044 1310 2076 quae
1345 2039 1416 2065 sunt
1447 2039 1474 2065 et
1502 2034 1666 2076 praetendi

923 2093 1069 2130 possunt,
1091 2086 1319 2130 exemptiones,
1340 2085 1515 2128 privilegia,
1538 2085 1666 2128 gratias,

923 2140 1142 2172 immunitates
1161 2151 1178 2171 a
1199 2140 1364 2182 quibusvis
1383 2139 1532 2172 subsidiis
1551 2144 1581 2171 et
1594 2149 1669 2172 one-

923 2193 1012 2225 ribus
1042 2198 1072 2224 et
1100 2192 1170 2224 aliis
1195 2192 1452 2236 impositionibus
1480 2191 1664 2234 praedictis,

923 2251 951 2277 et
972 2245 1138 2288 quibusvis
1162 2245 1233 2277 aliis
1260 2244 1405 2288 personis
1432 2243 1663 2288 militibusque,

923 2298 1115 2331 officialibus
1140 2304 1194 2330 aut
1214 2298 1291 2330 alias
1311 2297 1552 2340 quomodolibet
1567 2298 1665 2341 priri-

922 2351 1047 2393 legiatis
1067 2362 1123 2394 per
1143 2361 1200 2383 nos
1220 2356 1249 2382 ct
1270 2360 1492 2392 quoscumque
1505 2349 1666 2383 Romanos

922 2404 1091 2436 Pontifices
1110 2414 1143 2435 ac
1165 2403 1277 2435 Sedent
1299 2402 1480 2445 praedictos
1500 2408 1530 2435 et
1544 2403 1666 2436 eiusle-

922 2463 1010 2499 gatos
1030 2458 1197 2493 hactenus,
1223 2456 1318 2488 etiam
1344 2461 1431 2488 motu
1453 2456 1585 2500 proprio
1610 2463 1666 2489 aut

922 2506 998 2538 alias
1033 2504 1272 2547 quomodolibet
1289 2530 1295 2543 ,
1336 2515 1372 2536 ex
1411 2505 1521 2547 quavis
1557 2515 1664 2546 causa,

922 2555 1045 2586 etiamsi
1068 2555 1144 2585 talus
1165 2553 1311 2591 existant,
1337 2553 1375 2584 de
1395 2552 1511 2596 quibus
1535 2553 1589 2586 hic
1610 2564 1664 2586 ex-

923 2614 1031 2645 pia-ssa
1053 2608 1079 2634 et
1103 2600 1251 2643 specifica
1275 2612 1310 2633 ac
1341 2601 1378 2633 ‹le
1408 2601 1505 2633 verbo
1532 2602 1572 2634 ad
1594 2613 1663 2634 ver-

180 2651 197 2692 §
218 2651 251 2684 4.
269 2651 347 2685 Cum
371 2651 703 2686 autemconuuunitas
724 2657 753 2684 et
774 2651 879 2685 homi·
897 2645 904 2696 ζ
921 2651 996 2684 buin
1019 2650 1137 2683 mentio
1159 2649 1227 2681 lieri
1248 2648 1391 2690 debetct,
1413 2660 1475 2681 nou
1502 2655 1606 2682 tamen
1627 2661 1663 2683 ex

1707 279 1757 306 An.
1780 279 1808 306 C.
1829 279 1895 306 1578

1739 324 1822 344 Cannae
1842 330 1894 345 ton-

1700 351 1822 372 stitutionis
1873 357 1895 371 e—

1701 378 1798 398 dendae.

1739 1401 1880 1424 Confirmatio

1693 1429 1812 1449 l1tterarum
1851 1433 1878 1451 de

1691 1457 1770 1479 quibus
1785 1458 1807 1476 in
1826 1463 1877 1477 con-

1690 1483 1811 1504 stitutione.
