2059 3228
73 286 126 314 An.
143 286 257 314 01596
317 276 382 310 744
867 275 1044 300 numantini
1072 272 1222 296 nominarii

609 332 684 366 th.
1063 323 1254 358 fraternitati
1275 333 1334 367 pro
1362 328 1508 365 tempore
1526 319 1814 364 aggregandarum,

276 410 538 453 Confratcrnitas
558 408 592 440 S.
614 407 731 440 Annae
758 405 932 438 Varsaviae
959 405 1022 436 eri-
1064 377 1255 411 ammorimoe
1276 375 1464 419 aposmnca'
1485 379 1642 417 perpetuo
1659 372 1816 416 erigimus

317 465 406 507 yilur
425 463 462 495 in
482 460 882 503 arclticonsraternitatem
903 468 970 490 cum
992 468 1023 487 e·
1065 436 1328 514 ριξηὲωξψῴδῇ
1366 481 1380 499 .·
1405 492 1414 497 ἢ
1488 491 1497 497 ἢ
1545 480 1551 485 .
1596 479 1602 485 .
1785 477 1793 484 .
1903 492 1908 496 -
1954 470 1956 474 -
1986 471 2005 498 ,1.
2033 476 2034 482 ,

319 518 439 550 iusdem
460 515 672 558 facultatibus
691 518 719 546 et
734 512 928 555 prit·1‘h·qiis,
944 522 1025 555 quac
1110 503 1124 525 δ
1146 507 1175 516 “’
1203 510 1210 515 ’
1231 497 1246 515 L
1282 493 1382 525 ¹³¹¹⁰¹¹
1402 492 1457 514 *eu
1485 490 1616 520 *Quom
1636 489 1816 512 camerano
1857 491 1943 514 ⁵²¹¹'⁰‘¹
1963 493 2004 521 ,³¹-

320 570 414 603 habet
449 567 799 610 archiconsmlpmilas
835 565 1026 607 confalom.s
1068 538 1248 581 ceterisque
1269 535 1429 579 deputatis
1455 532 1818 567 arebieonfraternitatis
1832 522 1986 579 {ffl'fmjffi'
2045 563 2047 570 ,

318 624 356 657 de
373 623 454 656 Urbe
469 622 495 655 ¹.

1069 590 1266 629 huiusmodi,
1289 598 1515 632 quaecumque
1542 591 1670 626 statuta,
1692 586 1820 619 decreta
1832 585 1922 638 {1:¹¹}ss

1070 650 1101 678 et
1121 643 1352 683 ordinationes,
1372 642 1459 675 licita
1481 647 1587 674 tamen
1598 640 1774 673 ethonesta
1785 649 1822 674 ac
1891 633 1899 644 '

1071 708 1238 732 sacrorum
1259 706 1421 730 canonum
1449 693 1652 738 dispositioni
1676 699 1709 727 et
1727 703 1822 736 prae-

1073 751 1181 784 sertim
1203 749 1333 783 concilii
1357 747 1536 782 Tridentini
1567 747 1705 780 decretis
1726 745 1823 779 mini-

1072 816 1122 838 me
1143 803 1318 843 contraria,
1341 800 1704 840 faciendietcondendi,
1718 799 1823 843 etiam

1073 859 1166 898 facta,
1192 857 1276 890 edita
1295 866 1352 889 seu
1373 855 1514 895 condita,
1541 860 1666 887 matura
1679 852 1826 886 conside-

1072 912 1196 945 ratione
1217 917 1248 944 et
1267 910 1499 944 deliberatione
1519 919 1617 952 super
1628 907 1691 941 illis
1701 918 1760 951 per
1770 916 1826 940 eos

1074 965 1229 1002 adhibita,
1260 970 1370 997 nostro
1396 962 1527 995 nomine
1557 959 1772 995 confirmandi
1794 964 1828 994 et

1075 1019 1290 1063 approbandi.
1978 1049 1983 1056 ⁶

1120 1073 1135 1116 ἓ,
1158 1070 1190 1104 3.
1216 1071 1347 1104 Necnon
1367 1079 1589 1113 quascumque
1613 1065 1828 1101 confraterni-
1867 1065 1984 1111 Aiiaaqne'
2005 1082 2013 1111 ,³
2030 1061 2045 1110 'j

1078 1131 1169 1166 tates,
1191 1124 1390 1168 ubicumque
1411 1124 1591 1162 existentes,
1614 1127 1678 1155 tam
1704 1121 1763 1155 sub
1783 1121 1829 1154 di·
1841 1106 1990 1165 fflgffiffff

1079 1185 1130 1213 cto
1151 1178 1281 1212 nomine
1301 1178 1436 1211 Sanctae
1449 1179 1568 1217 Annae,
1580 1187 1678 1220 quam
1698 1175 1830 1209 alterius
1842 1170 1983 1228 {iimina
2003 1171 2010 1203 ζ
2043 1199 2044 1202 ,

1080 1232 1346 1276 nuncupationis,
1383 1231 1467 1264 idem
1508 1235 1612 1263 tamen
1647 1228 1831 1262 institutum
1845 1217 1983 1282 *ὴὲεῑῡ-ιζ

1081 1287 1168 1319 circa
1200 1285 1382 1330 praedictae
1410 1284 1574 1318 charitatis
1595 1289 1625 1317 et
1644 1282 1771 1327 pietatis
1796 1293 1832 1316 ο-
1845 1267 1943 1285 munte-n
1962 1275 1964 1277 ¹
1983 1272 1986 1306 ἶ

1082 1350 1159 1384 pera
1179 1345 1334 1380 tenentes,
1351 1338 1408 1382 ipsi
1421 1336 1769 1371 archiconfraternitati
1781 1347 1835 1380 ag-

1082 1394 1246 1438 gregandi,
1268 1404 1303 1426 ac
1321 1403 1434 1426 omnes
1453 1398 1485 1426 et
1508 1392 1651 1436 singulas
1665 1391 1835 1435 indulgen-

1084 1448 1143 1481 tias
1174 1454 1205 1481 et
1229 1452 1437 1491 peccatorum
1469 1446 1676 1479 remissiones
1701 1450 1733 1478 et
1756 1443 1835 1478 alias

1085 1512 1306 1546 quascumque
1325 1501 1444 1544 gratias
1459 1500 1642 1544 spirituales
1662 1498 1766 1532 eidem
1783 1508 1836 1531 ar-

1087 1554 1395 1589 chiconfraternitati
1420 1565 1478 1598 per
1497 1564 1555 1587 nos
1580 1559 1611 1587 et
1627 1552 1706 1586 alios
1721 1551 1839 1585 Roma-

1087 1620 1146 1643 nos
1159 1609 1331 1642 Pontifices
1346 1608 1608 1652 praedecessores
1616 1611 1744 1640 nostros
1754 1614 1839 1649 quo-

1089 1663 1266 1696 modolibet
1285 1672 1453 1696 concessas
1478 1667 1508 1694 et
1537 1660 1570 1693 in
1591 1661 1737 1692 futurum
1763 1667 1840 1692 con-

1090 1716 1259 1756 cedendas,
1284 1715 1378 1748 dictis
1406 1713 1736 1754 confraternitatibus‚
1762 1721 1842 1755 qua-

1091 1781 1163 1803 rum
1180 1770 1249 1813 ipsa
1262 1767 1601 1802 archiconsraternitas
1611 1766 1643 1800 S.
1661 1767 1772 1799 Annae
1787 1775 1842 1800 ca-

1091 1829 1150 1868 put
1166 1823 1282 1863 existit,
1305 1821 1520 1866 impartiendi.
1842 1821 1850 1854 l

1137 1878 1152 1921 ἓ
1176 1877 1207 1910 4.
1230 1877 1361 1910 Necnon
1375 1876 1484 1909 omnia
1509 1875 1686 1920 privilegia,
1704 1873 1842 1912 indulta,
1878 1882 1985 1906 comm⁴

1093 1926 1344 1971 praerogativaS,
1360 1926 1527 1958 facultates
1543 1921 1845 1958 archiconfraterni-
1858 1919 1893 1938 ‘¹¹‘
1913 1915 1958 1936 ‘¹⁴¹
1982 1925 1986 1932 ‘
2006 1918 2008 1921 ’

1095 1976 1151 2009 tati
1177 1975 1362 2010 Confalonis
1389 1975 1428 2008 de
1448 1974 1533 2007 Urbe
1553 1985 1612 2018 per
1631 1984 1690 2006 nos
1710 1978 1740 2006 et
1765 1971 1846 2005 alios
1858 1948 1966 1999 {1:12¹}AE
2005 1965 2008 1979 ³

1096 2026 1259 2058 Romanos
1290 2024 1461 2057 Pontifices
1494 2023 1759 2067 praedecessores
1785 2008 2008 2061 ηο-ῗέξῗζῩ-’Ϊ
2040 2027 2041 2030 ’

1098 2079 1190 2114 siros,
1210 2073 1400 2118 praesertim
1421 2072 1475 2104 illa
1495 2083 1578 2115 quae
1599 2072 1631 2104 in
1652 2071 1735 2104 libro
1746 2075 1848 2104 statu·
1861 2069 1991 2111 ⁰⁰⁰¹⁸¹⁰2j
2038 2108 2039 2115 ἵ

1099 2129 1204 2157 torum
1227 2122 1369 2156 eiusdem
1391 2120 1758 2154 archiconfraternitatis
1770 2130 1850 2153 con-

1100 2173 1253 2212 tinentur,
1272 2181 1413 2215 quorum
1434 2176 1561 2203 tenores
1580 2170 1633 2202 hic
1652 2180 1712 2213 pro
1723 2179 1851 2214 expres-

1102 2221 1144 2254 sis
1163 2220 1275 2254 haberi
1294 2220 1455 2258 volumus,
1473 2219 1558 2258 data,
1581 2218 1700 2251 tributa
1719 2223 1751 2251 et
1773 2228 1851 2251 con-

1104 2281 1203 2310 cessa,
1225 2275 1289 2302 tam
1315 2273 1461 2312 respectu
1483 2267 1644 2300 facultatis
1658 2266 1852 2310 aggregandi

1106 2317 1383 2353 confraternitates
1414 2325 1443 2350 et
1468 2317 1529 2349 alia
1555 2328 1606 2360 pia
1635 2317 1714 2356 loca,
1748 2315 1855 2349 indul-

1106 2368 1291 2411 gentiasque
1328 2372 1358 2400 et
1387 2366 1459 2399 aliis
1496 2371 1703 2409 peceatorum
1740 2364 1854 2398 remis-

1109 2418 1214 2450 siones
1242 2414 1523 2455 communicandi,
1567 2424 1664 2458 quam
1696 2413 1856 2447 orationes

1109 2476 1148 2498 xi,
1183 2466 1337 2498 horarum
1372 2469 1404 2497 et
1437 2462 1654 2506 indulgentias
1682 2461 1857 2496 ad·instar

1111 2513 1285 2547 stationum
1315 2512 1428 2553 Urbis,
1457 2511 1551 2545 certis
1590 2510 1665 2544 anni
1706 2509 1858 2554 tempori-

1112 2564 1195 2603 bus,
1235 2561 1417 2601 indicendi,
1448 2571 1574 2594 necnon
1599 2566 1706 2593 cetera
1728 2558 1856 2598 omnia,

1114 2617 1210 2657 prout
1238 2611 1304 2655 ipsa
1323 2609 1660 2643 archiconfraternitas
1678 2606 1861 2641 Confalonis

1115 2663 1153 2696 de
1175 2661 1257 2695 Urbe
1278 2660 1352 2694 facit
1371 2666 1401 2693 et
1424 2659 1518 2702 gerit,
1541 2655 1860 2700 l'aciendietgerendi

321 712 417 740 Sixtus
425 711 496 746 Papa
505 710 536 744 V.
550 711 584 738 ad
593 710 756 746 perpetuam
765 708 808 736 rei
815 707 984 736 memoriam.

321 787 490 820 Praeclara
510 798 547 820 ac
568 785 704 828 insignia
724 784 888 817 charitatis
911 788 942 815 et
961 782 1027 826 pie-

124 856 236 878 uxoratum
251 859 263 873 a
278 841 351 875 tatis
375 852 486 886 opera,
508 851 590 885 quac
607 839 714 873 dilecti
730 838 788 871 filii
807 837 898 882 prior
907 847 963 869 seu
984 847 1031 869 se-

78 890 132 948 ξῗζθ
156 887 265 946 „¹¹02”ssssss
280 895 365 936 nior,
389 895 598 934 camerarius,
630 892 773 937 deputati
804 891 923 934 aliique
954 900 1030 923 con-

81 948 265 1003 ἱῖὲῖξξιεωξιζῑιξζ
283 949 395 982 fratres
412 948 573 981 societatis
593 948 623 981 S.
652 948 773 986 Annae,
805 955 887 988 qnae
916 943 1034 986 glorio-

82 1014 210 1034 emcenmr
233 1003 425 1035 de-sissimae
457 1001 596 1044 Virginis
627 999 798 1033 Salvatoris
831 998 932 1031 nostri
962 998 1033 1030 lesu

83 1047 194 1070 ‘mmm'
283 1056 399 1090 Christi
420 1055 584 1099 genitricis
615 1060 750 1086 matrem
784 1063 851 1086 esse
872 1058 900 1084 et
926 1051 1034 1094 appel-

285 1110 343 1143 lari
377 1109 566 1142 commerita
596 1108 667 1147 fuit,
690 1108 729 1139 ad
758 1106 892 1149 gloriam
915 1104 982 1144 Dei,
1005 1110 1035 1136 et

284 1163 466 1197 animarum
488 1161 746 1195 christifidelium
771 1160 907 1192 salutem
928 1158 1037 1201 quoti-

286 1217 336 1250 die
368 1222 529 1254 exercent,
560 1225 618 1248 nos
644 1215 801 1247 inducunt
831 1218 866 1245 ut
891 1212 1037 1245 eamdem

288 1270 598 1309 confraternitatem,
625 1278 707 1311 quae
735 1277 800 1300 non
820 1266 926 1299 solum
947 1267 1039 1298 Lom-

288 1335 352 1363 zae,
372 1324 493 1363 Vilnae‚
511 1322 655 1361 Carinae,
678 1320 834 1364 Scampis,
857 1318 1038 1358 Varsaviae,

288 1378 412 1418 Vartae,
439 1377 582 1421 Leopoli,
603 1376 657 1408 sed
678 1375 771 1408 etiam
787 1385 845 1418 per
859 1373 1040 1406 nniversam

291 1431 470 1471 Poloniam,
493 1429 672 1463 Lituaniam
693 1435 724 1461 et
744 1427 904 1465 nussiam,
928 1432 989 1459 tam
1007 1437 1041 1458 a-

292 1485 357 1529 pud
393 1485 506 1517 fratres
531 1483 638 1517 Sancti
664 1481 825 1515 Francisci
863 1481 901 1514 de
931 1479 1043 1513 Obser-

292 1538 411 1577 vantia,
439 1548 535 1581 quam
565 1537 651 1581 apud
675 1536 753 1569 alias
787 1536 958 1579 plerasque
990 1544 1043 1566 ec-

295 1592 408 1625 clesias
438 1598 534 1635 atque
572 1591 688 1624 sacella
727 1589 871 1623 eiusdem
909 1588 1045 1621 Sanctae

294 1647 404 1678 Annae
434 1651 540 1678 erecta
560 1650 591 1678 et.
620 1644 765 1677 instituta
785 1641 956 1686 reperitur,
978 1651 1045 1673 am-

296 1698 392 1741 pliori
417 1709 454 1732 ac
486 1698 625 1741 digniori
656 1697 789 1730 nomine
823 1706 859 1728 ac
881 1695 973 1728 titulo
993 1694 1048 1727 de-

297 1762 448 1786 coremus
475 1762 513 1784 ac
544 1751 766 1791 illustremus,
803 1748 1045 1790 favoribusque,

298 1805 408 1849 gratiis
428 1811 459 1838 et
478 1804 708 1850 praerogativis
736 1812 974 1848 prosequamur
994 1811 1049 1844 op-

299 1859 458 1904 portunis.

345 1914 360 1957 g
384 1913 416 1946 1.
443 1913 552 1957 Itaque
573 1911 781 1945 charissimae
810 1910 843 1943 in
862 1908 987 1943 Christo
1012 1907 1051 1940 fi-

143 1979 285 2015 constuprat·
301 1967 363 2000 liae
384 1972 511 2000 nostrae
531 1967 654 2007 Annae,
681 1964 834 1998 Poloniae
856 1965 986 2005 reginae
1013 1961 1053 1993 il-

104 2011 289 2063 {ssssssssss‘fai'ssffi'ss
304 2020 425 2060 lustris,
456 2020 600 2054 eiusdem
634 2018 794 2052 societatis
831 2022 986 2061 patronae
1019 2025 1055 2047 ac

107 2075 291 2100 '⁵³³²⁰‘’⁰²¹⁰¹‘¹²'
306 2074 520 2119 protectricis,
533 2072 825 2117 supplicationibus
835 2071 895 2104 bac
914 2070 945 2102 in
966 2073 1057 2112 parte

107 2111 148 2132 que
197 2104 291 2124 eiusdem

109 2134 294 2187 cxgprcaffffiifflgs
308 2128 463 2167 inclinati,
487 2126 781 2161 confraternitatem
799 2125 830 2159 S.
844 2126 953 2157 Annae
965 2132 1057 2166 prae-

112 2204 131 2219 οι
146 2197 293 2219 ..ιωῑεωηιη
308 2181 600 2222 dictae,Varsaviae
617 2180 816 2220 existentem,
836 2179 868 2211 in
889 2177 1059 2210 arcliicon—

311 2235 542 2269 fraternitatem
572 2240 603 2267 et
629 2238 726 2278 caput
754 2232 901 2266 omnium
936 2229 1062 2263 confra-

311 2289 499 2322 ternitatum
518 2288 577 2320 sub
598 2288 710 2321 eadem
732 2284 975 2319 invocationem
989 2282 1061 2326 qui-

313 2342 450 2374 buslibet
472 2341 664 2380 civitatibus‚
693 2340 797 2379 terris,
824 2337 949 2382 oppidis
969 2342 999 2369 et
1020 2337 1066 2368 lo-

316 2395 361 2428 cis
382 2395 472 2437 regni
492 2395 643 2428 Poloniae
664 2404 701 2427 ac
714 2393 785 2426 aliis
801 2391 954 2425 dominiis
974 2395 1001 2423 et
1020 2389 1066 2422 di-

318 2448 458 2481 tionibus
478 2448 661 2492 praedictae
688 2447 818 2491 reginae
851 2446 959 2478 Annae
993 2453 1068 2476 con-

320 2501 450 2541 stitutis,
477 2507 657 2535 erectarum
679 2507 710 2534 et
730 2499 969 2543 erigendarum,
992 2501 1022 2529 et
1039 2506 1069 2528 a-

322 2554 438 2586 liarum
479 2554 619 2588 cuiusvis
657 2553 790 2587 alterius
808 2549 1070 2595 nuncupationis,

324 2608 466 2640 eiusdem
488 2614 595 2641 tamen
616 2607 764 2648 instituti,
787 2606 891 2640 eidem
903 2603 1072 2638 archicon-

363 2676 373 2704 l
397 2674 436 2702 Ex
458 2675 570 2711 Regest.
587 2674 615 2702 in
630 2675 737 2703 Secret.
758 2673 904 2701 Brevium.

1979 2657 1983 2659 -
1986 2633 1998 2649 Ἰ

1982 2663 2001 2707 ζ’*

1987 2716 2004 2737 ⁶3
