2059 3228
170 235 218 263 Αη.
235 237 264 265 c.
285 239 350 267 ¹877
411 230 475 267 160

361 454 478 486 luerint
514 455 678 498 profiteri,
711 462 835 491 ceteros
863 460 1039 493 monachos
1076 466 1103 493 et

360 506 524 549 religiosos
556 508 712 543 catholice
737 509 908 552 instruere,
925 517 957 545 et
979 513 1019 546 ad
1034 524 1104 547 mo-

359 559 512 592 nasticam
555 561 757 606 disciplinam
784 565 1032 610 regularemque
1045 567 1102 600 ob-

356 613 557 654 servantiam,
581 625 600 648 a
617 625 682 659 qua
713 617 842 660 penitus
865 618 1040 653 declinasse
1055 621 1101 653 vi-

355 665 484 707 dentur,
516 667 604 701 iuxta
641 675 826 703 sanctorum
859 671 990 705 Patrum
1014 674 1102 707 iusti-

354 724 434 761 tuta,
455 731 605 755 revocare
637 723 805 764 studeant;
838 724 892 757 alii
911 731 1018 759 autem
1044 729 1099 771 qui

353 771 387 805 in
406 772 528 806 clerum
549 774 782 817 adscribentur,
801 778 941 812 nationis
954 790 1031 814 suae
1045 792 1100 825 po-

351 825 437 869 pulis
460 827 612 870 prodesse
631 834 662 862 et
680 840 828 873 praeesse,
843 830 1024 867 animarum
1041 846 1095 868 cu-

351 888 420 911 ram
444 889 605 921 exercere,
625 883 757 916 verbum
778 884 833 918 Dei
857 885 982 920 sincere
1005 899 1098 932 prae-

350 931 468 974 dicare,
488 935 626 978 populos
645 936 684 969 ab
699 937 864 971 erroribus
876 945 907 972 et
926 938 1095 975 schismate

348 994 532 1027 removere,
559 993 590 1020 et
623 989 663 1021 ad
699 989 872 1024 salutarem
899 993 1094 1028 orthodoxae

346 1037 423 1072 fidei
442 1040 606 1074 veritatem
630 1042 786 1077 reducere
817 1045 958 1088 possint3
980 1048 1094 1093 reliqui

345 1102 422 1125 vero
441 1093 496 1136 qui
515 1093 548 1126 in
568 1094 673 1129 laicali
691 1096 754 1130 vita
763 1100 1016 1143 permanserint,
1031 1114 1091 1146 pu-

344 1143 428 1178 blice
449 1156 506 1188 per
525 1146 664 1181 civitates
683 1149 821 1184 aliorum
841 1151 1037 1188 Graecorum
1057 1157 1091 1189 fi-

344 1196 404 1230 lios
416 1198 562 1232 eiusdem
574 1199 650 1233 fidei
669 1202 853 1237 rudimenta
873 1211 904 1238 et
926 1208 1090 1242 veritatem

344 1249 531 1295 litterasque
551 1258 582 1286 et
604 1259 688 1288 artes
711 1255 860 1291 liberales
884 1259 1032 1302 edocere,
1054 1274 1090 1296 ac

344 1302 492 1338 similiter
515 1304 548 1338 in
576 1308 771 1342 orthodoxae
804 1311 968 1354 religionis
1001 1316 1089 1349 cultu

343 1357 509 1391 continere
534 1359 679 1401 valeant3
707 1367 804 1405 atque
833 1364 888 1404 ita,
910 1366 1017 1401 divina
1047 1369 1088 1402 sa-

341 1415 433 1443 vente
451 1411 564 1454 gratia,
591 1415 712 1457 sperati
732 1417 832 1458 possit
851 1424 886 1450 ut
909 1430 985 1454 sana
1005 1423 1088 1456 etin-

341 1468 431 1506 tegra
450 1464 524 1498 fidei
544 1467 740 1510 praedicatio
760 1475 790 1502 et
813 1470 959 1506 doctrina
976 1474 1007 1507 in
1021 1475 1088 1519 ipsa

341 1516 473 1550 Graecia
484 1523 515 1551 et
537 1520 634 1553 totius
654 1527 821 1564 praeterea
839 1524 976 1560 Orientis
991 1530 1088 1572 parti-

339 1569 400 1602 bus
418 1570 592 1614 aliquando
616 1574 813 1616 restituatur,
839 1578 1086 1625 priscorumque

339 1623 442 1664 gentis
461 1623 602 1658 ciusdem
618 1626 746 1660 Patrum
760 1629 883 1663 lumina
895 1632 1083 1668 clarescant.

338 1674 490 1717 Proinde,
526 1677 565 1710 ad
599 1679 828 1723 omnipotentis
846 1683 901 1716 Dei
934 1686 1082 1728 gloriam,

337 1735 467 1763 sanctae
486 1730 562 1764 fidei
588 1733 764 1767 catholicae
789 1736 1023 1780 exaltationem,
1050 1752 1084 1774 a-

336 1781 500 1815 nimarum
520 1785 708 1818 eorumdem
727 1787 922 1823 Graecorum
933 1793 1081 1834 salutem,

336 1845 374 1868 ac
392 1842 582 1880 perpetuam
601 1838 745 1882 ipsorum
765 1852 840 1874 cum
863 1843 1005 1878 Ecclesia
1024 1847 1084 1881 Ro-

336 1898 432 1922 mana
450 1889 618 1933 unionem,
652 1899 743 1926 motu
775 1896 908 1940 proprio
932 1904 1082 1943 certaque

335 1942 469 1976 scientia
488 1943 592 1988 deque
611 1946 806 1990 apostolicae
826 1951 992 1992 potestatis
1016 1954 1084 1996 ple-

334 1994 494 2037 nitudine,
533 2008 635 2031 unum
678 2000 850 2043 collegium
884 2001 1080 2038 Graecorum

334 2059 512 2091 puerorum
524 2056 556 2084 et
572 2052 813 2086 adolescentum
828 2054 861 2087 in
875 2056 985 2089 eadem
998 2058 1081 2092 Urbe

332 2109 454 2145 nostra,
476 2105 548 2138 loco
576 2106 615 2138 ad
635 2106 667 2140 id
689 2108 870 2148 statuendo,
891 2111 1080 2145 auctoritate

332 2158 518 2200 apostolica,
537 2165 649 2193 tenore
675 2160 906 2205 praesentium,
928 2163 1081 2207 erigimus

333 2215 363 2242 ct
379 2209 588 2253 instituimus,
606 2213 700 2257 eique
709 2214 792 2247 dotis
805 2216 936 2249 nomine
949 2224 1078 2251 centum

331 2268 421 2296 scuta
440 2265 522 2305 auri,
544 2276 581 2298 ex
600 2266 717 2300 nostris
731 2273 763 2300 et
777 2267 928 2302 Gamerae
946 2271 1079 2313 Aposto-

332 2315 411 2348 licae
436 2319 581 2360 pecuniis
594 2346 602 2357 ,
634 2320 738 2353 donec
769 2321 863 2355 aliter
895 2329 1078 2366 opportune

331 2370 546 2411 provideatur,
560 2372 590 2405 in
611 2374 756 2416 singulos
775 2385 902 2408 menses
915 2376 1076 2417 solvenda,

330 2423 538 2466 assignamus.
571 2426 748 2467 Praeterea,
773 2439 847 2461 cum
885 2429 1077 2463 cathedralis

331 2473 464 2505 ccclesia
484 2474 697 2508 Cltisainensis
716 2476 840 2510 insulae
858 2477 969 2511 Cretae
988 2485 1076 2512 certo

330 2522 426 2553 modu
446 2524 599 2556 vacaverit
620 2531 651 2557 et
670 2532 758 2559 vacet
777 2526 816 2559 ad
840 2537 1001 2570 praeseus,
1018 2537 1076 2560 nos

330 2571 567 2604 considerantes
592 2574 758 2607 ecclesiam
780 2575 881 2619 ipsam
906 2575 991 2608 clero
1016 2587 1074 2619 po-

329 2619 470 2663 puloque
481 2621 601 2661 Latino,
612 2624 750 2666 exceptis
760 2624 872 2667 paucis
881 2623 1072 2667 quibusdam

958 245 1137 270 nnLLAtumt
1156 245 1307 270 Romnum

366 294 429 328 dati
451 294 580 335 suerint,
597 300 628 327 et
648 293 679 327 in
694 294 879 330 huiusmodi
898 297 1010 330 studiis
1032 308 1109 342 pro·
1151 297 1326 337 canonicis,
1348 297 1404 341 qui
1430 302 1538 331 tamen
1573 298 1614 332 ab
1644 297 1896 333 immemorabili

364 348 509 386 fecerint,
538 348 577 380 ad
601 358 714 381 eorum
745 350 881 395 patriam
911 357 941 384 et
960 351 1031 385 loca
1060 364 1109 385 re-
1150 356 1306 394 tempore,
1328 351 1392 384 sive
1421 351 1463 384 ob
1481 351 1667 386 tenuitatem
1697 353 1896 396 praebenda-

363 402 507 438 deuutes,
529 402 594 441 alii,
619 402 674 446 qui
702 404 910 438 monasticam
930 405 1025 439 vitam
1042 417 1107 440 ma-

1909 244 1991 278 Λα.

1149 415 1220 436 rum
1241 404 1303 437 sive
1314 404 1392 437 alias
1403 404 1444 437 ob
1453 415 1577 445 causas,
1594 405 1638 438 ibi
1654 416 1832 449 numquam
1843 415 1894 439 re-

1146 458 1310 498 sederunt,
1342 457 1397 490 scd
1430 457 1587 501 Cydoniae
1619 458 1663 491 ibi
1692 459 1893 503 propinquae

1145 509 1287 543 habitare
1308 510 1392 544 soliti
1412 515 1498 551 sunt,
1520 511 1652 544 omnino
1673 522 1796 552 carere,
1817 522 1893 545 con-

1143 563 1250 596 venire
1266 562 1477 597 iudicavimus
1491 563 1671 597 subsidium
1682 565 1812 608 aliquod
1825 565 1892 599 col-³

1141 617 1223 659 legio
1242 616 1406 660 praedicto
1417 616 1450 649 in
1467 616 1750 651 substentationem
1762 618 1889 652 schola->

1140 667 1224 702 riu'm
1244 680 1281 703 ex
1303 670 1401 703 liuius
1420 669 1574 703 ecclesiae
1598 671 1757 704 fructibus
1782 672 1888 716 appii-—

1139 733 1225 763 care,
1259 723 1374 763 donec,
1396 723 1459 772 Deo
1496 723 1603 764 dante,
1631 723 1704 757 talis
1735 725 1887 758 constitui

1138 777 1238 820 possit
1257 777 1439 821 episcopus,
1466 777 1521 820 qui
1543 777 1639 810 etiam
1663 777 1751 811 clero
1776 783 1808 811 et
1824 788 1885 822 po-·

1137 830 1214 873 pulo
1231 830 1353 864 Graeco
1367 835 1566 863 sacramenta
1576 836 1607 864 et
1619 840 1702 874 quae
1711 835 1788 864 sunt
1799 841 1884 875 pon-

1136 883 1262 917 tificalis
1281 883 1403 917 ordinis
1433 884 1535 917 valeat
1562 883 1758 918 ministrare.
1778 884 1884 924 Quare

1135 946 1247 969 omnes
1273 936 1376 970 dictae
1399 936 1614 970 Chisamensis
1632 937 1787 971 ecclesiae
1813 939 1883 972 frua

1134 995 1214 1030 ctus,
1227 989 1372 1023 redditus
1383 996 1413 1023 et
1421 995 1608 1034 proventus,
1617 990 1880 1035 omniaqueium,

1133 1042 1352 1076 obventionies
1371 1049 1402 1076 et
1420 1043 1652 1084 emolumenta,
1665 1043 1806 1088 exceptis
1819 1044 1882 1088 dn·-

1133 1096 1234 1129 centis
1262 1096 1374 1136 scutis,
1407 1106 1515 1129 annue
1546 1096 1800 1130 administratori
1821 1107 1881 1131 seu

1130 1149 1262 1190 vicario,
1283 1150 1339 1193 qui
1359 1161 1377 1183 a
1398 1150 1491 1183 nobis
1510 1150 1614 1184 eidem
1639 1150 1795 1184 ecclesiae
1821 1151 1880 1184 de⁴

1131 1203 1308 1245 putabitur,
1346 1202 1578 1247 persolvendis,
1608 1208 1637 1236 et
1661 1214 1770 1236 annua
1801 1214 1880 1248 pen⁴

1130 1255 1218 1289 sione
1237 1256 1251 1279 1
1273 1261 1438 1289 scutorum
1450 1256 1521 1289 auri
1531 1256 1699 1296 similium,
1712 1267 1811 1300 quam
1822 1267 1877 1290 ve·

1129 1310 1265 1342 nerabili
1285 1310 1375 1342 fratri
1386 1320 1473 1343 nunc
1484 1309 1638 1354 episcopo
1645 1309 1877 1351 Miloviensi5ut.

1128 1362 1330 1395 commodius
1350 1362 1546 1396 substentari
1579 1363 1694 1406 possit,
1717 1363 1875 1406 assignari

1128 1416 1339 1457 decrevimus,
1361 1416 1422 1460 ipsi
1448 1416 1646 1449 Graecorum
1683 1416 1820 1460 collegio
1855 1427 1876 1450 a

1128 1469 1219 1503 nobis
1239 1475 1356 1510 erecto,
1376 1469 1417 1502 ad
1435 1479 1537 1502 annos
1548 1469 1746 1513 quindecim,
1760 1469 1874 1503 eadem

1126 1523 1315 1556 auctoritate
1334 1523 1524 1567 apostolica,
1548 1523 1760 1566 applicamus,
1787 1522 1874 1556 attri-

1127 1576 1255 1609 buimus
1279 1581 1310 1609 et
1333 1575 1546 1619 assignamus,
1573 1576 1616 1609 ita
1639 1581 1676 1609 ut
1701 1576 1741 1609 ab
1768 1575 1872 1620 ipsius

1125 1629 1250 1672 collegii
1270 1629 1549 1674 procuratoribus,
1571 1628 1705 1672 propria
1731 1629 1872 1663 auctori-

1125 1688 1198 1722 tate,
1227 1694 1264 1716 ea
1291 1683 1400 1716 omnia
1429 1683 1524 1725 exigi,
1550 1682 1673 1726 percipi
1701 1688 1734 1716 et
1757 1682 1868 1724 levari,

1123 1732 1333 1775 praediaque,
1354 1732 1469 1764 domus
1488 1737 1520 1764 et
1537 1730 1622 1764 bona
1645 1741 1870 1775 quaecumque

1123 1780 1233 1820 locari,
1267 1780 1394 1824 aliaque
1425 1780 1466 1813 ad
1493 1780 1526 1813 id
1550 1786 1735 1824 opportuna
1757 1783 1789 1813 et
1810 1790 1869 1813 ne-

1123 1829 1261 1862 ccssaria
1284 1829 1354 1862 fieri
1374 1828 1510 1873 possint.

1165 1878 1180 1921 ξ
1198 1877 1230 1911 3.
1252 1878 1406 1911 Volumus
1426 1882 1534 1911 autern
1563 1877 1649 1910 idem
1679 1877 1865 1921 collegium,
1906 1884 1963 1907 a„
1982 1894 1995 1910 a

1122 1926 1272 1970 illiusque
1291 1932 1446 1966 rectores,
1459 1936 1665 1966 oeconomos,
1683 1926 1864 1969 magistr05‚
1878 1922 1990 1970 23:¹22>
2016 1952 2020 1953 γ

1120 1981 1345 2019 praeceptores
1360 1981 1456 2019 atquc
1470 1975 1632 2008 scholares
1651 1985 1709 2018 pro
1721 1980 1867 2019 tempore
1877 1977 1968 2031 3¹3⁰ss

1120 2023 1152 2056 in
1173 2034 1212 2057 eo
1249 2025 1429 2064 existentes,
1453 2029 1484 2057 et
1507 2034 1620 2057 eorum
1659 2023 1863 2065 domesticos,
1936 2025 1943 2037 '

1119 2072 1271 2105 officiales
1291 2078 1322 2105 et
1345 2072 1521 2114 ministros,
1547 2072 1712 2116 ipsiusque
1737 2073 1865 2116 collegii

1118 2120 1203 2153 bona
1221 2121 1354 2153 mobilia
1371 2125 1403 2153 et
1417 2120 1606 2159 immobilia,
1628 2121 1866 2165 cuiuscumque

1118 2169 1280 2213 qualitatis
1304 2175 1335 2202 et
1352 2169 1550 2214 quantitatis,
1576 2170 1608 2202 in
1628 2169 1712 2202 dicta
1730 2170 1815 2203 Urbe
1833 2175 1865 2203 ct

1118 2224 1205 2251 extra
1227 2229 1265 2252 ac
1283 2219 1362 2251 alias
1383 2218 1503 2261 ubique
1521 2219 1668 2251 locorum
1689 2219 1864 2258 consisten-

1118 2268 1172 2307 tia,
1198 2273 1342 2311 cxempta
1367 2278 1436 2301 esse
1456 2267 1494 2300 ab
1519 2268 1604 2301 omni
1627 2267 1859 2309 iurisdictione,

1117 2317 1328 2356 correctione,
1359 2317 1548 2356 visitatione,
1581 2317 1737 2357 dominio,
1768 2328 1862 2361 supe-

1119 2365 1259 2399 rioritatc.
1274 2371 1304 2398 et
1323 2371 1479 2409 potestate
1489 2376 1548 2410 pro
1567 2371 1712 2409 tempore
1723 2366 1860 2399 existen-

1117 2414 1153 2446 ti>¹
1179 2415 1346 2455 senatoris,
1369 2420 1641 2453 conservatorum,
1671 2415 1859 2449 reformato-

1115 2472 1251 2506 rumque
1288 2463 1391 2497 dictae
1415 2463 1525 2502 Urbis,
1563 2473 1688 2496 necnon
1725 2464 1859 2497 rectoris

1115 2512 1217 2544 Studii
1236 2512 1404 2555 generalis,
1424 2513 1532 2546 vicarii
1557 2512 1650 2544 L'rliis
1674 2516 1705 2544 et
1728 2511 1858 2545 ordina-

1115 2561 1235 2594 riorum
1256 2561 1402 2594 locorum
1421 2561 1596 2594 aliorumve
1623 2570 1857 2603 quorumcum-

1151 2635 1159 2659 t
1184 2633 1296 2660 Centum
1312 2632 1418 2661 addunt
1432 2631 1555 2660 Cherub.
1569 2631 1700 2659 etttutttt.
1718 2634 1756 2665 (nt
1777 2632 1827 2666 T.)-
