2059 3228
353 231 415 263 598

348 295 460 328 Datum
486 290 607 322 nomae
631 285 715 330 apud
736 284 768 318 S.
790 283 944 323 Marcum,
966 290 1050 314 aimo

304 344 537 382 Incarnationis
561 339 741 373 dominicae
761 336 932 370 millesimo
953 334 1050 378 quin-

305 399 480 441 gentesimo
501 393 720 436 octuagesimo
736 391 863 434 quinto,
881 389 988 422 idibus
1004 398 1051 420 se-

304 450 468 497 pembris,
492 448 698 493 pontificatus
718 444 816 477 nostri
838 453 922 476 anno
943 453 963 475 Ι,

366 509 428 538 Dat.
441 508 488 537 dic
506 507 542 535 13
560 510 633 544 sept.
655 504 740 538 1535,
760 502 862 541 pontis,
878 510 955 530 anno
969 509 989 529 ι.

107 244 162 273 ΛΠ.
181 244 209 273 C.
226 244 291 273 1585

636 675 711 708 Xlll.

306 755 519 797 Confirmatio
549 755 744 794 statutorum
772 750 852 782 Iulii
881 749 991 790 Papae
1014 746 1055 779 II

345 818 439 850 super
457 807 535 839 bono
550 805 707 848 reyimine
717 807 898 836 castrorum
916 800 1051 833 comita-

348 865 398 893 tus
409 859 640 897 Ariminensis,
653 866 810 900 novaeque
821 853 1052 887 declarationes

346 914 388 947 ad
398 917 524 946 emortus
533 913 604 945 lites
616 909 849 954 componendas
864 907 1053 950 futurasque

346 967 516 1001 evitandas
540 965 566 998 1.

335 1047 446 1076 liuentis
459 1046 525 1074 filiis
540 1044 710 1073 comitativis
729 1043 847 1071 omnium
865 1041 1019 1069 castrorum

455 1100 601 1129 comitatus
619 1097 710 1126 nostri
728 1095 904 1124 Ariminensis

565 1153 661 1181 sixtus
673 1152 745 1186 Papa
755 1150 788 1179 V.

301 1209 400 1238 Dilecti
417 1208 478 1241 tilii,
494 1207 613 1236 salutem
625 1207 655 1234 et
670 1204 815 1241 apostolic.
827 1201 1053 1231 benedictionem.

346 1280 412 1323 gl.
440 1277 623 1312 Constantia
647 1281 678 1309 et
707 1274 842 1308 eximiae
875 1270 1054 1306 devotionis

302 1334 450 1373 affectus,
471 1343 535 1376 quo
555 1342 613 1364 nos
630 1330 848 1363 etRomanam
863 1325 1055 1360 reveremini

302 1387 491 1426 Ecclesiam,
514 1388 720 1430 promeretur
737 1378 773 1414 ut
800 1380 865 1420 his,
886 1390 970 1424 quae
996 1388 1055 1421 pro

302 1440 414 1474 vestris
441 1437 686 1482 tranquillitate,
721 1433 893 1468 commodo
919 1438 950 1465 et
968 1431 1056 1464 utili-

303 1500 366 1528 tate
385 1498 472 1539 gesta
492 1497 523 1525 et
538 1500 687 1524 concessa
707 1489 850 1527 suerunt,
873 1491 908 1519 ut
937 1496 975 1518 eo
1002 1485 1056 1517 tir-

303 1547 389 1582 mius
424 1546 617 1591 persistant,
652 1540 819 1587 apostolici
863 1538 1056 1572 muniminis

303 1600 503 1646 praesidium
523 1597 762 1641 impartiamur.

347 1655 363 1698 ἓ
382 1654 413 1687 ΕΖ.
437 1653 519 1687 Sane
536 1651 629 1685 nobis
648 1659 756 1693 nuper
771 1658 830 1692 per
850 1646 1003 1680 dilectum
1021 1645 1058 1677 fi-

118 1720 212 1755 ssam
227 1726 238 1740 a
254 1718 290 1738 iu-
303 1707 385 1741 lium
408 1706 577 1740 Nicolaum
602 1704 772 1737 Moronum
797 1700 916 1734 laicum
941 1697 1058 1731 Arimi-

107 1751 234 1807 ?Z'giiiflissm
251 1755 291 1801 ⁹2⁰2
305 1773 450 1802 nensem,
473 1765 621 1803 agentem
645 1763 799 1796 vestrum,
835 1754 952 1799 exponi
983 1752 1058 1786 scci-

108 1814 292 1865 ῗζξξζζῐῖζζξζζζζ
307 1817 363 1850 stis
381 1815 469 1860 quod
489 1814 568 1847 alias
587 1812 690 1846 felicis
704 1807 940 1844 recordationis
957 1807 1058 1840 Iulius

109 1882 145 1897 ⁵¹⁵-
306 1868 573 1914 Papaseeundus,
594 1865 825 1910 praedecessor
838 1867 958 1901 noster,
974 1865 1059 1904 post-

308 1935 406 1968 quam
426 1922 586 1956 civitatem
605 1925 748 1953 nostram
769 1915 1007 1950 Ariminensem
1028 1918 1059 1945 et

309 1984 340 2011 et
359 1977 446 2010 illius
470 1974 661 2009 comitatum
678 1966 787 2004 suo'et
807 1968 897 2002 Sedis
921 1967 1058 2010 Aposto-

309 2032 391 2065 licae
425 2027 606 2075 patrocinio
643 2023 828 2058 immediate
865 2021 1058 2059 subiecerat,

311 2085 503 2118 dilectorum
528 2081 672 2114 filiorum
693 2074 936 2111 communitatis
956 2078 987 2106 et
1005 2073 1062 2105 ho-

314 2138 438 2170 minum
457 2135 561 2169 dictae
581 2132 715 2166 civitatis
730 2127 1059 2175 precibusadductus‚

314 2191 415 2235 quieti
434 2195 464 2223 et
483 2185 707 2231 tranquillitati
725 2183 870 2217 eiusdem
891 2180 1063 2214 comitatus

315 2242 523 2282 consulendo,
545 2241 628 2274 inter
647 2238 722 2278 alia,
743 2247 784 2270 ne
808 2247 826 2268 a
849 2233 961 2267 vestris
985 2242 1063 2275 ope-

316 2297 405 2330 ribus
438 2296 566 2329 litium*
582 2293 752 2327 occasione
789 2285 1062 2325 distraheremini,

318 2350 476 2384 concessit
495 2354 525 2381 et
543 2347 646 2381 voluit
664 2344 752 2389 quod
777 2343 810 2376 in
833 2339 958 2374 damnis
983 2338 1065 2372 datis

319 2416 338 2437 a
355 2404 566 2447 quadraginta
586 2400 697 2434 solidis
721 2397 813 2437 infra⁷
844 2398 1066 2428 recurreretm·

320 2458 359 2491 ad
378 2457 548 2490 officialem
568 2453 630 2487 loci
651 2451 759 2485 damni
785 2449 868 2489 dati;
900 2451 1066 2492 praeterea

321 2511 405 2555 quod
421 2508 585 2553 deputatio
605 2506 860 2550 capitaneorum,
872 2504 1065 2545 potestatum

322 2570 352 2598 et
370 2563 562 2596 vicariorum
583 2567 761 2594 castrorum
783 2556 857 2589 dicti
884 2552 1066 2590 comitatus,

132 1352 252 1373 Exordium.

360 2634 372 2659 ¹
391 2630 435 2658 Ex
448 2629 558 2664 Regcst.
577 2628 605 2654 in
620 2627 726 2653 Serrei.
746 2622 890 2652 Brevium.

896 227 1077 254 BULLAntmt
1097 225 1247 251 ROMANUM

1091 278 1131 310 ad
1152 276 1330 310 tollendum
1350 274 1609 308 inconvenientia
1623 284 1705 318 quae
1722 274 1755 309 in
1768 273 1838 309 dies

1091 330 1170 364 oriri
1204 334 1334 374 possent
1357 340 1394 362 ex
1420 327 1698 369 imbussulatione,
1719 339 1760 362 ne
1779 328 1837 361 da-

1092 389 1182 416 retur
1213 383 1302 416 vobis
1332 381 1466 416 materia
1505 381 1658 424 querelae
1684 382 1723 415 de
1752 382 1837 415 malo

1092 436 1260 480 regimine,
1289 436 1381 469 fieret
1400 433 1565 479 perpetuis
1584 434 1786 478 temporibus
1805 434 1838 468 in

1092 491 1178 523 huuc
1199 490 1344 529 modum,
1365 487 1513 521 videlicet
1531 487 1619 531 quod
1635 494 1839 528 ,occurrente

1092 543 1255 576 vacatione
1284 541 1379 576 officii
1421 541 1517 574 unius
1551 540 1663 581 castri,
1692 541 1839 575 homines

1093 597 1178 630 illius
1198 596 1292 630 castri
1313 595 1468 629 deberent
1486 605 1546 639 pro
1566 595 1710 638 quolibet
1733 595 1840 628 officio

1092 651 1260 684 nominare
1281 656 1344 683 tres
1364 649 1447 683 cives
1461 649 1680 682 Ariminenses
1691 648 1837 690 idoneos3

1092 705 1275 737 nominatos
1299 714 1386 741 vero,
1404 702 1592 736 consulibus
1611 702 1715 736 dictae
1733 701 1840 735 civita-

1093 759 1132 792 tis
1148 765 1364 802 praesentare;
1382 757 1531 791 consules
1549 767 1636 796 vero,
1653 756 1736 789 infra
1749 755 1841 800 quin-

1093 812 1197 845 decim
1218 812 1286 845 dies
1310 823 1328 845 a
1352 811 1403 844 die
1435 809 1703 854 praesentationis
1726 809 1840 843 huius-

1094 865 1179 898 modi
1201 864 1449 909 computandos,
1467 874 1568 896 unum
1584 873 1621 896 ex
1637 862 1728 896 dictis
1739 862 1843 896 tribus

1094 919 1126 951 in
1146 929 1259 951 eorum
1277 918 1413 951 consilio
1433 917 1564 961 eligere,
1585 917 1640 959 qui
1661 916 1783 949 electus
1794 916 1843 949 in-

1094 971 1293 1014 telligeretur
1322 970 1452 1014 quando
1473 969 1512 1002 ad
1532 969 1686 1013 partitum
1709 968 1843 1002 haberet

1094 1025 1218 1058 maiora
1237 1024 1388 1067 suffragia
1407 1029 1438 1056 et
1457 1023 1568 1067 plures
1591 1032 1694 1062 voces,
1718 1028 1750 1055 et
1777 1032 1844 1055 non

1094 1084 1200 1122 posset
1220 1077 1292 1111 talis
1311 1087 1449 1121 persona
1468 1077 1509 1110 ad
1527 1077 1591 1109 tale
1611 1075 1753 1109 officium
1774 1085 1843 1108 am-

1094 1131 1180 1174 plius
1203 1131 1377 1171 nominari,
1401 1130 1461 1163 nisi
1487 1130 1596 1173 elapso
1623 1128 1782 1169 triennio;
1812 1132 1844 1161 et

1095 1184 1140 1217 sic
1173 1184 1311 1217 electum
1346 1184 1544 1226 gubernator
1567 1182 1671 1215 dictae
1709 1181 1844 1215 civitatis

1095 1242 1260 1270 teneretur
1283 1237 1476 1270 confirmare
1496 1243 1527 1270 et
1546 1237 1701 1280 deputare
1725 1236 1845 1280 absque

1095 1290 1202 1334 aliqua
1219 1290 1390 1331 solutione,
1408 1289 1469 1322 nisi
1485 1289 1625 1322 duorum
1639 1288 1845 1322 carlenorum

1096 1344 1260 1388 papalium
1286 1354 1344 1389 pro
1370 1344 1435 1376 suis
1459 1342 1642 1386 patentibus
1660 1342 1786 1375 litteris.
1808 1342 1847 1374 Et

1096 1398 1184 1441 quod
1202 1398 1264 1430 tale
1284 1389 1426 1430 officium
1447 1407 1511 1428 non
1531 1400 1638 1439 posset
1657 1395 1776 1429 durare
1793 1395 1845 1428 ul-

1096 1457 1145 1484 tra
1164 1461 1298 1491 annum,
1322 1460 1381 1483 nec
1401 1448 1541 1482 exerceri
1563 1459 1620 1492 per
1635 1448 1842 1481 substitutum

1096 1505 1261 1544 idoneum,
1273 1503 1329 1547 qui
1340 1514 1405 1536 non
1422 1503 1503 1535 foret
1517 1513 1576 1546 per
1595 1502 1843 1544 gubernatorem

1097 1565 1127 1592 et
1146 1558 1296 1591 consules
1315 1556 1496 1600 praedictos
1516 1566 1553 1588 ac
1573 1555 1742 1588 massanos
1762 1556 1847 1589 loco-

1097 1623 1169 1645 rum
1183 1611 1392 1655 approbatus‚
1408 1609 1552 1643 decrevit
1568 1615 1598 1642 et
1613 1608 1783 1642 ordinavit.
1798 1608 1847 1641 ln-

1097 1676 1207 1709 super,
1229 1670 1264 1698 ut
1284 1664 1455 1697 comitatus
1474 1662 1657 1706 praedictus
1690 1662 1847 1695 libertatis

1098 1717 1332 1752 ecclesiasticae
1361 1716 1523 1761 particeps
1550 1715 1652 1755 fieret,
1676 1726 1712 1748 ac
1732 1715 1764 1747 in
1783 1711 1847 1748 lide

1099 1778 1130 1806 et
1153 1772 1320 1805 devotione
1349 1771 1492 1804 eiusdem
1517 1769 1677 1802 Ecclesiae
1699 1779 1846 1811 perseve-

1099 1832 1197 1866 raret,
1208 1825 1294 1869 quod
1310 1824 1529 1858 remitteretur
1543 1823 1632 1856 vobis
1647 1823 1686 1855 (le
1696 1821 1847 1855 tertiariis

1099 1886 1131 1914 et.
1163 1879 1264 1913 solitis
1295 1877 1510 1911 solutionibus
1539 1875 1695 1909 faciendis
1722 1874 1848 1908 vicariis

1100 1932 1355 1966 Ariminensibus
1375 1930 1468 1964 tertia
1491 1940 1564 1973 pars
1585 1928 1702 1961 futuris
1721 1933 1846 1971 tempo-

1100 1987 1203 2026 ribus,
1229 1986 1268 2018 ad
1288 1986 1350 2017 hoc
1367 1984 1462 2017 etiam
1484 1988 1519 2014 ut
1539 1981 1695 2014 militibus
1714 1981 1753 2013 de
1769 1980 1848 2013 taxis

1102 2040 1227 2072 facilius
1247 2037 1441 2081 respondere
1457 2035 1615 2074 valeretis,
1633 2044 1698 2066 non
1715 2032 1849 2077 possetis

1102 2093 1173 2136 cogi
1193 2103 1252 2125 nec
1273 2090 1404 2133 astringi
1425 2089 1462 2121 ad
1484 2087 1669 2121 solvendum
1690 2086 1751 2119 nisi
1771 2081 1849 2118 d'uas

1104 2153 1211 2190 partes
1230 2146 1311 2185 eius,
1328 2143 1414 2188 quod
1429 2142 1513 2175 soliti
1525 2140 1621 2174 eratis
1636 2140 1757 2173 solvere
1770 2149 1850 2182 quo-

1105 2201 1178 2234 libet
1200 2210 1283 2232 anno
1302 2197 1429 2231 vicariis
1448 2194 1704 2229 Ariminensihus
1723 2193 1762 2226 de
1785 2192 1849 2225 Ma—

1105 2253 1237 2294 mestis,
1259 2263 1317 2296 per
1341 2261 1414 2284 suas
1438 2250 1570 2287 littera&
1590 2246 1767 2291 apostolica
1791 2256 1849 2278 au-

1105 2306 1264 2346 ctoritate,
1282 2302 1451 2342 concessit,
1471 2307 1568 2345 prout
1587 2300 1620 2332 in
1640 2299 1717 2343 ipsis
1736 2297 1849 2331 litteris

1106 2360 1233 2404 plenius
1250 2357 1444 2392 continetur.
1522 2365 1546 2379 ⁴·

1150 2410 1164 2452 ἓ
1184 2408 1215 2441 3.
1242 2408 1279 2440 Et
1299 2407 1380 2439 sicut
1399 2403 1510 2438 eadem
1536 2400 1690 2445 expositio
1717 2398 1850 2433 subiun-

1107 2459 1212 2499 gebat,
1235 2454 1383 2489 nonnulli
1407 2464 1443 2486 cx
1468 2452 1560 2485 dictis
1586 2450 1718 2489 civibus,
1748 2453 1850 2480 retro·
1879 2450 1903 2462 ¹⁸

1108 2508 1186 2540 actis
1222 2504 1440 2549 tfflnporilms,
1479 2505 1645 2545 praetextu
1683 2496 1849 2531 cuiusdam

1109 2555 1227 2589 decreti
1243 2565 1300 2597 per
1313 2553 1415 2585 lionae
1431 2549 1606 2583 memoriae
1619 2547 1848 2589 Hieronymum

1109 2605 1191 2638 tituli
1217 2605 1248 2637 S.
1271 2601 1396 2644 Georgii
1415 2599 1637 2644 presbyterum
1654 2593 1850 2629 cardinalem

1851 221 1905 250 An.
1919 215 1963 250 (ζ’

1865 2474 1959 2495 tutionis.
2000 2466 2003 2467 ⁷
