<?xml version="1.0" encoding="UTF-8"?>
<!DOCTYPE html PUBLIC "-//W3C//DTD XHTML 1.0 Transitional//EN"
    "http://www.w3.org/TR/xhtml1/DTD/xhtml1-transitional.dtd">
<html xmlns="http://www.w3.org/1999/xhtml" xml:lang="en" lang="en">
 <head>
  <title>
</title>
<meta http-equiv="Content-Type" content="text/html;charset=utf-8" />
  <meta name='ocr-system' content='tesseract 3.04.00' />
  <meta name='ocr-capabilities' content='ocr_page ocr_carea ocr_par ocr_line ocrx_word'/>
</head>
<body>
  <div class='ocr_page' id='page_1' title='image "./bullarumdiplomat08cath_0436.png"; bbox 0 0 2059 3228; ppageno 0'>
   <div class='ocr_carea' id='block_1_1' title="bbox 101 186 1054 1850">
    <p class='ocr_par' dir='ltr' id='par_1_1' title="bbox 306 186 1052 344">
     <span class='ocr_line' id='line_1_1' title="bbox 351 186 414 220; baseline 0 0"><span class='ocrx_word' id='word_1_1' title='bbox 351 186 414 220; x_wconf 69' lang='lat'>4⁶20</span> 
     </span>
     <span class='ocr_line' id='line_1_2' title="bbox 306 243 1052 285; baseline -0.007 -3"><span class='ocrx_word' id='word_1_2' title='bbox 306 254 341 282; x_wconf 90' lang='lat' dir='ltr'>ut</span> <span class='ocrx_word' id='word_1_3' title='bbox 369 245 563 281; x_wconf 82' lang='lat' dir='ltr'>beneficium</span> <span class='ocrx_word' id='word_1_4' title='bbox 593 243 752 278; x_wconf 84' lang='lat' dir='ltr'>vacationi</span> <span class='ocrx_word' id='word_1_5' title='bbox 779 243 966 285; x_wconf 83' lang='lat' dir='ltr'>obnoxium,</span> <span class='ocrx_word' id='word_1_6' title='bbox 998 244 1052 278; x_wconf 90' lang='lat' dir='ltr'>sed</span> 
     </span>
     <span class='ocr_line' id='line_1_3' title="bbox 306 297 1049 344; baseline -0.005 -10"><span class='ocrx_word' id='word_1_7' title='bbox 306 306 340 333; x_wconf 92' lang='lat' dir='ltr'>ut</span> <span class='ocrx_word' id='word_1_8' title='bbox 361 299 529 344; x_wconf 78' lang='lat' dir='ltr'>praedium</span> <span class='ocrx_word' id='word_1_9' title='bbox 545 297 708 342; x_wconf 86' lang='lat' dir='ltr'>possidere</span> <span class='ocrx_word' id='word_1_10' title='bbox 725 298 1049 342; x_wconf 87' lang='lat' dir='ltr'>possecontendebat..</span> 
     </span>
    </p>

    <p class='ocr_par' dir='ltr' id='par_1_2' title="bbox 106 351 1054 558">
     <span class='ocr_line' id='line_1_4' title="bbox 348 351 1052 396; baseline 0 -11"><span class='ocrx_word' id='word_1_11' title='bbox 348 353 362 396; x_wconf 62' lang='grc' dir='ltr'><strong>ἓ</strong></span> <span class='ocrx_word' id='word_1_12' title='bbox 383 353 413 385; x_wconf 77' lang='lat' dir='ltr'>l.</span> <span class='ocrx_word' id='word_1_13' title='bbox 436 353 498 386; x_wconf 83' lang='lat' dir='ltr'>Nos</span> <span class='ocrx_word' id='word_1_14' title='bbox 520 361 651 385; x_wconf 88' lang='lat' dir='ltr'>causam</span> <span class='ocrx_word' id='word_1_15' title='bbox 671 351 860 384; x_wconf 91' lang='lat' dir='ltr'>huiusmodi</span> <span class='ocrx_word' id='word_1_16' title='bbox 881 362 1052 385; x_wconf 88' lang='lat' dir='ltr'>causarum</span> 
     </span>
     <span class='ocr_line' id='line_1_5' title="bbox 122 405 1052 452; baseline 0.003 -16"><span class='ocrx_word' id='word_1_17' title='bbox 122 415 205 437; x_wconf 62' lang='lat' dir='ltr'>oemio</span> <span class='ocrx_word' id='word_1_18' title='bbox 220 416 287 452; x_wconf 56' lang='lat' dir='ltr'>dictae</span> <span class='ocrx_word' id='word_1_19' title='bbox 303 405 415 439; x_wconf 86' lang='lat' dir='ltr'>Curiae</span> <span class='ocrx_word' id='word_1_20' title='bbox 436 406 588 439; x_wconf 82' lang='lat' dir='ltr'>Gamerae</span> <span class='ocrx_word' id='word_1_21' title='bbox 596 405 799 450; x_wconf 83' lang='lat' dir='ltr'>Apostolicae</span> <span class='ocrx_word' id='word_1_22' title='bbox 807 406 949 450; x_wconf 86' lang='lat' dir='ltr'>generali</span> <span class='ocrx_word' id='word_1_23' title='bbox 961 406 1052 439; x_wconf 89' lang='lat' dir='ltr'>audi—</span> 
     </span>
     <span class='ocr_line' id='line_1_6' title="bbox 106 451 1052 500; baseline 0 -6"><span class='ocrx_word' id='word_1_24' title='bbox 106 451 288 500; x_wconf 54' lang='grc' dir='ltr'>ξῖᾞζῖἶξῗᾟ.</span> <span class='ocrx_word' id='word_1_25' title='bbox 302 461 363 494; x_wconf 87' lang='lat' dir='ltr'>tori</span> <span class='ocrx_word' id='word_1_26' title='bbox 383 459 576 493; x_wconf 87' lang='lat' dir='ltr'>audiendam</span> <span class='ocrx_word' id='word_1_27' title='bbox 592 459 813 493; x_wconf 80' lang='lat' dir='ltr'>commisimus</span> <span class='ocrx_word' id='word_1_28' title='bbox 825 466 856 494; x_wconf 92' lang='lat' dir='ltr'>et</span> <span class='ocrx_word' id='word_1_29' title='bbox 870 460 934 493; x_wconf 89' lang='lat' dir='ltr'>fine</span> <span class='ocrx_word' id='word_1_30' title='bbox 944 461 1052 495; x_wconf 91' lang='lat' dir='ltr'>debito</span> 
     </span>
     <span class='ocr_line' id='line_1_7' title="bbox 122 508 1054 558; baseline 0.002 -12"><span class='ocrx_word' id='word_1_31' title='bbox 122 510 175 529; x_wconf 63' lang='lat'><strong>&#39;¹⁰¹⁶</strong></span> <span class='ocrx_word' id='word_1_32' title='bbox 190 508 244 529; x_wconf 66' lang='lat'><strong>⁰³¹⁰·</strong></span> <span class='ocrx_word' id='word_1_33' title='bbox 302 513 549 554; x_wconf 76' lang='lat' dir='ltr'>terminandam,</span> <span class='ocrx_word' id='word_1_34' title='bbox 571 514 660 547; x_wconf 89' lang='lat' dir='ltr'>omni</span> <span class='ocrx_word' id='word_1_35' title='bbox 678 519 708 547; x_wconf 93' lang='lat' dir='ltr'>et</span> <span class='ocrx_word' id='word_1_36' title='bbox 723 524 929 558; x_wconf 87' lang='lat' dir='ltr'>quacumque</span> <span class='ocrx_word' id='word_1_37' title='bbox 943 515 1054 558; x_wconf 81' lang='lat' dir='ltr'>appel-</span> 
     </span>
    </p>

    <p class='ocr_par' dir='ltr' id='par_1_3' title="bbox 297 567 1053 880">
     <span class='ocr_line' id='line_1_8' title="bbox 301 567 1053 612; baseline 0.001 -12"><span class='ocrx_word' id='word_1_38' title='bbox 301 567 419 601; x_wconf 77' lang='lat' dir='ltr'>latione</span> <span class='ocrx_word' id='word_1_39' title='bbox 439 573 576 608; x_wconf 81' lang='lat' dir='ltr'>remota,</span> <span class='ocrx_word' id='word_1_40' title='bbox 597 568 755 612; x_wconf 80' lang='lat' dir='ltr'>qui,voto&#39;</span> <span class='ocrx_word' id='word_1_41' title='bbox 768 568 953 602; x_wconf 88' lang='lat' dir='ltr'>auditorum</span> <span class='ocrx_word' id='word_1_42' title='bbox 977 579 1053 602; x_wconf 88' lang='lat' dir='ltr'>cau-</span> 
     </span>
     <span class='ocr_line' id='line_1_9' title="bbox 300 622 1051 667; baseline 0.003 -12"><span class='ocrx_word' id='word_1_43' title='bbox 300 633 408 655; x_wconf 87' lang='lat' dir='ltr'>sarum</span> <span class='ocrx_word' id='word_1_44' title='bbox 417 622 528 656; x_wconf 83' lang='lat' dir='ltr'>Palatii</span> <span class='ocrx_word' id='word_1_45' title='bbox 542 623 716 667; x_wconf 86' lang='lat' dir='ltr'>Apostolici</span> <span class='ocrx_word' id='word_1_46' title='bbox 730 624 768 656; x_wconf 84' lang='lat' dir='ltr'>de</span> <span class='ocrx_word' id='word_1_47' title='bbox 780 623 930 657; x_wconf 86' lang='lat' dir='ltr'>mandato</span> <span class='ocrx_word' id='word_1_48' title='bbox 942 629 1051 657; x_wconf 89' lang='lat' dir='ltr'>nostro</span> 
     </span>
     <span class='ocr_line' id='line_1_10' title="bbox 299 675 1052 721; baseline 0.004 -13"><span class='ocrx_word' id='word_1_49' title='bbox 299 675 456 716; x_wconf 82' lang='lat' dir='ltr'>adhibito,</span> <span class='ocrx_word' id='word_1_50' title='bbox 488 676 703 720; x_wconf 80' lang='lat' dir='ltr'>provisionem</span> <span class='ocrx_word' id='word_1_51' title='bbox 733 677 931 721; x_wconf 75' lang='lat' dir='ltr'>praedictam</span> <span class='ocrx_word' id='word_1_52' title='bbox 955 689 1052 711; x_wconf 88' lang='lat' dir='ltr'>cano-</span> 
     </span>
     <span class='ocr_line' id='line_1_11' title="bbox 300 728 1050 775; baseline 0.004 -14"><span class='ocrx_word' id='word_1_53' title='bbox 300 728 406 762; x_wconf 85' lang='lat' dir='ltr'>nicam</span> <span class='ocrx_word' id='word_1_54' title='bbox 439 730 622 770; x_wconf 83' lang='lat' dir='ltr'>declaravit,</span> <span class='ocrx_word' id='word_1_55' title='bbox 663 735 859 775; x_wconf 87' lang='lat' dir='ltr'>perpetuum</span> <span class='ocrx_word' id='word_1_56' title='bbox 897 730 1050 775; x_wconf 87' lang='lat' dir='ltr'>episcopo</span> 
     </span>
     <span class='ocr_line' id='line_1_12' title="bbox 299 781 1051 827; baseline 0.005 -13"><span class='ocrx_word' id='word_1_57' title='bbox 299 781 464 815; x_wconf 90' lang='lat' dir='ltr'>silentium</span> <span class='ocrx_word' id='word_1_58' title='bbox 485 783 696 826; x_wconf 87' lang='lat' dir='ltr'>imponendo,</span> <span class='ocrx_word' id='word_1_59' title='bbox 718 794 756 817; x_wconf 84' lang='lat' dir='ltr'>ac</span> <span class='ocrx_word' id='word_1_60' title='bbox 767 789 969 827; x_wconf 84' lang='lat' dir='ltr'>praetensam</span> <span class='ocrx_word' id='word_1_61' title='bbox 982 784 1051 818; x_wconf 88' lang='lat' dir='ltr'>eius</span> 
     </span>
     <span class='ocr_line' id='line_1_13' title="bbox 297 836 758 880; baseline 0.004 -11"><span class='ocrx_word' id='word_1_62' title='bbox 297 836 549 880; x_wconf 81' lang='lat' dir='ltr'>appellationem</span> <span class='ocrx_word' id='word_1_63' title='bbox 570 837 758 871; x_wconf 89' lang='lat' dir='ltr'>reiiciendo.</span> 
     </span>
    </p>

    <p class='ocr_par' dir='ltr' id='par_1_4' title="bbox 101 890 1049 1515">
     <span class='ocr_line' id='line_1_14' title="bbox 341 890 1049 937; baseline 0.004 -14"><span class='ocrx_word' id='word_1_64' title='bbox 341 891 356 934; x_wconf 64' lang='grc' dir='ltr'>ἓ</span> <span class='ocrx_word' id='word_1_65' title='bbox 380 890 411 923; x_wconf 72' lang='lat'>⁶2.</span> <span class='ocrx_word' id='word_1_66' title='bbox 434 891 538 930; x_wconf 83' lang='lat' dir='ltr'>Quare</span> <span class='ocrx_word' id='word_1_67' title='bbox 558 901 626 933; x_wconf 80' lang='lat' dir='ltr'>nOS,</span> <span class='ocrx_word' id='word_1_68' title='bbox 648 892 848 926; x_wconf 89' lang='lat' dir='ltr'>attendentes</span> <span class='ocrx_word' id='word_1_69' title='bbox 858 892 1049 937; x_wconf 87' lang='lat' dir='ltr'>episcopum</span> 
     </span>
     <span class='ocr_line' id='line_1_15' title="bbox 101 943 1049 1000; baseline 0.004 -24"><span class='ocrx_word' id='word_1_70' title='bbox 101 945 282 1000; x_wconf 31' lang='lat' dir='ltr'>vomax-⁰1³³&amp;</span> <span class='ocrx_word' id='word_1_71' title='bbox 297 943 417 977; x_wconf 89' lang='lat' dir='ltr'>dictam</span> <span class='ocrx_word' id='word_1_72' title='bbox 441 946 698 990; x_wconf 87' lang='lat' dir='ltr'>praeceptoriam</span> <span class='ocrx_word' id='word_1_73' title='bbox 720 945 784 979; x_wconf 80' lang='lat' dir='ltr'>sive</span> <span class='ocrx_word' id='word_1_74' title='bbox 804 946 973 990; x_wconf 87' lang='lat' dir='ltr'>praedium</span> <span class='ocrx_word' id='word_1_75' title='bbox 985 946 1049 980; x_wconf 79' lang='lat' dir='ltr'>sive</span> 
     </span>
     <span class='ocr_line' id='line_1_16' title="bbox 296 998 1049 1043; baseline 0.005 -13"><span class='ocrx_word' id='word_1_76' title='bbox 296 998 494 1032; x_wconf 85' lang='lat' dir='ltr'>beneficium</span> <span class='ocrx_word' id='word_1_77' title='bbox 514 999 577 1032; x_wconf 88' lang='lat' dir='ltr'>sive</span> <span class='ocrx_word' id='word_1_78' title='bbox 602 999 737 1043; x_wconf 83' lang='lat' dir='ltr'>quodvis</span> <span class='ocrx_word' id='word_1_79' title='bbox 761 1000 863 1041; x_wconf 87' lang='lat' dir='ltr'>aliud,</span> <span class='ocrx_word' id='word_1_80' title='bbox 891 1011 965 1034; x_wconf 90' lang='lat' dir='ltr'>cum</span> <span class='ocrx_word' id='word_1_81' title='bbox 991 1012 1049 1034; x_wconf 85' lang='lat' dir='ltr'>sua</span> 
     </span>
     <span class='ocr_line' id='line_1_17' title="bbox 296 1051 1049 1098; baseline 0.005 -14"><span class='ocrx_word' id='word_1_82' title='bbox 296 1051 432 1085; x_wconf 85' lang='lat' dir='ltr'>ecclesia</span> <span class='ocrx_word' id='word_1_83' title='bbox 452 1052 520 1086; x_wconf 90' lang='lat' dir='ltr'>sine</span> <span class='ocrx_word' id='word_1_84' title='bbox 538 1052 776 1098; x_wconf 83' lang='lat' dir='ltr'>dispensatione</span> <span class='ocrx_word' id='word_1_85' title='bbox 787 1054 965 1097; x_wconf 87' lang='lat' dir='ltr'>apostolica</span> <span class='ocrx_word' id='word_1_86' title='bbox 977 1055 1049 1088; x_wconf 87' lang='lat' dir='ltr'>reti-</span> 
     </span>
     <span class='ocr_line' id='line_1_18' title="bbox 295 1108 1048 1151; baseline 0.005 -12"><span class='ocrx_word' id='word_1_87' title='bbox 295 1116 374 1139; x_wconf 84' lang='lat' dir='ltr'>nere</span> <span class='ocrx_word' id='word_1_88' title='bbox 393 1116 458 1140; x_wconf 92' lang='lat' dir='ltr'>non</span> <span class='ocrx_word' id='word_1_89' title='bbox 475 1118 580 1150; x_wconf 85' lang='lat' dir='ltr'>posse,</span> <span class='ocrx_word' id='word_1_90' title='bbox 602 1108 741 1151; x_wconf 86' lang='lat' dir='ltr'>ideoque</span> <span class='ocrx_word' id='word_1_91' title='bbox 758 1108 860 1142; x_wconf 87' lang='lat' dir='ltr'>iustae</span> <span class='ocrx_word' id='word_1_92' title='bbox 884 1109 1048 1144; x_wconf 82' lang='lat' dir='ltr'>Michaelis</span> 
     </span>
     <span class='ocr_line' id='line_1_19' title="bbox 294 1160 1048 1205; baseline 0.003 -12"><span class='ocrx_word' id='word_1_93' title='bbox 294 1160 501 1203; x_wconf 81' lang='lat' dir='ltr'>postulationi</span> <span class='ocrx_word' id='word_1_94' title='bbox 509 1160 728 1201; x_wconf 84' lang='lat' dir='ltr'>assentientes,</span> <span class='ocrx_word' id='word_1_95' title='bbox 737 1160 934 1205; x_wconf 81' lang='lat' dir='ltr'>praedictam</span> <span class='ocrx_word' id='word_1_96' title='bbox 944 1162 1048 1195; x_wconf 90' lang='lat' dir='ltr'>decla-</span> 
     </span>
     <span class='ocr_line' id='line_1_20' title="bbox 293 1213 1045 1258; baseline 0.004 -12"><span class='ocrx_word' id='word_1_97' title='bbox 293 1213 451 1247; x_wconf 89' lang='lat' dir='ltr'>rationem</span> <span class='ocrx_word' id='word_1_98' title='bbox 472 1220 502 1247; x_wconf 87' lang='lat' dir='ltr'>et</span> <span class='ocrx_word' id='word_1_99' title='bbox 521 1214 679 1258; x_wconf 88' lang='lat' dir='ltr'>quicquid</span> <span class='ocrx_word' id='word_1_100' title='bbox 699 1215 738 1248; x_wconf 92' lang='lat' dir='ltr'>ab</span> <span class='ocrx_word' id='word_1_101' title='bbox 764 1215 834 1258; x_wconf 89' lang='lat' dir='ltr'>ipso</span> <span class='ocrx_word' id='word_1_102' title='bbox 855 1215 1045 1249; x_wconf 88' lang='lat' dir='ltr'>auditorein</span> 
     </span>
     <span class='ocr_line' id='line_1_21' title="bbox 293 1265 1046 1312; baseline 0.004 -12"><span class='ocrx_word' id='word_1_103' title='bbox 293 1265 354 1300; x_wconf 89' lang='lat' dir='ltr'>hac</span> <span class='ocrx_word' id='word_1_104' title='bbox 374 1278 409 1300; x_wconf 87' lang='lat' dir='ltr'>re</span> <span class='ocrx_word' id='word_1_105' title='bbox 429 1268 594 1301; x_wconf 83' lang='lat' dir='ltr'>decretum</span> <span class='ocrx_word' id='word_1_106' title='bbox 620 1273 678 1309; x_wconf 85' lang='lat' dir='ltr'>est,</span> <span class='ocrx_word' id='word_1_107' title='bbox 698 1268 917 1312; x_wconf 86' lang='lat' dir='ltr'>praesentium</span> <span class='ocrx_word' id='word_1_108' title='bbox 934 1275 1046 1303; x_wconf 91' lang='lat' dir='ltr'>tenore</span> 
     </span>
     <span class='ocr_line' id='line_1_22' title="bbox 293 1321 1045 1367; baseline 0.003 -13"><span class='ocrx_word' id='word_1_109' title='bbox 293 1321 511 1365; x_wconf 82' lang='lat' dir='ltr'>approbamus</span> <span class='ocrx_word' id='word_1_110' title='bbox 522 1328 553 1355; x_wconf 86' lang='lat' dir='ltr'>et</span> <span class='ocrx_word' id='word_1_111' title='bbox 569 1321 813 1364; x_wconf 86' lang='lat' dir='ltr'>confirmamus,</span> <span class='ocrx_word' id='word_1_112' title='bbox 831 1323 1045 1367; x_wconf 86' lang='lat' dir='ltr'>appellatione</span> 
     </span>
     <span class='ocr_line' id='line_1_23' title="bbox 291 1373 1046 1419; baseline 0.003 -11"><span class='ocrx_word' id='word_1_113' title='bbox 291 1373 478 1415; x_wconf 85' lang='lat' dir='ltr'>huiusmodi</span> <span class='ocrx_word' id='word_1_114' title='bbox 490 1380 520 1408; x_wconf 91' lang='lat' dir='ltr'>et</span> <span class='ocrx_word' id='word_1_115' title='bbox 531 1386 737 1419; x_wconf 87' lang='lat' dir='ltr'>quacumque</span> <span class='ocrx_word' id='word_1_116' title='bbox 754 1375 982 1419; x_wconf 89' lang='lat' dir='ltr'>provocatione</span> <span class='ocrx_word' id='word_1_117' title='bbox 997 1377 1046 1410; x_wconf 87' lang='lat' dir='ltr'>vel</span> 
     </span>
     <span class='ocr_line' id='line_1_24' title="bbox 291 1428 1045 1474; baseline 0.003 -13"><span class='ocrx_word' id='word_1_118' title='bbox 291 1428 522 1472; x_wconf 82' lang='lat' dir='ltr'>protestatione</span> <span class='ocrx_word' id='word_1_119' title='bbox 541 1440 579 1462; x_wconf 87' lang='lat' dir='ltr'>ex</span> <span class='ocrx_word' id='word_1_120' title='bbox 598 1434 688 1474; x_wconf 85' lang='lat' dir='ltr'>parte</span> <span class='ocrx_word' id='word_1_121' title='bbox 714 1428 857 1473; x_wconf 82' lang='lat' dir='ltr'>episcopi</span> <span class='ocrx_word' id='word_1_122' title='bbox 878 1429 1045 1464; x_wconf 87' lang='lat' dir='ltr'>interiecta</span> 
     </span>
     <span class='ocr_line' id='line_1_25' title="bbox 293 1483 536 1515; baseline 0 0"><span class='ocrx_word' id='word_1_123' title='bbox 293 1492 358 1515; x_wconf 90' lang='lat' dir='ltr'>non</span> <span class='ocrx_word' id='word_1_124' title='bbox 378 1483 536 1515; x_wconf 87' lang='lat' dir='ltr'>obstante.</span> 
     </span>
    </p>

    <p class='ocr_par' dir='ltr' id='par_1_5' title="bbox 335 1535 600 1582">
     <span class='ocr_line' id='line_1_26' title="bbox 335 1535 600 1582; baseline 0.004 -14"><span class='ocrx_word' id='word_1_125' title='bbox 335 1535 423 1582; x_wconf 75' lang='lat' dir='ltr'>Nulli</span> <span class='ocrx_word' id='word_1_126' title='bbox 447 1546 523 1579; x_wconf 85' lang='lat' dir='ltr'>ergo</span> <span class='ocrx_word' id='word_1_127' title='bbox 543 1541 600 1570; x_wconf 80' lang='lat' dir='ltr'>etc.</span> 
     </span>
    </p>

    <p class='ocr_par' dir='ltr' id='par_1_6' title="bbox 293 1590 1043 1796">
     <span class='ocr_line' id='line_1_27' title="bbox 337 1590 1041 1634; baseline -0.001 -11"><span class='ocrx_word' id='word_1_128' title='bbox 337 1590 451 1623; x_wconf 89' lang='lat' dir='ltr'>Datum</span> <span class='ocrx_word' id='word_1_129' title='bbox 471 1590 591 1624; x_wconf 90' lang='lat' dir='ltr'>Romae</span> <span class='ocrx_word' id='word_1_130' title='bbox 611 1590 697 1634; x_wconf 88' lang='lat' dir='ltr'>apud</span> <span class='ocrx_word' id='word_1_131' title='bbox 717 1590 870 1623; x_wconf 84' lang='lat' dir='ltr'>Sanctum</span> <span class='ocrx_word' id='word_1_132' title='bbox 897 1590 1041 1631; x_wconf 89' lang='lat' dir='ltr'>Petrum,</span> 
     </span>
     <span class='ocr_line' id='line_1_28' title="bbox 293 1642 1043 1677; baseline -0.001 -1"><span class='ocrx_word' id='word_1_133' title='bbox 293 1654 376 1676; x_wconf 75' lang='lat' dir='ltr'>anuo</span> <span class='ocrx_word' id='word_1_134' title='bbox 401 1643 633 1677; x_wconf 86' lang='lat' dir='ltr'>Incarnationis</span> <span class='ocrx_word' id='word_1_135' title='bbox 657 1643 838 1677; x_wconf 87' lang='lat' dir='ltr'>dominicae</span> <span class='ocrx_word' id='word_1_136' title='bbox 871 1642 1043 1676; x_wconf 90' lang='lat' dir='ltr'>millesimo</span> 
     </span>
     <span class='ocr_line' id='line_1_29' title="bbox 294 1696 1042 1740; baseline 0.001 -12"><span class='ocrx_word' id='word_1_137' title='bbox 294 1697 551 1740; x_wconf 74' lang='lat' dir='ltr'>quingentesimo</span> <span class='ocrx_word' id='word_1_138' title='bbox 572 1696 790 1740; x_wconf 82' lang='lat' dir='ltr'>octuagesimo</span> <span class='ocrx_word' id='word_1_139' title='bbox 816 1696 922 1738; x_wconf 86' lang='lat' dir='ltr'>tertio,</span> <span class='ocrx_word' id='word_1_140' title='bbox 949 1697 1042 1729; x_wconf 85' lang='lat' dir='ltr'>tertio</span> 
     </span>
     <span class='ocr_line' id='line_1_30' title="bbox 294 1750 1039 1796; baseline 0 -13"><span class='ocrx_word' id='word_1_141' title='bbox 294 1750 445 1785; x_wconf 72' lang='lat' dir='ltr'>kalendas</span> <span class='ocrx_word' id='word_1_142' title='bbox 464 1751 551 1793; x_wconf 89' lang='lat' dir='ltr'>maii,</span> <span class='ocrx_word' id='word_1_143' title='bbox 569 1751 778 1796; x_wconf 87' lang='lat' dir='ltr'>pontificatus</span> <span class='ocrx_word' id='word_1_144' title='bbox 789 1750 890 1784; x_wconf 86' lang='lat' dir='ltr'>nostri</span> <span class='ocrx_word' id='word_1_145' title='bbox 901 1760 986 1783; x_wconf 91' lang='lat' dir='ltr'>anno</span> <span class='ocrx_word' id='word_1_146' title='bbox 996 1760 1039 1783; x_wconf 80' lang='lat' dir='ltr'>xl.</span> 
     </span>
    </p>

    <p class='ocr_par' dir='ltr' id='par_1_7' title="bbox 333 1808 1002 1850">
     <span class='ocr_line' id='line_1_31' title="bbox 333 1808 1002 1850; baseline -0.003 -10"><span class='ocrx_word' id='word_1_147' title='bbox 333 1808 396 1840; x_wconf 78' lang='lat' dir='ltr'>Dat.</span> <span class='ocrx_word' id='word_1_148' title='bbox 412 1810 460 1840; x_wconf 84' lang='lat' dir='ltr'>die</span> <span class='ocrx_word' id='word_1_149' title='bbox 475 1810 513 1841; x_wconf 75' lang='lat'>29</span> <span class='ocrx_word' id='word_1_150' title='bbox 528 1809 633 1850; x_wconf 88' lang='lat' dir='ltr'>aprilis</span> <span class='ocrx_word' id='word_1_151' title='bbox 648 1808 735 1846; x_wconf 85' lang='lat'>1583,</span> <span class='ocrx_word' id='word_1_152' title='bbox 753 1808 857 1848; x_wconf 81' lang='lat' dir='ltr'>pontif.</span> <span class='ocrx_word' id='word_1_153' title='bbox 873 1816 950 1838; x_wconf 89' lang='lat' dir='ltr'>anno</span> <span class='ocrx_word' id='word_1_154' title='bbox 966 1817 1002 1838; x_wconf 81' lang='lat' dir='ltr'>xi.</span> 
     </span>
    </p>
   </div>
   <div class='ocr_carea' id='block_1_2' title="bbox 110 193 291 225">
    <p class='ocr_par' dir='ltr' id='par_1_8' title="bbox 110 193 291 225">
     <span class='ocr_line' id='line_1_32' title="bbox 110 193 291 225; baseline 0 -3"><span class='ocrx_word' id='word_1_155' title='bbox 110 193 162 222; x_wconf 77' lang='lat' dir='ltr'>An.</span> <span class='ocrx_word' id='word_1_156' title='bbox 179 193 210 223; x_wconf 89' lang='lat' dir='ltr'>C.</span> <span class='ocrx_word' id='word_1_157' title='bbox 224 194 291 225; x_wconf 78' lang='lat'>¹583</span> 
     </span>
    </p>
   </div>
   <div class='ocr_carea' id='block_1_3' title="bbox 598 1929 724 1964">
    <p class='ocr_par' dir='ltr' id='par_1_9' title="bbox 598 1929 724 1964">
     <span class='ocr_line' id='line_1_33' title="bbox 598 1929 724 1964; baseline -0.016 0"><span class='ocrx_word' id='word_1_158' title='bbox 598 1929 724 1964; x_wconf 82' lang='lat' dir='ltr'>CXLIX.</span> 
     </span>
    </p>
   </div>
   <div class='ocr_carea' id='block_1_4' title="bbox 293 1995 1043 2204">
    <p class='ocr_par' dir='ltr' id='par_1_10' title="bbox 293 1995 1043 2204">
     <span class='ocr_line' id='line_1_34' title="bbox 293 1995 1042 2042; baseline -0.007 -9"><span class='ocrx_word' id='word_1_159' title='bbox 293 1999 475 2034; x_wconf 76' lang='lat' dir='ltr'>Prohibitio</span> <span class='ocrx_word' id='word_1_160' title='bbox 486 1999 541 2032; x_wconf 82' lang='lat' dir='ltr'>sub</span> <span class='ocrx_word' id='word_1_161' title='bbox 546 1997 659 2042; x_wconf 77' lang='lat' dir='ltr'>poenis</span> <span class='ocrx_word' id='word_1_162' title='bbox 672 2001 729 2030; x_wconf 82' lang='lat' dir='ltr'>etc.</span> <span class='ocrx_word' id='word_1_163' title='bbox 742 2006 782 2029; x_wconf 78' lang='lat' dir='ltr'>ne</span> <span class='ocrx_word' id='word_1_164' title='bbox 792 1995 1042 2040; x_wconf 72' lang='lat' dir='ltr'>cuz&#39;quamliceat</span> 
     </span>
     <span class='ocr_line' id='line_1_35' title="bbox 334 2051 1043 2094; baseline -0.006 -8"><span class='ocrx_word' id='word_1_165' title='bbox 334 2057 517 2086; x_wconf 64' lang='lat' dir='ltr'>contractus</span> <span class='ocrx_word' id='word_1_166' title='bbox 540 2056 654 2086; x_wconf 78' lang='lat' dir='ltr'>contra</span> <span class='ocrx_word' id='word_1_167' title='bbox 674 2051 917 2094; x_wconf 74' lang='lat' dir='ltr'>dispositionem</span> <span class='ocrx_word' id='word_1_168' title='bbox 942 2053 1043 2083; x_wconf 78' lang='lat' dir='ltr'>statu-</span> 
     </span>
     <span class='ocr_line' id='line_1_36' title="bbox 337 2104 1042 2144; baseline -0.004 -5"><span class='ocrx_word' id='word_1_169' title='bbox 337 2111 441 2139; x_wconf 74' lang='lat' dir='ltr'>torum</span> <span class='ocrx_word' id='word_1_170' title='bbox 460 2110 518 2139; x_wconf 80' lang='lat' dir='ltr'>aut</span> <span class='ocrx_word' id='word_1_171' title='bbox 538 2106 620 2138; x_wconf 79' lang='lat' dir='ltr'>iuris</span> <span class='ocrx_word' id='word_1_172' title='bbox 646 2104 837 2144; x_wconf 68' lang='lat' dir='ltr'>communis,</span> <span class='ocrx_word' id='word_1_173' title='bbox 859 2114 915 2137; x_wconf 78' lang='lat' dir='ltr'>seu</span> <span class='ocrx_word' id='word_1_174' title='bbox 934 2114 1042 2136; x_wconf 79' lang='lat' dir='ltr'>mono-</span> 
     </span>
     <span class='ocr_line' id='line_1_37' title="bbox 332 2157 910 2204; baseline -0.005 -11"><span class='ocrx_word' id='word_1_175' title='bbox 332 2160 415 2204; x_wconf 78' lang='lat' dir='ltr'>polii</span> <span class='ocrx_word' id='word_1_176' title='bbox 434 2161 470 2193; x_wconf 77' lang='lat' dir='ltr'>in</span> <span class='ocrx_word' id='word_1_177' title='bbox 491 2161 647 2193; x_wconf 78' lang='lat' dir='ltr'>comitatu</span> <span class='ocrx_word' id='word_1_178' title='bbox 670 2159 863 2192; x_wconf 74' lang='lat' dir='ltr'>Rossilionis</span> <span class='ocrx_word' id='word_1_179' title='bbox 883 2157 910 2190; x_wconf 83' lang='lat'>1.</span> 
     </span>
    </p>
   </div>
   <div class='ocr_carea' id='block_1_5' title="bbox 293 2223 1041 2270">
    <p class='ocr_par' dir='ltr' id='par_1_11' title="bbox 293 2223 1041 2270">
     <span class='ocr_line' id='line_1_38' title="bbox 293 2223 1041 2270; baseline -0.004 -10"><span class='ocrx_word' id='word_1_180' title='bbox 293 2231 440 2270; x_wconf 76' lang='lat' dir='ltr'>Gregorius</span> <span class='ocrx_word' id='word_1_181' title='bbox 446 2233 516 2267; x_wconf 78' lang='lat' dir='ltr'>Papa</span> <span class='ocrx_word' id='word_1_182' title='bbox 525 2231 595 2264; x_wconf 77' lang='lat' dir='ltr'>xm,</span> <span class='ocrx_word' id='word_1_183' title='bbox 604 2231 639 2259; x_wconf 80' lang='lat' dir='ltr'>ad</span> <span class='ocrx_word' id='word_1_184' title='bbox 650 2231 812 2267; x_wconf 79' lang='lat' dir='ltr'>perpetuam</span> <span class='ocrx_word' id='word_1_185' title='bbox 821 2230 863 2258; x_wconf 74' lang='lat' dir='ltr'>rei</span> <span class='ocrx_word' id='word_1_186' title='bbox 871 2223 1041 2258; x_wconf 76' lang='lat' dir='ltr'>memoriam.</span> 
     </span>
    </p>
   </div>
   <div class='ocr_carea' id='block_1_6' title="bbox 127 2291 1042 2390">
    <p class='ocr_par' dir='ltr' id='par_1_12' title="bbox 127 2291 1042 2390">
     <span class='ocr_line' id='line_1_39' title="bbox 336 2291 1042 2337; baseline -0.006 -10"><span class='ocrx_word' id='word_1_187' title='bbox 336 2293 564 2337; x_wconf 84' lang='lat' dir='ltr'>Quaecumque</span> <span class='ocrx_word' id='word_1_188' title='bbox 599 2292 740 2337; x_wconf 88' lang='lat' dir='ltr'>improbi</span> <span class='ocrx_word' id='word_1_189' title='bbox 772 2298 924 2336; x_wconf 86' lang='lat' dir='ltr'>quaestus</span> <span class='ocrx_word' id='word_1_190' title='bbox 951 2291 1042 2335; x_wconf 91' lang='lat' dir='ltr'>cupi-</span> 
     </span>
     <span class='ocr_line' id='line_1_40' title="bbox 127 2347 1041 2390; baseline -0.002 -10"><span class='ocrx_word' id='word_1_191' title='bbox 127 2357 245 2380; x_wconf 65' lang='lat' dir='ltr'>mmmm.</span> <span class='ocrx_word' id='word_1_192' title='bbox 293 2347 391 2381; x_wconf 85' lang='lat' dir='ltr'>ditate</span> <span class='ocrx_word' id='word_1_193' title='bbox 403 2348 449 2381; x_wconf 45' lang='lat' dir='ltr'>,ab</span> <span class='ocrx_word' id='word_1_194' title='bbox 469 2347 656 2380; x_wconf 83' lang='lat' dir='ltr'>hominibus</span> <span class='ocrx_word' id='word_1_195' title='bbox 675 2347 855 2387; x_wconf 86' lang='lat' dir='ltr'>adinventa,</span> <span class='ocrx_word' id='word_1_196' title='bbox 877 2356 960 2390; x_wconf 88' lang='lat' dir='ltr'>quae</span> <span class='ocrx_word' id='word_1_197' title='bbox 975 2355 1041 2378; x_wconf 88' lang='lat' dir='ltr'>non</span> 
     </span>
    </p>
   </div>
   <div class='ocr_carea' id='block_1_7' title="bbox 292 2411 1043 2618">
    <p class='ocr_par' dir='ltr' id='par_1_13' title="bbox 292 2411 1043 2618">
     <span class='ocr_line' id='line_1_41' title="bbox 329 2411 1042 2449; baseline -0.001 -8"><span class='ocrx_word' id='word_1_198' title='bbox 329 2416 340 2441; x_wconf 91' lang='lat'>1</span> <span class='ocrx_word' id='word_1_199' title='bbox 365 2414 407 2441; x_wconf 82' lang='lat' dir='ltr'>Ex</span> <span class='ocrx_word' id='word_1_200' title='bbox 436 2414 547 2449; x_wconf 81' lang='lat' dir='ltr'>Regest.</span> <span class='ocrx_word' id='word_1_201' title='bbox 581 2414 610 2440; x_wconf 91' lang='lat' dir='ltr'>in</span> <span class='ocrx_word' id='word_1_202' title='bbox 631 2414 736 2442; x_wconf 86' lang='lat' dir='ltr'>Secret.</span> <span class='ocrx_word' id='word_1_203' title='bbox 764 2413 907 2441; x_wconf 85' lang='lat' dir='ltr'>Brevium.</span> <span class='ocrx_word' id='word_1_204' title='bbox 939 2411 1042 2440; x_wconf 89' lang='lat' dir='ltr'>Similis</span> 
     </span>
     <span class='ocr_line' id='line_1_42' title="bbox 294 2457 1043 2494; baseline 0 -10"><span class='ocrx_word' id='word_1_205' title='bbox 294 2457 442 2492; x_wconf 86' lang='lat' dir='ltr'>prohibitio</span> <span class='ocrx_word' id='word_1_206' title='bbox 460 2459 531 2486; x_wconf 81' lang='lat' dir='ltr'>facta</span> <span class='ocrx_word' id='word_1_207' title='bbox 546 2459 598 2486; x_wconf 79' lang='lat' dir='ltr'>fuit</span> <span class='ocrx_word' id='word_1_208' title='bbox 612 2466 663 2494; x_wconf 88' lang='lat' dir='ltr'>pro</span> <span class='ocrx_word' id='word_1_209' title='bbox 679 2458 816 2486; x_wconf 81' lang='lat' dir='ltr'>comitatu</span> <span class='ocrx_word' id='word_1_210' title='bbox 837 2458 1000 2486; x_wconf 86' lang='lat' dir='ltr'>Ceretaniae</span> <span class='ocrx_word' id='word_1_211' title='bbox 1016 2461 1043 2484; x_wconf 88' lang='lat' dir='ltr'>et</span> 
     </span>
     <span class='ocr_line' id='line_1_43' title="bbox 292 2501 1041 2538; baseline -0.001 -9"><span class='ocrx_word' id='word_1_212' title='bbox 292 2502 389 2536; x_wconf 81' lang='lat' dir='ltr'>Regno</span> <span class='ocrx_word' id='word_1_213' title='bbox 403 2501 555 2537; x_wconf 73' lang='lat' dir='ltr'>Valentiae,</span> <span class='ocrx_word' id='word_1_214' title='bbox 575 2510 655 2538; x_wconf 69' lang='lat' dir='ltr'>quas,</span> <span class='ocrx_word' id='word_1_215' title='bbox 672 2507 770 2538; x_wconf 87' lang='lat' dir='ltr'>utpote</span> <span class='ocrx_word' id='word_1_216' title='bbox 785 2502 852 2531; x_wconf 90' lang='lat' dir='ltr'>huic</span> <span class='ocrx_word' id='word_1_217' title='bbox 874 2502 1041 2535; x_wconf 88' lang='lat' dir='ltr'>simillimas,</span> 
     </span>
     <span class='ocr_line' id='line_1_44' title="bbox 294 2545 1043 2582; baseline 0.001 -9"><span class='ocrx_word' id='word_1_218' title='bbox 294 2546 450 2580; x_wconf 81' lang='lat' dir='ltr'>iisdemque</span> <span class='ocrx_word' id='word_1_219' title='bbox 465 2551 624 2582; x_wconf 82' lang='lat' dir='ltr'>compactas</span> <span class='ocrx_word' id='word_1_220' title='bbox 643 2547 787 2582; x_wconf 82' lang='lat' dir='ltr'>terminis,</span> <span class='ocrx_word' id='word_1_221' title='bbox 804 2545 973 2575; x_wconf 81' lang='lat' dir='ltr'>omittendas</span> <span class='ocrx_word' id='word_1_222' title='bbox 988 2553 1043 2580; x_wconf 90' lang='lat' dir='ltr'>pu-</span> 
     </span>
     <span class='ocr_line' id='line_1_45' title="bbox 293 2590 359 2618; baseline 0 0"><span class='ocrx_word' id='word_1_223' title='bbox 293 2590 359 2618; x_wconf 67' lang='lat' dir='ltr'>tavi.</span> 
     </span>
    </p>
   </div>
   <div class='ocr_carea' id='block_1_8' title="bbox 898 187 1250 215">
    <p class='ocr_par' dir='ltr' id='par_1_14' title="bbox 898 187 1250 215">
     <span class='ocr_line' id='line_1_46' title="bbox 898 187 1250 215; baseline -0.006 0"><span class='ocrx_word' id='word_1_224' title='bbox 898 191 1076 215; x_wconf 69' lang='lat' dir='ltr'>BULLARttJtn</span> <span class='ocrx_word' id='word_1_225' title='bbox 1100 187 1250 214; x_wconf 71' lang='lat' dir='ltr'>ROMANUM</span> 
     </span>
    </p>
   </div>
   <div class='ocr_carea' id='block_1_9' title="bbox 1088 238 1882 1146">
    <p class='ocr_par' dir='ltr' id='par_1_15' title="bbox 1095 238 1844 392">
     <span class='ocr_line' id='line_1_47' title="bbox 1095 238 1840 284; baseline -0.004 -9"><span class='ocrx_word' id='word_1_226' title='bbox 1095 242 1134 275; x_wconf 86' lang='lat' dir='ltr'>ad</span> <span class='ocrx_word' id='word_1_227' title='bbox 1145 240 1355 275; x_wconf 90' lang='lat' dir='ltr'>commodum</span> <span class='ocrx_word' id='word_1_228' title='bbox 1363 239 1564 284; x_wconf 74' lang='lat' dir='ltr'>reipublicae,</span> <span class='ocrx_word' id='word_1_229' title='bbox 1575 238 1629 272; x_wconf 84' lang='lat' dir='ltr'>sed</span> <span class='ocrx_word' id='word_1_230' title='bbox 1639 239 1840 280; x_wconf 86' lang='lat' dir='ltr'>detrimenta,</span> 
     </span>
     <span class='ocr_line' id='line_1_48' title="bbox 1095 292 1844 339; baseline 0 -12"><span class='ocrx_word' id='word_1_231' title='bbox 1095 295 1268 339; x_wconf 88' lang='lat' dir='ltr'>pertinent,</span> <span class='ocrx_word' id='word_1_232' title='bbox 1294 293 1499 338; x_wconf 87' lang='lat' dir='ltr'>reprobanda</span> <span class='ocrx_word' id='word_1_233' title='bbox 1522 292 1662 337; x_wconf 82' lang='lat' dir='ltr'>penitus,</span> <span class='ocrx_word' id='word_1_234' title='bbox 1684 303 1744 326; x_wconf 89' lang='lat' dir='ltr'>nec</span> <span class='ocrx_word' id='word_1_235' title='bbox 1764 303 1844 337; x_wconf 87' lang='lat' dir='ltr'>quo-</span> 
     </span>
     <span class='ocr_line' id='line_1_49' title="bbox 1095 346 1740 392; baseline -0.003 -11"><span class='ocrx_word' id='word_1_236' title='bbox 1095 347 1259 392; x_wconf 89' lang='lat' dir='ltr'>quomodo</span> <span class='ocrx_word' id='word_1_237' title='bbox 1287 346 1454 380; x_wconf 86' lang='lat' dir='ltr'>toleranda</span> <span class='ocrx_word' id='word_1_238' title='bbox 1472 357 1541 380; x_wconf 87' lang='lat' dir='ltr'>esse</span> <span class='ocrx_word' id='word_1_239' title='bbox 1561 356 1740 380; x_wconf 88' lang='lat' dir='ltr'>censemus.</span> 
     </span>
    </p>

    <p class='ocr_par' dir='ltr' id='par_1_16' title="bbox 1088 399 1882 1146">
     <span class='ocr_line' id='line_1_50' title="bbox 1139 399 1841 445; baseline -0.003 -11"><span class='ocrx_word' id='word_1_240' title='bbox 1139 402 1153 445; x_wconf 64' lang='lat' dir='ltr'>g</span> <span class='ocrx_word' id='word_1_241' title='bbox 1175 401 1203 434; x_wconf 82' lang='lat'>1.</span> <span class='ocrx_word' id='word_1_242' title='bbox 1231 401 1310 435; x_wconf 91' lang='lat' dir='ltr'>Cum</span> <span class='ocrx_word' id='word_1_243' title='bbox 1331 400 1450 444; x_wconf 87' lang='lat' dir='ltr'>itaque,</span> <span class='ocrx_word' id='word_1_244' title='bbox 1471 399 1555 433; x_wconf 89' lang='lat' dir='ltr'>sicut</span> <span class='ocrx_word' id='word_1_245' title='bbox 1577 399 1671 433; x_wconf 90' lang='lat' dir='ltr'>nobis</span> <span class='ocrx_word' id='word_1_246' title='bbox 1690 399 1841 441; x_wconf 88' lang='lat' dir='ltr'>innotuit,</span> 
     </span>
     <span class='ocr_line' id='line_1_51' title="bbox 1094 452 1843 488; baseline -0.001 -1"><span class='ocrx_word' id='word_1_247' title='bbox 1094 454 1243 487; x_wconf 89' lang='lat' dir='ltr'>nonnulli</span> <span class='ocrx_word' id='word_1_248' title='bbox 1275 459 1471 488; x_wconf 89' lang='lat' dir='ltr'>mercatores</span> <span class='ocrx_word' id='word_1_249' title='bbox 1499 452 1670 487; x_wconf 88' lang='lat' dir='ltr'>comitatus</span> <span class='ocrx_word' id='word_1_250' title='bbox 1689 453 1843 486; x_wconf 91' lang='lat' dir='ltr'>Rossilio-</span> 
     </span>
     <span class='ocr_line' id='line_1_52' title="bbox 1094 506 1843 553; baseline -0.001 -11"><span class='ocrx_word' id='word_1_251' title='bbox 1094 509 1152 549; x_wconf 88' lang='lat' dir='ltr'>nis,</span> <span class='ocrx_word' id='word_1_252' title='bbox 1173 508 1357 553; x_wconf 87' lang='lat' dir='ltr'>cupiditatis</span> <span class='ocrx_word' id='word_1_253' title='bbox 1370 507 1521 552; x_wconf 84' lang='lat' dir='ltr'>voragine</span> <span class='ocrx_word' id='word_1_254' title='bbox 1542 507 1649 548; x_wconf 87' lang='lat' dir='ltr'>ducti,</span> <span class='ocrx_word' id='word_1_255' title='bbox 1670 514 1707 540; x_wconf 88' lang='lat' dir='ltr'>ut</span> <span class='ocrx_word' id='word_1_256' title='bbox 1725 506 1843 541; x_wconf 86' lang='lat' dir='ltr'>famem</span> 
     </span>
     <span class='ocr_line' id='line_1_53' title="bbox 1094 561 1843 607; baseline -0.001 -12"><span class='ocrx_word' id='word_1_257' title='bbox 1094 563 1125 595; x_wconf 94' lang='lat' dir='ltr'>in</span> <span class='ocrx_word' id='word_1_258' title='bbox 1147 563 1300 596; x_wconf 83' lang='lat' dir='ltr'>comitatu</span> <span class='ocrx_word' id='word_1_259' title='bbox 1325 562 1491 607; x_wconf 87' lang='lat' dir='ltr'>praedicto</span> <span class='ocrx_word' id='word_1_260' title='bbox 1518 572 1577 606; x_wconf 87' lang='lat' dir='ltr'>pro</span> <span class='ocrx_word' id='word_1_261' title='bbox 1610 572 1724 595; x_wconf 86' lang='lat' dir='ltr'>eorum</span> <span class='ocrx_word' id='word_1_262' title='bbox 1752 561 1843 595; x_wconf 88' lang='lat' dir='ltr'>libito</span> 
     </span>
     <span class='ocr_line' id='line_1_54' title="bbox 1093 615 1842 660; baseline 0.001 -11"><span class='ocrx_word' id='word_1_263' title='bbox 1093 617 1259 658; x_wconf 83' lang='lat' dir='ltr'>inducant,</span> <span class='ocrx_word' id='word_1_264' title='bbox 1291 627 1329 650; x_wconf 87' lang='lat' dir='ltr'>ac</span> <span class='ocrx_word' id='word_1_265' title='bbox 1353 616 1616 650; x_wconf 86' lang='lat' dir='ltr'>christifidelibus</span> <span class='ocrx_word' id='word_1_266' title='bbox 1643 615 1842 660; x_wconf 83' lang='lat' dir='ltr'>pauperihus</span> 
     </span>
     <span class='ocr_line' id='line_1_55' title="bbox 1092 669 1842 714; baseline 0 -12"><span class='ocrx_word' id='word_1_267' title='bbox 1092 670 1290 704; x_wconf 82' lang='lat' dir='ltr'>frumentum</span> <span class='ocrx_word' id='word_1_268' title='bbox 1309 681 1359 711; x_wconf 92' lang='lat' dir='ltr'>eo,</span> <span class='ocrx_word' id='word_1_269' title='bbox 1393 680 1458 714; x_wconf 89' lang='lat' dir='ltr'>quo</span> <span class='ocrx_word' id='word_1_270' title='bbox 1490 670 1614 710; x_wconf 89' lang='lat' dir='ltr'>volunt,</span> <span class='ocrx_word' id='word_1_271' title='bbox 1643 669 1746 714; x_wconf 83' lang='lat' dir='ltr'>pretio</span> <span class='ocrx_word' id='word_1_272' title='bbox 1764 679 1842 703; x_wconf 82' lang='lat' dir='ltr'>ven-</span> 
     </span>
     <span class='ocr_line' id='line_1_56' title="bbox 1093 719 1842 768; baseline 0.001 -11"><span class='ocrx_word' id='word_1_273' title='bbox 1093 725 1178 766; x_wconf 81' lang='lat' dir='ltr'>dant,</span> <span class='ocrx_word' id='word_1_274' title='bbox 1199 724 1332 758; x_wconf 85' lang='lat' dir='ltr'>diversis</span> <span class='ocrx_word' id='word_1_275' title='bbox 1351 725 1411 758; x_wconf 88' lang='lat' dir='ltr'>sub</span> <span class='ocrx_word' id='word_1_276' title='bbox 1430 723 1648 768; x_wconf 81' lang='lat' dir='ltr'>praetextibus</span> <span class='ocrx_word' id='word_1_277' title='bbox 1662 729 1693 757; x_wconf 92' lang='lat' dir='ltr'>et</span> <span class='ocrx_word' id='word_1_278' title='bbox 1708 719 1842 762; x_wconf 77' lang='lat' dir='ltr'>cautelis</span> 
     </span>
     <span class='ocr_line' id='line_1_57' title="bbox 1092 776 1840 822; baseline 0 -11"><span class='ocrx_word' id='word_1_279' title='bbox 1092 778 1289 821; x_wconf 77' lang='lat' dir='ltr'>excogitatis,</span> <span class='ocrx_word' id='word_1_280' title='bbox 1312 778 1408 811; x_wconf 86' lang='lat' dir='ltr'>etiam</span> <span class='ocrx_word' id='word_1_281' title='bbox 1428 777 1461 810; x_wconf 90' lang='lat' dir='ltr'>in</span> <span class='ocrx_word' id='word_1_282' title='bbox 1481 776 1561 810; x_wconf 90' lang='lat' dir='ltr'>iuris</span> <span class='ocrx_word' id='word_1_283' title='bbox 1582 776 1684 810; x_wconf 91' lang='lat' dir='ltr'>civilis</span> <span class='ocrx_word' id='word_1_284' title='bbox 1703 782 1734 810; x_wconf 89' lang='lat' dir='ltr'>et</span> <span class='ocrx_word' id='word_1_285' title='bbox 1758 788 1840 822; x_wconf 88' lang='lat' dir='ltr'>pon-</span> 
     </span>
     <span class='ocr_line' id='line_1_58' title="bbox 1090 831 1840 876; baseline 0 -10"><span class='ocrx_word' id='word_1_286' title='bbox 1090 833 1182 866; x_wconf 86' lang='lat' dir='ltr'>tificii</span> <span class='ocrx_word' id='word_1_287' title='bbox 1210 833 1369 874; x_wconf 82' lang='lat' dir='ltr'>fraudem,</span> <span class='ocrx_word' id='word_1_288' title='bbox 1399 842 1463 876; x_wconf 86' lang='lat' dir='ltr'>quo</span> <span class='ocrx_word' id='word_1_289' title='bbox 1487 842 1650 865; x_wconf 86' lang='lat' dir='ltr'>annonam</span> <span class='ocrx_word' id='word_1_290' title='bbox 1681 831 1840 866; x_wconf 82' lang='lat' dir='ltr'>cariorem</span> 
     </span>
     <span class='ocr_line' id='line_1_59' title="bbox 1090 885 1882 929; baseline 0 -10"><span class='ocrx_word' id='word_1_291' title='bbox 1090 886 1221 927; x_wconf 85' lang='lat' dir='ltr'>saciant,</span> <span class='ocrx_word' id='word_1_292' title='bbox 1248 887 1488 919; x_wconf 86' lang='lat' dir='ltr'>frumentorum</span> <span class='ocrx_word' id='word_1_293' title='bbox 1507 885 1631 918; x_wconf 84' lang='lat' dir='ltr'>diversa</span> <span class='ocrx_word' id='word_1_294' title='bbox 1654 886 1840 929; x_wconf 86' lang='lat' dir='ltr'>monopolia</span> <span class='ocrx_word' id='word_1_295' title='bbox 1877 892 1882 898; x_wconf 87' lang='lat'>·</span> 
     </span>
     <span class='ocr_line' id='line_1_60' title="bbox 1091 939 1839 984; baseline 0 -10"><span class='ocrx_word' id='word_1_296' title='bbox 1091 947 1253 981; x_wconf 78' lang='lat' dir='ltr'>exercent,</span> <span class='ocrx_word' id='word_1_297' title='bbox 1276 951 1313 974; x_wconf 73' lang='lat' dir='ltr'>ex</span> <span class='ocrx_word' id='word_1_298' title='bbox 1332 940 1452 984; x_wconf 88' lang='lat' dir='ltr'>quibus</span> <span class='ocrx_word' id='word_1_299' title='bbox 1470 945 1526 973; x_wconf 87' lang='lat' dir='ltr'>aut</span> <span class='ocrx_word' id='word_1_300' title='bbox 1542 950 1703 984; x_wconf 89' lang='lat' dir='ltr'>pauperes</span> <span class='ocrx_word' id='word_1_301' title='bbox 1721 940 1756 973; x_wconf 90' lang='lat' dir='ltr'>in</span> <span class='ocrx_word' id='word_1_302' title='bbox 1770 939 1839 974; x_wconf 89' lang='lat' dir='ltr'>dies</span> 
     </span>
     <span class='ocr_line' id='line_1_61' title="bbox 1090 994 1839 1038; baseline 0 -12"><span class='ocrx_word' id='word_1_303' title='bbox 1090 994 1173 1027; x_wconf 88' lang='lat' dir='ltr'>fame</span> <span class='ocrx_word' id='word_1_304' title='bbox 1193 994 1300 1038; x_wconf 90' lang='lat' dir='ltr'>perire</span> <span class='ocrx_word' id='word_1_305' title='bbox 1320 994 1488 1037; x_wconf 78' lang='lat' dir='ltr'>contingit,</span> <span class='ocrx_word' id='word_1_306' title='bbox 1516 1000 1572 1027; x_wconf 89' lang='lat' dir='ltr'>aut</span> <span class='ocrx_word' id='word_1_307' title='bbox 1597 994 1706 1027; x_wconf 87' lang='lat' dir='ltr'>omnia</span> <span class='ocrx_word' id='word_1_308' title='bbox 1724 1003 1839 1028; x_wconf 88' lang='lat' dir='ltr'>eorum</span> 
     </span>
     <span class='ocr_line' id='line_1_62' title="bbox 1089 1047 1836 1092; baseline 0 -11"><span class='ocrx_word' id='word_1_309' title='bbox 1089 1049 1175 1081; x_wconf 87' lang='lat' dir='ltr'>bona</span> <span class='ocrx_word' id='word_1_310' title='bbox 1198 1059 1263 1081; x_wconf 89' lang='lat' dir='ltr'>una</span> <span class='ocrx_word' id='word_1_311' title='bbox 1286 1049 1351 1090; x_wconf 85' lang='lat' dir='ltr'>die,</span> <span class='ocrx_word' id='word_1_312' title='bbox 1379 1059 1445 1092; x_wconf 90' lang='lat' dir='ltr'>quo</span> <span class='ocrx_word' id='word_1_313' title='bbox 1468 1048 1588 1081; x_wconf 87' lang='lat' dir='ltr'>victum</span> <span class='ocrx_word' id='word_1_314' title='bbox 1620 1047 1681 1081; x_wconf 89' lang='lat' dir='ltr'>sibi</span> <span class='ocrx_word' id='word_1_315' title='bbox 1708 1053 1836 1092; x_wconf 88' lang='lat' dir='ltr'>parent,</span> 
     </span>
     <span class='ocr_line' id='line_1_63' title="bbox 1088 1101 1839 1146; baseline 0.001 -11"><span class='ocrx_word' id='word_1_316' title='bbox 1088 1102 1228 1135; x_wconf 80' lang='lat' dir='ltr'>vendere</span> <span class='ocrx_word' id='word_1_317' title='bbox 1265 1108 1446 1146; x_wconf 83' lang='lat' dir='ltr'>coguntur·,</span> <span class='ocrx_word' id='word_1_318' title='bbox 1489 1101 1670 1145; x_wconf 84' lang='lat' dir='ltr'>diversique</span> <span class='ocrx_word' id='word_1_319' title='bbox 1711 1108 1839 1136; x_wconf 87' lang='lat' dir='ltr'>contra·</span> 
     </span>
    </p>
   </div>
   <div class='ocr_carea' id='block_1_10' title="bbox 1089 1155 1892 1200">
    <p class='ocr_par' dir='ltr' id='par_1_17' title="bbox 1089 1155 1892 1200">
     <span class='ocr_line' id='line_1_64' title="bbox 1089 1155 1892 1200; baseline 0 -11"><span class='ocrx_word' id='word_1_320' title='bbox 1089 1162 1169 1197; x_wconf 89' lang='lat' dir='ltr'>ctus,</span> <span class='ocrx_word' id='word_1_321' title='bbox 1193 1157 1288 1200; x_wconf 80' lang='lat' dir='ltr'>vulgo</span> <span class='ocrx_word' id='word_1_322' title='bbox 1309 1157 1521 1200; x_wconf 74' lang='lat' dir='ltr'>quietamenti</span> <span class='ocrx_word' id='word_1_323' title='bbox 1538 1155 1728 1199; x_wconf 81' lang='lat' dir='ltr'>nuncupati,</span> <span class='ocrx_word' id='word_1_324' title='bbox 1747 1166 1786 1190; x_wconf 87' lang='lat' dir='ltr'>eo</span> <span class='ocrx_word' id='word_1_325' title='bbox 1804 1156 1839 1189; x_wconf 91' lang='lat' dir='ltr'>in</span> <span class='ocrx_word' id='word_1_326' title='bbox 1886 1167 1892 1174; x_wconf 93' lang='lat'><strong>·</strong></span> 
     </span>
    </p>
   </div>
   <div class='ocr_carea' id='block_1_11' title="bbox 1084 1210 1840 1634">
    <p class='ocr_par' dir='ltr' id='par_1_18' title="bbox 1084 1210 1840 1634">
     <span class='ocr_line' id='line_1_65' title="bbox 1088 1210 1838 1245; baseline 0 -1"><span class='ocrx_word' id='word_1_327' title='bbox 1088 1211 1245 1244; x_wconf 89' lang='lat' dir='ltr'>comitatu</span> <span class='ocrx_word' id='word_1_328' title='bbox 1268 1213 1286 1244; x_wconf 83' lang='lat' dir='ltr'>a&#39;</span> <span class='ocrx_word' id='word_1_329' title='bbox 1301 1210 1534 1244; x_wconf 87' lang='lat' dir='ltr'>mercatoribus</span> <span class='ocrx_word' id='word_1_330' title='bbox 1554 1210 1587 1243; x_wconf 89' lang='lat' dir='ltr'>in</span> <span class='ocrx_word' id='word_1_331' title='bbox 1602 1221 1698 1244; x_wconf 90' lang='lat' dir='ltr'>usum</span> <span class='ocrx_word' id='word_1_332' title='bbox 1714 1211 1838 1245; x_wconf 91' lang='lat' dir='ltr'>inducti</span> 
     </span>
     <span class='ocr_line' id='line_1_66' title="bbox 1088 1263 1839 1305; baseline 0.001 -8"><span class='ocrx_word' id='word_1_333' title='bbox 1088 1270 1174 1305; x_wconf 91' lang='lat' dir='ltr'>sunt,</span> <span class='ocrx_word' id='word_1_334' title='bbox 1196 1265 1274 1297; x_wconf 93' lang='lat' dir='ltr'>dum</span> <span class='ocrx_word' id='word_1_335' title='bbox 1295 1264 1542 1298; x_wconf 81' lang='lat' dir='ltr'>communitates</span> <span class='ocrx_word' id='word_1_336' title='bbox 1566 1269 1597 1297; x_wconf 87' lang='lat' dir='ltr'>et</span> <span class='ocrx_word' id='word_1_337' title='bbox 1615 1263 1839 1298; x_wconf 85' lang='lat' dir='ltr'>universitates</span> 
     </span>
     <span class='ocr_line' id='line_1_67' title="bbox 1087 1318 1840 1363; baseline 0 -11"><span class='ocrx_word' id='word_1_338' title='bbox 1087 1319 1296 1363; x_wconf 85' lang='lat' dir='ltr'>oppidorum,</span> <span class='ocrx_word' id='word_1_339' title='bbox 1319 1319 1467 1352; x_wconf 83' lang='lat' dir='ltr'>locorum</span> <span class='ocrx_word' id='word_1_340' title='bbox 1488 1329 1546 1352; x_wconf 91' lang='lat' dir='ltr'>seu</span> <span class='ocrx_word' id='word_1_341' title='bbox 1568 1318 1718 1352; x_wconf 80' lang='lat' dir='ltr'>villarum</span> <span class='ocrx_word' id='word_1_342' title='bbox 1738 1318 1840 1352; x_wconf 62' lang='lat' dir='ltr'>comi⁴</span> 
     </span>
     <span class='ocr_line' id='line_1_68' title="bbox 1086 1372 1837 1418; baseline 0 -13"><span class='ocrx_word' id='word_1_343' title='bbox 1086 1377 1172 1407; x_wconf 83' lang='lat' dir='ltr'>tatus</span> <span class='ocrx_word' id='word_1_344' title='bbox 1196 1373 1366 1418; x_wconf 84' lang='lat' dir='ltr'>praedicti,</span> <span class='ocrx_word' id='word_1_345' title='bbox 1385 1384 1458 1406; x_wconf 86' lang='lat' dir='ltr'>aere</span> <span class='ocrx_word' id='word_1_346' title='bbox 1469 1372 1575 1407; x_wconf 88' lang='lat' dir='ltr'>alieno</span> <span class='ocrx_word' id='word_1_347' title='bbox 1586 1377 1745 1416; x_wconf 82' lang='lat' dir='ltr'>gravatae,</span> <span class='ocrx_word' id='word_1_348' title='bbox 1755 1372 1837 1406; x_wconf 85' lang='lat' dir='ltr'>illud</span> 
     </span>
     <span class='ocr_line' id='line_1_69' title="bbox 1088 1426 1838 1472; baseline 0 -12"><span class='ocrx_word' id='word_1_349' title='bbox 1088 1428 1250 1462; x_wconf 83' lang='lat' dir='ltr'>exsolvere</span> <span class='ocrx_word' id='word_1_350' title='bbox 1290 1432 1466 1472; x_wconf 86' lang='lat' dir='ltr'>quaerunt,</span> <span class='ocrx_word' id='word_1_351' title='bbox 1501 1432 1533 1460; x_wconf 88' lang='lat' dir='ltr'>et</span> <span class='ocrx_word' id='word_1_352' title='bbox 1565 1430 1762 1460; x_wconf 82' lang='lat' dir='ltr'>mercatores</span> <span class='ocrx_word' id='word_1_353' title='bbox 1798 1426 1838 1460; x_wconf 88' lang='lat' dir='ltr'>ad</span> 
     </span>
     <span class='ocr_line' id='line_1_70' title="bbox 1086 1481 1840 1527; baseline -0.001 -12"><span class='ocrx_word' id='word_1_354' title='bbox 1086 1492 1160 1515; x_wconf 89' lang='lat' dir='ltr'>eum</span> <span class='ocrx_word' id='word_1_355' title='bbox 1176 1483 1327 1516; x_wconf 80' lang='lat' dir='ltr'>effectum</span> <span class='ocrx_word' id='word_1_356' title='bbox 1342 1482 1514 1527; x_wconf 85' lang='lat' dir='ltr'>pecuniam</span> <span class='ocrx_word' id='word_1_357' title='bbox 1527 1482 1676 1522; x_wconf 84' lang='lat' dir='ltr'>offerunt,</span> <span class='ocrx_word' id='word_1_358' title='bbox 1696 1491 1744 1522; x_wconf 90' lang='lat' dir='ltr'>ac,</span> <span class='ocrx_word' id='word_1_359' title='bbox 1762 1481 1840 1515; x_wconf 29' lang='lat' dir='ltr'>loco*</span> 
     </span>
     <span class='ocr_line' id='line_1_71' title="bbox 1084 1533 1836 1580; baseline -0.003 -10"><span class='ocrx_word' id='word_1_360' title='bbox 1084 1537 1254 1580; x_wconf 88' lang='lat' dir='ltr'>pecuniae,</span> <span class='ocrx_word' id='word_1_361' title='bbox 1275 1535 1441 1576; x_wconf 82' lang='lat' dir='ltr'>frumenti,</span> <span class='ocrx_word' id='word_1_362' title='bbox 1471 1535 1536 1568; x_wconf 84' lang='lat' dir='ltr'>vini</span> <span class='ocrx_word' id='word_1_363' title='bbox 1564 1534 1665 1568; x_wconf 83' lang='lat' dir='ltr'>oleive</span> <span class='ocrx_word' id='word_1_364' title='bbox 1695 1533 1836 1579; x_wconf 85' lang='lat' dir='ltr'>aliquam</span> 
     </span>
     <span class='ocr_line' id='line_1_72' title="bbox 1085 1587 1836 1634; baseline -0.001 -11"><span class='ocrx_word' id='word_1_365' title='bbox 1085 1591 1297 1634; x_wconf 88' lang='lat' dir='ltr'>quantitatem</span> <span class='ocrx_word' id='word_1_366' title='bbox 1308 1589 1391 1622; x_wconf 87' lang='lat' dir='ltr'>infra</span> <span class='ocrx_word' id='word_1_367' title='bbox 1401 1594 1526 1623; x_wconf 88' lang='lat' dir='ltr'>certum</span> <span class='ocrx_word' id='word_1_368' title='bbox 1539 1587 1694 1632; x_wconf 66' lang='lat' dir='ltr'>temporis</span> <span class='ocrx_word' id='word_1_369' title='bbox 1705 1588 1754 1621; x_wconf 79' lang='lat' dir='ltr'>vel</span> <span class='ocrx_word' id='word_1_370' title='bbox 1765 1588 1836 1632; x_wconf 90' lang='lat' dir='ltr'>plu-</span> 
     </span>
    </p>
   </div>
   <div class='ocr_carea' id='block_1_12' title="bbox 1084 1642 1836 1737">
    <p class='ocr_par' dir='ltr' id='par_1_19' title="bbox 1084 1642 1836 1737">
     <span class='ocr_line' id='line_1_73' title="bbox 1085 1642 1836 1686; baseline -0.004 -8"><span class='ocrx_word' id='word_1_371' title='bbox 1085 1645 1172 1678; x_wconf 88' lang='lat' dir='ltr'>rium</span> <span class='ocrx_word' id='word_1_372' title='bbox 1193 1645 1289 1678; x_wconf 87' lang='lat' dir='ltr'>etiam</span> <span class='ocrx_word' id='word_1_373' title='bbox 1304 1653 1462 1677; x_wconf 84' lang='lat' dir='ltr'>annorum</span> <span class='ocrx_word' id='word_1_374' title='bbox 1483 1643 1633 1686; x_wconf 88' lang='lat' dir='ltr'>spatium,</span> <span class='ocrx_word' id='word_1_375' title='bbox 1647 1647 1744 1686; x_wconf 92' lang='lat' dir='ltr'>prout</span> <span class='ocrx_word' id='word_1_376' title='bbox 1753 1642 1836 1676; x_wconf 88' lang='lat' dir='ltr'>inter</span> 
     </span>
     <span class='ocr_line' id='line_1_74' title="bbox 1084 1690 1832 1737; baseline -0.003 -11"><span class='ocrx_word' id='word_1_377' title='bbox 1084 1693 1171 1737; x_wconf 88' lang='lat' dir='ltr'>ipsos</span> <span class='ocrx_word' id='word_1_378' title='bbox 1191 1700 1385 1726; x_wconf 84' lang='lat' dir='ltr'>conventum</span> <span class='ocrx_word' id='word_1_379' title='bbox 1406 1697 1464 1729; x_wconf 81' lang='lat' dir='ltr'>est,</span> <span class='ocrx_word' id='word_1_380' title='bbox 1487 1693 1527 1725; x_wconf 84' lang='lat' dir='ltr'>ab</span> <span class='ocrx_word' id='word_1_381' title='bbox 1548 1692 1668 1725; x_wconf 86' lang='lat' dir='ltr'>eisdem</span> <span class='ocrx_word' id='word_1_382' title='bbox 1688 1690 1832 1734; x_wconf 73' lang='lat' dir='ltr'>exigunt,</span> 
     </span>
    </p>
   </div>
   <div class='ocr_carea' id='block_1_13' title="bbox 1084 1739 1884 1776">
    <p class='ocr_par' dir='ltr' id='par_1_20' title="bbox 1084 1739 1884 1776">
     <span class='ocr_line' id='line_1_75' title="bbox 1084 1739 1884 1776; baseline -0.004 0"><span class='ocrx_word' id='word_1_383' title='bbox 1084 1743 1149 1776; x_wconf 83' lang='lat' dir='ltr'>sive</span> <span class='ocrx_word' id='word_1_384' title='bbox 1168 1754 1186 1776; x_wconf 86' lang='lat' dir='ltr'>a</span> <span class='ocrx_word' id='word_1_385' title='bbox 1207 1742 1495 1776; x_wconf 86' lang='lat' dir='ltr'>communitatibus</span> <span class='ocrx_word' id='word_1_386' title='bbox 1513 1741 1562 1775; x_wconf 86' lang='lat' dir='ltr'>vel</span> <span class='ocrx_word' id='word_1_387' title='bbox 1573 1739 1836 1774; x_wconf 86' lang='lat' dir='ltr'>universitatibus</span> <span class='ocrx_word' id='word_1_388' title='bbox 1879 1751 1884 1756; x_wconf 94' lang='lat'>·</span> 
     </span>
    </p>
   </div>
   <div class='ocr_carea' id='block_1_14' title="bbox 1060 1790 1837 2376">
    <p class='ocr_par' dir='ltr' id='par_1_21' title="bbox 1060 1790 1837 2376">
     <span class='ocr_line' id='line_1_76' title="bbox 1084 1790 1836 1835; baseline 0 -11"><span class='ocrx_word' id='word_1_389' title='bbox 1084 1792 1295 1835; x_wconf 78' lang='lat' dir='ltr'>recolligatur</span> <span class='ocrx_word' id='word_1_390' title='bbox 1323 1792 1386 1825; x_wconf 85' lang='lat' dir='ltr'>sive</span> <span class='ocrx_word' id='word_1_391' title='bbox 1416 1802 1482 1825; x_wconf 95' lang='lat' dir='ltr'>non</span> <span class='ocrx_word' id='word_1_392' title='bbox 1512 1790 1732 1833; x_wconf 80' lang='lat' dir='ltr'>recolligatur,</span> <span class='ocrx_word' id='word_1_393' title='bbox 1764 1799 1836 1824; x_wconf 71' lang='lat' dir='ltr'>exa-⁴</span> 
     </span>
     <span class='ocr_line' id='line_1_77' title="bbox 1084 1838 1835 1885; baseline -0.003 -12"><span class='ocrx_word' id='word_1_394' title='bbox 1084 1846 1215 1885; x_wconf 86' lang='lat' dir='ltr'>ctasque</span> <span class='ocrx_word' id='word_1_395' title='bbox 1234 1841 1428 1884; x_wconf 86' lang='lat' dir='ltr'>quantitates</span> <span class='ocrx_word' id='word_1_396' title='bbox 1450 1840 1526 1881; x_wconf 87' lang='lat' dir='ltr'>vini,</span> <span class='ocrx_word' id='word_1_397' title='bbox 1548 1838 1702 1872; x_wconf 83' lang='lat' dir='ltr'>frumenti</span> <span class='ocrx_word' id='word_1_398' title='bbox 1722 1843 1753 1871; x_wconf 88' lang='lat' dir='ltr'>et</span> <span class='ocrx_word' id='word_1_399' title='bbox 1772 1838 1835 1872; x_wconf 86' lang='lat' dir='ltr'>olei</span> 
     </span>
     <span class='ocr_line' id='line_1_78' title="bbox 1082 1890 1837 1933; baseline -0.004 -10"><span class='ocrx_word' id='word_1_400' title='bbox 1082 1890 1270 1924; x_wconf 90' lang='lat' dir='ltr'>huiusmodi</span> <span class='ocrx_word' id='word_1_401' title='bbox 1301 1896 1480 1933; x_wconf 81' lang='lat' dir='ltr'>congerunt</span> <span class='ocrx_word' id='word_1_402' title='bbox 1506 1895 1537 1923; x_wconf 91' lang='lat' dir='ltr'>et</span> <span class='ocrx_word' id='word_1_403' title='bbox 1570 1893 1772 1928; x_wconf 82' lang='lat' dir='ltr'>conservant,</span> <span class='ocrx_word' id='word_1_404' title='bbox 1800 1893 1837 1922; x_wconf 90' lang='lat' dir='ltr'>ut</span> 
     </span>
     <span class='ocr_line' id='line_1_79' title="bbox 1083 1937 1832 1984; baseline -0.003 -12"><span class='ocrx_word' id='word_1_405' title='bbox 1083 1949 1200 1982; x_wconf 81' lang='lat' dir='ltr'>magno</span> <span class='ocrx_word' id='word_1_406' title='bbox 1219 1939 1323 1984; x_wconf 89' lang='lat' dir='ltr'>pretio</span> <span class='ocrx_word' id='word_1_407' title='bbox 1344 1949 1402 1972; x_wconf 92' lang='lat' dir='ltr'>suo</span> <span class='ocrx_word' id='word_1_408' title='bbox 1421 1944 1568 1982; x_wconf 89' lang='lat' dir='ltr'>tempore</span> <span class='ocrx_word' id='word_1_409' title='bbox 1594 1938 1650 1971; x_wconf 86' lang='lat' dir='ltr'>illa</span> <span class='ocrx_word' id='word_1_410' title='bbox 1682 1937 1832 1978; x_wconf 85' lang='lat' dir='ltr'>vendant,</span> 
     </span>
     <span class='ocr_line' id='line_1_80' title="bbox 1083 1986 1834 2032; baseline -0.003 -11"><span class='ocrx_word' id='word_1_411' title='bbox 1083 1999 1148 2032; x_wconf 89' lang='lat' dir='ltr'>qua</span> <span class='ocrx_word' id='word_1_412' title='bbox 1173 1989 1297 2022; x_wconf 84' lang='lat' dir='ltr'>ratione</span> <span class='ocrx_word' id='word_1_413' title='bbox 1327 1988 1515 2022; x_wconf 83' lang='lat' dir='ltr'>eorumdem</span> <span class='ocrx_word' id='word_1_414' title='bbox 1540 1991 1758 2020; x_wconf 84' lang='lat' dir='ltr'>mercatorum</span> <span class='ocrx_word' id='word_1_415' title='bbox 1782 1986 1834 2020; x_wconf 88' lang='lat' dir='ltr'>lu—</span> 
     </span>
     <span class='ocr_line' id='line_1_81' title="bbox 1083 2035 1835 2081; baseline -0.003 -10"><span class='ocrx_word' id='word_1_416' title='bbox 1083 2049 1187 2078; x_wconf 81' lang='lat' dir='ltr'>crum,</span> <span class='ocrx_word' id='word_1_417' title='bbox 1208 2039 1284 2071; x_wconf 88' lang='lat' dir='ltr'>dum</span> <span class='ocrx_word' id='word_1_418' title='bbox 1295 2036 1529 2081; x_wconf 77' lang='lat' dir='ltr'>nuliipericulo</span> <span class='ocrx_word' id='word_1_419' title='bbox 1541 2036 1637 2069; x_wconf 87' lang='lat' dir='ltr'>iidem</span> <span class='ocrx_word' id='word_1_420' title='bbox 1648 2040 1722 2069; x_wconf 86' lang='lat' dir='ltr'>sunt</span> <span class='ocrx_word' id='word_1_421' title='bbox 1734 2035 1835 2069; x_wconf 82' lang='lat' dir='ltr'>ohno-</span> 
     </span>
     <span class='ocr_line' id='line_1_82' title="bbox 1082 2084 1835 2127; baseline -0.001 -8"><span class='ocrx_word' id='word_1_422' title='bbox 1082 2086 1137 2127; x_wconf 82' lang='lat' dir='ltr'>xii,</span> <span class='ocrx_word' id='word_1_423' title='bbox 1149 2087 1352 2120; x_wconf 83' lang='lat' dir='ltr'>inintinitum</span> <span class='ocrx_word' id='word_1_424' title='bbox 1363 2086 1514 2120; x_wconf 76' lang='lat' dir='ltr'>excrescit</span> <span class='ocrx_word' id='word_1_425' title='bbox 1528 2085 1621 2125; x_wconf 76' lang='lat' dir='ltr'>;liinc</span> <span class='ocrx_word' id='word_1_426' title='bbox 1629 2085 1706 2118; x_wconf 85' lang='lat' dir='ltr'>dum</span> <span class='ocrx_word' id='word_1_427' title='bbox 1715 2084 1835 2118; x_wconf 84' lang='lat' dir='ltr'>deven—</span> 
     </span>
     <span class='ocr_line' id='line_1_83' title="bbox 1083 2134 1833 2178; baseline -0.003 -10"><span class='ocrx_word' id='word_1_428' title='bbox 1083 2135 1196 2169; x_wconf 88' lang='lat' dir='ltr'>dcndis</span> <span class='ocrx_word' id='word_1_429' title='bbox 1208 2136 1371 2170; x_wconf 88' lang='lat' dir='ltr'>mercibus</span> <span class='ocrx_word' id='word_1_430' title='bbox 1379 2135 1495 2178; x_wconf 70' lang='lat' dir='ltr'>agitur,</span> <span class='ocrx_word' id='word_1_431' title='bbox 1518 2135 1613 2167; x_wconf 85' lang='lat' dir='ltr'>iidem</span> <span class='ocrx_word' id='word_1_432' title='bbox 1628 2134 1659 2166; x_wconf 94' lang='lat' dir='ltr'>in</span> <span class='ocrx_word' id='word_1_433' title='bbox 1672 2134 1833 2167; x_wconf 87' lang='lat' dir='ltr'>frumento</span> 
     </span>
     <span class='ocr_line' id='line_1_84' title="bbox 1083 2183 1834 2229; baseline -0.001 -13"><span class='ocrx_word' id='word_1_434' title='bbox 1083 2184 1142 2217; x_wconf 87' lang='lat' dir='ltr'>sibi</span> <span class='ocrx_word' id='word_1_435' title='bbox 1151 2184 1190 2217; x_wconf 93' lang='lat' dir='ltr'>de</span> <span class='ocrx_word' id='word_1_436' title='bbox 1200 2195 1313 2218; x_wconf 88' lang='lat' dir='ltr'>eorum</span> <span class='ocrx_word' id='word_1_437' title='bbox 1325 2185 1429 2229; x_wconf 86' lang='lat' dir='ltr'>pretio</span> <span class='ocrx_word' id='word_1_438' title='bbox 1437 2183 1583 2217; x_wconf 63' lang='lat' dir='ltr'>satisfieri</span> <span class='ocrx_word' id='word_1_439' title='bbox 1596 2187 1786 2227; x_wconf 82' lang='lat' dir='ltr'>procurant,</span> <span class='ocrx_word' id='word_1_440' title='bbox 1802 2193 1834 2216; x_wconf 84' lang='lat' dir='ltr'>a·</span> 
     </span>
     <span class='ocr_line' id='line_1_85' title="bbox 1082 2232 1832 2277; baseline -0.001 -12"><span class='ocrx_word' id='word_1_441' title='bbox 1082 2233 1197 2277; x_wconf 83' lang='lat' dir='ltr'>liisque</span> <span class='ocrx_word' id='word_1_442' title='bbox 1205 2234 1288 2267; x_wconf 87' lang='lat' dir='ltr'>veris</span> <span class='ocrx_word' id='word_1_443' title='bbox 1298 2233 1518 2267; x_wconf 85' lang='lat' dir='ltr'>autsimulatis</span> <span class='ocrx_word' id='word_1_444' title='bbox 1528 2232 1754 2271; x_wconf 79' lang='lat' dir='ltr'>locationibus,</span> <span class='ocrx_word' id='word_1_445' title='bbox 1765 2232 1832 2265; x_wconf 79' lang='lat' dir='ltr'>sru-</span> 
     </span>
     <span class='ocr_line' id='line_1_86' title="bbox 1083 2280 1832 2327; baseline -0.007 -10"><span class='ocrx_word' id='word_1_446' title='bbox 1083 2290 1261 2327; x_wconf 86' lang='lat' dir='ltr'>ctuumque</span> <span class='ocrx_word' id='word_1_447' title='bbox 1296 2282 1589 2322; x_wconf 75' lang='lat' dir='ltr'>orrendationibus,</span> <span class='ocrx_word' id='word_1_448' title='bbox 1614 2282 1680 2314; x_wconf 84' lang='lat' dir='ltr'>fere</span> <span class='ocrx_word' id='word_1_449' title='bbox 1701 2280 1832 2314; x_wconf 84' lang='lat' dir='ltr'>univer-</span> 
     </span>
     <span class='ocr_line' id='line_1_87' title="bbox 1060 2329 1830 2376; baseline -0.005 -10"><span class='ocrx_word' id='word_1_450' title='bbox 1060 2330 1064 2374; x_wconf 88' lang='grc' dir='ltr'>Ι</span> <span class='ocrx_word' id='word_1_451' title='bbox 1083 2333 1263 2376; x_wconf 74' lang='lat' dir='ltr'>suni,quod</span> <span class='ocrx_word' id='word_1_452' title='bbox 1274 2333 1307 2366; x_wconf 95' lang='lat' dir='ltr'>in</span> <span class='ocrx_word' id='word_1_453' title='bbox 1318 2333 1471 2366; x_wconf 82' lang='lat' dir='ltr'>comitatu</span> <span class='ocrx_word' id='word_1_454' title='bbox 1479 2331 1643 2376; x_wconf 89' lang='lat' dir='ltr'>praedicto</span> <span class='ocrx_word' id='word_1_455' title='bbox 1661 2329 1830 2374; x_wconf 78' lang='lat' dir='ltr'>colligitur,</span> 
     </span>
    </p>
   </div>
   <div class='ocr_carea' id='block_1_15' title="bbox 1083 2379 1885 2425">
    <p class='ocr_par' dir='ltr' id='par_1_22' title="bbox 1083 2379 1885 2425">
     <span class='ocr_line' id='line_1_88' title="bbox 1083 2379 1885 2425; baseline -0.005 -10"><span class='ocrx_word' id='word_1_456' title='bbox 1083 2382 1281 2415; x_wconf 80' lang='lat' dir='ltr'>frumentum</span> <span class='ocrx_word' id='word_1_457' title='bbox 1294 2383 1325 2415; x_wconf 90' lang='lat' dir='ltr'>in</span> <span class='ocrx_word' id='word_1_458' title='bbox 1336 2392 1448 2415; x_wconf 85' lang='lat' dir='ltr'>eorum</span> <span class='ocrx_word' id='word_1_459' title='bbox 1459 2385 1648 2425; x_wconf 87' lang='lat' dir='ltr'>potestatem</span> <span class='ocrx_word' id='word_1_460' title='bbox 1657 2379 1830 2422; x_wconf 73' lang='lat' dir='ltr'>redigunt,</span> <span class='ocrx_word' id='word_1_461' title='bbox 1883 2384 1885 2386; x_wconf 80' lang='grc'><strong>’</strong></span> 
     </span>
    </p>
   </div>
   <div class='ocr_carea' id='block_1_16' title="bbox 1059 2430 1831 2625">
    <p class='ocr_par' dir='ltr' id='par_1_23' title="bbox 1084 2430 1831 2476">
     <span class='ocr_line' id='line_1_89' title="bbox 1084 2430 1831 2476; baseline -0.005 -12"><span class='ocrx_word' id='word_1_462' title='bbox 1084 2442 1121 2464; x_wconf 87' lang='lat' dir='ltr'>ac</span> <span class='ocrx_word' id='word_1_463' title='bbox 1142 2432 1174 2464; x_wconf 90' lang='lat' dir='ltr'>in</span> <span class='ocrx_word' id='word_1_464' title='bbox 1191 2431 1330 2476; x_wconf 83' lang='lat' dir='ltr'>propriis</span> <span class='ocrx_word' id='word_1_465' title='bbox 1349 2430 1679 2473; x_wconf 74' lang='lat' dir='ltr'>borreiscongregant</span> <span class='ocrx_word' id='word_1_466' title='bbox 1690 2432 1831 2462; x_wconf 78' lang='lat' dir='ltr'>servant-</span> 
     </span>
    </p>

    <p class='ocr_par' dir='ltr' id='par_1_24' title="bbox 1084 2476 1831 2524">
     <span class='ocr_line' id='line_1_90' title="bbox 1084 2476 1831 2524; baseline -0.007 -10"><span class='ocrx_word' id='word_1_467' title='bbox 1084 2492 1157 2524; x_wconf 81' lang='lat' dir='ltr'>quc,</span> <span class='ocrx_word' id='word_1_468' title='bbox 1169 2482 1271 2514; x_wconf 74' lang='lat' dir='ltr'>donec</span> <span class='ocrx_word' id='word_1_469' title='bbox 1285 2490 1431 2513; x_wconf 83' lang='lat' dir='ltr'>annonae</span> <span class='ocrx_word' id='word_1_470' title='bbox 1447 2479 1562 2512; x_wconf 80' lang='lat' dir='ltr'>caritas</span> <span class='ocrx_word' id='word_1_471' title='bbox 1579 2489 1616 2512; x_wconf 92' lang='lat' dir='ltr'>eo</span> <span class='ocrx_word' id='word_1_472' title='bbox 1631 2477 1663 2511; x_wconf 90' lang='lat' dir='ltr'>in</span> <span class='ocrx_word' id='word_1_473' title='bbox 1679 2476 1831 2511; x_wconf 79' lang='lat' dir='ltr'>comitatu</span> 
     </span>
    </p>

    <p class='ocr_par' dir='ltr' id='par_1_25' title="bbox 1059 2525 1831 2625">
     <span class='ocr_line' id='line_1_91' title="bbox 1084 2525 1831 2571; baseline -0.008 -8"><span class='ocrx_word' id='word_1_474' title='bbox 1084 2531 1266 2571; x_wconf 77' lang='lat' dir='ltr'>invalescat,</span> <span class='ocrx_word' id='word_1_475' title='bbox 1302 2541 1339 2563; x_wconf 89' lang='lat' dir='ltr'>ac</span> <span class='ocrx_word' id='word_1_476' title='bbox 1373 2535 1441 2562; x_wconf 87' lang='lat' dir='ltr'>tum</span> <span class='ocrx_word' id='word_1_477' title='bbox 1469 2529 1601 2562; x_wconf 83' lang='lat' dir='ltr'>demum</span> <span class='ocrx_word' id='word_1_478' title='bbox 1635 2527 1684 2560; x_wconf 75' lang='lat' dir='ltr'>vei</span> <span class='ocrx_word' id='word_1_479' title='bbox 1721 2525 1831 2569; x_wconf 81' lang='lat' dir='ltr'>iniquo</span> 
     </span>
     <span class='ocr_line' id='line_1_92' title="bbox 1059 2579 1682 2625; baseline -0.008 -12"><span class='ocrx_word' id='word_1_480' title='bbox 1059 2595 1065 2625; x_wconf 57' lang='grc' dir='ltr'>Ι</span> <span class='ocrx_word' id='word_1_481' title='bbox 1084 2580 1186 2625; x_wconf 66' lang='lat' dir='ltr'>pretio</span> <span class='ocrx_word' id='word_1_482' title='bbox 1211 2580 1265 2613; x_wconf 83' lang='lat' dir='ltr'>ilia</span> <span class='ocrx_word' id='word_1_483' title='bbox 1285 2579 1407 2613; x_wconf 77' lang='lat' dir='ltr'>venalia</span> <span class='ocrx_word' id='word_1_484' title='bbox 1425 2579 1474 2611; x_wconf 80' lang='lat' dir='ltr'>vix</span> <span class='ocrx_word' id='word_1_485' title='bbox 1497 2581 1682 2621; x_wconf 85' lang='lat' dir='ltr'>proponunt</span> 
     </span>
    </p>
   </div>
   <div class='ocr_carea' id='block_1_17' title="bbox 1852 0 2059 3228">
    <p class='ocr_par' dir='ltr' id='par_1_26' title="bbox 1852 0 2059 3228">
     <span class='ocr_line' id='line_1_93' title="bbox 1852 0 2059 3228; baseline 0 0"><span class='ocrx_word' id='word_1_486' title='bbox 1852 0 2059 3228; x_wconf 95' lang='lat' dir='ltr'> </span> 
     </span>
    </p>
   </div>
  </div>
 </body>
</html>
