2059 3228
108 210 161 239 An.
177 210 205 240 C.
225 212 291 242 ¹587

141 1122 208 1142 ”auu
222 1121 284 1142 huius

101 1157 270 1174 consututiums.

350 205 412 239 878

303 266 401 307 tibus,
422 271 549 310 gratum
569 275 600 300 et
619 265 762 300 debitum
785 265 851 299 Deo
883 264 1054 299 exhibeant

304 319 508 360 famulatum,
537 319 658 363 ubique
690 318 848 362 gentium,
876 319 931 353 sed
961 329 1053 363 prae-

303 371 413 404 sertim
437 371 470 404 in
490 372 551 405 hac
570 372 654 405 alma
673 371 758 406 Urbe
777 377 897 414 nostra,
921 372 953 405 in
973 383 1049 416 qua,

303 425 386 458 sicut
412 425 446 458 in
470 425 611 459 universi
639 425 726 459 orbis
759 426 923 470 magistra,
958 437 1051 459 verae

302 477 377 511 fidei
394 482 425 511 et
443 478 608 522 religionis
621 479 814 513 documenta
831 480 989 521 relucent,
1009 479 1051 512 ita

303 531 451 564 universa
474 531 599 566 divinae
619 532 772 566 Maiestati
792 539 924 578 accepta
953 544 1051 577 opera

303 584 444 618 exerceri
477 595 684 630 summopere
713 586 944 627 desideramus,
977 597 1051 620 con-

302 642 470 671 struantur
488 643 520 672 et
531 638 718 682 erigantur;
741 639 852 683 idque,
876 645 911 673 ut
924 639 1050 673 facilius

301 691 465 732 succedat,
487 701 525 724 ac
549 701 707 735 personae
736 693 775 725 ad
804 693 835 726 id
867 698 1051 738 opportuna

300 744 419 777 auxilia
438 744 625 778 exhibentes
644 756 662 778 a
681 745 774 779 nobis
803 746 921 789 gratias
946 752 978 780 et
1005 747 1050 780 fa-

299 807 390 831 vores
413 804 594 842 reportasse
613 799 785 840 laetentur,
807 810 902 844 opem
922 805 952 834 et
972 810 1050 844 ope-

298 861 367 884 ram
385 851 605 895 impendimus
625 852 785 894 efficaces,
807 864 844 886 ac
863 855 896 886 in
907 853 957 886 his
977 853 1049 886 offi-

299 904 340 938 cii
354 906 455 939 nostri
465 911 573 948 partes
581 905 942 950 libenterimpartimur,
955 912 1051 951 prout

299 957 518 1002 conspicimus
554 958 588 992 in
621 959 757 993 Domino
792 960 965 994 salubriter
995 971 1050 994 ex-

298 1011 423 1056 pedire.

342 1066 357 1109 §j
378 1066 409 1099 1.
429 1065 512 1099 Sane
532 1076 619 1107 cum,
646 1066 729 1100 sicut
752 1066 949 1111 accepimus,
971 1067 1050 1101 alias

298 1124 469 1164 postquam
489 1130 547 1154 nos
567 1120 737 1153 ecclesiam
757 1121 949 1154 Sanctorum
975 1121 1046 1163 viti,

298 1173 429 1206 Modesti
445 1178 475 1206 et
485 1173 700 1207 Crescientiae
712 1179 889 1219 martyrum
909 1175 1049 1218 regionis

297 1226 454 1260 Montium
475 1226 514 1260 de
534 1226 631 1268 Urbe,
654 1227 911 1260 confraternitati
941 1238 1048 1262 sacer-

299 1280 411 1313 dotum
432 1286 462 1314 et
482 1280 621 1314 aliorum
649 1281 819 1325 utriusque
848 1292 941 1315 sexus
961 1281 1049 1316 chri-

298 1333 485 1367 stifidelium
505 1334 613 1368 Sancti
632 1335 786 1369 Bernardi
806 1336 845 1369 de
861 1335 947 1369 dicta
965 1336 1048 1370 Urbe

299 1388 454 1421 canonice
474 1388 651 1430 institutae,
673 1400 747 1422 cum
775 1389 925 1423 facultate
959 1395 990 1423 et
1008 1389 1047 1422 li-

284 1442 403 1481 ,centia
428 1452 488 1485 pro
522 1442 645 1475 eisdem
683 1443 898 1476 confratribus
929 1443 1049 1476 ibidem

299 1495 442 1540 erigendi
457 1496 690 1530 monasterium
706 1496 895 1530 monialium
917 1497 976 1530 sub
987 1497 1048 1531 Re-

298 1550 373 1593 gula
411 1551 519 1584 Sancti
556 1551 719 1584 Benedicti
736 1578 744 1592 ,
793 1551 1050 1595 congregationis

299 1603 330 1636 S.
365 1601 518 1637 Bernardi
552 1604 774 1638 Cisterciensis
811 1604 951 1645 Ordinis,
989 1615 1048 1649 pro

299 1657 497 1701 pauperibus
522 1658 651 1701 puellis,
677 1669 772 1702 quae,
799 1659 912 1702 spretis
938 1659 1048 1692 mundi

299 1709 471 1750 illecebris,
494 1710 617 1744 Christo
652 1721 763 1744 earum
787 1722 906 1756 sponso
932 1722 1048 1757 perpe—

301 1769 392 1796 tuum
412 1764 602 1797 famulatum
623 1765 774 1798 exhibere
789 1770 949 1809 optarent,
972 1777 1049 1799 con-

301 1818 503 1859 cesserimus,
526 1824 623 1863 prout
640 1819 672 1852 in
692 1819 808 1853 nostris
821 1820 960 1864 desuper
975 1831 1049 1853 con-

301 1870 392 1903 fectis
414 1871 529 1905 litteris
562 1871 691 1916 plenius
720 1872 915 1913 continetur;
942 1873 1048 1906 dilecti

302 1924 359 1957 tilii
383 1925 473 1969 prior
490 1931 521 1959 et
549 1926 699 1960 custodes
718 1937 754 1959 ac
776 1927 954 1960 confratres
969 1929 1049 1961 eius-

302 1978 375 2011 dem
385 1979 653 2013 confraternitatis
666 1980 785 2014 ibidem
805 1981 1047 2016 monasterium.

303 2043 377 2065 cum
398 2033 510 2073 choro,
532 2033 734 2074 dormitorio,
750 2034 864 2075 hortis,
879 2035 1051 2068 hortalitiis

304 2092 334 2118 et
352 2086 424 2118 aliis
448 2087 658 2128 necessariis‚·
674 2089 819 2121 construi
839 2095 869 2122 et
889 2089 1048 2122 aedificari

304 2140 557 2182 procuraverint,
580 2141 725 2185 illudque
745 2142 826 2175 adeo
844 2144 1049 2176 commodum

305 2193 515 2235 reddiderint,
539 2200 574 2227 ut
593 2194 675 2228 infra
696 2201 839 2229 octavam
859 2195 1051 2240 Conceptio-

304 2245 353 2278 nis
372 2247 486 2280 Beatae
506 2248 622 2281 Mariae
642 2248 777 2292 Virginis
797 2249 942 2293 proxime
962 2261 1053 2294 prae-

304 2299 416 2333 teritae
430 2327 438 2341 ,
467 2301 642 2335 nonnullae
677 2302 805 2346 puellae
824 2302 889 2336 Deo
909 2303 1050 2344 dicatae,

304 2363 362 2395 pc1
395 2353 564 2398 deputatos
602 2354 749 2388 eiusdem
782 2356 1052 2390 contr-aremitaus

305 2412 344 2444 2³¹1
335 2403 511 2444 probatae,
527 2403 559 2436 in
576 2404 749 2437 moniales
742 2416 843 2449 1ps1us
854 2407 1027 2440 monasteri
1032 2407 1051 2447 i,

306 2450 391 2483 iuxta
403 2441 598 2486 laudabilem
616 2453 702 2487 illius
718 2464 878 2496 noimam,
901 2461 1051 2500 receptae,

306 2499 462 2533 admissae
473 2508 505 2534 e·
523 2501 718 2536 intioclusae
739 2504 911 2537 extiteiint.
933 2505 1052 2538 Tamen

308 2547 396 2589 quia
418 2548 501 2582 sicut
521 2550 616 2583 etiam
652 2552 848 2596 accepimus,
871 2553 955 2586 ultra
986 2559 1052 2588 tre-

309 2601 417 2630 centas
435 2607 494 2643 per
509 2598 594 2643 ipsos
611 2599 780 2650 deputatos
791 2601 854 2635 iam
871 2602 1008 2637 visitatas
1021 2603 1051 2637 in

1079 2633 1083 2641 ,
1094 2603 1198 2637 censis

893 211 1070 237 m'LLMtussn
1094 211 1243 235 Romnum

1095 262 1207 296 eadem
1219 262 1315 303 Urbe,
1331 262 1413 296 alius
1428 263 1540 307 ingens
1559 274 1594 298 ac
1612 264 1677 299 fere
1694 265 1839 299 infinitus

1094 325 1249 349 numerus
1268 326 1451 359 pauperum
1469 317 1650 360 puellarum
1673 319 1837 353 minorum

1093 368 1253 402 sexdecim
1274 371 1377 409 annis,
1400 379 1482 412 quae
1494 370 1534 403 ob
1555 381 1665 404 earum
1679 372 1838 406 minorem

1093 427 1228 455 aetatem
1250 422 1331 455 infra
1361 433 1482 456 annum
1513 424 1723 467 probationis,
1753 425 1841 459 iuxta

1092 475 1220 508 concilii
1257 475 1436 509 Tridentini
1474 476 1619 517 decreta,
1659 488 1839 522 expressam

1092 528 1325 572 professionem
1346 529 1502 570 emittere,
1513 540 1550 563 ac
1567 529 1599 562 in
1619 531 1775 564 moniales
1791 542 1842 565 re-

1093 581 1156 625 cipi
1190 588 1372 627 nequeunt,
1405 583 1589 626 reperitur;
1618 589 1647 617 et
1669 584 1842 629 pleraeque

1093 636 1221 676 adsunt,
1243 647 1326 680 quae
1345 636 1371 669 si
1391 642 1528 670 aetatem
1548 637 1662 670 decem
1681 648 1842 672 annorum

1092 689 1257 730 excedant,
1282 690 1331 723 vel
1358 696 1496 734 utroque
1532 696 1663 734 parente
1697 692 1839 734 orbatae,

1091 753 1146 775 seu
1167 743 1348 788 neophytae
1360 749 1415 776 aut
1435 744 1621 788 illegitimae
1634 745 1760 788 genitae
1775 756 1842 779 non

1091 796 1162 837 sint,
1195 802 1250 830 aut
1269 797 1295 829 si
1316 797 1455 830 habeant
1474 803 1624 842 parentes
1656 804 1688 832 et
1707 805 1854 838 censam,¹

1090 850 1226 894 guineos
1242 851 1395 884 honestae
1415 852 1608 885 conditionis
1624 857 1655 886 et
1669 852 1784 894 famae,
1799 844 1852 904 ab}

1089 904 1351 949 archihospitalis
1381 904 1486 938 Sancti
1507 905 1643 949 Spiritus
1667 906 1700 939 in
1733 905 1838 950 Saxia,

1089 957 1280 992 Sanctorum
1301 957 1446 997 Quatuor
1462 958 1710 1001 Coroneum-um,
1729 959 1761 993 S.
1779 959 1840 994 Ca-

1090 1011 1235 1045 tharinae
1259 1012 1297 1045 de
1319 1012 1411 1053 Rosa,
1434 1012 1512 1045 alias
1536 1012 1782 1054 Miserabilium,
1809 1017 1840 1047 et:

1090 1065 1120 1098 S.
1143 1065 1250 1098 Basilii
1269 1065 1508 1110 Neophytarum
1526 1066 1699 1110 respective
1712 1077 1853 1100 nuncu-¹¹

1091 1124 1237 1162 patarum
1275 1120 1458 1163 praedictae
1495 1119 1587 1153 Urbis
1620 1120 1836 1162 monasteriis,

1090 1172 1175 1205 iuxta
1196 1173 1384 1206 eorumdem
1409 1173 1682 1206 monasteriorum
1706 1178 1836 1214 statuta,

1089 1226 1254 1270 p1ivilegia
1274 1233 1304 1260 et
1321 1226 1443 1260 indulta
1463 1226 1509 1259 eis
1528 1226 1667 1270 desuper
1687 1237 1839 1262 concessa

1089 1280 1217 1323 penitus
1237 1281 1471 1321 excluduntu1;
1503 1281 1695 1324 puellaeque
1723 1281 1838 1315 huius-

1090 1333 1175 1366 modi
1194 1344 1231 1367 ac
1251 1333 1346 1367 etiam
1366 1334 1541 1367 nonnullae
1556 1334 1708 1368 honestae
1723 1334 1838 1375 viduae,

1090 1397 1170 1431 ¹quae
1194 1398 1211 1422 a
1236 1388 1374 1421 maritali
1393 1388 1522 1422 vinculo
1542 1389 1678 1429 solutae,
1704 1388 1738 1421 in
1764 1399 1839 1423 coe-

1090 1441 1187 1474 libatu
1207 1442 1266 1474 sub
1287 1442 1426 1475 claustro
1446 1442 1578 1486 pudoris
1603 1448 1634 1476 et
1667 1442 1849 1480 continen-‚

1090 1496 1150 1528 tiae
1173 1495 1271 1528 vitam
1291 1495 1446 1529 coelibem
1467 1495 1527 1529 sibi
1551 1495 1689 1529 libenter
1715 1501 1836 1530 statue-

1091 1554 1170 1590 rent,
1187 1549 1213 1582 si
1234 1549 1268 1582 in
1287 1549 1395 1593 aliquo
1407 1550 1614 1591 monasterio,
1634 1549 1770 1594 collegio
1783 1555 1838 1582 aut

1091 1605 1159 1637 'oco
1177 1603 1278 1648 recipi
1298 1609 1444 1648 possent;
1467 1615 1531 1648 quo
1548 1605 1581 1637 tit
1607 1609 1642 1637 ut
1659 1604 1768 1637 locum
1787 1614 1838 1636 re-

1090 1657 1244 1702 ceptionis
1264 1668 1328 1691 non
1349 1657 1557 1698 invenientes,
1574 1668 1639 1691 non
1672 1657 1740 1691 sine
1768 1668 1837 1691 ma-

1090 1711 1172 1745 ximo
1193 1722 1304 1745 earum
1323 1711 1524 1756 virginitatis,
1539 1711 1670 1744 honoris
1690 1716 1722 1744 et
1733 1711 1838 1756 pudo-

1090 1766 1132 1799 ris
1143 1766 1299 1809 periculo,
1309 1765 1342 1798 in
1351 1765 1480 1799 saeculo
1489 1775 1657 1799 remanere
1668 1771 1835 1809 cogantur.

1088 1820 1227 1861 Quibus,
1259 1820 1341 1853 sicut
1368 1820 1490 1864 pariter
1523 1819 1727 1864 accepimus,
1757 1819 1836 1853 dicti

1089 1874 1267 1907 confratres
1286 1873 1436 1918 permoti,
1454 1873 1564 1906 habita
1578 1873 1662 1906 inter
1681 1883 1735 1907 eos
1762 1873 1837 1918 plu-

1089 1927 1151 1960 ries
1163 1932 1288 1960 matura
1301 1927 1542 1968 deliberatione,
1556 1927 1738 1970 cogitarunt
1750 1926 1838 1972 quod

1089 1981 1113 2014 si
1135 1981 1307 2024 collegium
1319 1992 1433 2023 unum,
1452 1981 1485 2014 in
1497 1991 1561 2025 quo
1572 1991 1732 2025 pauperes
1746 1981 1839 2026 puel-

1090 2036 1138 2069 lae
1176 2040 1206 2068 et
1235 2036 1349 2069 viduae
1368 2036 1522 2069 honestae
1536 2034 1736 2075 huiusmodi,
1755 2045 1838 2078 quae

1090 2089 1123 2122 in
1140 2089 1211 2122 aliis
1230 2089 1403 2132 praedictis
1424 2088 1627 2122 monasteriis
1651 2087 1752 2132 recipi
1772 2097 1837 2121 non

1090 2148 1235 2187 possunt,
1264 2143 1488 2187 reciperentur
1514 2147 1545 2175 et
1577 2142 1835 2182 admitterentur,

1092 2207 1127 2230 ac
1149 2208 1220 2230 cum
1247 2197 1362 2230 timore
1382 2197 1436 2230 Dei
1452 2207 1516 2229 una
1537 2206 1612 2229 cum
1632 2195 1702 2228 aliis
1721 2194 1838 2239 puellis

1091 2250 1176 2284 dicto
1191 2250 1328 2294 collegio
1349 2249 1480 2283 minime
1501 2248 1657 2290 onerosis,
1674 2259 1757 2291 quae
1776 2248 1837 2281 ibi·

1091 2305 1162 2337 dem
1188 2305 1272 2337 sicut
1304 2304 1335 2337 in
1365 2304 1512 2348 pluribus
1540 2303 1611 2337 aliis
1637 2303 1838 2336 monasteriis

1092 2363 1122 2390 et
1141 2357 1219 2391 locis
1243 2358 1305 2402 piis
1325 2358 1501 2398 consuevit,
1521 2357 1622 2402 recipi
1653 2362 1685 2390 et
1712 2356 1836 2390 admitti

1094 2413 1232 2451 possent,
1259 2408 1486 2448 educarentur,
1503 2407 1682 2450 erigeretur
1701 2411 1732 2439 et
1750 2406 1838 2440 insti-

1093 2462 1238 2490 tueretur
1257 2468 1293 2490 ac
1306 2461 1560 2497 construeretur,
1571 2461 1603 2490 et.
1621 2466 1686 2489 una
1698 2456 1836 2489 duorum

1095 2505 1230 2545 millium
1265 2517 1300 2539 ex
1327 2511 1517 2538 testamento
1546 2505 1710 2549 quondam
1741 2503 1836 2537 Marci
1876 2501 1884 2512 '

1101 2555 1221 2587 lutonii
1243 2555 1355 2588 Mureti
1374 2554 1539 2595 iunioris?
1559 2553 1666 2588 clerici
1693 2553 1836 2587 Lemovi-

1235 2603 1401 2651 diocccsis,
1437 2604 1496 2636 sub
1527 2603 1577 2637 die
1601 2603 1838 2648 vigesimanoua
