<?xml version="1.0" encoding="UTF-8"?>
<!DOCTYPE html PUBLIC "-//W3C//DTD XHTML 1.0 Transitional//EN"
    "http://www.w3.org/TR/xhtml1/DTD/xhtml1-transitional.dtd">
<html xmlns="http://www.w3.org/1999/xhtml" xml:lang="en" lang="en">
 <head>
  <title>
</title>
<meta http-equiv="Content-Type" content="text/html;charset=utf-8" />
  <meta name='ocr-system' content='tesseract 3.04.00' />
  <meta name='ocr-capabilities' content='ocr_page ocr_carea ocr_par ocr_line ocrx_word'/>
</head>
<body>
  <div class='ocr_page' id='page_1' title='image "./bullarumdiplomat08cath_0077.png"; bbox 0 0 2059 3228; ppageno 0'>
   <div class='ocr_carea' id='block_1_1' title="bbox 20 0 205 142">
    <p class='ocr_par' dir='ltr' id='par_1_1' title="bbox 20 0 205 142">
     <span class='ocr_line' id='line_1_1' title="bbox 20 0 205 142; baseline 0 3086"><span class='ocrx_word' id='word_1_1' title='bbox 20 0 205 142; x_wconf 95' lang='lat' dir='ltr'> </span> 
     </span>
    </p>
   </div>
   <div class='ocr_carea' id='block_1_2' title="bbox 0 166 970 2650">
    <p class='ocr_par' dir='ltr' id='par_1_2' title="bbox 0 166 970 2650">
     <span class='ocr_line' id='line_1_2' title="bbox 42 166 77 178; baseline 0 -7"><span class='ocrx_word' id='word_1_2' title='bbox 42 166 46 178; x_wconf 89' lang='grc'>,</span> <span class='ocrx_word' id='word_1_3' title='bbox 74 167 77 171; x_wconf 93' lang='grc'>.</span> 
     </span>
     <span class='ocr_line' id='line_1_3' title="bbox 26 208 213 304; baseline 0.011 -32"><span class='ocrx_word' id='word_1_4' title='bbox 26 208 86 304; x_wconf 35' lang='lat' dir='ltr'>{a</span> <span class='ocrx_word' id='word_1_5' title='bbox 99 245 128 272; x_wconf 74' lang='grc' dir='ltr'>τ’.</span> <span class='ocrx_word' id='word_1_6' title='bbox 150 247 213 274; x_wconf 66' lang='lat'>157⁶</span> 
     </span>
     <span class='ocr_line' id='line_1_4' title="bbox 30 293 970 338; baseline -0.006 -4"><span class='ocrx_word' id='word_1_7' title='bbox 30 295 215 338; x_wconf 54' lang='grc' dir='ltr'>»ἲῑὲέοοιιιιυιιιοι</span> <span class='ocrx_word' id='word_1_8' title='bbox 228 299 308 332; x_wconf 88' lang='lat' dir='ltr'>versi</span> <span class='ocrx_word' id='word_1_9' title='bbox 334 297 556 331; x_wconf 83' lang='lat' dir='ltr'>christifideles</span> <span class='ocrx_word' id='word_1_10' title='bbox 586 307 682 330; x_wconf 80' lang='lat' dir='ltr'>curae</span> <span class='ocrx_word' id='word_1_11' title='bbox 709 302 801 337; x_wconf 88' lang='lat' dir='ltr'>sunt,</span> <span class='ocrx_word' id='word_1_12' title='bbox 825 295 864 329; x_wconf 90' lang='lat' dir='ltr'>dc</span> <span class='ocrx_word' id='word_1_13' title='bbox 884 293 970 329; x_wconf 87' lang='lat' dir='ltr'>Reli-</span> 
     </span>
     <span class='ocr_line' id='line_1_5' title="bbox 90 339 970 394; baseline -0.004 -9.255"><span class='ocrx_word' id='word_1_14' title='bbox 90 339 168 360; x_wconf 54' lang='grc' dir='ltr'>ΨΜ</span> <span class='ocrx_word' id='word_1_15' title='bbox 225 350 311 394; x_wconf 81' lang='lat' dir='ltr'>gioui</span> <span class='ocrx_word' id='word_1_16' title='bbox 330 351 498 394; x_wconf 81' lang='lat' dir='ltr'>adscriptis</span> <span class='ocrx_word' id='word_1_17' title='bbox 516 351 602 391; x_wconf 87' lang='lat' dir='ltr'>viris,</span> <span class='ocrx_word' id='word_1_18' title='bbox 629 357 663 384; x_wconf 90' lang='lat' dir='ltr'>ut</span> <span class='ocrx_word' id='word_1_19' title='bbox 687 350 718 383; x_wconf 89' lang='lat' dir='ltr'>in</span> <span class='ocrx_word' id='word_1_20' title='bbox 738 348 894 393; x_wconf 85' lang='lat' dir='ltr'>regularis</span> <span class='ocrx_word' id='word_1_21' title='bbox 912 347 970 381; x_wconf 86' lang='lat' dir='ltr'>oh-</span> 
     </span>
     <span class='ocr_line' id='line_1_6' title="bbox 225 403 970 447; baseline -0.004 -11"><span class='ocrx_word' id='word_1_22' title='bbox 225 404 400 437; x_wconf 86' lang='lat' dir='ltr'>servantiae</span> <span class='ocrx_word' id='word_1_23' title='bbox 409 403 560 444; x_wconf 87' lang='lat' dir='ltr'>candore,</span> <span class='ocrx_word' id='word_1_24' title='bbox 573 403 704 436; x_wconf 83' lang='lat' dir='ltr'>sublatis</span> <span class='ocrx_word' id='word_1_25' title='bbox 711 403 970 447; x_wconf 88' lang='lat' dir='ltr'>quibuscumque</span> 
     </span>
     <span class='ocr_line' id='line_1_7' title="bbox 226 454 968 501; baseline -0.004 -12"><span class='ocrx_word' id='word_1_26' title='bbox 226 455 471 501; x_wconf 70' lang='lat' dir='ltr'>impedimentiS,</span> <span class='ocrx_word' id='word_1_27' title='bbox 489 461 729 495; x_wconf 75' lang='lat' dir='ltr'>conserventur,</span> <span class='ocrx_word' id='word_1_28' title='bbox 743 454 968 499; x_wconf 81' lang='lat' dir='ltr'>cogitationem</span> 
     </span>
     <span class='ocr_line' id='line_1_8' title="bbox 223 507 970 552; baseline -0.004 -10"><span class='ocrx_word' id='word_1_29' title='bbox 223 509 398 552; x_wconf 71' lang='lat' dir='ltr'>suscipere.</span> <span class='ocrx_word' id='word_1_30' title='bbox 427 509 469 542; x_wconf 84' lang='lat' dir='ltr'>Ea</span> <span class='ocrx_word' id='word_1_31' title='bbox 494 509 590 551; x_wconf 77' lang='lat' dir='ltr'>igitur</span> <span class='ocrx_word' id='word_1_32' title='bbox 609 508 785 541; x_wconf 87' lang='lat' dir='ltr'>intentione</span> <span class='ocrx_word' id='word_1_33' title='bbox 812 507 970 540; x_wconf 87' lang='lat' dir='ltr'>adductus</span> 
     </span>
     <span class='ocr_line' id='line_1_9' title="bbox 223 561 966 605; baseline -0.004 -10"><span class='ocrx_word' id='word_1_34' title='bbox 223 561 324 595; x_wconf 84' lang='lat' dir='ltr'>felicis</span> <span class='ocrx_word' id='word_1_35' title='bbox 346 562 580 595; x_wconf 82' lang='lat' dir='ltr'>recordationis</span> <span class='ocrx_word' id='word_1_36' title='bbox 603 562 677 594; x_wconf 86' lang='lat' dir='ltr'>Pius</span> <span class='ocrx_word' id='word_1_37' title='bbox 705 561 789 605; x_wconf 82' lang='lat' dir='ltr'>Papa</span> <span class='ocrx_word' id='word_1_38' title='bbox 813 561 966 604; x_wconf 88' lang='lat' dir='ltr'>quintus,</span> 
     </span>
     <span class='ocr_line' id='line_1_10' title="bbox 221 613 968 658; baseline 0 -11"><span class='ocrx_word' id='word_1_39' title='bbox 221 614 450 658; x_wconf 83' lang='lat' dir='ltr'>praedecessor</span> <span class='ocrx_word' id='word_1_40' title='bbox 469 621 589 654; x_wconf 82' lang='lat' dir='ltr'>noster,</span> <span class='ocrx_word' id='word_1_41' title='bbox 605 613 859 646; x_wconf 86' lang='lat' dir='ltr'>animadvertens</span> <span class='ocrx_word' id='word_1_42' title='bbox 874 614 968 657; x_wconf 89' lang='lat' dir='ltr'>plura</span> 
     </span>
     <span class='ocr_line' id='line_1_11' title="bbox 221 661 966 711; baseline 0.001 -11"><span class='ocrx_word' id='word_1_43' title='bbox 221 661 381 707; x_wconf 74' lang='lat' dir='ltr'>scandala,</span> <span class='ocrx_word' id='word_1_44' title='bbox 402 668 660 711; x_wconf 77' lang='lat' dir='ltr'>perturbationes</span> <span class='ocrx_word' id='word_1_45' title='bbox 679 678 716 700; x_wconf 88' lang='lat' dir='ltr'>ac</span> <span class='ocrx_word' id='word_1_46' title='bbox 735 668 819 699; x_wconf 89' lang='lat' dir='ltr'>mala</span> <span class='ocrx_word' id='word_1_47' title='bbox 841 667 872 699; x_wconf 93' lang='lat' dir='ltr'>in</span> <span class='ocrx_word' id='word_1_48' title='bbox 889 678 966 701; x_wconf 92' lang='lat' dir='ltr'>con-</span> 
     </span>
     <span class='ocr_line' id='line_1_12' title="bbox 220 720 966 764; baseline 0 -10"><span class='ocrx_word' id='word_1_49' title='bbox 220 720 405 764; x_wconf 80' lang='lat' dir='ltr'>gregatione</span> <span class='ocrx_word' id='word_1_50' title='bbox 420 726 521 754; x_wconf 85' lang='lat' dir='ltr'>vestra</span> <span class='ocrx_word' id='word_1_51' title='bbox 541 725 648 754; x_wconf 81' lang='lat' dir='ltr'>exorta</span> <span class='ocrx_word' id='word_1_52' title='bbox 663 725 694 753; x_wconf 91' lang='lat' dir='ltr'>et</span> <span class='ocrx_word' id='word_1_53' title='bbox 710 720 844 753; x_wconf 87' lang='lat' dir='ltr'>excitata</span> <span class='ocrx_word' id='word_1_54' title='bbox 858 720 966 761; x_wconf 84' lang='lat' dir='ltr'>fuisse,</span> 
     </span>
     <span class='ocr_line' id='line_1_13' title="bbox 219 773 965 817; baseline 0 -11"><span class='ocrx_word' id='word_1_55' title='bbox 219 783 280 817; x_wconf 89' lang='lat' dir='ltr'>pro</span> <span class='ocrx_word' id='word_1_56' title='bbox 300 773 386 806; x_wconf 90' lang='lat' dir='ltr'>illius</span> <span class='ocrx_word' id='word_1_57' title='bbox 405 773 545 816; x_wconf 81' lang='lat' dir='ltr'>generali</span> <span class='ocrx_word' id='word_1_58' title='bbox 564 773 793 806; x_wconf 75' lang='lat' dir='ltr'>reformatione</span> <span class='ocrx_word' id='word_1_59' title='bbox 818 783 892 806; x_wconf 89' lang='lat' dir='ltr'>suas</span> <span class='ocrx_word' id='word_1_60' title='bbox 916 774 965 807; x_wconf 91' lang='lat' dir='ltr'>lit-</span> 
     </span>
     <span class='ocr_line' id='line_1_14' title="bbox 219 826 967 867; baseline 0.003 -9"><span class='ocrx_word' id='word_1_61' title='bbox 219 832 304 859; x_wconf 85' lang='lat' dir='ltr'>teras</span> <span class='ocrx_word' id='word_1_62' title='bbox 322 827 381 860; x_wconf 88' lang='lat' dir='ltr'>sub</span> <span class='ocrx_word' id='word_1_63' title='bbox 397 827 468 860; x_wconf 90' lang='lat' dir='ltr'>data</span> <span class='ocrx_word' id='word_1_64' title='bbox 479 826 624 860; x_wconf 84' lang='lat' dir='ltr'>videlicet</span> <span class='ocrx_word' id='word_1_65' title='bbox 640 836 670 859; x_wconf 81' lang='lat' dir='ltr'>vt</span> <span class='ocrx_word' id='word_1_66' title='bbox 690 827 879 867; x_wconf 78' lang='lat' dir='ltr'>decembriS,</span> <span class='ocrx_word' id='word_1_67' title='bbox 896 828 967 860; x_wconf 91' lang='lat' dir='ltr'>mil-</span> 
     </span>
     <span class='ocr_line' id='line_1_15' title="bbox 219 879 962 924; baseline 0.003 -12"><span class='ocrx_word' id='word_1_68' title='bbox 219 879 332 913; x_wconf 86' lang='lat' dir='ltr'>lesimo</span> <span class='ocrx_word' id='word_1_69' title='bbox 341 879 595 924; x_wconf 83' lang='lat' dir='ltr'>quingentesimo</span> <span class='ocrx_word' id='word_1_70' title='bbox 603 879 836 923; x_wconf 83' lang='lat' dir='ltr'>septuagesimo</span> <span class='ocrx_word' id='word_1_71' title='bbox 845 881 962 924; x_wconf 90' lang='lat' dir='ltr'>primo,</span> 
     </span>
     <span class='ocr_line' id='line_1_16' title="bbox 219 926 965 976; baseline 0.004 -12"><span class='ocrx_word' id='word_1_72' title='bbox 219 932 424 976; x_wconf 84' lang='lat' dir='ltr'>pontificatus</span> <span class='ocrx_word' id='word_1_73' title='bbox 443 943 516 966; x_wconf 84' lang='lat' dir='ltr'>vero</span> <span class='ocrx_word' id='word_1_74' title='bbox 536 933 584 965; x_wconf 87' lang='lat' dir='ltr'>sui</span> <span class='ocrx_word' id='word_1_75' title='bbox 605 943 690 965; x_wconf 89' lang='lat' dir='ltr'>anno</span> <span class='ocrx_word' id='word_1_76' title='bbox 704 926 734 965; x_wconf 64' lang='lat' dir='ltr'>vi</span> <span class='ocrx_word' id='word_1_77' title='bbox 746 959 754 972; x_wconf 92' lang='lat'>,</span> <span class='ocrx_word' id='word_1_78' title='bbox 771 933 890 976; x_wconf 86' lang='lat' dir='ltr'>quibus</span> <span class='ocrx_word' id='word_1_79' title='bbox 904 934 965 967; x_wconf 84' lang='lat' dir='ltr'>illis</span> 
     </span>
     <span class='ocr_line' id='line_1_17' title="bbox 219 985 964 1030; baseline 0.001 -11"><span class='ocrx_word' id='word_1_80' title='bbox 219 985 412 1026; x_wconf 81' lang='lat' dir='ltr'>obviaretur,</span> <span class='ocrx_word' id='word_1_81' title='bbox 438 986 551 1026; x_wconf 86' lang='lat' dir='ltr'>edidit;</span> <span class='ocrx_word' id='word_1_82' title='bbox 577 985 610 1018; x_wconf 92' lang='lat' dir='ltr'>in</span> <span class='ocrx_word' id='word_1_83' title='bbox 634 986 818 1030; x_wconf 85' lang='lat' dir='ltr'>eisdemque</span> <span class='ocrx_word' id='word_1_84' title='bbox 837 988 964 1030; x_wconf 80' lang='lat' dir='ltr'>praeci-</span> 
     </span>
     <span class='ocr_line' id='line_1_18' title="bbox 218 1038 964 1082; baseline 0.003 -11"><span class='ocrx_word' id='word_1_85' title='bbox 218 1047 294 1081; x_wconf 89' lang='lat' dir='ltr'>pue,</span> <span class='ocrx_word' id='word_1_86' title='bbox 311 1038 394 1072; x_wconf 89' lang='lat' dir='ltr'>inter</span> <span class='ocrx_word' id='word_1_87' title='bbox 407 1039 480 1079; x_wconf 84' lang='lat' dir='ltr'>alia,</span> <span class='ocrx_word' id='word_1_88' title='bbox 497 1039 536 1071; x_wconf 93' lang='lat' dir='ltr'>de</span> <span class='ocrx_word' id='word_1_89' title='bbox 554 1039 715 1082; x_wconf 74' lang='lat' dir='ltr'>prioribus</span> <span class='ocrx_word' id='word_1_90' title='bbox 725 1045 780 1072; x_wconf 90' lang='lat' dir='ltr'>aut</span> <span class='ocrx_word' id='word_1_91' title='bbox 795 1039 964 1073; x_wconf 84' lang='lat' dir='ltr'>abbatibus</span> 
     </span>
     <span class='ocr_line' id='line_1_19' title="bbox 217 1085 964 1136; baseline 0.004 -12"><span class='ocrx_word' id='word_1_92' title='bbox 217 1085 500 1136; x_wconf 59' lang='lat' dir='ltr'>sive&#39;praepositis,</span> <span class='ocrx_word' id='word_1_93' title='bbox 514 1091 600 1125; x_wconf 84' lang='lat' dir='ltr'>iuxta</span> <span class='ocrx_word' id='word_1_94' title='bbox 618 1092 789 1125; x_wconf 84' lang='lat' dir='ltr'>cuiuslibet</span> <span class='ocrx_word' id='word_1_95' title='bbox 807 1099 964 1127; x_wconf 86' lang='lat' dir='ltr'>monaste-</span> 
     </span>
     <span class='ocr_line' id='line_1_20' title="bbox 217 1143 962 1188; baseline 0.003 -11"><span class='ocrx_word' id='word_1_96' title='bbox 217 1143 257 1184; x_wconf 73' lang='lat' dir='ltr'>rii</span> <span class='ocrx_word' id='word_1_97' title='bbox 276 1144 420 1178; x_wconf 85' lang='lat' dir='ltr'>eiusdem</span> <span class='ocrx_word' id='word_1_98' title='bbox 440 1145 697 1188; x_wconf 79' lang='lat' dir='ltr'>congregationis</span> <span class='ocrx_word' id='word_1_99' title='bbox 716 1145 857 1186; x_wconf 88' lang='lat' dir='ltr'>titulum,</span> <span class='ocrx_word' id='word_1_100' title='bbox 870 1157 907 1179; x_wconf 87' lang='lat' dir='ltr'>ac</span> <span class='ocrx_word' id='word_1_101' title='bbox 919 1147 962 1179; x_wconf 88' lang='lat' dir='ltr'>vi-</span> 
     </span>
     <span class='ocr_line' id='line_1_21' title="bbox 217 1197 961 1246; baseline 0.004 -17"><span class='ocrx_word' id='word_1_102' title='bbox 217 1197 312 1246; x_wconf 81' lang='lat' dir='ltr'>cariis</span> <span class='ocrx_word' id='word_1_103' title='bbox 329 1199 606 1239; x_wconf 80' lang='lat' dir='ltr'>conventualibus,</span> <span class='ocrx_word' id='word_1_104' title='bbox 627 1209 692 1232; x_wconf 92' lang='lat' dir='ltr'>non</span> <span class='ocrx_word' id='word_1_105' title='bbox 708 1204 743 1232; x_wconf 91' lang='lat' dir='ltr'>ut</span> <span class='ocrx_word' id='word_1_106' title='bbox 757 1204 849 1232; x_wconf 89' lang='lat' dir='ltr'>antea</span> <span class='ocrx_word' id='word_1_107' title='bbox 863 1200 894 1232; x_wconf 86' lang='lat' dir='ltr'>in</span> <span class='ocrx_word' id='word_1_108' title='bbox 908 1211 961 1233; x_wconf 84' lang='lat' dir='ltr'>ca-</span> 
     </span>
     <span class='ocr_line' id='line_1_22' title="bbox 216 1250 962 1300; baseline 0.003 -17"><span class='ocrx_word' id='word_1_109' title='bbox 216 1250 318 1294; x_wconf 86' lang='lat' dir='ltr'>pitulo</span> <span class='ocrx_word' id='word_1_110' title='bbox 337 1252 480 1294; x_wconf 84' lang='lat' dir='ltr'>generali</span> <span class='ocrx_word' id='word_1_111' title='bbox 499 1257 718 1300; x_wconf 67' lang='lat' dir='ltr'>consueverat,</span> <span class='ocrx_word' id='word_1_112' title='bbox 740 1252 794 1285; x_wconf 90' lang='lat' dir='ltr'>sed</span> <span class='ocrx_word' id='word_1_113' title='bbox 819 1253 851 1284; x_wconf 92' lang='lat' dir='ltr'>in</span> <span class='ocrx_word' id='word_1_114' title='bbox 879 1253 962 1297; x_wconf 86' lang='lat' dir='ltr'>capi-</span> 
     </span>
     <span class='ocr_line' id='line_1_23' title="bbox 216 1302 960 1348; baseline 0.004 -13"><span class='ocrx_word' id='word_1_115' title='bbox 216 1302 290 1345; x_wconf 83' lang='lat' dir='ltr'>tulis</span> <span class='ocrx_word' id='word_1_116' title='bbox 305 1304 476 1337; x_wconf 88' lang='lat' dir='ltr'>cuiuslibet</span> <span class='ocrx_word' id='word_1_117' title='bbox 491 1305 689 1345; x_wconf 88' lang='lat' dir='ltr'>monasterii,</span> <span class='ocrx_word' id='word_1_118' title='bbox 702 1305 733 1337; x_wconf 89' lang='lat' dir='ltr'>in</span> <span class='ocrx_word' id='word_1_119' title='bbox 743 1304 861 1348; x_wconf 88' lang='lat' dir='ltr'>quibus</span> <span class='ocrx_word' id='word_1_120' title='bbox 876 1306 960 1339; x_wconf 90' lang='lat' dir='ltr'>ultra</span> 
     </span>
     <span class='ocr_line' id='line_1_24' title="bbox 213 1357 958 1401; baseline 0.003 -12"><span class='ocrx_word' id='word_1_121' title='bbox 213 1366 268 1389; x_wconf 82' lang='lat' dir='ltr'>sex</span> <span class='ocrx_word' id='word_1_122' title='bbox 291 1357 521 1390; x_wconf 87' lang='lat' dir='ltr'>canonicorum</span> <span class='ocrx_word' id='word_1_123' title='bbox 546 1368 702 1390; x_wconf 86' lang='lat' dir='ltr'>numerus</span> <span class='ocrx_word' id='word_1_124' title='bbox 722 1364 815 1397; x_wconf 87' lang='lat' dir='ltr'>esset,</span> <span class='ocrx_word' id='word_1_125' title='bbox 833 1368 892 1401; x_wconf 90' lang='lat' dir='ltr'>per</span> <span class='ocrx_word' id='word_1_126' title='bbox 911 1370 958 1391; x_wconf 86' lang='lat' dir='ltr'>se-</span> 
     </span>
     <span class='ocr_line' id='line_1_25' title="bbox 161 1409 958 1453; baseline 0.004 -12"><span class='ocrx_word' id='word_1_127' title='bbox 161 1431 165 1434; x_wconf 57' lang='lat'><strong>&lt;</strong></span> <span class='ocrx_word' id='word_1_128' title='bbox 213 1413 301 1442; x_wconf 81' lang='lat' dir='ltr'>creta</span> <span class='ocrx_word' id='word_1_129' title='bbox 324 1409 487 1453; x_wconf 80' lang='lat' dir='ltr'>suffragia,</span> <span class='ocrx_word' id='word_1_130' title='bbox 520 1410 607 1443; x_wconf 76' lang='lat' dir='ltr'>iuxta</span> <span class='ocrx_word' id='word_1_131' title='bbox 635 1410 763 1443; x_wconf 86' lang='lat' dir='ltr'>concilii</span> <span class='ocrx_word' id='word_1_132' title='bbox 783 1411 958 1444; x_wconf 83' lang='lat' dir='ltr'>Tridentini</span> 
     </span>
     <span class='ocr_line' id='line_1_26' title="bbox 211 1454 959 1507; baseline 0 -10"><span class='ocrx_word' id='word_1_133' title='bbox 211 1461 340 1498; x_wconf 78' lang='lat' dir='ltr'>decreta</span> <span class='ocrx_word' id='word_1_134' title='bbox 358 1454 526 1506; x_wconf 80' lang='lat' dir='ltr'>eligendis,</span> <span class='ocrx_word' id='word_1_135' title='bbox 547 1463 696 1503; x_wconf 77' lang='lat' dir='ltr'>decrevit,</span> <span class='ocrx_word' id='word_1_136' title='bbox 729 1469 827 1507; x_wconf 84' lang='lat' dir='ltr'>prout</span> <span class='ocrx_word' id='word_1_137' title='bbox 844 1464 878 1502; x_wconf 88' lang='lat' dir='ltr'>in</span> <span class='ocrx_word' id='word_1_138' title='bbox 897 1464 959 1497; x_wconf 90' lang='lat' dir='ltr'>eis—</span> 
     </span>
     <span class='ocr_line' id='line_1_27' title="bbox 211 1514 741 1559; baseline -0.002 -9"><span class='ocrx_word' id='word_1_139' title='bbox 211 1514 283 1550; x_wconf 80' lang='lat' dir='ltr'>dem</span> <span class='ocrx_word' id='word_1_140' title='bbox 303 1515 417 1549; x_wconf 88' lang='lat' dir='ltr'>litteris</span> <span class='ocrx_word' id='word_1_141' title='bbox 434 1516 530 1549; x_wconf 85' lang='lat' dir='ltr'>latius</span> <span class='ocrx_word' id='word_1_142' title='bbox 553 1516 741 1559; x_wconf 75' lang='lat' dir='ltr'>explicatur.</span> 
     </span>
     <span class='ocr_line' id='line_1_28' title="bbox 228 1569 958 1612; baseline 0.001 -10"><span class='ocrx_word' id='word_1_143' title='bbox 228 1594 231 1597; x_wconf 24' lang='grc' dir='ltr'><strong>Α</strong></span> <span class='ocrx_word' id='word_1_144' title='bbox 248 1569 272 1612; x_wconf 60' lang='grc' dir='ltr'>ἐξ</span> <span class='ocrx_word' id='word_1_145' title='bbox 290 1569 323 1602; x_wconf 88' lang='grc'>’1.</span> <span class='ocrx_word' id='word_1_146' title='bbox 348 1569 428 1603; x_wconf 89' lang='lat' dir='ltr'>Cum</span> <span class='ocrx_word' id='word_1_147' title='bbox 461 1575 582 1610; x_wconf 87' lang='lat' dir='ltr'>autem,</span> <span class='ocrx_word' id='word_1_148' title='bbox 612 1569 695 1602; x_wconf 89' lang='lat' dir='ltr'>sicut</span> <span class='ocrx_word' id='word_1_149' title='bbox 724 1569 817 1602; x_wconf 89' lang='lat' dir='ltr'>nobis</span> <span class='ocrx_word' id='word_1_150' title='bbox 849 1570 958 1603; x_wconf 88' lang='lat' dir='ltr'>dilecti</span> 
     </span>
     <span class='ocr_line' id='line_1_29' title="bbox 69 1619 958 1685; baseline -0.002 -27"><span class='ocrx_word' id='word_1_151' title='bbox 69 1635 198 1672; x_wconf 45' lang='lat' dir='ltr'>“upranm</span> <span class='ocrx_word' id='word_1_152' title='bbox 211 1621 270 1655; x_wconf 86' lang='lat' dir='ltr'>filii</span> <span class='ocrx_word' id='word_1_153' title='bbox 293 1622 436 1666; x_wconf 86' lang='lat' dir='ltr'>Raphael</span> <span class='ocrx_word' id='word_1_154' title='bbox 453 1633 471 1655; x_wconf 86' lang='lat' dir='ltr'>a</span> <span class='ocrx_word' id='word_1_155' title='bbox 489 1622 600 1661; x_wconf 82' lang='lat' dir='ltr'>Cento,</span> <span class='ocrx_word' id='word_1_156' title='bbox 621 1623 775 1662; x_wconf 85' lang='lat' dir='ltr'>visitator,</span> <span class='ocrx_word' id='word_1_157' title='bbox 797 1628 827 1655; x_wconf 86' lang='lat' dir='ltr'>et</span> <span class='ocrx_word' id='word_1_158' title='bbox 846 1623 958 1656; x_wconf 87' lang='lat' dir='ltr'>Petrus</span> 
     </span>
     <span class='ocr_line' id='line_1_30' title="bbox 60 1666 958 1721; baseline 0.002 -14"><span class='ocrx_word' id='word_1_159' title='bbox 60 1674 61 1679; x_wconf 75' lang='grc'>’</span> <span class='ocrx_word' id='word_1_160' title='bbox 78 1666 400 1721; x_wconf 56' lang='lat' dir='ltr'>3¹2⁵„ss1Franciscus</span> <span class='ocrx_word' id='word_1_161' title='bbox 417 1675 638 1714; x_wconf 76' lang='lat' dir='ltr'>Bononiensis,</span> <span class='ocrx_word' id='word_1_162' title='bbox 659 1675 802 1708; x_wconf 85' lang='lat' dir='ltr'>eiusdem</span> <span class='ocrx_word' id='word_1_163' title='bbox 824 1686 958 1718; x_wconf 82' lang='lat' dir='ltr'>congre-</span> 
     </span>
     <span class='ocr_line' id='line_1_31' title="bbox 69 1721 957 1772; baseline 0.005 -14"><span class='ocrx_word' id='word_1_164' title='bbox 69 1721 108 1758; x_wconf 58' lang='grc' dir='ltr'>ζ’</span> <span class='ocrx_word' id='word_1_165' title='bbox 121 1728 164 1750; x_wconf 71' lang='lat'><strong>¹⁸²³-</strong></span> <span class='ocrx_word' id='word_1_166' title='bbox 211 1727 346 1771; x_wconf 83' lang='lat' dir='ltr'>gationis</span> <span class='ocrx_word' id='word_1_167' title='bbox 364 1733 557 1771; x_wconf 85' lang='lat' dir='ltr'>procurator</span> <span class='ocrx_word' id='word_1_168' title='bbox 574 1728 744 1771; x_wconf 83' lang='lat' dir='ltr'>generalis,</span> <span class='ocrx_word' id='word_1_169' title='bbox 764 1729 880 1772; x_wconf 86' lang='lat' dir='ltr'>exponi</span> <span class='ocrx_word' id='word_1_170' title='bbox 901 1740 957 1762; x_wconf 89' lang='lat' dir='ltr'>cu—</span> 
     </span>
     <span class='ocr_line' id='line_1_32' title="bbox 70 1781 955 1824; baseline -0.001 -8"><span class='ocrx_word' id='word_1_171' title='bbox 70 1805 75 1816; x_wconf 86' lang='grc'><em>,</em></span> <span class='ocrx_word' id='word_1_172' title='bbox 114 1804 122 1811; x_wconf 90' lang='grc'><strong>.</strong></span> <span class='ocrx_word' id='word_1_173' title='bbox 154 1794 159 1800; x_wconf 94' lang='grc'>·</span> <span class='ocrx_word' id='word_1_174' title='bbox 208 1786 335 1822; x_wconf 78' lang='lat' dir='ltr'>rarum,</span> <span class='ocrx_word' id='word_1_175' title='bbox 348 1791 385 1814; x_wconf 89' lang='lat' dir='ltr'>ex</span> <span class='ocrx_word' id='word_1_176' title='bbox 397 1781 570 1824; x_wconf 80' lang='lat' dir='ltr'>praemissa</span> <span class='ocrx_word' id='word_1_177' title='bbox 580 1781 808 1814; x_wconf 88' lang='lat' dir='ltr'>reformatione</span> <span class='ocrx_word' id='word_1_178' title='bbox 820 1782 955 1822; x_wconf 87' lang='lat' dir='ltr'>fructus,</span> 
     </span>
     <span class='ocr_line' id='line_1_33' title="bbox 83 1835 957 1882; baseline 0.001 -15"><span class='ocrx_word' id='word_1_179' title='bbox 83 1853 113 1882; x_wconf 49' lang='lat'>--3</span> <span class='ocrx_word' id='word_1_180' title='bbox 208 1844 291 1878; x_wconf 85' lang='lat' dir='ltr'>quos</span> <span class='ocrx_word' id='word_1_181' title='bbox 313 1835 460 1868; x_wconf 83' lang='lat' dir='ltr'>eamdem</span> <span class='ocrx_word' id='word_1_182' title='bbox 487 1835 632 1878; x_wconf 86' lang='lat' dir='ltr'>proferre</span> <span class='ocrx_word' id='word_1_183' title='bbox 661 1845 753 1878; x_wconf 75' lang='lat' dir='ltr'>posse</span> <span class='ocrx_word' id='word_1_184' title='bbox 781 1835 860 1868; x_wconf 88' lang='lat' dir='ltr'>ratio</span> <span class='ocrx_word' id='word_1_185' title='bbox 890 1835 957 1879; x_wconf 87' lang='lat' dir='ltr'>ipsa</span> 
     </span>
     <span class='ocr_line' id='line_1_34' title="bbox 175 1887 956 1932; baseline -0.002 -10.284"><span class='ocrx_word' id='word_1_186' title='bbox 175 1906 178 1908; x_wconf 97' lang='lat'>·</span> <span class='ocrx_word' id='word_1_187' title='bbox 207 1887 305 1931; x_wconf 73' lang='lat' dir='ltr'>plane</span> <span class='ocrx_word' id='word_1_188' title='bbox 315 1887 546 1932; x_wconf 79' lang='lat' dir='ltr'>persuadebat,</span> <span class='ocrx_word' id='word_1_189' title='bbox 563 1888 728 1920; x_wconf 78' lang='lat' dir='ltr'>consecuti</span> <span class='ocrx_word' id='word_1_190' title='bbox 743 1898 808 1920; x_wconf 92' lang='lat' dir='ltr'>non</span> <span class='ocrx_word' id='word_1_191' title='bbox 828 1888 956 1927; x_wconf 79' lang='lat' dir='ltr'>fuerint,</span> 
     </span>
     <span class='ocr_line' id='line_1_35' title="bbox 119 1903 958 1994; baseline 0 -20"><span class='ocrx_word' id='word_1_192' title='bbox 119 1903 241 1994; x_wconf 39' lang='lat' dir='ltr'>&amp;a</span> <span class='ocrx_word' id='word_1_193' title='bbox 257 1946 428 1985; x_wconf 83' lang='lat' dir='ltr'>propterea</span> <span class='ocrx_word' id='word_1_194' title='bbox 446 1945 628 1988; x_wconf 79' lang='lat' dir='ltr'>opportune</span> <span class='ocrx_word' id='word_1_195' title='bbox 644 1940 728 1973; x_wconf 88' lang='lat' dir='ltr'>circa</span> <span class='ocrx_word' id='word_1_196' title='bbox 739 1951 776 1973; x_wconf 88' lang='lat' dir='ltr'>ea</span> <span class='ocrx_word' id='word_1_197' title='bbox 787 1941 958 1974; x_wconf 80' lang='lat' dir='ltr'>omninno-</span> 
     </span>
     <span class='ocr_line' id='line_1_36' title="bbox 98 1983 957 2053; baseline 0 -27"><span class='ocrx_word' id='word_1_198' title='bbox 98 1983 121 2003; x_wconf 65' lang='lat'><em>⁶</em></span> <span class='ocrx_word' id='word_1_199' title='bbox 151 1990 155 1993; x_wconf 72' lang='grc'><strong>’</strong></span> <span class='ocrx_word' id='word_1_200' title='bbox 202 1988 539 2053; x_wconf 35' lang='lat' dir='ltr'>&amp;prospiciendum</span> <span class='ocrx_word' id='word_1_201' title='bbox 562 2004 631 2026; x_wconf 88' lang='lat' dir='ltr'>esse</span> <span class='ocrx_word' id='word_1_202' title='bbox 659 1999 838 2033; x_wconf 83' lang='lat' dir='ltr'>censentes,</span> <span class='ocrx_word' id='word_1_203' title='bbox 868 1993 957 2026; x_wconf 83' lang='lat' dir='ltr'>vobis</span> 
     </span>
     <span class='ocr_line' id='line_1_37' title="bbox 208 2046 956 2090; baseline 0 -11"><span class='ocrx_word' id='word_1_204' title='bbox 208 2052 269 2089; x_wconf 74' lang='lat' dir='ltr'>pro</span> <span class='ocrx_word' id='word_1_205' title='bbox 275 2047 418 2089; x_wconf 84' lang='lat' dir='ltr'>generali</span> <span class='ocrx_word' id='word_1_206' title='bbox 427 2047 567 2090; x_wconf 88' lang='lat' dir='ltr'>capitulo</span> <span class='ocrx_word' id='word_1_207' title='bbox 577 2046 616 2079; x_wconf 93' lang='lat' dir='ltr'>de</span> <span class='ocrx_word' id='word_1_208' title='bbox 623 2057 713 2079; x_wconf 86' lang='lat' dir='ltr'>more</span> <span class='ocrx_word' id='word_1_209' title='bbox 721 2046 915 2079; x_wconf 89' lang='lat' dir='ltr'>celebrando</span> <span class='ocrx_word' id='word_1_210' title='bbox 924 2046 956 2079; x_wconf 89' lang='lat' dir='ltr'>in</span> 
     </span>
     <span class='ocr_line' id='line_1_38' title="bbox 209 2100 956 2144; baseline 0.001 -12"><span class='ocrx_word' id='word_1_211' title='bbox 209 2108 313 2132; x_wconf 88' lang='lat' dir='ltr'>unum</span> <span class='ocrx_word' id='word_1_212' title='bbox 337 2100 550 2143; x_wconf 74' lang='lat' dir='ltr'>congregatis,</span> <span class='ocrx_word' id='word_1_213' title='bbox 565 2104 602 2132; x_wconf 89' lang='lat' dir='ltr'>ut</span> <span class='ocrx_word' id='word_1_214' title='bbox 616 2100 686 2132; x_wconf 88' lang='lat' dir='ltr'>siin</span> <span class='ocrx_word' id='word_1_215' title='bbox 694 2100 842 2143; x_wconf 74' lang='lat' dir='ltr'>eligendo</span> <span class='ocrx_word' id='word_1_216' title='bbox 862 2111 956 2144; x_wconf 89' lang='lat' dir='ltr'>prae-</span> 
     </span>
     <span class='ocr_line' id='line_1_39' title="bbox 209 2151 956 2196; baseline 0.001 -12"><span class='ocrx_word' id='word_1_217' title='bbox 209 2151 313 2185; x_wconf 75' lang='lat' dir='ltr'>dictos</span> <span class='ocrx_word' id='word_1_218' title='bbox 327 2153 488 2196; x_wconf 82' lang='lat' dir='ltr'>praelatos</span> <span class='ocrx_word' id='word_1_219' title='bbox 507 2153 734 2186; x_wconf 84' lang='lat' dir='ltr'>conventuales</span> <span class='ocrx_word' id='word_1_220' title='bbox 756 2153 816 2185; x_wconf 80' lang='lat' dir='ltr'>alia</span> <span class='ocrx_word' id='word_1_221' title='bbox 832 2152 956 2186; x_wconf 88' lang='lat' dir='ltr'>ratione</span> 
     </span>
     <span class='ocr_line' id='line_1_40' title="bbox 208 2204 956 2249; baseline 0.001 -12"><span class='ocrx_word' id='word_1_222' title='bbox 208 2204 257 2238; x_wconf 84' lang='lat' dir='ltr'>uti</span> <span class='ocrx_word' id='word_1_223' title='bbox 271 2205 420 2248; x_wconf 79' lang='lat' dir='ltr'>expedire</span> <span class='ocrx_word' id='word_1_224' title='bbox 436 2206 604 2246; x_wconf 84' lang='lat' dir='ltr'>duxeritis,</span> <span class='ocrx_word' id='word_1_225' title='bbox 628 2206 725 2249; x_wconf 87' lang='lat' dir='ltr'>idque</span> <span class='ocrx_word' id='word_1_226' title='bbox 748 2206 851 2239; x_wconf 83' lang='lat' dir='ltr'>maior</span> <span class='ocrx_word' id='word_1_227' title='bbox 882 2217 956 2249; x_wconf 87' lang='lat' dir='ltr'>pars</span> 
     </span>
     <span class='ocr_line' id='line_1_41' title="bbox 207 2258 956 2302; baseline 0.001 -12"><span class='ocrx_word' id='word_1_228' title='bbox 207 2262 350 2291; x_wconf 84' lang='lat' dir='ltr'>vestrum</span> <span class='ocrx_word' id='word_1_229' title='bbox 376 2258 616 2299; x_wconf 81' lang='lat' dir='ltr'>existimaverit,</span> <span class='ocrx_word' id='word_1_230' title='bbox 647 2259 741 2292; x_wconf 87' lang='lat' dir='ltr'>dictis</span> <span class='ocrx_word' id='word_1_231' title='bbox 770 2259 956 2302; x_wconf 85' lang='lat' dir='ltr'>praedeces-</span> 
     </span>
     <span class='ocr_line' id='line_1_42' title="bbox 209 2310 954 2354; baseline -0.001 -10"><span class='ocrx_word' id='word_1_232' title='bbox 209 2310 290 2344; x_wconf 88' lang='lat' dir='ltr'>soris</span> <span class='ocrx_word' id='word_1_233' title='bbox 308 2310 423 2344; x_wconf 84' lang='lat' dir='ltr'>litteris</span> <span class='ocrx_word' id='word_1_234' title='bbox 437 2321 502 2344; x_wconf 92' lang='lat' dir='ltr'>non</span> <span class='ocrx_word' id='word_1_235' title='bbox 520 2311 731 2351; x_wconf 81' lang='lat' dir='ltr'>obstantibus,</span> <span class='ocrx_word' id='word_1_236' title='bbox 748 2312 787 2344; x_wconf 89' lang='lat' dir='ltr'>ad</span> <span class='ocrx_word' id='word_1_237' title='bbox 807 2311 954 2354; x_wconf 86' lang='lat' dir='ltr'>priorum</span> 
     </span>
     <span class='ocr_line' id='line_1_43' title="bbox 207 2363 955 2406; baseline -0.001 -9"><span class='ocrx_word' id='word_1_238' title='bbox 207 2364 258 2400; x_wconf 87' lang='lat' dir='ltr'>vel</span> <span class='ocrx_word' id='word_1_239' title='bbox 275 2363 428 2396; x_wconf 85' lang='lat' dir='ltr'>abbatum</span> <span class='ocrx_word' id='word_1_240' title='bbox 448 2369 503 2396; x_wconf 82' lang='lat' dir='ltr'>aut</span> <span class='ocrx_word' id='word_1_241' title='bbox 521 2364 632 2406; x_wconf 87' lang='lat' dir='ltr'>quovis</span> <span class='ocrx_word' id='word_1_242' title='bbox 651 2364 712 2396; x_wconf 88' lang='lat' dir='ltr'>alio</span> <span class='ocrx_word' id='word_1_243' title='bbox 724 2364 855 2396; x_wconf 89' lang='lat' dir='ltr'>nomine</span> <span class='ocrx_word' id='word_1_244' title='bbox 869 2374 955 2396; x_wconf 92' lang='lat' dir='ltr'>nun—</span> 
     </span>
     <span class='ocr_line' id='line_1_44' title="bbox 209 2412 954 2456; baseline -0.001 -11"><span class='ocrx_word' id='word_1_245' title='bbox 209 2417 402 2455; x_wconf 86' lang='lat' dir='ltr'>cupatorum</span> <span class='ocrx_word' id='word_1_246' title='bbox 444 2413 702 2445; x_wconf 82' lang='lat' dir='ltr'>conventualium</span> <span class='ocrx_word' id='word_1_247' title='bbox 737 2412 954 2456; x_wconf 85' lang='lat' dir='ltr'>praelatorum</span> 
     </span>
     <span class='ocr_line' id='line_1_45' title="bbox 207 2461 956 2509; baseline -0.001 -14"><span class='ocrx_word' id='word_1_248' title='bbox 207 2471 323 2509; x_wconf 78' lang='lat' dir='ltr'>novam</span> <span class='ocrx_word' id='word_1_249' title='bbox 343 2461 544 2500; x_wconf 78' lang='lat' dir='ltr'>electionem,</span> <span class='ocrx_word' id='word_1_250' title='bbox 567 2461 616 2501; x_wconf 85' lang='lat' dir='ltr'>iis,</span> <span class='ocrx_word' id='word_1_251' title='bbox 647 2462 703 2504; x_wconf 88' lang='lat' dir='ltr'>qui</span> <span class='ocrx_word' id='word_1_252' title='bbox 734 2462 767 2494; x_wconf 91' lang='lat' dir='ltr'>in</span> <span class='ocrx_word' id='word_1_253' title='bbox 791 2462 896 2494; x_wconf 86' lang='lat' dir='ltr'>officio</span> <span class='ocrx_word' id='word_1_254' title='bbox 925 2467 956 2494; x_wconf 89' lang='lat' dir='ltr'>et</span> 
     </span>
     <span class='ocr_line' id='line_1_46' title="bbox 206 2509 956 2554; baseline -0.001 -11"><span class='ocrx_word' id='word_1_255' title='bbox 206 2510 392 2554; x_wconf 82' lang='lat' dir='ltr'>praelatura</span> <span class='ocrx_word' id='word_1_256' title='bbox 411 2510 517 2542; x_wconf 82' lang='lat' dir='ltr'>adhuc</span> <span class='ocrx_word' id='word_1_257' title='bbox 536 2515 621 2549; x_wconf 83' lang='lat' dir='ltr'>sunt,</span> <span class='ocrx_word' id='word_1_258' title='bbox 647 2510 738 2553; x_wconf 87' lang='lat' dir='ltr'>prius</span> <span class='ocrx_word' id='word_1_259' title='bbox 753 2509 906 2542; x_wconf 83' lang='lat' dir='ltr'>absolutis</span> <span class='ocrx_word' id='word_1_260' title='bbox 925 2516 956 2542; x_wconf 87' lang='lat' dir='ltr'>et</span> 
     </span>
     <span class='ocr_line' id='line_1_47' title="bbox 0 2557 956 2603; baseline -0.002 -11"><span class='ocrx_word' id='word_1_261' title='bbox 0 2594 1 2598; x_wconf 53' lang='grc'>,</span> <span class='ocrx_word' id='word_1_262' title='bbox 19 2566 40 2603; x_wconf 30' lang='grc' dir='ltr'>ζ,</span> <span class='ocrx_word' id='word_1_263' title='bbox 59 2563 199 2598; x_wconf 50' lang='lat' dir='ltr'>*iniquum</span> <span class='ocrx_word' id='word_1_264' title='bbox 208 2557 362 2598; x_wconf 86' lang='lat' dir='ltr'>liberatis,</span> <span class='ocrx_word' id='word_1_265' title='bbox 375 2558 407 2590; x_wconf 92' lang='lat' dir='ltr'>in</span> <span class='ocrx_word' id='word_1_266' title='bbox 423 2557 556 2600; x_wconf 89' lang='lat' dir='ltr'>capituli</span> <span class='ocrx_word' id='word_1_267' title='bbox 574 2557 768 2597; x_wconf 75' lang='lat' dir='ltr'>definitorio,</span> <span class='ocrx_word' id='word_1_268' title='bbox 784 2564 897 2600; x_wconf 86' lang='lat' dir='ltr'>quarto</span> <span class='ocrx_word' id='word_1_269' title='bbox 913 2558 956 2590; x_wconf 91' lang='lat' dir='ltr'>vi-</span> 
     </span>
     <span class='ocr_line' id='line_1_48' title="bbox 0 2603 954 2650; baseline -0.002 -10"><span class='ocrx_word' id='word_1_270' title='bbox 0 2614 21 2623; x_wconf 68' lang='grc'>’</span> <span class='ocrx_word' id='word_1_271' title='bbox 54 2648 58 2650; x_wconf 23' lang='grc' dir='ltr'><em>Π</em></span> <span class='ocrx_word' id='word_1_272' title='bbox 93 2607 120 2622; x_wconf 75' lang='lat'>¹¹·</span> <span class='ocrx_word' id='word_1_273' title='bbox 209 2603 338 2641; x_wconf 85' lang='lat' dir='ltr'>sitatore</span> <span class='ocrx_word' id='word_1_274' title='bbox 358 2607 522 2647; x_wconf 84' lang='lat' dir='ltr'>adiuncto,</span> <span class='ocrx_word' id='word_1_275' title='bbox 544 2611 579 2639; x_wconf 84' lang='lat' dir='ltr'>ut</span> <span class='ocrx_word' id='word_1_276' title='bbox 602 2615 714 2639; x_wconf 86' lang='lat' dir='ltr'>novem</span> <span class='ocrx_word' id='word_1_277' title='bbox 742 2615 954 2649; x_wconf 81' lang='lat' dir='ltr'>personarum</span> 
     </span>
    </p>
   </div>
   <div class='ocr_carea' id='block_1_3' title="bbox 0 1599 140 3228">
    <p class='ocr_par' dir='ltr' id='par_1_3' title="bbox 0 1599 140 3228">
     <span class='ocr_line' id='line_1_49' title="bbox 4 1599 121 1870; baseline 0 -182"><span class='ocrx_word' id='word_1_278' title='bbox 4 1599 121 1870; x_wconf 95' lang='lat' dir='ltr'>     </span> 
     </span>
     <span class='ocr_line' id='line_1_50' title="bbox 2 1898 68 2053; baseline 0 -99"><span class='ocrx_word' id='word_1_279' title='bbox 2 1898 68 2053; x_wconf 95' lang='lat' dir='ltr'>  </span> 
     </span>
     <span class='ocr_line' id='line_1_51' title="bbox 0 2053 140 3228; baseline 0 0"><span class='ocrx_word' id='word_1_280' title='bbox 0 2053 140 3228; x_wconf 95' lang='lat' dir='ltr'>   </span> 
     </span>
    </p>
   </div>
   <div class='ocr_carea' id='block_1_4' title="bbox 0 1826 6 2459">
    <p class='ocr_par' dir='ltr' id='par_1_4' title="bbox 0 1826 6 2459">
     <span class='ocr_line' id='line_1_52' title="bbox 0 1826 6 2459; baseline 0 0"><span class='ocrx_word' id='word_1_281' title='bbox 0 1826 6 2459; x_wconf 95' lang='lat' dir='ltr'> </span> 
     </span>
    </p>
   </div>
   <div class='ocr_carea' id='block_1_5' title="bbox 882 244 1186 271">
    <p class='ocr_par' dir='ltr' id='par_1_5' title="bbox 882 244 1186 271">
     <span class='ocr_line' id='line_1_53' title="bbox 882 244 1186 271; baseline -0.007 -2"><span class='ocrx_word' id='word_1_282' title='bbox 882 244 1059 271; x_wconf 71' lang='lat' dir='ltr'>nnncomus</span> <span class='ocrx_word' id='word_1_283' title='bbox 1070 245 1125 269; x_wconf 74' lang='lat' dir='ltr'>Xlll</span> <span class='ocrx_word' id='word_1_284' title='bbox 1141 245 1186 268; x_wconf 75' lang='lat' dir='ltr'>Pe.</span> 
     </span>
    </p>
   </div>
   <div class='ocr_carea' id='block_1_6' title="bbox 1000 233 1946 1610">
    <p class='ocr_par' dir='ltr' id='par_1_6' title="bbox 1005 233 1945 920">
     <span class='ocr_line' id='line_1_54' title="bbox 1669 233 1945 267; baseline 0.007 -6"><span class='ocrx_word' id='word_1_285' title='bbox 1669 233 1711 263; x_wconf 61' lang='lat'>(353</span> <span class='ocrx_word' id='word_1_286' title='bbox 1768 239 1820 267; x_wconf 74' lang='lat' dir='ltr'>An.</span> <span class='ocrx_word' id='word_1_287' title='bbox 1837 238 1866 266; x_wconf 90' lang='lat' dir='ltr'>C.</span> <span class='ocrx_word' id='word_1_288' title='bbox 1882 236 1945 265; x_wconf 62' lang='lat' dir='ltr'>157st</span> 
     </span>
     <span class='ocr_line' id='line_1_55' title="bbox 1011 292 1752 338; baseline -0.005 -10"><span class='ocrx_word' id='word_1_289' title='bbox 1011 305 1167 330; x_wconf 87' lang='lat' dir='ltr'>numerus</span> <span class='ocrx_word' id='word_1_290' title='bbox 1191 298 1413 334; x_wconf 75' lang='lat' dir='ltr'>constituatur,</span> <span class='ocrx_word' id='word_1_291' title='bbox 1430 304 1489 338; x_wconf 83' lang='lat' dir='ltr'>per</span> <span class='ocrx_word' id='word_1_292' title='bbox 1501 297 1623 326; x_wconf 81' lang='lat' dir='ltr'>secreta</span> <span class='ocrx_word' id='word_1_293' title='bbox 1638 292 1752 325; x_wconf 74' lang='lat' dir='ltr'>sutfra-</span> 
     </span>
     <span class='ocr_line' id='line_1_56' title="bbox 1010 345 1752 391; baseline -0.005 -11"><span class='ocrx_word' id='word_1_294' title='bbox 1010 348 1073 391; x_wconf 79' lang='lat' dir='ltr'>gia,</span> <span class='ocrx_word' id='word_1_295' title='bbox 1096 355 1127 381; x_wconf 84' lang='lat' dir='ltr'>et</span> <span class='ocrx_word' id='word_1_296' title='bbox 1146 350 1177 382; x_wconf 90' lang='lat' dir='ltr'>in</span> <span class='ocrx_word' id='word_1_297' title='bbox 1198 349 1329 391; x_wconf 71' lang='lat' dir='ltr'>reliquis</span> <span class='ocrx_word' id='word_1_298' title='bbox 1349 347 1498 381; x_wconf 83' lang='lat' dir='ltr'>omnibus</span> <span class='ocrx_word' id='word_1_299' title='bbox 1521 345 1679 379; x_wconf 86' lang='lat' dir='ltr'>dictarum</span> <span class='ocrx_word' id='word_1_300' title='bbox 1700 346 1752 378; x_wconf 86' lang='lat' dir='ltr'>lit-</span> 
     </span>
     <span class='ocr_line' id='line_1_57' title="bbox 1010 401 1750 445; baseline -0.004 -12"><span class='ocrx_word' id='word_1_301' title='bbox 1010 407 1150 435; x_wconf 85' lang='lat' dir='ltr'>terarum</span> <span class='ocrx_word' id='word_1_302' title='bbox 1185 401 1437 445; x_wconf 71' lang='lat' dir='ltr'>praedecessoris</span> <span class='ocrx_word' id='word_1_303' title='bbox 1471 401 1572 432; x_wconf 84' lang='lat' dir='ltr'>forma</span> <span class='ocrx_word' id='word_1_304' title='bbox 1609 404 1730 431; x_wconf 81' lang='lat' dir='ltr'>servata</span> <span class='ocrx_word' id='word_1_305' title='bbox 1743 425 1750 437; x_wconf 90' lang='lat'>,</span> 
     </span>
     <span class='ocr_line' id='line_1_58' title="bbox 1009 452 1753 495; baseline -0.001 -10"><span class='ocrx_word' id='word_1_306' title='bbox 1009 454 1103 487; x_wconf 80' lang='lat' dir='ltr'>etiam</span> <span class='ocrx_word' id='word_1_307' title='bbox 1123 455 1305 495; x_wconf 66' lang='lat' dir='ltr'>generalem</span> <span class='ocrx_word' id='word_1_308' title='bbox 1326 453 1557 485; x_wconf 56' lang='lat' dir='ltr'>contessionem</span> <span class='ocrx_word' id='word_1_309' title='bbox 1577 457 1608 484; x_wconf 92' lang='lat' dir='ltr'>et</span> <span class='ocrx_word' id='word_1_310' title='bbox 1626 452 1753 484; x_wconf 86' lang='lat' dir='ltr'>absolu-</span> 
     </span>
     <span class='ocr_line' id='line_1_59' title="bbox 1009 505 1752 549; baseline -0.001 -11"><span class='ocrx_word' id='word_1_311' title='bbox 1009 507 1140 547; x_wconf 85' lang='lat' dir='ltr'>tionem,</span> <span class='ocrx_word' id='word_1_312' title='bbox 1173 507 1258 540; x_wconf 85' lang='lat' dir='ltr'>iuxta</span> <span class='ocrx_word' id='word_1_313' title='bbox 1286 507 1470 538; x_wconf 86' lang='lat' dir='ltr'>earumdem</span> <span class='ocrx_word' id='word_1_314' title='bbox 1500 505 1752 549; x_wconf 69' lang='lat' dir='ltr'>praedecessoris</span> 
     </span>
     <span class='ocr_line' id='line_1_60' title="bbox 1008 558 1752 601; baseline -0.003 -8"><span class='ocrx_word' id='word_1_315' title='bbox 1008 560 1185 593; x_wconf 86' lang='lat' dir='ltr'>litterarum</span> <span class='ocrx_word' id='word_1_316' title='bbox 1207 559 1321 592; x_wconf 87' lang='lat' dir='ltr'>seriem</span> <span class='ocrx_word' id='word_1_317' title='bbox 1341 559 1379 591; x_wconf 88' lang='lat' dir='ltr'>dc</span> <span class='ocrx_word' id='word_1_318' title='bbox 1395 558 1541 601; x_wconf 68' lang='lat' dir='ltr'>capitulis</span> <span class='ocrx_word' id='word_1_319' title='bbox 1561 563 1752 591; x_wconf 81' lang='lat' dir='ltr'>conventua-</span> 
     </span>
     <span class='ocr_line' id='line_1_61' title="bbox 1007 610 1751 656; baseline -0.004 -11"><span class='ocrx_word' id='word_1_320' title='bbox 1007 614 1091 646; x_wconf 84' lang='lat' dir='ltr'>libus</span> <span class='ocrx_word' id='word_1_321' title='bbox 1106 613 1356 656; x_wconf 64' lang='lat' dir='ltr'>‹li&gt;poiientiu11i,</span> <span class='ocrx_word' id='word_1_322' title='bbox 1374 612 1617 654; x_wconf 75' lang='lat' dir='ltr'>praeuiitteiulo,</span> <span class='ocrx_word' id='word_1_323' title='bbox 1635 610 1751 654; x_wconf 67' lang='lat' dir='ltr'>quibu&lt;</span> 
     </span>
     <span class='ocr_line' id='line_1_62' title="bbox 1006 664 1749 710; baseline -0.004 -11"><span class='ocrx_word' id='word_1_324' title='bbox 1006 667 1114 710; x_wconf 85' lang='lat' dir='ltr'>aliqua</span> <span class='ocrx_word' id='word_1_325' title='bbox 1135 667 1195 699; x_wconf 86' lang='lat' dir='ltr'>alia</span> <span class='ocrx_word' id='word_1_326' title='bbox 1220 666 1252 698; x_wconf 92' lang='lat' dir='ltr'>in</span> <span class='ocrx_word' id='word_1_327' title='bbox 1267 670 1356 709; x_wconf 87' lang='lat' dir='ltr'>parte</span> <span class='ocrx_word' id='word_1_328' title='bbox 1376 665 1542 697; x_wconf 74' lang='lat' dir='ltr'>detrahere</span> <span class='ocrx_word' id='word_1_329' title='bbox 1562 670 1616 697; x_wconf 88' lang='lat' dir='ltr'>aut</span> <span class='ocrx_word' id='word_1_330' title='bbox 1635 664 1749 696; x_wconf 88' lang='lat' dir='ltr'>ullate-</span> 
     </span>
     <span class='ocr_line' id='line_1_63' title="bbox 1007 717 1749 762; baseline -0.004 -10"><span class='ocrx_word' id='word_1_331' title='bbox 1007 730 1066 752; x_wconf 88' lang='lat' dir='ltr'>nus</span> <span class='ocrx_word' id='word_1_332' title='bbox 1087 720 1242 762; x_wconf 76' lang='lat' dir='ltr'>derogare</span> <span class='ocrx_word' id='word_1_333' title='bbox 1266 729 1329 751; x_wconf 90' lang='lat' dir='ltr'>non</span> <span class='ocrx_word' id='word_1_334' title='bbox 1352 717 1560 757; x_wconf 70' lang='lat' dir='ltr'>intendimus,</span> <span class='ocrx_word' id='word_1_335' title='bbox 1576 717 1749 760; x_wconf 80' lang='lat' dir='ltr'>procedere</span> 
     </span>
     <span class='ocr_line' id='line_1_64' title="bbox 1005 769 1749 814; baseline -0.005 -10"><span class='ocrx_word' id='word_1_336' title='bbox 1005 772 1145 812; x_wconf 81' lang='lat' dir='ltr'>valeatis,</span> <span class='ocrx_word' id='word_1_337' title='bbox 1157 771 1345 808; x_wconf 86' lang='lat' dir='ltr'>auctoritate</span> <span class='ocrx_word' id='word_1_338' title='bbox 1354 769 1541 814; x_wconf 84' lang='lat' dir='ltr'>apostolica,</span> <span class='ocrx_word' id='word_1_339' title='bbox 1552 775 1749 813; x_wconf 68' lang='lat' dir='ltr'>tonoreprw-</span> 
     </span>
     <span class='ocr_line' id='line_1_65' title="bbox 1005 822 1747 863; baseline -0.005 -6"><span class='ocrx_word' id='word_1_340' title='bbox 1005 825 1156 863; x_wconf 76' lang='lat' dir='ltr'>sentium,</span> <span class='ocrx_word' id='word_1_341' title='bbox 1195 825 1378 857; x_wconf 80' lang='lat' dir='ltr'>facultatem</span> <span class='ocrx_word' id='word_1_342' title='bbox 1405 822 1611 856; x_wconf 80' lang='lat' dir='ltr'>concedimus</span> <span class='ocrx_word' id='word_1_343' title='bbox 1631 828 1661 854; x_wconf 91' lang='lat' dir='ltr'>et</span> <span class='ocrx_word' id='word_1_344' title='bbox 1687 822 1747 854; x_wconf 91' lang='lat' dir='ltr'>im-</span> 
     </span>
     <span class='ocr_line' id='line_1_66' title="bbox 1006 877 1174 920; baseline 0 -10"><span class='ocrx_word' id='word_1_345' title='bbox 1006 877 1174 920; x_wconf 89' lang='lat' dir='ltr'>partimur.</span> 
     </span>
    </p>

    <p class='ocr_par' dir='ltr' id='par_1_7' title="bbox 1000 927 1946 1610">
     <span class='ocr_line' id='line_1_67' title="bbox 1047 927 1747 974; baseline -0.004 -11"><span class='ocrx_word' id='word_1_346' title='bbox 1047 931 1113 974; x_wconf 60' lang='lat'>§2</span> <span class='ocrx_word' id='word_1_347' title='bbox 1139 931 1294 963; x_wconf 67' lang='lat' dir='ltr'>Volumus</span> <span class='ocrx_word' id='word_1_348' title='bbox 1326 928 1420 961; x_wconf 88' lang='lat' dir='ltr'>etiam</span> <span class='ocrx_word' id='word_1_349' title='bbox 1446 927 1532 970; x_wconf 86' lang='lat' dir='ltr'>quod</span> <span class='ocrx_word' id='word_1_350' title='bbox 1562 928 1747 960; x_wconf 83' lang='lat' dir='ltr'>eorumdem</span> 
     </span>
     <span class='ocr_line' id='line_1_68' title="bbox 1004 981 1747 1027; baseline -0.005 -10"><span class='ocrx_word' id='word_1_351' title='bbox 1004 983 1149 1027; x_wconf 85' lang='lat' dir='ltr'>priorum</span> <span class='ocrx_word' id='word_1_352' title='bbox 1161 994 1215 1016; x_wconf 89' lang='lat' dir='ltr'>seu</span> <span class='ocrx_word' id='word_1_353' title='bbox 1228 983 1378 1015; x_wconf 85' lang='lat' dir='ltr'>abbatum</span> <span class='ocrx_word' id='word_1_354' title='bbox 1390 992 1427 1014; x_wconf 87' lang='lat' dir='ltr'>ae</span> <span class='ocrx_word' id='word_1_355' title='bbox 1437 981 1637 1023; x_wconf 81' lang='lat' dir='ltr'>reliquorum</span> <span class='ocrx_word' id='word_1_356' title='bbox 1654 991 1747 1024; x_wconf 83' lang='lat' dir='ltr'>prae-</span> 
     </span>
     <span class='ocr_line' id='line_1_69' title="bbox 1006 1033 1747 1076; baseline -0.004 -7"><span class='ocrx_word' id='word_1_357' title='bbox 1006 1039 1140 1070; x_wconf 81' lang='lat' dir='ltr'>latorum</span> <span class='ocrx_word' id='word_1_358' title='bbox 1152 1035 1411 1069; x_wconf 85' lang='lat' dir='ltr'>conventualium</span> <span class='ocrx_word' id='word_1_359' title='bbox 1426 1034 1529 1067; x_wconf 82' lang='lat' dir='ltr'>officia</span> <span class='ocrx_word' id='word_1_360' title='bbox 1540 1033 1571 1065; x_wconf 91' lang='lat' dir='ltr'>in</span> <span class='ocrx_word' id='word_1_361' title='bbox 1585 1038 1747 1076; x_wconf 83' lang='lat' dir='ltr'>posterum</span> 
     </span>
     <span class='ocr_line' id='line_1_70' title="bbox 1005 1086 1746 1129; baseline -0.007 -7"><span class='ocrx_word' id='word_1_362' title='bbox 1005 1089 1172 1123; x_wconf 88' lang='lat' dir='ltr'>triennalia</span> <span class='ocrx_word' id='word_1_363' title='bbox 1191 1089 1265 1129; x_wconf 85' lang='lat' dir='ltr'>sint,</span> <span class='ocrx_word' id='word_1_364' title='bbox 1291 1087 1372 1121; x_wconf 87' lang='lat' dir='ltr'>sicut</span> <span class='ocrx_word' id='word_1_365' title='bbox 1397 1087 1546 1129; x_wconf 78' lang='lat' dir='ltr'>generale</span> <span class='ocrx_word' id='word_1_366' title='bbox 1571 1086 1746 1129; x_wconf 86' lang='lat' dir='ltr'>capitulum</span> 
     </span>
     <span class='ocr_line' id='line_1_71' title="bbox 1003 1139 1942 1186; baseline -0.003 -11"><span class='ocrx_word' id='word_1_367' title='bbox 1003 1142 1136 1186; x_wconf 80' lang='lat' dir='ltr'>singulis</span> <span class='ocrx_word' id='word_1_368' title='bbox 1168 1141 1262 1175; x_wconf 89' lang='lat' dir='ltr'>etiam</span> <span class='ocrx_word' id='word_1_369' title='bbox 1291 1141 1437 1174; x_wconf 81' lang='lat' dir='ltr'>trienniis</span> <span class='ocrx_word' id='word_1_370' title='bbox 1461 1140 1652 1172; x_wconf 80' lang='lat' dir='ltr'>celebratur.</span> <span class='ocrx_word' id='word_1_371' title='bbox 1679 1139 1747 1178; x_wconf 83' lang='lat' dir='ltr'>Quo</span> <span class='ocrx_word' id='word_1_372' title='bbox 1776 1150 1942 1185; x_wconf 56' lang='lat' dir='ltr'>rususienntpm</span> 
     </span>
     <span class='ocr_line' id='line_1_72' title="bbox 1004 1182 1942 1239; baseline -0.001 -10"><span class='ocrx_word' id='word_1_373' title='bbox 1004 1196 1119 1229; x_wconf 79' lang='lat' dir='ltr'>trienni</span> <span class='ocrx_word' id='word_1_374' title='bbox 1140 1202 1285 1239; x_wconf 86' lang='lat' dir='ltr'>tempore</span> <span class='ocrx_word' id='word_1_375' title='bbox 1297 1195 1418 1238; x_wconf 84' lang='lat' dir='ltr'>elapso,</span> <span class='ocrx_word' id='word_1_376' title='bbox 1435 1193 1542 1232; x_wconf 80' lang='lat' dir='ltr'>iidem,</span> <span class='ocrx_word' id='word_1_377' title='bbox 1560 1193 1614 1236; x_wconf 82' lang='lat' dir='ltr'>qui</span> <span class='ocrx_word' id='word_1_378' title='bbox 1635 1203 1746 1225; x_wconf 88' lang='lat' dir='ltr'>mona·</span> <span class='ocrx_word' id='word_1_379' title='bbox 1761 1182 1942 1239; x_wconf 48' lang='grc' dir='ltr'>ξζζξῖζζᾩῖζιζῗ</span> 
     </span>
     <span class='ocr_line' id='line_1_73' title="bbox 1002 1243 1903 1289; baseline -0.004 -8"><span class='ocrx_word' id='word_1_380' title='bbox 1002 1249 1105 1282; x_wconf 86' lang='lat' dir='ltr'>steriis</span> <span class='ocrx_word' id='word_1_381' title='bbox 1117 1249 1225 1282; x_wconf 87' lang='lat' dir='ltr'>etaliis</span> <span class='ocrx_word' id='word_1_382' title='bbox 1240 1249 1383 1281; x_wconf 82' lang='lat' dir='ltr'>eiusdem</span> <span class='ocrx_word' id='word_1_383' title='bbox 1399 1245 1654 1289; x_wconf 73' lang='lat' dir='ltr'>congregationis</span> <span class='ocrx_word' id='word_1_384' title='bbox 1668 1245 1747 1278; x_wconf 89' lang='lat' dir='ltr'>locis</span> <span class='ocrx_word' id='word_1_385' title='bbox 1761 1243 1903 1267; x_wconf 52' lang='lat' dir='ltr'>⁵³¹¹¹³V³¹⁶¹¹¹³</span> 
     </span>
     <span class='ocr_line' id='line_1_74' title="bbox 1002 1298 1746 1346; baseline -0.005 -12"><span class='ocrx_word' id='word_1_386' title='bbox 1002 1302 1211 1346; x_wconf 87' lang='lat' dir='ltr'>praefuerint,</span> <span class='ocrx_word' id='word_1_387' title='bbox 1228 1301 1267 1333; x_wconf 90' lang='lat' dir='ltr'>ad</span> <span class='ocrx_word' id='word_1_388' title='bbox 1282 1301 1359 1334; x_wconf 87' lang='lat' dir='ltr'>alias</span> <span class='ocrx_word' id='word_1_389' title='bbox 1372 1300 1571 1344; x_wconf 82' lang='lat' dir='ltr'>praelaturas</span> <span class='ocrx_word' id='word_1_390' title='bbox 1585 1298 1702 1331; x_wconf 85' lang='lat' dir='ltr'>assumi</span> <span class='ocrx_word' id='word_1_391' title='bbox 1717 1303 1746 1330; x_wconf 88' lang='lat' dir='ltr'>et</span> 
     </span>
     <span class='ocr_line' id='line_1_75' title="bbox 1001 1351 1747 1398; baseline -0.008 -9"><span class='ocrx_word' id='word_1_392' title='bbox 1001 1354 1084 1398; x_wconf 79' lang='lat' dir='ltr'>eligi,</span> <span class='ocrx_word' id='word_1_393' title='bbox 1104 1365 1231 1388; x_wconf 89' lang='lat' dir='ltr'>necnon</span> <span class='ocrx_word' id='word_1_394' title='bbox 1241 1354 1280 1386; x_wconf 90' lang='lat' dir='ltr'>ad</span> <span class='ocrx_word' id='word_1_395' title='bbox 1296 1353 1420 1396; x_wconf 85' lang='lat' dir='ltr'>reliqua</span> <span class='ocrx_word' id='word_1_396' title='bbox 1430 1352 1620 1385; x_wconf 68' lang='lat' dir='ltr'>monasteria</span> <span class='ocrx_word' id='word_1_397' title='bbox 1631 1358 1659 1384; x_wconf 88' lang='lat' dir='ltr'>et</span> <span class='ocrx_word' id='word_1_398' title='bbox 1676 1351 1747 1384; x_wconf 87' lang='lat' dir='ltr'>loca</span> 
     </span>
     <span class='ocr_line' id='line_1_76' title="bbox 1000 1404 1942 1452; baseline -0.008 -10"><span class='ocrx_word' id='word_1_399' title='bbox 1000 1408 1164 1442; x_wconf 84' lang='lat' dir='ltr'>transferri</span> <span class='ocrx_word' id='word_1_400' title='bbox 1185 1407 1326 1452; x_wconf 78' lang='lat' dir='ltr'>possint3</span> <span class='ocrx_word' id='word_1_401' title='bbox 1348 1406 1380 1438; x_wconf 91' lang='lat' dir='ltr'>in</span> <span class='ocrx_word' id='word_1_402' title='bbox 1396 1406 1517 1439; x_wconf 84' lang='lat' dir='ltr'>eisdem</span> <span class='ocrx_word' id='word_1_403' title='bbox 1538 1411 1643 1437; x_wconf 88' lang='lat' dir='ltr'>tamen</span> <span class='ocrx_word' id='word_1_404' title='bbox 1663 1404 1746 1436; x_wconf 87' lang='lat' dir='ltr'>ultra</span> <span class='ocrx_word' id='word_1_405' title='bbox 1827 1413 1849 1434; x_wconf 75' lang='grc' dir='ltr'>ιιι</span> <span class='ocrx_word' id='word_1_406' title='bbox 1864 1416 1942 1449; x_wconf 47' lang='lat' dir='ltr'>«nutem</span> 
     </span>
     <span class='ocr_line' id='line_1_77' title="bbox 1000 1446 1946 1503; baseline -0.005 -10"><span class='ocrx_word' id='word_1_407' title='bbox 1000 1461 1188 1501; x_wconf 86' lang='lat' dir='ltr'>triennium,</span> <span class='ocrx_word' id='word_1_408' title='bbox 1210 1471 1269 1493; x_wconf 89' lang='lat' dir='ltr'>nec</span> <span class='ocrx_word' id='word_1_409' title='bbox 1289 1458 1543 1492; x_wconf 84' lang='lat' dir='ltr'>confirmationis</span> <span class='ocrx_word' id='word_1_410' title='bbox 1567 1468 1625 1490; x_wconf 85' lang='lat' dir='ltr'>nec</span> <span class='ocrx_word' id='word_1_411' title='bbox 1646 1468 1745 1489; x_wconf 86' lang='lat' dir='ltr'>novae</span> <span class='ocrx_word' id='word_1_412' title='bbox 1762 1446 1880 1503; x_wconf 46' lang='grc' dir='ltr'>ζιζζῖῗζῗω</span> <span class='ocrx_word' id='word_1_413' title='bbox 1907 1451 1946 1466; x_wconf 63' lang='lat'>¹¹⁰*</span> 
     </span>
     <span class='ocr_line' id='line_1_78' title="bbox 1000 1513 1745 1555; baseline -0.005 -8"><span class='ocrx_word' id='word_1_414' title='bbox 1000 1514 1164 1547; x_wconf 85' lang='lat' dir='ltr'>electionis</span> <span class='ocrx_word' id='word_1_415' title='bbox 1183 1514 1243 1553; x_wconf 83' lang='lat' dir='ltr'>via,</span> <span class='ocrx_word' id='word_1_416' title='bbox 1270 1513 1329 1545; x_wconf 86' lang='lat' dir='ltr'>sub</span> <span class='ocrx_word' id='word_1_417' title='bbox 1354 1513 1465 1555; x_wconf 71' lang='lat' dir='ltr'>quovis</span> <span class='ocrx_word' id='word_1_418' title='bbox 1486 1517 1648 1554; x_wconf 78' lang='lat' dir='ltr'>praetextu</span> <span class='ocrx_word' id='word_1_419' title='bbox 1678 1522 1745 1543; x_wconf 77' lang='lat' dir='ltr'>esse</span> 
     </span>
     <span class='ocr_line' id='line_1_79' title="bbox 1000 1573 1130 1610; baseline -0.008 -10"><span class='ocrx_word' id='word_1_420' title='bbox 1000 1573 1130 1610; x_wconf 59' lang='lat' dir='ltr'>queant</span> 
     </span>
    </p>
   </div>
   <div class='ocr_carea' id='block_1_7' title="bbox 999 1617 1944 1770">
    <p class='ocr_par' dir='ltr' id='par_1_8' title="bbox 999 1617 1944 1770">
     <span class='ocr_line' id='line_1_80' title="bbox 1043 1617 1944 1663; baseline -0.011 -10"><span class='ocrx_word' id='word_1_421' title='bbox 1043 1620 1103 1663; x_wconf 71' lang='lat'>§3</span> <span class='ocrx_word' id='word_1_422' title='bbox 1126 1620 1160 1652; x_wconf 89' lang='lat' dir='ltr'>In</span> <span class='ocrx_word' id='word_1_423' title='bbox 1181 1619 1328 1663; x_wconf 82' lang='lat' dir='ltr'>proximo</span> <span class='ocrx_word' id='word_1_424' title='bbox 1352 1629 1426 1651; x_wconf 88' lang='lat' dir='ltr'>vero</span> <span class='ocrx_word' id='word_1_425' title='bbox 1452 1617 1592 1661; x_wconf 84' lang='lat' dir='ltr'>capitulo</span> <span class='ocrx_word' id='word_1_426' title='bbox 1620 1622 1743 1648; x_wconf 88' lang='lat' dir='ltr'>tantum</span> <span class='ocrx_word' id='word_1_427' title='bbox 1816 1624 1944 1659; x_wconf 30' lang='lat' dir='ltr'>erip-»uminis</span> 
     </span>
     <span class='ocr_line' id='line_1_81' title="bbox 999 1656 1943 1714; baseline -0.005 -8"><span class='ocrx_word' id='word_1_428' title='bbox 999 1683 1083 1706; x_wconf 89' lang='lat' dir='ltr'>unus</span> <span class='ocrx_word' id='word_1_429' title='bbox 1102 1684 1139 1706; x_wconf 82' lang='lat' dir='ltr'>ex</span> <span class='ocrx_word' id='word_1_430' title='bbox 1159 1673 1261 1705; x_wconf 86' lang='lat' dir='ltr'>dictae</span> <span class='ocrx_word' id='word_1_431' title='bbox 1281 1671 1539 1714; x_wconf 78' lang='lat' dir='ltr'>congregationis</span> <span class='ocrx_word' id='word_1_432' title='bbox 1559 1669 1721 1703; x_wconf 79' lang='lat' dir='ltr'>canonicis</span> <span class='ocrx_word' id='word_1_433' title='bbox 1734 1696 1741 1709; x_wconf 96' lang='lat'>,</span> <span class='ocrx_word' id='word_1_434' title='bbox 1760 1656 1943 1706; x_wconf 41' lang='lat' dir='ltr'>,miiliit&#39;i</span> 
     </span>
     <span class='ocr_line' id='line_1_82' title="bbox 999 1720 1943 1770; baseline -0.008 -11"><span class='ocrx_word' id='word_1_435' title='bbox 999 1726 1053 1770; x_wconf 88' lang='lat' dir='ltr'>qui</span> <span class='ocrx_word' id='word_1_436' title='bbox 1073 1726 1113 1758; x_wconf 89' lang='lat' dir='ltr'>ad</span> <span class='ocrx_word' id='word_1_437' title='bbox 1131 1726 1211 1758; x_wconf 91' lang='lat' dir='ltr'>illud</span> <span class='ocrx_word' id='word_1_438' title='bbox 1231 1725 1448 1764; x_wconf 76' lang='lat' dir='ltr'>convenerint,</span> <span class='ocrx_word' id='word_1_439' title='bbox 1469 1725 1540 1756; x_wconf 88' lang='lat' dir='ltr'>loco</span> <span class='ocrx_word' id='word_1_440' title='bbox 1556 1723 1660 1766; x_wconf 86' lang='lat' dir='ltr'>quarti</span> <span class='ocrx_word' id='word_1_441' title='bbox 1675 1722 1744 1755; x_wconf 77' lang='lat' dir='ltr'>visi·</span> <span class='ocrx_word' id='word_1_442' title='bbox 1759 1720 1800 1737; x_wconf 66' lang='lat'>¹⁸¹⁰</span> <span class='ocrx_word' id='word_1_443' title='bbox 1821 1721 1943 1737; x_wconf 67' lang='lat' dir='ltr'>&#39;&#39;⁰¹⁰¹‘&#39;‘ffl&#39;’</span> 
     </span>
    </p>
   </div>
   <div class='ocr_carea' id='block_1_8' title="bbox 1760 1748 1950 1774">
    <p class='ocr_par' dir='ltr' id='par_1_9' title="bbox 1760 1748 1950 1774">
     <span class='ocr_line' id='line_1_83' title="bbox 1760 1748 1950 1774; baseline -0.005 -6"><span class='ocrx_word' id='word_1_444' title='bbox 1760 1748 1899 1774; x_wconf 76' lang='lat' dir='ltr'>praelatarum</span> <span class='ocrx_word' id='word_1_445' title='bbox 1920 1751 1950 1767; x_wconf 59' lang='lat'>‹³:-</span> 
     </span>
    </p>
   </div>
   <div class='ocr_carea' id='block_1_9' title="bbox 997 1778 1943 2646">
    <p class='ocr_par' dir='ltr' id='par_1_10' title="bbox 998 1778 1943 1874">
     <span class='ocr_line' id='line_1_84' title="bbox 1000 1778 1943 1830; baseline -0.007 -18"><span class='ocrx_word' id='word_1_446' title='bbox 1000 1779 1109 1819; x_wconf 85' lang='lat' dir='ltr'>tatoris</span> <span class='ocrx_word' id='word_1_447' title='bbox 1131 1778 1347 1817; x_wconf 79' lang='lat' dir='ltr'>adsciscatur,</span> <span class='ocrx_word' id='word_1_448' title='bbox 1380 1788 1438 1820; x_wconf 89' lang='lat' dir='ltr'>pro</span> <span class='ocrx_word' id='word_1_449' title='bbox 1466 1787 1579 1809; x_wconf 84' lang='lat' dir='ltr'>novem</span> <span class='ocrx_word' id='word_1_450' title='bbox 1595 1786 1744 1819; x_wconf 76' lang='lat' dir='ltr'>persona-</span> <span class='ocrx_word' id='word_1_451' title='bbox 1759 1780 1877 1830; x_wconf 51' lang='lat' dir='ltr'>fssssss¹⁵‘¹¹¹‘¹¹³</span> <span class='ocrx_word' id='word_1_452' title='bbox 1901 1786 1943 1798; x_wconf 74' lang='grc' dir='ltr'>υν-</span> 
     </span>
     <span class='ocr_line' id='line_1_85' title="bbox 998 1828 1745 1874; baseline -0.005 -10"><span class='ocrx_word' id='word_1_453' title='bbox 998 1843 1069 1864; x_wconf 89' lang='lat' dir='ltr'>rum</span> <span class='ocrx_word' id='word_1_454' title='bbox 1090 1841 1227 1864; x_wconf 87' lang='lat' dir='ltr'>numero</span> <span class='ocrx_word' id='word_1_455' title='bbox 1248 1830 1411 1874; x_wconf 88' lang='lat' dir='ltr'>praedicto</span> <span class='ocrx_word' id='word_1_456' title='bbox 1432 1830 1599 1873; x_wconf 83' lang='lat' dir='ltr'>explendo.</span> <span class='ocrx_word' id='word_1_457' title='bbox 1622 1829 1655 1860; x_wconf 91' lang='lat' dir='ltr'>ln</span> <span class='ocrx_word' id='word_1_458' title='bbox 1676 1828 1745 1860; x_wconf 85' lang='lat' dir='ltr'>ofli-</span> 
     </span>
    </p>

    <p class='ocr_par' dir='ltr' id='par_1_11' title="bbox 999 1881 1744 1981">
     <span class='ocr_line' id='line_1_86' title="bbox 999 1881 1744 1927; baseline -0.007 -9"><span class='ocrx_word' id='word_1_459' title='bbox 999 1885 1048 1918; x_wconf 91' lang='lat' dir='ltr'>cio</span> <span class='ocrx_word' id='word_1_460' title='bbox 1080 1895 1154 1917; x_wconf 88' lang='lat' dir='ltr'>vero</span> <span class='ocrx_word' id='word_1_461' title='bbox 1191 1882 1412 1927; x_wconf 84' lang='lat' dir='ltr'>procuratoris</span> <span class='ocrx_word' id='word_1_462' title='bbox 1448 1882 1605 1924; x_wconf 70' lang='lat' dir='ltr'>generalis</span> <span class='ocrx_word' id='word_1_463' title='bbox 1641 1881 1744 1913; x_wconf 79' lang='lat' dir='ltr'>dictae</span> 
     </span>
     <span class='ocr_line' id='line_1_87' title="bbox 999 1934 1744 1981; baseline -0.007 -10"><span class='ocrx_word' id='word_1_464' title='bbox 999 1936 1501 1981; x_wconf 75' lang='lat' dir='ltr'>congregationiscommittendo,</span> <span class='ocrx_word' id='word_1_465' title='bbox 1515 1941 1543 1967; x_wconf 86' lang='lat' dir='ltr'>ct</span> <span class='ocrx_word' id='word_1_466' title='bbox 1557 1935 1588 1967; x_wconf 88' lang='lat' dir='ltr'>in</span> <span class='ocrx_word' id='word_1_467' title='bbox 1600 1934 1744 1976; x_wconf 81' lang='lat' dir='ltr'>eligenda</span> 
     </span>
    </p>

    <p class='ocr_par' dir='ltr' id='par_1_12' title="bbox 997 1987 1744 2035">
     <span class='ocr_line' id='line_1_88' title="bbox 997 1987 1744 2035; baseline -0.008 -11"><span class='ocrx_word' id='word_1_468' title='bbox 997 2001 1136 2035; x_wconf 85' lang='lat' dir='ltr'>persona</span> <span class='ocrx_word' id='word_1_469' title='bbox 1151 1991 1189 2023; x_wconf 87' lang='lat' dir='ltr'>ad</span> <span class='ocrx_word' id='word_1_470' title='bbox 1208 1990 1300 2028; x_wconf 89' lang='lat' dir='ltr'>illud,</span> <span class='ocrx_word' id='word_1_471' title='bbox 1318 1989 1412 2022; x_wconf 85' lang='lat' dir='ltr'>simili</span> <span class='ocrx_word' id='word_1_472' title='bbox 1426 1990 1537 2027; x_wconf 72' lang='lat' dir='ltr'>forma,</span> <span class='ocrx_word' id='word_1_473' title='bbox 1553 1999 1616 2030; x_wconf 83' lang='lat' dir='ltr'>qua</span> <span class='ocrx_word' id='word_1_474' title='bbox 1631 1987 1661 2019; x_wconf 91' lang='lat' dir='ltr'>in</span> <span class='ocrx_word' id='word_1_475' title='bbox 1679 1988 1744 2019; x_wconf 87' lang='lat' dir='ltr'>ele-</span> 
     </span>
    </p>

    <p class='ocr_par' dir='ltr' id='par_1_13' title="bbox 999 2040 1744 2087">
     <span class='ocr_line' id='line_1_89' title="bbox 999 2040 1744 2087; baseline -0.007 -10"><span class='ocrx_word' id='word_1_476' title='bbox 999 2044 1104 2077; x_wconf 89' lang='lat' dir='ltr'>ctione</span> <span class='ocrx_word' id='word_1_477' title='bbox 1123 2044 1341 2087; x_wconf 88' lang='lat' dir='ltr'>praelatorum</span> <span class='ocrx_word' id='word_1_478' title='bbox 1370 2040 1641 2079; x_wconf 75' lang='lat' dir='ltr'>conventualium,</span> <span class='ocrx_word' id='word_1_479' title='bbox 1667 2051 1744 2083; x_wconf 89' lang='lat' dir='ltr'>pro-</span> 
     </span>
    </p>

    <p class='ocr_par' dir='ltr' id='par_1_14' title="bbox 998 2092 1742 2137">
     <span class='ocr_line' id='line_1_90' title="bbox 998 2092 1742 2137; baseline -0.007 -7"><span class='ocrx_word' id='word_1_480' title='bbox 998 2097 1140 2130; x_wconf 84' lang='lat' dir='ltr'>cedatur.</span> <span class='ocrx_word' id='word_1_481' title='bbox 1161 2097 1228 2135; x_wconf 90' lang='lat' dir='ltr'>Quo</span> <span class='ocrx_word' id='word_1_482' title='bbox 1249 2096 1282 2128; x_wconf 93' lang='lat' dir='ltr'>in</span> <span class='ocrx_word' id='word_1_483' title='bbox 1302 2106 1436 2128; x_wconf 68' lang='lat' dir='ltr'>munere</span> <span class='ocrx_word' id='word_1_484' title='bbox 1452 2099 1645 2137; x_wconf 85' lang='lat' dir='ltr'>procurator</span> <span class='ocrx_word' id='word_1_485' title='bbox 1661 2092 1742 2136; x_wconf 84' lang='lat' dir='ltr'>ipse,</span> 
     </span>
    </p>

    <p class='ocr_par' dir='ltr' id='par_1_15' title="bbox 998 2146 1742 2190">
     <span class='ocr_line' id='line_1_91' title="bbox 998 2146 1742 2190; baseline -0.008 -7"><span class='ocrx_word' id='word_1_486' title='bbox 998 2151 1029 2183; x_wconf 86' lang='lat' dir='ltr'>id</span> <span class='ocrx_word' id='word_1_487' title='bbox 1043 2150 1196 2183; x_wconf 86' lang='lat' dir='ltr'>suadente</span> <span class='ocrx_word' id='word_1_488' title='bbox 1210 2147 1465 2190; x_wconf 75' lang='lat' dir='ltr'>congregationis</span> <span class='ocrx_word' id='word_1_489' title='bbox 1481 2146 1629 2186; x_wconf 87' lang='lat' dir='ltr'>utilitate,</span> <span class='ocrx_word' id='word_1_490' title='bbox 1647 2146 1742 2178; x_wconf 83' lang='lat' dir='ltr'>etiam</span> 
     </span>
    </p>

    <p class='ocr_par' dir='ltr' id='par_1_16' title="bbox 998 2199 1614 2242">
     <span class='ocr_line' id='line_1_92' title="bbox 998 2199 1614 2242; baseline -0.01 -6"><span class='ocrx_word' id='word_1_491' title='bbox 998 2204 1081 2236; x_wconf 75' lang='lat' dir='ltr'>¹iltra</span> <span class='ocrx_word' id='word_1_492' title='bbox 1105 2202 1280 2235; x_wconf 87' lang='lat' dir='ltr'>triennium</span> <span class='ocrx_word' id='word_1_493' title='bbox 1301 2199 1486 2233; x_wconf 87' lang='lat' dir='ltr'>confirmari</span> <span class='ocrx_word' id='word_1_494' title='bbox 1504 2199 1614 2242; x_wconf 87' lang='lat' dir='ltr'>possit.</span> 
     </span>
    </p>

    <p class='ocr_par' dir='ltr' id='par_1_17' title="bbox 997 2251 1943 2598">
     <span class='ocr_line' id='line_1_93' title="bbox 1041 2251 1943 2299; baseline -0.006 -11"><span class='ocrx_word' id='word_1_495' title='bbox 1041 2256 1056 2299; x_wconf 59' lang='grc' dir='ltr'><strong>ξ</strong></span> <span class='ocrx_word' id='word_1_496' title='bbox 1075 2256 1108 2288; x_wconf 74' lang='grc'>4.</span> <span class='ocrx_word' id='word_1_497' title='bbox 1127 2255 1217 2294; x_wconf 87' lang='lat' dir='ltr'>Quod</span> <span class='ocrx_word' id='word_1_498' title='bbox 1238 2254 1264 2286; x_wconf 87' lang='lat' dir='ltr'>si</span> <span class='ocrx_word' id='word_1_499' title='bbox 1284 2253 1458 2295; x_wconf 79' lang='lat' dir='ltr'>contingat,</span> <span class='ocrx_word' id='word_1_500' title='bbox 1474 2251 1614 2284; x_wconf 83' lang='lat' dir='ltr'>triennio</span> <span class='ocrx_word' id='word_1_501' title='bbox 1629 2251 1744 2284; x_wconf 84' lang='lat' dir='ltr'>huius·</span> <span class='ocrx_word' id='word_1_502' title='bbox 1781 2262 1818 2284; x_wconf 79' lang='lat' dir='ltr'>om</span> <span class='ocrx_word' id='word_1_503' title='bbox 1835 2265 1859 2283; x_wconf 56' lang='lat' dir='ltr'>a&lt;</span> <span class='ocrx_word' id='word_1_504' title='bbox 1869 2266 1943 2284; x_wconf 60' lang='lat'>01:1³-</span> 
     </span>
     <span class='ocr_line' id='line_1_94' title="bbox 998 2296 1943 2350; baseline -0.007 -8"><span class='ocrx_word' id='word_1_505' title='bbox 998 2309 1085 2342; x_wconf 89' lang='lat' dir='ltr'>modi</span> <span class='ocrx_word' id='word_1_506' title='bbox 1104 2309 1249 2347; x_wconf 86' lang='lat' dir='ltr'>durante,</span> <span class='ocrx_word' id='word_1_507' title='bbox 1265 2306 1405 2350; x_wconf 78' lang='lat' dir='ltr'>priorem</span> <span class='ocrx_word' id='word_1_508' title='bbox 1425 2305 1622 2348; x_wconf 66' lang='lat' dir='ltr'>generalem,</span> <span class='ocrx_word' id='word_1_509' title='bbox 1642 2304 1745 2337; x_wconf 76' lang='lat' dir='ltr'>visita·</span> <span class='ocrx_word' id='word_1_510' title='bbox 1759 2296 1865 2346; x_wconf 50' lang='lat' dir='ltr'>ffiffiffi&#39;*</span> <span class='ocrx_word' id='word_1_511' title='bbox 1878 2302 1943 2347; x_wconf 53' lang='lat' dir='ltr'>mig:</span> 
     </span>
     <span class='ocr_line' id='line_1_95' title="bbox 997 2357 1941 2408; baseline -0.007 -13"><span class='ocrx_word' id='word_1_512' title='bbox 997 2368 1094 2402; x_wconf 89' lang='lat' dir='ltr'>tores,</span> <span class='ocrx_word' id='word_1_513' title='bbox 1117 2366 1358 2404; x_wconf 88' lang='lat' dir='ltr'>procuratorem</span> <span class='ocrx_word' id='word_1_514' title='bbox 1379 2359 1473 2391; x_wconf 87' lang='lat' dir='ltr'>etiam</span> <span class='ocrx_word' id='word_1_515' title='bbox 1488 2358 1670 2401; x_wconf 83' lang='lat' dir='ltr'>generalem</span> <span class='ocrx_word' id='word_1_516' title='bbox 1691 2364 1743 2390; x_wconf 87' lang='lat' dir='ltr'>aut</span> <span class='ocrx_word' id='word_1_517' title='bbox 1760 2359 1807 2408; x_wconf 29' lang='lat'>:¹¹:⁴40</span> <span class='ocrx_word' id='word_1_518' title='bbox 1827 2357 1941 2383; x_wconf 53' lang='lat' dir='ltr'>mmm*</span> 
     </span>
     <span class='ocr_line' id='line_1_96' title="bbox 997 2403 1799 2454; baseline -0.007 -11"><span class='ocrx_word' id='word_1_519' title='bbox 997 2411 1157 2454; x_wconf 87' lang='lat' dir='ltr'>praelatos</span> <span class='ocrx_word' id='word_1_520' title='bbox 1184 2409 1232 2441; x_wconf 77' lang='lat' dir='ltr'>vel</span> <span class='ocrx_word' id='word_1_521' title='bbox 1264 2407 1399 2440; x_wconf 75' lang='lat' dir='ltr'>vicarios</span> <span class='ocrx_word' id='word_1_522' title='bbox 1427 2407 1652 2439; x_wconf 80' lang='lat' dir='ltr'>conventuales</span> <span class='ocrx_word' id='word_1_523' title='bbox 1682 2407 1744 2438; x_wconf 87' lang='lat' dir='ltr'>vita</span> <span class='ocrx_word' id='word_1_524' title='bbox 1796 2403 1799 2407; x_wconf 87' lang='lat'>&#39;</span> 
     </span>
     <span class='ocr_line' id='line_1_97' title="bbox 997 2454 1744 2501; baseline -0.004 -10"><span class='ocrx_word' id='word_1_525' title='bbox 997 2459 1088 2501; x_wconf 78' lang='lat' dir='ltr'>fungi</span> <span class='ocrx_word' id='word_1_526' title='bbox 1104 2463 1155 2490; x_wconf 87' lang='lat' dir='ltr'>aut</span> <span class='ocrx_word' id='word_1_527' title='bbox 1173 2458 1212 2489; x_wconf 89' lang='lat' dir='ltr'>ab</span> <span class='ocrx_word' id='word_1_528' title='bbox 1227 2456 1332 2489; x_wconf 87' lang='lat' dir='ltr'>officio</span> <span class='ocrx_word' id='word_1_529' title='bbox 1347 2454 1464 2499; x_wconf 89' lang='lat' dir='ltr'>deponi</span> <span class='ocrx_word' id='word_1_530' title='bbox 1479 2455 1565 2487; x_wconf 78' lang='lat' dir='ltr'>iuxta</span> <span class='ocrx_word' id='word_1_531' title='bbox 1582 2455 1744 2497; x_wconf 79' lang='lat' dir='ltr'>regularia</span> 
     </span>
     <span class='ocr_line' id='line_1_98' title="bbox 998 2503 1744 2547; baseline -0.005 -6"><span class='ocrx_word' id='word_1_532' title='bbox 998 2508 1142 2541; x_wconf 87' lang='lat' dir='ltr'>eiusdem</span> <span class='ocrx_word' id='word_1_533' title='bbox 1154 2504 1408 2547; x_wconf 75' lang='lat' dir='ltr'>congregationis</span> <span class='ocrx_word' id='word_1_534' title='bbox 1423 2504 1578 2544; x_wconf 89' lang='lat' dir='ltr'>instituta,</span> <span class='ocrx_word' id='word_1_535' title='bbox 1591 2503 1744 2537; x_wconf 88' lang='lat' dir='ltr'>canonice</span> 
     </span>
     <span class='ocr_line' id='line_1_99' title="bbox 998 2554 1355 2598; baseline -0.017 -8"><span class='ocrx_word' id='word_1_536' title='bbox 998 2557 1037 2590; x_wconf 88' lang='lat' dir='ltr'>de</span> <span class='ocrx_word' id='word_1_537' title='bbox 1056 2556 1119 2588; x_wconf 84' lang='lat' dir='ltr'>illis</span> <span class='ocrx_word' id='word_1_538' title='bbox 1139 2554 1355 2598; x_wconf 84' lang='lat' dir='ltr'>provideatur.</span> 
     </span>
    </p>

    <p class='ocr_par' dir='ltr' id='par_1_18' title="bbox 1038 2601 1743 2646">
     <span class='ocr_line' id='line_1_100' title="bbox 1038 2601 1743 2646; baseline -0.009 -9"><span class='ocrx_word' id='word_1_539' title='bbox 1038 2605 1053 2646; x_wconf 66' lang='grc' dir='ltr'>ξ,</span> <span class='ocrx_word' id='word_1_540' title='bbox 1064 2604 1095 2637; x_wconf 86' lang='lat'>5.</span> <span class='ocrx_word' id='word_1_541' title='bbox 1108 2604 1364 2636; x_wconf 80' lang='lat' dir='ltr'>Decernentcsex</span> <span class='ocrx_word' id='word_1_542' title='bbox 1371 2611 1458 2634; x_wconf 88' lang='lat' dir='ltr'>nunc</span> <span class='ocrx_word' id='word_1_543' title='bbox 1466 2601 1625 2645; x_wconf 86' lang='lat' dir='ltr'>praelatos</span> <span class='ocrx_word' id='word_1_544' title='bbox 1634 2606 1664 2633; x_wconf 89' lang='lat' dir='ltr'>et</span> <span class='ocrx_word' id='word_1_545' title='bbox 1695 2610 1743 2631; x_wconf 77' lang='lat' dir='ltr'>rc·-</span> 
     </span>
    </p>
   </div>
   <div class='ocr_carea' id='block_1_10' title="bbox 1787 938 1944 960">
    <p class='ocr_par' dir='ltr' id='par_1_19' title="bbox 1787 938 1944 960">
     <span class='ocr_line' id='line_1_101' title="bbox 1787 938 1944 960; baseline 0.013 -2"><span class='ocrx_word' id='word_1_546' title='bbox 1787 938 1861 959; x_wconf 69' lang='lat' dir='ltr'>Omnia</span> <span class='ocrx_word' id='word_1_547' title='bbox 1876 939 1944 960; x_wconf 75' lang='lat' dir='ltr'>cilicia</span> 
     </span>
    </p>
   </div>
   <div class='ocr_carea' id='block_1_11' title="bbox 1763 974 1943 1026">
    <p class='ocr_par' dir='ltr' id='par_1_20' title="bbox 1763 974 1943 1026">
     <span class='ocr_line' id='line_1_102' title="bbox 1763 974 1943 996; baseline 0.006 -3"><span class='ocrx_word' id='word_1_548' title='bbox 1763 974 1876 995; x_wconf 77' lang='lat' dir='ltr'>triennalia</span> <span class='ocrx_word' id='word_1_549' title='bbox 1904 975 1943 996; x_wconf 78' lang='lat' dir='ltr'>de-</span> 
     </span>
     <span class='ocr_line' id='line_1_103' title="bbox 1764 1005 1878 1026; baseline 0.018 -2"><span class='ocrx_word' id='word_1_550' title='bbox 1764 1005 1878 1026; x_wconf 36' lang='lat' dir='ltr'>claranturi</span> 
     </span>
    </p>
   </div>
  </div>
 </body>
</html>
