2059 3228
155 257 285 291 ‚c.1586

356 244 420 278 (504

302 317 365 350 que
383 305 560 338 multorum
585 310 739 345 generum
768 298 927 344 pericula,
964 298 1047 331 mala

301 358 450 393 intestina
492 355 635 399 quotidie
672 353 771 397 magis
810 353 1045 395 ingravescunt,

300 413 384 446 bello
404 411 516 444 ardent
537 408 730 453 provinciae,
756 405 911 440 haeretici
931 406 1047 450 impla—

301 464 394 499 cabili
415 463 488 497 odio
510 461 698 495 inflammati
726 461 758 493 in
783 471 840 493 nos
860 460 1043 503 rapiuntur,

299 517 397 551 hostis
408 516 590 550 teterrimus
600 520 627 548 et
642 513 1047 558 potentissimusTurca‚al-

298 576 346 604 ter
358 571 456 603 Assur
473 570 562 613 virga
584 568 701 601 furoris
717 567 841 601 Domini
868 566 1046 600 cervicibus

297 624 414 657 nostris
423 633 551 666 semper
563 620 845 664 imminet,quique
856 629 1045 653 communes

295 682 370 711 sunt
389 677 567 710 catholicae
586 675 751 718 religionis
762 679 791 707 et
807 673 972 707 christiani
986 684 1044 707 no-

295 730 391 764 minis
408 729 543 771 inimici,
566 729 661 762 iidem
682 729 859 761 Romanam
881 727 912 760 in
933 726 1044 770 primis

293 784 470 818 Ecclesiam
491 789 522 816 et
541 775 758 827 Apostolicam
778 781 862 814 hanc
877 780 991 813 Sedcm
1008 779 1045 811 fi-

295 838 346 871 dei
366 843 490 882 petram
511 842 541 871 et
564 836 708 870 fidelium
738 835 883 868 omnium
908 839 1041 866 matrem

293 891 500 925 acerbissime
528 891 677 930 oderunt,
706 889 839 932 eiusque
868 887 1041 922 auctorita-

292 949 370 986 tem,
396 943 663 989 amplitudinem,
695 947 811 975 statum
838 941 1039 979 convellere,

292 998 380 1042 quod
408 998 489 1031 Deus
519 1002 651 1037 avertat,
673 1007 710 1029 ac
730 996 920 1028 labefactare
944 994 1038 1027 velie.-

289 1057 417 1086 menter
435 1057 530 1095 atque
555 1050 644 1083 avide
665 1049 911 1092 concupiscunt.
929 1048 967 1080 Et
983 1058 1041 1080 nos

289 1105 432 1150 quidem,
457 1105 572 1138 dubios
592 1114 702 1137 rerum
723 1108 854 1135 eventus
868 1107 898 1134 et
914 1101 1039 1134 occulta

289 1158 488 1199 discrimina,
518 1168 601 1202 quae
625 1167 689 1190 non
720 1156 786 1189 sine
811 1166 907 1188 causa
926 1155 1039 1188 timere

289 1212 447 1256 cogimur,
469 1220 702 1255 saepenumero
723 1208 949 1253 expendentes,
975 1218 1036 1241 non

288 1265 321 1299 in
345 1265 439 1299 nobis
468 1265 544 1308 ipsis
574 1274 662 1308 spem
693 1263 902 1301 collocamus,
932 1272 1036 1304 neqiu¹

289 1330 420 1353 carnem
445 1318 596 1362 ponimus
614 1317 786 1350 brachium
806 1320 967 1355 nostrum,
984 1315 1036 1348 sed

289 1374 402 1407 oculos
421 1373 454 1405 in
483 1372 611 1405 coelum
636 1370 836 1403 sustollimus
861 1369 900 1402 ad
931 1373 1037 1401 custo-

288 1426 360 1460 dem
380 1426 488 1466 Israel,
511 1423 780 1467 eumqueipsum,
794 1422 1036 1466 quinumquain

286 1479 405 1513 dormit
434 1489 540 1522 neque
570 1477 741 1518 dormitat,
771 1487 865 1519 saepe
892 1486 966 1509 cum
995 1476 1037 1508 la-

288 1532 403 1578 crymis
427 1533 604 1566 excitamus
624 1535 659 1564 ut
679 1529 863 1574 aliquando,
886 1540 902 1562 e
923 1539 1036 1562 somno

287 1597 457 1629 exurgens,
480 1585 560 1618 mari
581 1590 613 1618 et
631 1583 732 1617 ventis
748 1584 897 1627 imperet,
911 1589 941 1616 et
951 1587 1036 1615 tran-

286 1640 478 1685 quillitatem
499 1638 614 1679 faciat,
636 1638 691 1670 sed
712 1643 817 1670 tamen
841 1637 880 1669 ab
909 1636 1033 1677 ooijlcni,

285 1693 319 1726 in
342 1703 406 1737 quo
428 1703 498 1736 spes
523 1702 636 1725 omnes
646 1696 773 1724 nostrae
793 1690 944 1731 resident,
958 1690 1035 1723 edo-

286 1747 328 1780 cti
348 1757 459 1780 sumus
483 1750 581 1779 noctu
601 1744 798 1787 vigilandum
819 1754 886 1777 esse
906 1743 1036 1787 patrifa-

288 1800 404 1841 milias,
427 1810 466 1833 ne
486 1799 572 1832 fures
593 1799 725 1831 domum
746 1796 948 1841 perfodiant,
971 1807 1036 1830 ser-

286 1865 426 1898 vumque
445 1864 543 1898 supra
563 1852 631 1886 eius
651 1851 806 1884 familiam
826 1851 1035 1884 constitutum

285 1918 351 1941 non
370 1908 476 1941 solum
496 1906 623 1941 fidelem
645 1915 712 1939 esse
731 1905 860 1945 debere,
883 1904 938 1937 sed
957 1915 1036 1948 pru-

285 1962 426 2002 dentem;
448 1971 508 1993 nec
529 1965 648 1993 temere
662 1958 850 1992 tentandum
861 1957 1033 1990 Dominum

285 2021 321 2048 ut
337 2015 369 2047 in
389 2014 427 2047 iis
451 2024 534 2057 quae
554 2012 697 2046 consiliis
714 2011 832 2045 nostris
856 2016 886 2044 et
909 2011 1034 2044 ratione

285 2068 458 2112 gubernari
492 2072 642 2111 possunt,
672 2076 736 2099 non
756 2071 820 2098 tarn
841 2065 979 2098 divinam
999 2075 1034 2098 o-

286 2134 371 2167 pem,
404 2132 487 2166 quae
513 2131 639 2164 semper
658 2119 836 2163 expetenda
857 2124 915 2159 est,
937 2129 1033 2163 quam

287 2176 443 2209 miracula
468 2175 636 2218 requirere
664 2173 843 2206 videamur.
872 2172 976 2211 Quare
995 2171 1033 2204 ad

285 2229 447 2262 humanae
472 2227 661 2272 prudentiae
690 2226 832 2260 subsidia
858 2225 900 2258 ita
920 2225 1033 2258 confu-

287 2283 403 2325 gimus,
426 2287 461 2315 ut
491 2282 524 2314 in
549 2281 612 2314 Deo
633 2279 832 2323 potissimum
854 2288 1031 2322 sper-emus,

287 2336 326 2368 ad
346 2336 438 2368 cuius
458 2335 606 2378 gloriam,
628 2338 726 2376 atque
750 2332 789 2365 ad
818 2337 945 2365 sanctae
970 2331 1033 2365 Ro-

287 2399 401 2422 manae
427 2388 589 2422 Ecclesiae
606 2386 796 2426 utilitatem,
823 2385 1035 2429 populorum-

287 2447 349 2480 que
380 2443 565 2469 nostrorum
598 2436 739 2480 quietem
765 2440 795 2466 et
814 2433 1032 2467 defensionem

288 2486 395 2518 omnia
415 2486 592 2529 dirigimus.
632 2485 710 2517 Nam
729 2494 802 2517 cum
827 2482 914 2516 Illius
933 2483 1032 2515 vicem

287 2533 320 2566 in
340 2534 444 2575 terris,
467 2535 541 2568 licet
561 2534 725 2574 immeriti,
741 2542 900 2576 geramus,
912 2531 968 2576 qui
980 2542 1034 2564 rex

288 2582 442 2626 pacificus
462 2588 493 2616 et
512 2583 658 2616 sacerdos
679 2589 725 2616 est
743 2583 776 2615 in
799 2587 980 2621 aeternum,
998 2591 1033 2613 u-

287 2637 401 2675 traque
420 2637 574 2676 potestate
592 2630 781 2666 sacerdotali
806 2636 837 2664 et
860 2629 960 2674 regali
981 2639 1034 2663 eo-

903 245 1080 270 BULLARIUM
1099 244 1248 269 ROMANUM

1090 308 1161 330 rum
1182 297 1354 341 praecipue
1372 299 1549 332 commodis
1568 305 1598 333 et
1620 301 1834 336 incolumitati

1089 351 1256 383 consulere
1276 351 1443 391 debemus,
1465 352 1520 394 qui
1542 353 1599 386 sub
1619 355 1773 397 peculiari
1786 361 1835 389 tu-

1090 404 1150 436 tela
1171 409 1202 437 et
1221 404 1341 437 ditione
1360 404 1457 437 huius
1486 405 1621 439 Sanctae
1641 407 1729 441 Sedis
1758 413 1833 443 sunt

1089 457 1271 497 constituti;
1291 457 1323 490 in
1343 468 1407 501 quo
1428 457 1558 501 quidem
1579 460 1715 503 pastoris
1734 462 1831 501 etiarn
1862 503 1865 505 Α

1088 510 1228 543 officium
1252 521 1448 551 exercemus,
1467 517 1502 544 ut
1520 513 1684 555 praeclare
1703 524 1761 548 nos
1775 516 1832 549 ad-

1089 569 1197 596 monet
1220 564 1423 597 beatissimus
1443 564 1586 598 Pontifex
1605 565 1789 609 Gregorius,
1814 580 1833 602 a

1087 627 1150 660 quo
1171 622 1314 660 pastores
1334 617 1558 661 obiurgantur‚
1578 618 1683 663 quide
1703 626 1833 655 externa

1085 671 1191 713 gregis
1205 670 1341 704 utilitate
1353 681 1417 704 non
1432 676 1507 704 sunt
1517 672 1656 705 solliciti.
1669 673 1828 716 Pastores,

1086 724 1202 767 inquit,
1225 724 1269 757 sic
1289 735 1364 767 erga
1388 724 1544 758 interiora
1562 726 1666 760 studia
1689 727 1832 762 subdito-

1086 788 1157 810 rum
1183 788 1314 810 suorum
1334 778 1486 819 ferveant,
1509 784 1667 822 quatenus
1679 780 1766 815 ineis
1776 791 1830 815 ex-

1085 831 1212 864 terioris
1235 842 1366 875 quoque
1393 832 1473 866 vitae
1500 832 1737 876 providentiam
1764 845 1830 868 non

1084 884 1280 928 relinquant.

1126 938 1141 981 ἓ
1170 938 1195 970 l.
1223 937 1312 977 Quod
1332 937 1430 981 igitur
1444 949 1462 971 a
1477 939 1744 983 nobispastoralis
1753 951 1829 985 pro-

1082 990 1239 1024 videntiae
1259 992 1403 1025 debitum
1423 992 1573 1035 requirit,
1588 993 1758 1037 providere
1773 1005 1829 1028 cu-

1082 1043 1206 1087 pientes
1226 1056 1266 1078 ne
1286 1045 1460 1088 aliquando
1480 1047 1649 1090 repentina
1668 1047 1776 1092 aliqua
1797 1055 1828 1082 et

1082 1097 1251 1141 improvisa
1266 1098 1306 1138 vi,
1323 1100 1408 1141 quod
1425 1100 1627 1143 superiorum
1643 1105 1824 1145 temporum

1081 1152 1227 1184 luctuosa
1248 1158 1379 1185 monent
1406 1154 1563 1196 exempla,
1585 1164 1643 1187 nos
1662 1165 1846 1189 successo--

1081 1215 1168 1238 resve
1193 1205 1293 1238 nostri
1313 1211 1344 1238 et
1364 1206 1474 1250 populi
1495 1206 1588 1240 nobis
1612 1208 1747 1242 subiecti
1767 1220 1826 1253 op-

1080 1258 1274 1301 primantur,
1296 1270 1373 1292 neve
1393 1260 1433 1292 ad
1452 1260 1567 1294 dubios
1587 1272 1680 1295 casus
1693 1273 1710 1295 a
1725 1273 1825 1307 pecu-

1079 1311 1132 1344 nia
1147 1312 1279 1345 omnino
1295 1312 1445 1356 imparati
1467 1313 1578 1354 simus,
1600 1325 1683 1357 quae
1702 1315 1735 1348 in
1754 1315 1825 1360 ipso

1080 1372 1168 1398 motu
1188 1371 1218 1397 et
1232 1365 1446 1409 trepidatione
1457 1366 1629 1401 difficulter
1637 1368 1823 1411 admodum,

1078 1429 1143 1452 non
1173 1419 1240 1452 sine
1270 1430 1386 1463 magno
1407 1420 1569 1453 civitatum
1596 1427 1627 1454 et
1646 1422 1826 1465 provincia-

1078 1483 1150 1505 rum
1172 1473 1388 1513 incommodo,
1411 1473 1593 1514 conficitur,
1615 1476 1733 1518 quibus
1751 1487 1825 1520 par-

1078 1536 1150 1559 cere
1180 1526 1339 1570 cupimus,
1360 1534 1400 1567 et,
1429 1528 1516 1570 quod
1535 1528 1662 1571 gravius
1682 1535 1743 1571 est,
1758 1529 1821 1564 iam

1077 1589 1147 1612 sera
1168 1584 1198 1612 ct
1217 1579 1434 1623 inopportuna
1448 1580 1613 1623 diligentia
1621 1582 1748 1625 saepius
1758 1582 1823 1616 fru-

1077 1637 1141 1665 stra
1161 1638 1191 1666 et
1210 1633 1368 1666 inutiliter
1387 1633 1568 1675 conficitur,
1591 1645 1738 1678 quaeque
1749 1635 1775 1669 si
1789 1636 1822 1669 in

1078 1692 1221 1730 tempore
1242 1692 1352 1720 curata
1373 1692 1404 1720 et
1422 1693 1612 1731 praeparata
1631 1688 1683 1729 sit,
1704 1689 1744 1722 ad
1768 1699 1823 1722 co-

1078 1740 1144 1783 pias
1165 1740 1292 1783 aliaque
1308 1740 1466 1784 praesidia
1477 1742 1692 1785 comparanda
1706 1752 1823 1786 magno

1078 1793 1148 1826 usui
1170 1800 1200 1826 et
1220 1794 1405 1827 adiumento
1419 1805 1487 1828 esse
1496 1799 1616 1838 potest3
1631 1795 1672 1828 oh
1687 1806 1741 1829 eas
1751 1807 1825 1830 cau-

1077 1858 1126 1879 sas
1139 1847 1340 1880 decrevimus
1349 1853 1470 1881 certam
1486 1848 1642 1892 pecuniae
1653 1859 1822 1891 summam,

1076 1901 1286 1934 benedicente
1305 1901 1453 1943 Domino,
1475 1902 1566 1935 nullo
1578 1908 1763 1936 nostrorum
1774 1914 1824 1937 ex-

1078 1954 1290 1987 traordinario
1310 1965 1407 1988 onere
1432 1960 1628 1997 congestam,
1655 1956 1709 1990 sed
1732 1967 1824 2001 prae-

1078 2012 1126 2040 ter
1145 2006 1223 2039 alias
1243 2012 1328 2040 recte
1348 2008 1547 2051 colligendae
1571 2009 1728 2052 pecuniae
1746 2010 1821 2051 vias,

1075 2065 1185 2093 nostra
1216 2060 1311 2107 etiarn
1345 2061 1543 2104 parsimonia
1572 2062 1822 2107 frugalitateque

1076 2113 1240 2157 pontificia
1260 2120 1491 2158 comparatam,
1508 2114 1570 2148 hoc
1591 2121 1638 2148 est
1656 2116 1696 2149 ad
1715 2116 1822 2151 decies

1076 2173 1212 2208 centena
1232 2166 1332 2200 millia
1343 2177 1517 2201 aureorum
1529 2179 1712 2210 nummum,
1731 2180 1822 2214 sepo-

1076 2231 1162 2261 nere,
1183 2225 1346 2265 tamquam
1370 2232 1497 2255 sacrum
1517 2222 1677 2257 Ecclesiae
1705 2223 1821 2257 Roma-

1076 2284 1134 2307 nae
1165 2274 1328 2318 peculium
1355 2280 1387 2308 et
1410 2274 1623 2319 praecipuum
1643 2276 1818 2317 aerarium,

1075 2327 1162 2371 quod
1182 2327 1344 2361 honorum
1364 2327 1582 2362 immobilium
1596 2328 1695 2362 instar
1707 2330 1758 2371 sit,
1772 2336 1820 2363 at-

1075 2392 1138 2424 que
1166 2382 1205 2414 ad
1231 2387 1334 2415 certos
1354 2392 1457 2423 casus,
1479 2381 1540 2415 hac
1562 2389 1668 2416 nostra
1690 2383 1820 2417 ordina-

1077 2430 1163 2463 tione
1186 2431 1418 2474 praescriptos,
1445 2431 1665 2475 erogandum,
1683 2431 1821 2466 fideliter

1076 2480 1263 2524 integreque
1283 2486 1492 2521 reservatum,
1510 2490 1547 2513 ac
1574 2481 1740 2524 praeclare
1761 2491 1818 2525 pa-

1076 2534 1180 2561 ratum
1201 2529 1269 2572 ipsa
1288 2528 1384 2562 Sedes
1406 2529 1589 2573 Apostolica
1612 2529 1818 2574 Ecclesiaque

1075 2577 1218 2610 Romana
1232 2578 1358 2611 habeat..
1376 2577 1501 2611 Etenim
1511 2578 1596 2611 inter
1605 2578 1712 2612 omnia
1726 2587 1819 2621 prae-

1075 2626 1155 2660 sidia
1173 2637 1211 2661 ac
1229 2626 1444 2670 firmamenta,
1460 2637 1543 2672 quae
1562 2627 1602 2661 ad
1621 2626 1818 2672 reipublicae

1857 959 1895 982 nie
1909 960 1958 983 tdeo
1971 943 2013 989 Pd-

1843 987 1895 1009 tifex
1952 989 2021 1017 duel„
2030 986 2033 994 ¹

1843 1021 1935 1040 centena
1960 1019 2022 1047 urim:
2030 1019 2032 1055 Ι
2041 1010 2047 1060 2

1843 1054 1954 1072 aureorum
1966 1054 2031 1074 nu

1842 1119 1897 1134 auno
1917 1115 1950 1136 sul
1968 1109 2032 1145 1503-¹

1841 1145 1932 1166 titianus
1973 1145 2020 1173 Mic

1840 1207 1920 1235 absque
1933 1208 2018 1232 nuo-m
2042 1222 2045 1227 ι

1841 1241 1913 1261 oneri·
1934 1241 2019 1268 imponi-
2043 1255 2045 1258 -

1840 1272 1900 1295 tione
1919 1271 2011 1302 eom
