2059 3228
22 227 159 258 .c.1588

828 228 930 253 Sletis
954 228 971 252 V

171 286 303 326 propter
318 284 498 328 praedictas
517 284 563 317 vel
585 283 674 323 alias,
696 282 791 316 etiam
803 293 916 325 urgen-

164 332 268 367 -tiores
291 340 322 368 et
346 336 598 379 urgentissimas,
621 336 716 369 etiam
742 341 914 369 consuetu-

169 385 244 420 dine
263 389 445 431 permissas‚
483 400 606 428 causas,
639 388 760 422 etiamsi
782 389 820 421 ab
845 388 915 420 aliis

169 441 331 482 provocati
344 447 373 474 et
386 442 521 475 lacessiti
534 442 662 479 suerint,
677 442 770 474 etiam
786 447 916 484 propter

168 496 200 524 et
214 492 366 527 adversus
377 495 562 528 huiusmodi
573 495 754 527 manifestas
772 494 915 533 iniurias,

168 550 225 578 aut
258 548 502 590 recuperandae
522 549 569 581 vel
597 548 820 591 adipiscendae
845 558 916 590 pos-

168 598 321 632 sessionis
331 611 386 633 seu
403 601 494 644 qnasi
515 600 744 640 dominiorum,
765 607 915 637 statuum,

167 652 350 693 feudorum,
373 654 589 697 praediorum,
611 664 774 698 agrorum,
789 654 914 693 finium,

167 704 309 739 limitum
321 712 352 739 et
362 707 574 740 terminorum
588 718 624 741 ac
635 717 915 751 quorumcumque

168 757 289 791 iuriurn
310 765 341 792 et
366 760 526 793 bonorum
547 760 586 794 ad
607 770 660 793 eos
680 761 727 792 vel
748 760 785 792 ad
812 761 915 793 eecle-

167 810 242 851 sias,
260 813 469 853 monasteria‚
487 813 669 857 hospitalia,
683 813 721 846 de
740 824 852 846 eorum
866 814 914 846 iu-

166 869 405 907 repatronatus,
424 876 478 899 seu
513 867 750 910 praesentandi,
773 873 828 900 aut
858 868 916 899 snb

166 916 313 960 ipsorum
352 929 442 959 cura,
464 919 739 952 administratione
769 921 815 952 vol
841 932 915 964 pro—

167 970 308 1004 tectione
334 977 466 1016 recepta
491 972 734 1015 quomodolibet
756 974 916 1016 pertinen—

167 1023 261 1064 tium,
280 1024 344 1058 sive
363 1025 521 1058 violenter
552 1031 605 1058 aut
627 1026 666 1059 de
684 1026 765 1059 t'acto
783 1038 912 1070 recupe-

168 1080 268 1117 ratae,
289 1077 337 1110 vel
353 1078 500 1122 adeptae,
515 1079 702 1112 retinendae
722 1085 750 1111 et
766 1081 913 1121 tuendae,

169 1128 218 1162 vel
237 1129 301 1163 alio
320 1131 432 1173 quovis
450 1136 616 1174 praetextu
633 1137 686 1164 ant
706 1133 848 1174 quaesito
864 1144 916 1166 co-

167 1181 238 1215 lore
259 1182 307 1215 vel
327 1182 468 1225 ingenio,
491 1184 628 1216 rnilitum
655 1186 764 1228 copias
787 1196 912 1227 cogere,

169 1244 359 1279 comparare
388 1237 436 1269 vel
461 1237 592 1277 ducere,
615 1248 691 1271 neve
711 1240 848 1282 populos
868 1241 913 1272 vel

168 1286 357 1331 singillatim
391 1290 569 1332 singulares
596 1302 760 1334 personas,
788 1293 916 1335 publice

166 1346 224 1374 aut
244 1341 404 1385 privatim,
420 1342 525 1386 palam
545 1344 590 1375 vel
612 1344 746 1383 occulte,
764 1345 802 1377 ad
817 1356 915 1385 arma,

170 1399 207 1427 ut
228 1394 350 1428 dictum
379 1401 436 1435 est,
473 1406 660 1437 convocare,
700 1398 914 1438 conclamare,

997 229 1043 252 rr.
1572 215 1650 250 ’1001

957 280 1088 323 ligendi,
1111 279 1140 312 id
1157 284 1278 313 lantum
1300 279 1516 324 peimittimns
1536 284 1566 311 ct
1586 288 1698 311 eonce-

956 333 1062 366 dimus
1082 333 1114 365 in
1140 333 1265 366 casibus
1286 333 1506 376 insiascriptis,
1528 342 1644 375 nempe
1664 337 1699 364 ut

956 385 1110 429 praedicti
1131 386 1229 418 duces
1255 391 1285 418 et
1309 387 1361 418 alii
1382 385 1536 429 praedicti
1555 395 1699 417 ‹ommu

956 437 1069 470 nitates
1102 444 1131 471 ct
1166 440 1401 477 universitates,
1435 450 1506 472 suas
1545 439 1697 476 civitates.

956 490 1085 533 oppida,
1107 495 1218 531 terras,
1245 498 1359 531 casti-a,
1377 492 1500 529 domos,
1524 491 1622 530 villas,
1642 491 1699 524 do-

958 543 1066 583 minia,
1088 544 1160 578 loca
1179 551 1207 577 et
1244 545 1405 578 territoria
1430 558 1445 577 3
1467 546 1700 586 grassatoribus

956 597 1090 636 viarum,
1123 597 1312 636 latronibus,
1343 599 1465 630 sicariis
1498 605 1527 630 et
1548 598 1698 639 bannitis,

956 650 1092 692 aliisque
1108 650 1266 683 similibus
1284 651 1417 684 notoriis
1437 651 1699 694 delinquentibus

957 702 1139 742 defendant,
1153 703 1229 736 dum
1247 704 1286 736 ab
1302 704 1378 748 ipsis
1398 710 1470 737 actii
1493 704 1696 742 infestantur,

958 756 1002 787 vel
1033 761 1067 788 ut
1098 766 1211 789 secura
1235 763 1267 790 et
1293 765 1465 800 expurgata
1497 757 1696 796 custodiant,

958 819 1065 841 reosve
1083 810 1209 853 capiant
1221 810 1512 854 etapprehendant,
1526 811 1573 843 vel
1587 816 1696 855 captos,

956 867 986 894 et
996 863 1224 906 apprehensos,
1237 863 1520 906 gubernatoribus,
1544 868 1698 906 postesta-

957 915 1050 953 lilius,
1075 915 1235 949 iudicibus
1267 916 1373 948 aliisve
1404 915 1639 957 magistratibus
1668 922 1697 948 et

956 968 1147 1001 officialibus
1167 969 1304 1008 tradant,
1327 969 1389 1001 sive
1419 975 1454 1001 ut
1473 968 1587 1001 Curiae
1607 969 1699 1001 mini-

956 1021 1027 1057 stris
1057 1021 1207 1054 adversus
1227 1022 1306 1054 tales
1328 1021 1524 1055 facinorosos
1544 1021 1697 1054 auxilium

955 1078 985 1106 ct
1005 1084 1097 1117 opem
1117 1074 1316 1118 impendant,
1340 1075 1425 1107 iuxta
1436 1075 1697 1108 constitutionem

957 1133 1096 1159 nostram
1135 1128 1214 1160 alias
1242 1139 1339 1171 super
1362 1128 1424 1160 hoc
1448 1128 1579 1165 editam;
1601 1130 1647 1161 vel
1674 1128 1698 1160 si

955 1181 993 1212 ad
1015 1182 1132 1214 tuenda
1146 1188 1174 1214 et
1188 1182 1421 1225 propugnanda
1438 1182 1507 1214 loca
1527 1182 1697 1221 maritima,

957 1238 1018 1265 lam
1058 1234 1090 1265 in
1117 1234 1271 1277 Tliyrreni
1300 1245 1396 1277 quam
1425 1235 1577 1268 Adriatici
1604 1237 1698 1269 maris

957 1287 1076 1325 littore,
1106 1288 1295 1331 periculosis
1320 1289 1518 1331 temporibus
1551 1289 1699 1323 adversus

956 1340 1075 1372 Turcas
1094 1346 1124 1373 et
1149 1341 1279 1384 piratas,
1292 1342 1340 1374 vel
1357 1341 1436 1374 alias
1460 1353 1496 1374 ex
1517 1348 1626 1375 nostro
1651 1344 1699 1376 vet

957 1399 1138 1426 nostrorum
1156 1404 1378 1427 successorum
1390 1395 1608 1428 Romanorum
1620 1396 1700 1429 Pon-

170 1447 334 1481 concitare
352 1475 360 1490 ,
398 1459 504 1493 neque
543 1455 741 1482 armatorum
782 1462 916 1490 manus,
957 1446 1078 1479 iilicum
1103 1454 1288 1491 praecepto,
1311 1448 1349 1481 ad
1369 1459 1457 1480 arma
1487 1459 1540 1482 eos
1561 1460 1699 1482 concur-

171 1505 294 1542 coetus,
314 1508 488 1535 conventus
517 1513 573 1536 seu
594 1503 720 1535 illicitas
749 1509 776 1536 et
797 1505 917 1536 tiimul-
958 1510 1026 1532 rere
1046 1501 1227 1543 contigerit.
1246 1500 1305 1534 Sed
1326 1507 1356 1534 et
1376 1501 1400 1533 si
1421 1501 1492 1545 quis
1511 1502 1593 1535 alius
1612 1503 1699 1535 eius-

170 1559 280 1587 mosas
313 1555 477 1595 collectaS‚
513 1556 561 1589 vel
594 1557 702 1597 etiam,
734 1562 768 1589 ut
792 1563 915 1598 vocant,
958 1554 1042 1586 modi
1062 1565 1155 1587 casus
1183 1554 1322 1597 ingruat,
1348 1555 1403 1598 qui
1428 1555 1575 1588 simililer
1593 1567 1698 1589 arma-

171 1608 349 1641 cavaleatas
366 1609 415 1642 vel
430 1610 585 1643 adunatas
604 1609 708 1643 facere
728 1611 775 1643 vel
789 1610 918 1644 insimul
936 1621 940 1635 ·
958 1617 1063 1639 turum
1088 1606 1243 1640 auxilium
1269 1607 1442 1650 deposcere
1462 1608 1618 1648 videatur,
1641 1619 1701 1641 no—

172 1670 383 1705 congregare,
410 1669 465 1695 aut
497 1663 617 1706 aliquid
639 1664 838 1705 huiusmodi,
860 1676 919 1708 per
935 1647 940 1714 ι,
956 1659 1060 1692 verint
1090 1671 1161 1700 nos,
1182 1665 1236 1692 aut
1256 1671 1313 1703 pro
1341 1667 1486 1704 tempore
1512 1662 1699 1695 existentem

172 1724 206 1747 se
225 1714 274 1748 vel
311 1725 370 1758 per
403 1715 515 1757 alium,
537 1716 643 1749 moliri
668 1723 722 1749 aut
742 1718 919 1750 machinari
937 1726 938 1731 ·
958 1714 1139 1746 Romanum
1160 1714 1611 1757 Pontificem,quamprimum
1625 1726 1699 1747 con-

169 1766 289 1800 audeat
305 1768 354 1801 vel
373 1774 567 1813 praesumat.
590 1769 692 1808 Quaie
712 1770 760 1802 his
772 1781 920 1813 praesen·
937 1785 941 1821 ἱ
958 1767 1107 1800 sulendos
1132 1777 1211 1807 esse,
1230 1778 1247 1799 3
1272 1767 1389 1810 quibus
1424 1773 1480 1799 aut
1514 1774 1700 1811 promptum

173 1819 260 1854 libus
279 1831 450 1855 monemus
474 1828 539 1855 tam
564 1823 666 1856 dictos
692 1823 790 1856 duces
810 1829 840 1856 et
868 1834 918 1856 10-
937 1826 941 1854 ἰ
958 1820 1136 1853 subsidium
1158 1826 1213 1852 aut
1232 1819 1395 1852 licentiam
1410 1831 1488 1864 supe
1486 1831 1507 1852 ,ι-
1517 1821 1655 1864 ρι’53οῐῐῑί
1644 1821 1700 1852 sis

171 1872 291 1918 liquos,
312 1885 409 1918 quam
429 1877 676 1909 communitates
707 1888 743 1909 ae
763 1876 919 1910 univeisi-
938 1863 1053 1906 icilius
1090 1873 1319 1917 impeti-hibunt
1360 1875 1391 1906 Si
1426 1884 1500 1906 telo
1531 1873 1701 1906 necessitas

172 1932 265 1969 tates,
286 1938 370 1972 quae
388 1939 486 1972 super
505 1930 705 1973 possessione
737 1941 791 1963 seu
815 1931 917 1974 quasi,

173 1984 230 2013 aut
252 1991 352 2024 super
370 1981 501 2023 finibus,
523 1982 680 2015 limitibus
699 1993 755 2015 seu
776 1983 921 2016 terminis

174 2033 327 2067 territorii
345 2034 394 2067 vel
405 2045 568 2078 agrorum,
581 2041 637 2068 aut
649 2035 720 2068 aliis
735 2036 919 2069 huiusmodi

175 2085 282 2127 rebus,
301 2086 426 2131 aliquas
441 2087 525 2121 inter
539 2099 572 2121 se
590 2089 659 2122 lites
674 2089 721 2121 vel
737 2095 920 2122 controver-

168 2138 238 2185 sias
256 2139 390 2180 habent,
418 2145 454 2173 ut
485 2140 510 2173 si
540 2141 610 2174 illas
639 2141 922 2174 extraiudicialiter

165 2197 233 2230 ,aut
268 2192 484 2226 amicabiliter
507 2204 714 2237 componere,
741 2205 796 2226 sen
826 2205 923 2237 supet

176 2297 211 2331 in
230 2298 389 2332 iudicium
407 2300 581 2340 deducant,
601 2300 663 2333 sive
683 2301 838 2333 dedue‘lts
852 2312 923 2344 pi·-o

179 2357 367 2394 sequantur,
394 2358 425 2385 et
452 2353 555 2386 donec
579 2353 686 2395 legum
718 2364 755 2386 30·
780 2353 922 2385 iudicum

180 2399 370 2433 anctoritate
389 2400 462 2434 illae
483 2401 689 2441 definiantur,
711 2413 766 2435 seu
788 2402 925 2434 iustiliae

181 2447 456 2491 complementum
487 2449 545 2482 sibi
579 2450 788 2490 ministretur,
824 2460 925 2493 aequo

180 2496 292 2529 animo
311 2496 415 2530 serant
434 2504 464 2531 et
483 2504 662 2541 expectent.

193 2555 196 2557 ·
225 2544 291 2588 §2
318 2545 480 2587 Ceterum,
507 2547 659 2590 qnoniam
685 2546 846 2579 interdum
868 2546 926 2578 ali-

181 2603 246 2635 qua
266 2600 360 2636 urget
385 2595 510 2628 occasio
530 2601 668 2628 armatos
695 2595 842 2628 homines
862 2595 927 2627 col-

263 2641 342 2671 11311.
367 2642 443 2672 Rom.
467 2643 519 2673 l'ol.
542 2643 611 2673 1”ΙΙΙ.
795 2643 850 2672 (τὶϋ

960 1927 1038 1960 adeo
1058 1932 1172 1967 uroeat
1201 1932 1255 1959 aut
1275 1926 1417 1969 impelle*
1449 1933 1483 1959 ut
1507 1926 1546 1958 ad
1569 1937 1629 1959 nos
1648 1932 1703 1959 :int

959 1980 998 2012 ad
1018 1989 1218 2012 successores
1236 1985 1360 2012 nostros
1379 1980 1559 2022 praedictos
1573 1980 1604 2011 in
1621 1986 1702 2012 tem-

960 2044 1038 2077 pore
1057 2033 1102 2065 vel
1128 2038 1311 2077 opportune
1335 2043 1457 2065 recurri
1491 2043 1555 2064 non
1590 2034 1702 2075 possit,

961 2092 1037 2119 tunc
1045 2086 1295 2130 provinciarum,
1305 2085 1481 2124 civitatum,
1494 2085 1703 2128 oppidorum,

962 2145 1120 2172 terrarum
1137 2144 1169 2171 et
1187 2139 1332 2171 locorum
1353 2137 1527 2181 praesides,
1546 2138 1707 2180 guberna-

962 2199 1057 2231 tores,
1077 2193 1292 2225 localenentes
1309 2197 1339 2224 et
1359 2191 1441 2224 offici
1446 2191 1510 2224 ales
1529 2201 1547 2223 a
1567 2191 1658 2222 nobis
1675 2197 1708 2223 et

177 2245 223 2278 eis
239 2245 415 2289 transigere
426 2247 595 2280 commode
608 2253 781 2291 nequeunt,
796 2247 921 2279 casdem
941 2256 944 2279 l
963 2246 1042 2279 Sede
1060 2245 1242 2289 Apostolica
1261 2245 1429 2288 ὁρμαί-530
1450 2245 1577 2284 adeant,
1595 2244 1708 2286 eisque

940 2281 1147 2331 'huiusmodi
1172 2298 1368 2331 necessitatis
1388 2308 1500 2330 causas
1532 2307 1645 2341 &pon
1638 2303 1706 2335 int

965 2362 1000 2384 ac
1021 2352 1059 2383 ’ὼ
1079 2351 1177 2395 ipsis
1170 2362 1259 2384 arma
1279 2351 1425 2384 sumendi
1444 2351 1605 2383 licentiam
1627 2350 1709 2382 obti-

965 2406 1073 2437 neant,
1096 2401 1138 2432 ita
1169 2406 1204 2432 ut
1231 2400 1308 2433 tales
1333 2405 1532 2432 armatorum
1556 2399 1711 2432 collectas

966 2450 1004 2482 de
1039 2449 1175 2482 alicuius
1213 2460 1248 2482 ex
1286 2448 1508 2492 superioribus
1536 2448 1713 2490 praedictis

1724 222 1777 249 An⁴
1797 224 1823 247 (ζ.
1849 223 1898 250 1:31³

1741 284 1767 303 (,“ι
1771 288 1821 303 »itis
1854 289 1897 307 ⁶¹1⁴·

1714 321 1726 335 u
1740 315 1771 334 ‹tli-
1762 289 1850 340 ‘tupi-1
1830 315 1862 333 uh!
1867 314 1898 333 Ι.ιι-

1714 346 1777 366 tione

968 2498 1122 2541 permissu
1143 2498 1190 2530 vel
1211 2498 1399 2530 auctoritate
1420 2496 1516 2529 saetas
1537 2496 1715 2529 suisseina-

968 2547 1081 2579 nil'esto
1102 2552 1236 2579 constet

1012 2594 1076 2637 §3
1099 2594 1189 2633 Quod
1215 2594 1238 2626 si
1266 2594 1338 2637 quis
1369 2599 1478 2627 contra
1509 2600 1712 2638 praesentem
