2059 3228
352 187 415 223 89⁶2

307 255 335 283 et
368 247 542 292 praecipue
572 247 610 279 ‹le
648 249 756 278 nostra
790 240 932 281 licentia,
959 239 1057 272 verbo

307 312 471 341 concessa,
494 311 552 344 per
571 300 705 332 dilectos
716 296 799 330 filios
819 295 947 328 Petrum
961 293 1057 326 Fran-

306 356 426 389 cist-um
447 354 557 387 Riram
575 353 804 390 Veronensem,
825 353 984 382 rectorem
1006 357 1058 389 ge-

306 408 462 444 neralem,
485 411 514 439 et
541 404 734 439 diffinitores
765 407 879 447 quarta
895 400 1057 434 dominica

305 468 375 505 post
396 461 481 493 dicta
500 459 580 492 festa
606 456 774 491 Pascbalia
799 457 830 489 in
861 453 1058 488 monasterio

306 516 421 548 Boutae
455 513 572 547 Mariae
602 510 693 544 Pacis
728 511 767 544 de
791 509 875 543 Urbe
896 508 1056 541 dictorum

305 567 431 601 Ordinis
464 572 497 600 et
530 563 790 608 congregationis
828 562 932 595 diaeta
948 560 1058 593 habita

306 620 380 654 [uit.
1019 622 1034 635 ‘¹

348 675 363 718 ἓ
383 673 415 707 2.
437 673 472 707 In
493 683 569 717 qua,
583 677 617 705 ut
631 670 725 705 nobis
743 671 880 704 relatum
898 674 956 708 est,
974 668 1057 701 idem

133 739 197 761 laea
208 740 291 761 eiectus
305 734 411 761 rector
426 733 457 760 et
474 726 668 760 diffinitores
692 724 847 758 dilectum
870 722 971 755 tilium
994 721 1058 753 An-

109 773 291 823 ἶζῖξζῗιοζοῖἰζῗξ,
304 782 415 815 (li-eam
424 781 673 815 Cremonensem
682 778 715 811 in
724 777 935 816 visitatorem,
945 781 975 808 et
988 775 1060 818 plu-

107 834 222 884 Jssfffiffl
234 834 291 860 ’πῖθ’
305 847 356 869 res
375 835 455 868 alios
476 834 510 867 in
523 833 655 867 abbates
670 830 940 865 monasteriorum
956 829 987 862 S.
999 829 1058 861 Pe-

304 889 345 922 tri
371 889 409 922 de
434 888 520 921 Pado
552 885 774 925 Cremonensi,
806 884 838 918 S.
862 883 993 917 Modesti
1021 882 1059 914 cle

304 943 498 981 Benevento,
511 952 548 974 ac
561 940 592 974 S.
606 939 667 972 Viti
680 948 782 983 prope
800 943 830 971 et
843 942 932 970 extra
950 945 1061 968 muros

305 996 505 1035 Mantuanos,
527 999 558 1027 et
575 993 718 1038 priorem
728 991 761 1025 S.
775 990 892 1024 Mariae
904 990 942 1022 de
957 989 1059 1029 Creta,

305 1054 458 1083 crearunt
477 1053 508 1082 et
531 1048 740 1092 deputarunt,
755 1051 784 1078 et
801 1044 864 1078 alia
883 1048 1061 1077 tractarunt

305 1109 336 1138 et
364 1108 544 1147 gesserunt,
571 1111 655 1145 quae
683 1100 787 1134 dictae
817 1096 1060 1142 congregationi

307 1158 470 1190 duxerunt
494 1155 656 1199 expedire.

351 1211 367 1255 §
378 1209 409 1244 3.
420 1210 457 1243 Et
470 1215 541 1253 post
556 1209 641 1242 hanc
652 1207 792 1241 diaetam
806 1205 969 1250 quondam
982 1204 1062 1238 Che-

135 1279 177 1300 Sea
209 1280 292 1299 monuo
308 1263 444 1298 rubinus
462 1262 633 1306 Reparius‚
655 1260 733 1295 dicti
752 1258 939 1293 monasterii
958 1258 1062 1291 Beatae

109 1312 294 1336 '¹''¹'⁰¹¹‘⁶¹⁰'⁸g³‘
309 1317 424 1352 Mariae
448 1316 557 1355 abbas,
595 1320 627 1349 et
664 1313 766 1359 ipsius
803 1311 1063 1355 congregationis

110 1343 179 1362 norati
226 1343 290 1361 ante-

107 193 163 224 An.
176 193 197 223 C
222 193 290 224 1587

111 1376 294 1398 *vmffiuffm‘ff
308 1376 502 1416 procurator
535 1368 696 1412 generalis
714 1368 747 1400 in
776 1366 891 1400 ultimo
921 1365 1082 1409 capitulo*

309 1426 343 1459 in
363 1425 490 1459 civitate
511 1430 619 1457 nostra
634 1419 870 1455 Ravennatensi
886 1419 1061 1460 celebrato,
1081 1430 1082 1435 ¹

111 1409 131 1425 ei
142 1403 186 1424 dart
201 1405 284 1430 possen

310 1479 488 1513 insolidhm
508 1487 582 1511 cum
607 1476 694 1509 dicto
714 1480 841 1508 rectore
861 1473 1017 1517 generali,
1035 1478 1065 1506 et

311 1543 386 1567 eum
407 1531 521 1576 amplis
542 1529 749 1563 facultatibus
777 1529 810 1561 in
841 1527 918 1561 actis
950 1526 1064 1559 Hiero-

312 1586 399 1631 nymi
409 1597 425 1619 a
445 1586 539 1619 Porta
560 1583 673 1618 notarii
685 1581 807 1627 publici
817 1580 1063 1620 Ravennatensi‚

313 1640 364 1673 die
384 1638 549 1683 trigesima
573 1637 688 1681 aprilis
713 1635 790 1669 anni
812 1634 940 1668 Domini
960 1633 1065 1667 mille-

313 1693 386 1727 simi
423 1691 673 1737 quingentesimi
712 1689 923 1733 octuagesimi
945 1688 1063 1732 quarti,

314 1758 420 1792 nuper
443 1746 530 1780 diem
546 1744 661 1779 clausit
680 1749 872 1784 extremum,
895 1748 924 1776 et
943 1742 1066 1775 dictum

316 1800 501 1834 mandatum
513 1799 552 1833 ad
570 1798 747 1832 triennium
768 1797 933 1830 dumtaxat
950 1796 1066 1829 sactum

315 1853 485 1897 expiravit,
507 1853 593 1886 unde
614 1851 761 1895 negocia,
795 1850 867 1883 lites
894 1854 925 1883 et
953 1860 1067 1882 causae

316 1908 419 1940 dictae.
431 1905 690 1950 congregationis
705 1905 754 1938 rix
767 1904 908 1944 tractari,
924 1902 1068 1947 expediri

317 1967 345 1993 et
366 1961 508 2004 legitime
522 1959 651 1994 defendi
663 1969 756 2003 posse
771 1958 934 1998 videntur,
950 1963 984 1990 ut
1004 1968 1070 1989 ma-

317 2026 415 2057 gnum
437 2015 510 2048 inde
527 2019 633 2059 potest
657 2013 812 2046 damnum
834 2017 863 2045 et
887 2011 1068 2044 incommo-

319 2069 395 2101 dum
413 2068 582 2102 resultare.

362 2123 377 2166 ξ
398 2122 430 2156 li«.
457 2121 631 2166 Cupientes
648 2121 755 2164 itaque
776 2119 921 2153 eiusdem
934 2129 1070 2162 congre-

146 2185 244 2206 ronutex
260 2188 306 2205 acia
319 2175 456 2219 gationis
476 2174 679 2209 indemnitati
700 2174 883 2214 consulere,
902 2173 1071 2218 ipsamque
1112 2176 1316 2220 gregationis,
1346 2187 1546 2219 suorumque
1577 2176 1858 2212 monasteriorum,

122 2217 142 2237 in
166 2217 221 2236 dicta
236 2217 304 2236 diaeta

122 2248 238 2271 confirmat,
253 2247 304 2268 eie-
320 2229 514 2273 specialibus
539 2228 700 2262 favoribus
721 2234 750 2260 et
775 2227 884 2270 gratiis
908 2213 1092 2272 prosequi,i
1114 2233 1272 2264 bonorum
1293 2236 1323 2263 et
1356 2230 1476 2263 ini-ium
1499 2229 1730 2262 confirmamus
1756 2236 1785 2262 et
1820 2230 1858 2262 (le

123 2281 248 2304 rttonasque
280 2284 305 2297 o-

124 2315 183 2329 mncs
198 2310 217 2329 iu

124 2346 168 2360 ως
183 2340 292 2366 aviwobss-
321 2336 401 2368 nalis
421 2335 713 2379 supplicationibus
738 2336 797 2368 hac
818 2335 850 2368 in
870 2341 961 2379 parte
982 2336 1073 2369 incli-

322 2384 397 2421 nati,
418 2395 454 2417 ex
475 2390 563 2417 certa
583 2391 691 2418 nostra
715 2384 848 2418 scientia
869 2392 900 2418 et
933 2385 971 2418 de
996 2397 1074 2430 apo-

322 2434 452 2465 stolicae
470 2434 634 2473 potestatis
647 2433 860 2477 plenitudine,
875 2434 1071 2469 creationem

323 2487 350 2514 et
380 2482 673 2516 ‹li-nominationem
707 2483 889 2524 visitatoris,
921 2484 1073 2518 abbatum

324 2536 350 2561 ot
382 2531 497 2573 prioris
518 2532 757 2574 praedictorum
783 2538 815 2566 et
848 2544 1074 2578 quaecumque

326 2580 356 2609 in
375 2579 440 2623 ipsa
452 2578 555 2616 diaeta
570 2587 669 2626 gesta,
683 2581 857 2631 apostolica
872 2583 1073 2629 auctoritate,

900 186 1079 212 nttLLMttUM
1099 185 1248 210 ROMANL'M

1082 1498 1083 1509 t
1104 1476 1327 1522 pedimentum
1348 1476 1479 1520 aliquod
1500 1475 1664 1519 patiantur
1680 1475 1726 1508 vel
1746 1475 1854 1508 incur-

235 2316 260 2329 Μ
273 2308 305 2328 fa,
321 2294 355 2316 ac
377 2283 452 2316 dicti
474 2282 570 2315 Marci
591 2281 720 2315 Antonii
749 2281 895 2326 episcopi
915 2288 944 2315 et
966 2283 1071 2316 cardi-
1090 2267 1093 2319 i
1114 2295 1193 2317 noro
1213 2285 1418 2328 deputamus,
1433 2284 1472 2316 ad
1485 2284 1611 2316 easdem
1630 2293 1742 2316 omnes
1762 2284 1861 2316 sarul-

1859 180 1912 210 An.
1929 181 1958 212 C.
1969 179 2018 218 ¹,

1098 243 1210 271 tenore
1230 236 1462 281 praesentium,
1476 237 1704 283 approbamus,
1728 237 1847 281 illaque
2009 235 2012 240 '

1098 290 1137 324 de
1147 291 1309 324 voluntate
1320 295 1351 323 et
1361 300 1518 324 consensu
1533 296 1641 325 nostro
1649 292 1731 325 sacta
1740 290 1847 331 fuisse,

1099 350 1129 378 et
1162 343 1387 388 plenissimum
1421 344 1580 377 firmitatis
1603 345 1702 378 robur
1726 345 1848 379 habere

1099 397 1315 439 decernimus,
1331 397 1465 442 perinde
1481 408 1517 430 ac
1536 397 1561 430 si
1577 398 1610 430 in
1622 397 1690 441 ipso
1705 398 1847 443 capitulo

1098 452 1239 495 generali
1253 451 1394 495 legitime
1408 452 1568 485 celebrato
1588 451 1763 496 praemissa
1777 463 1848 486 om-

1099 505 1151 539 nia
1169 512 1257 548 gesta
1278 505 1423 539 fuissent.
1445 505 1530 538 Alios
1553 515 1683 549 qnoque
1706 505 1847 539 visitato-

1099 570 1161 601 res,
1180 558 1322 600 abbates,
1346 558 1480 603 priores,
1495 558 1696 603 praepositos
1712 564 1850 593 eeteros-

1099 624 1163 657 que
1188 613 1348 658 praelatos
1367 618 1397 646 et
1414 613 1568 647 officiales
1579 611 1849 646 monasteriorum

1099 673 1127 701 et
1153 668 1299 700 locorum
1322 667 1397 700 dicti
1417 666 1544 701 Ordinis
1564 677 1651 700 nunc
1666 666 1848 707 existentes,

1099 732 1172 754 cum
1199 721 1350 755 omnibus
1373 721 1579 754 facultatibus
1607 727 1638 755 et
1657 720 1850 760 iurisdictio-

1099 775 1195 808 nibus
1206 775 1310 808 solitis
1330 781 1359 808 et
1372 775 1534 809 consuetis
1549 774 1792 815 confirmamus,
1807 779 1849 816 et,

1099 834 1260 872 quatenus
1279 840 1361 873 opus
1386 829 1436 869 sit,
1465 829 1504 863 de
1528 839 1612 862 novo
1642 829 1847 873 deputamus,

1101 886 1141 915 ita
1157 888 1191 915 ut
1216 893 1329 916 eorum
1346 882 1501 924 officium,
1519 881 1730 926 gubernium,
1749 881 1851 915 admi-

1101 936 1320 970 nistrationem
1343 943 1371 970 et
1391 937 1547 979 regimen,
1569 937 1672 970 donec
1691 935 1724 969 in
1744 935 1850 980 primo

1100 990 1241 1034 capitulo
1261 989 1404 1033 generali
1425 990 1464 1023 de
1489 989 1558 1022 aliis
1585 989 1787 1031 officialibus,
1815 994 1851 1022 ut

1102 1044 1199 1077 moris
1219 1049 1277 1084 est,
1299 1055 1358 1088 per
1368 1043 1648 1087 congregationem
1661 1042 1761 1088 ipsam
1776 1053 1851 1086 pro-

1100 1098 1202 1131 visum
1236 1098 1352 1138 suerit,
1397 1108 1547 1132 exercere
1585 1108 1622 1131 ac
1659 1097 1849 1131 continuare

1101 1152 1235 1185 valeant.

1145 1207 1159 1249 g
1179 1206 1209 1239 5.
1226 1206 1264 1239 Et
1279 1205 1424 1250 insuper,
1442 1216 1494 1247 ne,
1516 1205 1642 1239 defectu
1663 1205 1738 1238 dicti
1758 1215 1850 1238 man·
1890 1219 1968 1241 numm

1102 1260 1166 1293 dati
1186 1259 1346 1303 generalis
1362 1260 1410 1292 rel
1436 1263 1570 1303 propter
1594 1258 1729 1292 dubium
1763 1258 1852 1292 illius
1863 1255 1990 1310 ζῖωνωὲζξ

1102 1313 1282 1354 validitatis,
1303 1314 1372 1357 ipsa
1392 1311 1598 1356 congregatio
1618 1318 1672 1346 aut
1692 1313 1761 1345 eius
1781 1323 1850 1346 mo-
1865 1316 1913 1336 ¹⁰⁰¹-

1104 1367 1243 1399 nasteria
1263 1367 1295 1399 in
1315 1367 1381 1400 suis
1398 1366 1551 1409 negociis,
1570 1365 1678 1407 rebus,
1701 1365 1811 1398 litibus
1821 1371 1853 1399 et

1103 1421 1208 1454 causis
1223 1421 1376 1454 damnum
1401 1421 1448 1454 vel
1467 1419 1703 1464 praeiudicium
1725 1425 1777 1452 aut
1794 1420 1852 1452 im-

1104 1535 1187 1569 rant,
1201 1529 1300 1562 immo
1318 1535 1352 1562 ut
1372 1529 1495 1574 possint
1508 1529 1615 1562 onmia
1631 1528 1853 1562 incumbentia

1105 1583 1226 1617 utiliter
1246 1583 1407 1628 expedire,
1421 1589 1449 1616 et
1467 1583 1655 1627 praesertim
1678 1588 1713 1616 ut
1729 1588 1854 1616 contra-

1105 1643 1186 1678 ctus,
1221 1637 1275 1681 qui
1305 1637 1436 1670 nomine
1465 1636 1566 1670 dictae
1598 1636 1854 1680 congregationis

1105 1702 1178 1724 cum
1201 1691 1317 1725 dilecto
1338 1691 1404 1724 silio
1424 1691 1535 1724 Ioanni
1555 1691 1696 1734 Baptista
1719 1691 1854 1734 Lurago,

1106 1752 1134 1779 et
1151 1746 1314 1790 quondam
1334 1745 1491 1789 Pompilio
1511 1745 1662 1778 fratribus
1679 1745 1852 1788 germanis,

1107 1810 1204 1844 super
1223 1799 1417 1832 extinctione
1443 1809 1598 1832 censuum
1631 1799 1747 1832 valoris
1775 1809 1854 1841 qua-

1108 1853 1351 1896 dringentorum
1372 1852 1511 1885 millium
1526 1858 1690 1886 scutorum
1712 1852 1780 1885 auri
1801 1863 1853 1885 ce-

1109 1907 1233 1947 lebrati,
1257 1913 1287 1940 et
1306 1917 1365 1951 per
1383 1917 1442 1939 nos
1476 1906 1507 1938 in
1537 1907 1639 1939 forma
1666 1906 1770 1939 brevis
1803 1905 1853 1951 (ΙίιοῚ

1111 1970 1161 1993 xm
1175 1960 1293 1994 mensis
1309 1960 1378 1993 iulii
1398 1970 1577 1997 MDLxxxvn,
1590 1960 1770 1993 confirmati
1788 1960 1856 1992 sue-

1111 2020 1196 2054 runt,
1215 2014 1398 2059 adimpleri,
1421 2015 1523 2048 eidem
1550 2015 1642 2047 Petro
1670 2014 1853 2053 If'mnciseo,

1110 2079 1204 2110 quem
1229 2068 1261 2101 in
1281 2074 1440 2101 recto-‘em
1465 2069 1646 2112 generalem
1669 2073 1764 2111 atque
1784 2078 1858 2112 pro-

1111 2129 1293 2156 curatorem
1305 2128 1334 2156 et
1352 2122 1644 2156 administratorem
1663 2122 1766 2155 dictae
1780 2133 1857 2154 con-

1114 2344 1191 2371 tates
1205 2344 1234 2370 et
1254 2338 1471 2378 auctoritates,
1486 2348 1568 2382 quae
1583 2338 1612 2370 in
1634 2337 1719 2370 dicto
1741 2337 1860 2369 instru-

1115 2393 1221 2420 mento
1239 2387 1393 2421 mandati.
1409 2398 1445 2420 ex
1465 2386 1542 2419 actis
1563 2386 1858 2430 ipsiusllieionymi

1114 2437 1272 2476 consecto,
1300 2436 1393 2468 cuius
1412 2441 1569 2476 tenorem,
1592 2446 1628 2468 ac
1649 2435 1672 2467 si
1699 2435 1736 2468 tie
1765 2434 1861 2467 rei-bo

1114 2485 1152 2518 ad
1172 2485 1304 2519 verbum
1328 2485 1524 2518 insereretur
1543 2484 1776 2529 praesentibus,
1807 2483 1861 2515 lia-

1114 2534 1182 2567 beri
1205 2535 1353 2568 volumus
1378 2545 1436 2578 pro
1456 2544 1617 2578 expresso,
1640 2532 1766 2577 plenius
1784 2542 1860 2566 eon-

1117 2585 1307 2632 tinetur73c
1328 2583 1365 2616 ad
1393 2583 1500 2616 omnia
1522 2588 1549 2616 et
1571 2582 1695 2624 singula
1714 2580 1858 2621 mmm-ia,
