2059 3228
131 213 185 243 1111.
202 215 225 254 c,
249 214 316 243 1.·-153

168 332 314 355 ὴιςηιωηιος
331 321 518 354 matizamus

132 395 225 419 Stoliras,
236 371 316 416 vel-'iiii’-

135 363 217 385 litteras

131 431 155 446 so
169 425 305 454 fabricaiite53

148 1455 212 1478 Arm·
227 1458 250 1477 et.
264 1455 307 1477 atta

125 1488 200 1514 quibus
249 1488 308 1509 clu-i-

121 1515 186 1540 inani
236 1519 307 1546 impu-

122 1547 214 1576 g'nautur
228 1550 254 1571 ad
272 1551 308 1571 in-

122 1581 197 1603 fideles
211 1581 309 1603 deteren-

122 1615 164 1639 tes,
191 1616 226 1633 aut
254 1618 308 1634 con*

122 1644 235 1665 cernentia
263 1647 309 1664 sta-

123 1677 165 1695 tum
177 1674 307 1702 reipublicae

121 1706 250 1727 christianae
264 1708 308 1727 eis-

121 1739 169 1760 dem
203 1741 310 1761 nuncian-

122 1772 165 1797 tes;

377 204 441 238 41-’11

375 269 391 312 g
411 268 442 302 e.
467 268 544 301 116111
566 267 883 301 excommunicamus
898 274 927 302 et
949 269 1078 302 anathe-

561 331 673 354 omnes
713 321 857 355 falsarios
898 322 1077 356 litterarum

330 374 581 417 apostolicarum
603 380 632 407 et
652 374 685 406 in
706 374 810 408 forma
830 375 933 409 brevis
949 387 985 409 ac
1001 388 1077 420 sup-

328 427 540 471 plicationum
574 428 710 470 gratiam
744 430 793 462 vel
813 429 968 464 iustitiam
1002 442 1078 465 con-

328 480 544 521 cernentium,
561 492 620 525 per
628 480 809 515 Romanum
821 483 1008 517 Pontificem
1027 486 1075 518 vel

327 533 358 567 S.
382 533 418 566 R.
441 533 475 566 E.
505 534 819 569 vice-cancellarium
854 548 910 570 seu
930 544 1076 581 gerentes

326 585 411 619 vices
431 596 558 628 eorum,
585 593 641 621 aut
665 588 704 622 de
739 590 890 624 mandato
929 592 1074 625 eiusdem

325 638 461 672 Romani
492 640 656 675 Pontificis
693 642 904 685 signatarum
937 650 992 677 aut
1015 644 1075 677 sub

325 692 457 726 nomine
477 694 622 728 eiusdem
651 695 786 729 Remani
819 694 984 731 Pontificis
1019 709 1074 731 seu

324 745 597 781 vice-cancellarii
616 755 671 782 aut
685 750 865 792 gerentium
884 751 965 784 vices
984 762 1076 795 prae-

325 799 487 834 dictorum
504 801 1072 848 signantessupplicationeseasdem;

324 863 361 887 ac
381 854 476 887 etiam
497 855 581 889 falso
597 856 789 891 fabricantes
802 858 924 892 litteras
948 865 1075 903 aposto-

324 906 402 941 licas
421 913 453 941 et
475 909 508 941 in
529 909 631 942 forma
650 910 754 944 brevis
770 923 806 945 ac
822 913 1075 956 supplicationes

323 959 522 994 huiusmodi.
559 963 772 997 Extendentes
809 966 1073 1000 constitutionem

323 1013 427 1047 felicis
446 1016 679 1049 recordationis
698 1017 877 1051 Innocentii
897 1019 1000 1063 Papae
1019 1021 1070 1062 ΙΙΙ,

322 1077 405 1111 quae
425 1067 539 1112 incipit
559 1070 611 1102 Ad
628 1071 852 1112 falsariorum,
875 1083 949 1105 cum
966 1074 1072 1106 0111111-

321 1119 382 1153 bus
411 1122 524 1164 poenis
557 1122 589 1155 in
620 1134 657 1156 ea
683 1125 840 1157 contentis
869 1125 909 1158 ad
943 1127 1072 1160 eosdem

320 1172 514 1208 fabricantes
547 1181 577 1208 et
597 1176 691 1209 ctiam
718 1177 757 1210 ad
778 1178 983 1213 falsificantes
1015 1192 1071 1214 seu

321 1232 482 1261 mutantes
502 1230 757 1273 supplicationes
776 1242 836 1275 per
867 1243 926 1265 nos
952 1244 1007 1267 seu
1033 1235 1072 1268 de

321 1282 472 1315 mandato
496 1288 606 1317 nostro
645 1284 784 1327 signatas
808 1290 839 1318 et
871 1287 971 1328 datas,
1005 1288 1072 1322 sine

319 1342 432 1369 nostra
451 1342 507 1369 aut
527 1335 643 1370 datarii
662 1339 763 1371 nostri
784 1339 926 1373 licentia.

365 1389 380 1433 ξ
400 1389 431 1422 7.
454 1390 532 1423 Item
553 1393 874 1426 excommunicamus
894 1399 925 1427 et
941 1394 1073 1428 anathe-

322 1443 510 1477 matizamus
525 1455 637 1478 omnes
656 1445 740 1486 illos,
762 1446 818 1489 qui
839 1458 950 1490 equos,
971 1459 1070 1489 arma,

322 1497 458 1538 ferrum,
478 1497 569 1530 filum
589 1498 677 1539 ferri,
706 1504 881 1541 stamnum,
904 1502 1071 1546 chalybem

322 1550 496 1593 omniaque
516 1551 578 1584 alia
598 1552 803 1585 metallorum
831 1564 950 1596 genera
974 1561 1072 1598 atque

321 1603 436 1637 bellica
448 1604 674 1645 instrumenta,
694 1606 882 1649 lignamina,
905 1619 1059 1652 canapem

322 1658 427 1698 funes,
450 1663 515 1691 tam
536 1669 571 1691 ex
590 1659 658 1702 ipso
679 1670 801 1704 canape
816 1671 914 1703 quam
935 1673 972 1695 ex
991 1674 1072 1707 qua-

323 1721 462 1754 cumque
474 1712 535 1744 alia
548 1714 693 1753 materia,
717 1718 745 1745 et
767 1714 867 1756 ipsam
889 1716 1070 1759 materiam,

322 1765 448 1808 aliaque
457 1765 657 1805 huiusmodi,
668 1767 786 1809 quilius
797 1768 988 1803 christianos
998 1770 1073 1803 sim-

322 1824 487 1862 pugnant,
524 1819 674 1853 deferunt
702 1821 888 1862 Saracenis,
910 1823 1022 1856 Tui-cis
1043 1830 1072 1857 et

321 1872 392 1905 aliis
412 1872 527 1906 Christi
551 1873 692 1906 nominis
712 1874 862 1907 inimicis.
886 1876 1017 1909 Necnon
1033 1878 1072 1910 il-

321 1926 369 1959 los
389 1926 457 1969 qui,
480 1936 538 1969 per
561 1937 595 1959 sc
614 1927 663 1959 vel
694 1927 793 1960 alium
824 1938 880 1961 seu
909 1929 1000 1970 alios,
1033 1931 1072 1963 de

322 1979 419 2012 rebus
439 1979 633 2012 christianae
653 1980 851 2023 reipublicae
865 1987 981 2014 statum
999 1994 1074 2016 eon-

322 2032 542 2073 cernentibus,
569 2033 601 2065 in
627 2034 878 2067 christianorum
895 2035 1073 2078 perniciem

322 2091 352 2118 et
372 2086 540 2126 damnum,
569 2086 654 2130 ipsos
673 2087 794 2119 Turcas
820 2093 851 2119 et
880 2088 1073 2121 christianae

323 2139 490 2181 religionis
510 2140 658 2173 inimicos
670 2141 824 2173 certiores
840 2141 972 2182 faciunt,
992 2142 1073 2174 illis-

323 2204 386 2236 que
407 2194 445 2226 ad
457 2193 488 2226 id
498 2194 667 2233 auxilium,
684 2195 856 2227 consilium
871 2195 918 2227 vel
933 2196 1073 2229 savorem

322 2247 564 2289 quomodolibet
585 2253 760 2291 praestant.
782 2248 851 2281 Non
872 2249 1074 2282 obstantibus

323 2300 582 2343 quibuscumque
591 2299 1074 2344 privilegiis-etconcessionibus

324 2352 583 2397 quibuscumque
622 2354 823 2398 principibus
861 2361 892 2388 et
934 2354 1074 2388 dominis

325 2407 387 2438 sive
408 2407 536 2449 privatis
556 2407 714 2451 personis,
742 2418 800 2451 per
830 2419 889 2441 nos
907 2413 938 2442 et
957 2408 1072 2442 Sedem

326 2455 521 2497 praedictam
541 2456 698 2489 hactenus
718 2457 888 2498 concessis,
906 2467 990 2500 quae
1010 2457 1073 2490 illis

324 2503 476 2535 nolumus
497 2504 529 2536 in
550 2505 658 2548 aliquo
683 2506 865 2549 suffragari

337 2574 353 2585 c
369 2552 384 2576 ’ἶ
404 2551 435 2585 8.
458 2553 535 2585 116111
557 2555 876 2588 excommunicamus
891 2561 922 2588 et
943 2554 1073 2588 anatlie-

325 2600 514 2635 matizamus
533 2612 645 2636 omnes
665 2603 878 2647 impedientes
901 2603 966 2637 sive
986 2603 1073 2636 inva-

927 211 1106 238 neminum
1125 211 1276 237 noatANt'M

1120 267 1231 300 dentes
1251 277 1316 307 eos,
1331 265 1550 310 quivietualia
1562 275 1619 301 seu
1634 265 1697 301 alia
1715 265 1755 300 ad
1770 276 1922 326 11511111..ίελ
2017 279 2020 281 ·

1119 321 1281 354 Romanae
1300 319 1416 354 Curiae
1434 320 1615 354 necessaria
1633 319 1810 362 adducunt,
1828 330 1866 355 ac
1880 336 1906 357 ,α
1927 334 1945 357 u
1971 330 2044 362 χ.

1121 374 1215 407 etiam
1236 384 1302 414 eos,
1330 373 1386 417 qui
1410 384 1452 407 ne
1471 374 1511 407 ad
1533 374 1711 407 Romanam
1735 373 1865 408 Curiam
1881 367 1969 420 ἱζζθψ

1119 427 1322 460 adducantur
1339 427 1387 460 vel
1407 427 1586 460 afferantur
1613 426 1795 480 impediunt
1810 437 1867 461 seu
1881 434 1970 458 ’ΜΨ
1982 423 1989 428 “
2012 464 2015 469 ,
2041 434 2057 453 *¹

1119 480 1319 524 [ῑ--16111111111111,
1341 480 1390 513 vel
1421 490 1480 524 pro
1505 480 1550 514 eis
1581 480 1704 524 aliquid
1738 480 1869 524 exigunt
1880 465 1927 488 ‘⁸'

1119 540 1172 567 aut
1192 534 1314 567 5011616
1331 533 1465 574 faciunt,
1482 544 1540 567 seu
1551 534 1631 568 haec
1646 534 1799 568 facientes
1813 534 1869 568 de-

1118 588 1253 621 fendunt
1288 597 1345 631 per
1364 598 1397 620 se
1416 588 1465 620 vel
1485 587 1585 620 alium
1603 598 1663 621 seu
1682 587 1776 629 alios,
1811 598 1869 622 cu-

1117 641 1310 684 iuscumque
1320 640 1438 674 fuerint
1450 640 1582 682 ordinis,
1597 641 1865 684 praeeminentiae,

1117 695 1311 728 conditionis
1331 700 1362 728 et
1381 700 1490 736 status,
1511 705 1548 728 ac
1572 694 1669 728 etiam
1690 695 1716 728 si
1736 695 1866 739 pontifi-

1116 748 1201 781 ficali
1222 749 1270 781 vel
1291 748 1390 791 regali
1414 754 1471 781 aut
1489 747 1552 781 alia
1585 748 1697 792 quavis
1716 747 1868 783 ecclesia-

1116 802 1196 835 stica
1215 802 1263 834 vel
1284 803 1447 836 mundana
1466 801 1862 846 praefulgeantdignitate.

1159 855 1174 898 ξ
1194 855 1225 889 9.
1249 856 1326 889 116111
1348 855 1668 889 excommunicamus
1684 861 1715 889 61
1731 855 1864 890 anathe-
1898 871 1928 895 ιι.

1115 909 1304 942 matizamus
1318 920 1429 943 omnes
1441 920 1477 943 ex
1487 909 1656 954 proposito
1668 903 1902 944 interficien-⁶‘
1877 921 1967 959 Sem-¹

1116 968 1175 1003 tes,
1197 963 1392 1004 mutilantes,
1419 964 1636 1004 vulneiantes,
1671 963 1869 1005 detinentes,-
1865 967 1940 1021 {¹⁶⁰¹-
1967 960 2028 1005 ῑ-,ἶῘῖῚῚ

1115 1016 1278 1060 capientes
1297 1027 1354 1050 seu
1373 1014 1606 1061 depiaedantes
1618 1017 1793 1062 romipetas
1806 1023 1864 1052 seu
1877 1006 1944 1060 12¹3„
1961 1024 1992 1037 -’
2010 1029 2016 1031 -

1114 1070 1303 1114 pereoiinos
1323 1070 1363 1103 ad
1379 1071 1497 1104 Urbem
1511 1082 1607 1104 causa
1620 1071 1799 1105 devotionis
1807 1082 1866 1106 seu
1877 1069 1948 1092 ‘⁰¹⁰⁸‘

1116 1122 1387 1166 peregrinationis
1421 1130 1451 1157 et
1477 1134 1612 1167 prorsus
1641 1130 1754 1158 omnes
1784 1124 1866 1159 alios

1114 1176 1153 1208 ad
1186 1176 1299 1209 Sedem
1335 1177 1552 1220 Apostolicam
1581 1177 1782 1219 accedentes,
1816 1178 1866 1212 vel

1114 1230 1200 1273 apud
1226 1241 1297 1263 eam
1326 1236 1500 1272 morantes,
1536 1236 1591 1264 aut
1614 1232 1802 1266 recedentes
1824 1231 1865 1266 ab

1114 1283 1195 1326 ipsa,
1222 1289 1254 1317 et
1273 1283 1336 1317 illis
1360 1284 1472 1318 dantes
1495 1284 1662 1326 auxilium,
1692 1284 1864 1319 consilium

1114 1337 1163 1369 vel
1183 1337 1337 1370 favorem.

1158 1390 1173 1433 g
1197 1390 1252 1424 to.
1275 1391 1354 1424 Item
1374 1391 1695 1425 excommunicamus
1724 1397 1757 1425 et
1785 1402 1865 1426 ana-

1115 1443 1358 1478 tliematizamus
1377 1455 1489 1478 omnes
1507 1445 1592 1486 illos,
1619 1445 1687 1489 qui,
1719 1455 1785 1479 non
1803 1445 1864 1480 ha·
1876 1440 1971 1500 nisque
1980 1472 1982 1475 .
1999 1484 2009 1491 „

1113 1497 1249 1531 bentes'
1241 1508 1274 1530 m
1294 1499 1407 1532 eadem
1423 1498 1520 1532 Cuiia
1539 1498 1798 1532 iurisdictionem
1813 1509 1865 1532 or·
1876 1505 1998 1548 eumv-

1114 1550 1273 1584 dinariam
1293 1553 1342 1585 161
1369 1552 1560 1595 delegatam,
1593 1552 1663 1586 eius
1695 1558 1864 1596 praetextu

1114 1605 1259 1649 capiunt,
1281 1606 1432 1649 spoliant,
1458 1606 1605 1640 detinent
1634 1611 1798 1649 morantes
1829 1606 1864 1640 in

1114 1658 1239 1699 eadem,
1261 1660 1309 1692 vel
1330 1660 1387 1702 qui
1406 1659 1481 1692 talia
1501 1660 1572 1693 fieri
1592 1660 1758 1702 mandant.

1158 1713 1173 1755 ἓ
1193 1713 1246 1745 Ἠ.
1269 1713 1347 1746 Item
1376 1713 1696 1747 excommunicamus
1723 1719 1755 1747 61
1782 1724 1860 1748 ana·
1873 1730 1943 1753 car·

1113 1766 1146 1798 tl
1151 1772 1358 1800 ematizamus
1378 1777 1490 1800 omnes
1505 1767 1749 1808 interficientes
1761 1767 1861 1802 muti·
1872 1763 1961 1816 {2222-
2013 1778 2016 1781 ·

1113 1819 1228 1860 lantes,
1255 1821 1472 1862 vulnerantes,
1498 1821 1716 1863 verberantes,
1745 1833 1862 1866 percu·
1874 1832 1910 1849 153
1935 1817 1978 1880 ‘J‘
1999 1861 2001 1864 ,

1114 1872 1238 1914 tientes,
1259 1875 1431 1918 capientes,
1453 1881 1666 1916 carcerantes,
1683 1875 1864 1911 detinentes
1876 1859 1924 1880 ω’
1970 1868 1971 1874 ¹

1114 1926 1161 1959 vel
1182 1927 1342 1961 hostiliter
1361 1927 1568 1972 insequentes
1587 1928 1619 1962 S.
1642 1929 1680 1962 R.
1701 1929 1737 1962 Ε.
1761 1929 1864 1963 cardi-

1114 1980 1203 2013 nales
1212 1991 1248 2013 ac
1261 1982 1473 2024 patriarchas,
1494 1982 1770 2027 archiepiscopos,
1794 1983 1864 2028 epi-

1115 2044 1230 2077 scopos
1249 2035 1404 2079 Scdisque
1436 2037 1640 2080 Apostolicae
1665 2037 1788 2080 legatos
1806 2046 1863 2072 seu

1114 2087 1264 2127 nuncios,
1295 2094 1349 2121 aut
1379 2089 1509 2122 eosdem
1545 2089 1711 2123 eiicientes
1746 2100 1765 2123 a
1797 2091 1865 2124 suis
1917 2086 1924 2093 ’

1115 2139 1329 2180 dioecesibus,
1357 2142 1538 2182 territoriis,
1561 2143 1657 2176 terris
1680 2153 1739 2177 seu
1758 2143 1864 2178 domi-

1114 2194 1189 2234 niis,
1211 2206 1313 2237 eaque
1334 2196 1525 2229 mandantes
1544 2196 1594 2230 vel
1613 2202 1682 2230 rata
1694 2197 1862 2239 habentes,

1115 2257 1172 2279 seu
1193 2254 1391 2290 piaestantes
1415 2249 1460 2282 eis
1488 2249 1657 2290 auxilium,
1691 2249 1862 2305 consilium

1115 2300 1162 2332 iel
1182 2300 1231 2333 fax·
1234 2311 1335 2334 orem.
1797 2331 1814 2341 ,,

1159 2354 1246 2397 ξΊΞ.
1270 2355 1347 2388 Item
1377 2365 1499 2388 excom.
1504 2354 1695 2389 nunicamus
1727 2360 1759 2389 et
1787 2365 1862 2389 ana-

1115 2408 1360 2442 tliematizamus
1379 2419 1491 2442 omnes
1507 2408 1579 2442 illos
1598 2408 1666 2452 qui,
1684 2412 1744 2454 p'er
1761 2419 1794 2442 se
1811 2408 1961 2458 5611011ωῇἶ

1114 2456 1213 2490 alium
1251 2468 1306 2490 seu
1332 2457 1423 2498 alios,
1454 2467 1676 2502 quascumque
1708 2468 1919 2502 personasme
2016 2489 2020 2498 ,

1115 2506 1348 2540 ecclesiasticas
1368 2507 1416 2540 vel
1445 2507 1627 2540 saeculares
1667 2507 1706 2540 ad
1740 2506 1859 2540 dictam
1873 2503 1977 2555 ξζῖβ
2004 2508 2019 2532 '¹

1113 2554 1243 2588 Curiam
1263 2567 1361 2600 super
1381 2567 1493 2590 earum
1517 2556 1623 2590 causis
1653 2561 1685 2589 et
1717 2555 1860 2598 neg-ociis

1115 2610 1329 2646 recurrentes,
1351 2604 1486 2649 illasque
1506 2604 1540 2638 in
1558 2604 1668 2638 eadem
1680 2604 1775 2638 Curia
1786 2612 1860 2649 pro-
