2059 3228
37 279 65 313 0.
83 281 152 313 15⁷8

164 397 326 432 constituti
350 398 478 439 suerint,
504 408 708 432 reservamus.

207 451 222 494 ἓ
247 450 276 484 7.
300 450 411 493 Sicque
449 457 479 484 et
504 462 566 484 non
597 452 687 484 aliter
721 462 777 494 per
812 461 905 493 quos-

109 523 115 529 ·
165 513 299 546 cumque
323 503 444 536 iudices
468 510 497 536 et
521 504 774 544 commissarios,
798 503 905 546 quavis

165 556 349 590 auctoritate
373 556 546 599 fungentes,
579 556 672 589 etiam
697 560 821 588 sanctae
846 555 905 587 Ro-

165 619 277 642 manae
302 609 451 641 Ecclesiac
487 609 660 642 cardinales
687 613 716 641 et
741 618 905 641 causarum

165 660 275 694 Palatii
299 662 465 703 Apostolici
494 663 662 702 auditores,
680 661 801 694 sublata
819 661 862 693 eis
878 666 907 693 et

165 722 275 745 eorum
298 713 428 746 cuilibet
453 714 562 757 (piaris
586 715 676 747 aliter
701 713 859 745 iudicandi
877 718 904 745 et

165 763 394 808 interpretandi
420 766 563 799 facultate
587 772 617 799 et
640 767 836 806 auctoritate,
860 765 907 798 iu-

166 816 265 849 dicari
289 822 320 850 et
343 818 472 850 dilliniri
498 819 620 858 debere;
642 824 671 851 et
696 819 720 851 si
745 828 834 850 secus
857 828 907 850 su—

165 879 223 912 per
246 869 296 902 his
321 881 338 903 a
363 881 521 914 quoquam
538 898 545 912 ,
570 871 678 914 quavis
701 870 905 909 auctoritate,

166 922 301 956 scienter
324 924 371 956 vel
395 924 587 966 ignoranter,
616 923 783 965 contigerit
807 926 906 955 atten-

167 976 238 1018 tari,
263 976 388 1009 irritum
411 981 442 1009 et
465 977 558 1010 inane
581 976 787 1010 decernimus.

212 1029 227 1073 ἓ
250 1029 280 1063 8.
308 1031 489 1064 Mandantes
526 1031 674 1064 omnibus
711 1035 739 1062 et
776 1026 906 1070 singulis

171 1083 401 1116 venerabilibus
435 1084 679 1127 archiepiscopis
698 1111 704 1123 ,
728 1082 882 1126 episcopis
900 1105 907 1118 ‚

170 1136 358 1177 abbatibus,
383 1137 557 1180 ceterisque
591 1137 793 1169 ecclesiarum
821 1145 909 1179 prae-

170 1190 250 1230 latis,
275 1198 473 1233 quacumque
495 1191 681 1223 auctoritate
707 1195 734 1222 et
761 1189 911 1231 dignitate

171 1243 367 1286 fulgentibus
384 1270 391 1283 ,
417 1248 571 1286 quatenus
594 1248 773 1285 praesentes
797 1243 914 1275 litteras

172 1301 204 1330 et
226 1295 259 1328 in
283 1295 328 1328 eis
351 1301 497 1328 contenta
522 1304 741 1338 quaecumque
758 1295 791 1327 in
808 1305 916 1328 eorum

173 1359 296 1382 necnon
320 1349 515 1391 singulorum
539 1348 776 1391 parochialibus
800 1352 828 1380 et
848 1346 918 1379 aliis

174 1403 322 1444 ecclesiis,
339 1403 364 1435 si
388 1403 420 1435 id
445 1402 657 1435 necessarium
680 1411 747 1434 esse
763 1400 920 1432 iudicave-

176 1455 250 1496 rint,
268 1455 426 1498 publicent
445 1465 499 1487 seu
516 1453 670 1497 publicari
688 1453 814 1490 faciant,
828 1457 857 1485 et
882 1452 921 1484 ab

176 1508 325 1541 omnibus
348 1513 453 1541 exacte
477 1506 594 1540 sewari
619 1502 741 1538 cu’rent.

221 1562 236 1605 ἓ
259 1561 290 1594 9.
314 1561 381 1594 Non
411 1559 610 1593 obstantibus
646 1556 923 1591 constitutionibus

36 1614 208 1663 fflf⁰⁰³*·et
231 1613 486 1648 ordinationibus
522 1611 700 1655 apostolicis
718 1637 725 1650 ‚
750 1608 924 1651 ceterisque

178 1667 348 1702 contrariis
382 1665 661 1709 quibuscumque;
687 1668 738 1695 aut
764 1662 788 1694 si
814 1661 925 1703 aliqui-

180 1722 250 1761 bus,
274 1719 486 1753 communiter
511 1718 557 1750 vel
581 1716 719 1756 divisim,
743 1715 782 1747 ab
799 1716 927 1758 Aposto-

182 1774 244 1807 lica
266 1773 307 1806 sit
331 1772 409 1805 Sede
444 1771 601 1803 indultum
638 1768 721 1812 quod
757 1767 928 1805 interdici,

184 1824 333 1868 suspendi
371 1824 420 1856 vel
457 1822 723 1856 excommunicari
762 1831 825 1854 non
861 1831 932 1864 pos-

190 1877 252 1910 sint
277 1887 335 1920 per
357 1875 480 1908 litteras
505 1875 692 1918 apostolicas
723 1884 786 1906 non
818 1874 931 1906 facien-

186 1935 236 1964 tes
269 1931 395 1974 plenam
419 1934 450 1962 et
488 1938 667 1971 expressam
703 1937 739 1959 ac
770 1926 807 1959 de
838 1926 932 1958 verbo

184 1983 226 2017 ad
247 1982 379 2016 verbum
414 1981 452 2014 de
475 1981 597 2013 indulto
636 1978 819 2012 huiusmodi
845 1989 933 2011 men-

191 2035 323 2069 tionem.

233 2088 249 2131 5
271 2087 323 2121 10.
347 2087 501 2128 Ceterum,
518 2086 593 2130 quia
610 2086 736 2119 difficile
759 2086 838 2118 foret
855 2096 933 2128 prze—

37 2145 98 2173 ru..
124 2155 182 2173 ‹mn-
191 2146 293 2174 sentes
311 2141 430 2174 litteras
444 2141 483 2173 ad
495 2140 619 2182 singula
643 2149 786 2182 quaeque
803 2140 869 2171 loca
882 2139 934 2171 de-

33 2181 136 2204 ¹'¹'⁸⁴'””¹¹‘
192 2195 279 2236 ferri,
295 2195 327 2227 in
352 2195 466 2237 quibus
493 2193 609 2226 ezcdem
633 2191 785 2235 publicari
810 2191 934 2231 debent,

193 2248 337 2280 volumus
353 2247 438 2290 quod
465 2246 590 2278 illarum
608 2244 821 2287 transumptis
840 2243 933 2276 etiam

192 2300 354 2344 impressis
370 2327 378 2340 ,
401 2310 497 2332 manu
520 2298 651 2331 alicuius
678 2296 793 2330 notarii
818 2296 933 2339 publici

193 2353 389 2395 subscriptis,
404 2357 434 2385 et
450 2352 550 2394 sigillo
566 2361 718 2394 personae
735 2350 768 2382 in
785 2349 936 2392 dignitate

193 2405 402 2439 ecclesiastica
437 2404 612 2436 constitutoe
651 2403 802 2443 munitis,
826 2402 935 2434 eadem

194 2470 323 2503 prorsus
336 2458 412 2491 fides
423 2457 622 2497 adhibeatur,
632 2466 701 2498 quze
710 2455 785 2498 ipsis
798 2454 937 2496 origina-

195 2513 279 2545 libus
301 2511 416 2544 litteris
428 2510 642 2549 adhiberetur,
660 2509 684 2541 si
702 2508 936 2541 exhiberentur.

242 2565 257 2608 ξ
280 2565 332 2597 Η.
357 2565 393 2596 Et
416 2574 455 2595 nc
480 2562 586 2605 aliqui,
600 2572 636 2594 ex
659 2571 695 2594 eo
719 2560 803 2603 quod
827 2560 938 2592 notitia

68 1082 111 1102 utto
123 1081 161 1102 ‹le-

38 2664 86 2687 ⁸¹¹¹⁸⁸
204 2671 297 2712 nerit,
320 2682 351 2704 se
375 2679 521 2703 excusare
544 2667 673 2712 possint,
697 2666 840 2701 volumus
856 2665 939 2709 quod

756 294 934 319 [annuemus
951 295 1007 318 xiu
1025 296 1072 319 rr,

162 342 235 387 fici,
257 349 477 395 praeterquam
513 344 538 379 si
564 345 595 379 in
623 347 732 380 mortis
771 346 904 380 articulo
935 357 1043 380 carum
1071 353 1276 391 transumpta,
1301 349 1406 389 ctiam,
1432 355 1465 382 ut
1489 349 1673 393 praefertur,

40 2629 189 2659 mutationis
200 2618 413 2662 praesentium
428 2617 603 2649 litterarum
617 2614 655 2646 ad
671 2624 724 2646 eos
747 2623 810 2645 non
833 2623 941 2655 perve-

1567 285 1629 318 223
1684 285 1736 312 An.
1757 283 1784 310 (ff.
1806 282 1872 309 1575

936 402 1097 444 impressa,
1122 407 1149 434 et
1176 402 1207 433 in
1232 403 1363 445 singulis
1387 403 1613 435 cathedralium
1644 409 1674 434 vt

937 455 1249 497 metropolitanarum
1273 456 1476 487 ecclesiarum
1493 455 1566 487 dicti
1584 455 1673 497 regni

938 506 1032 538 valvis
1055 508 1154 546 affixa,
1180 517 1259 538 vetit·
1283 513 1312 539 ct
1329 508 1420 540 realis
1453 507 1675 550 publicationis

935 564 963 590 et
988 558 1198 591 intiniationis
1210 559 1271 591 vim
1289 566 1317 591 et
1335 562 1477 593 ellectum
1492 561 1674 600 sortiantur;

937 623 972 644 ac
999 622 1108 644 omncs
1131 617 1158 644 et
1185 612 1335 653 singulos,
1361 624 1439 655 quos
1464 614 1531 645 illae
1547 624 1677 645 concer-

938 669 1025 704 nunt,
1051 664 1180 706 perinde
1207 666 1339 700 :iltioni-0„
1368 678 1402 697 ar
1427 667 1450 697 si
1477 667 1676 707 singulariter

938 722 965 749 et
985 717 1193 750 cersonaliter
1210 718 1340 759 singulis
1360 719 1519 751 intimatae
1534 707 1676 752 fuissent.

980 770 1090 802 Datum
1117 771 1234 803 Romae
1262 772 1343 814 apud
1370 774 1514 804 Sanctum
1540 774 1676 813 Petrum,

937 823 994 855 sub
1033 832 1150 855 annulo
1192 824 1377 863 Piscatoris‚
1409 825 1458 856 die
1494 836 1543 858 xiv
1579 827 1678 868 maii,

938 885 1117 916 MDLxxvnt,
1142 875 1344 918 pontificatus
1367 878 1464 909 nostri
1490 888 1572 910 anno
1594 888 1635 910 vt.

970 929 1034 956 Dat.
1049 929 1094 956 die
1109 931 1141 955 14
1156 929 1221 955 maii
1236 930 1313 962 1578,
1328 929 1426 962 pontif.
1441 938 1511 956 anno
1526 940 1560 956 v1.

1241 1053 1378 1087 LXXXV.

940 1139 1105 1173 Revocacio
1117 1141 1258 1181 fratrum
1269 1140 1367 1173 Orclin
1374 1142 1399 1172 is
1409 1140 1570 1173 illinorum
1582 1139 1619 1171 (Ie
1628 1138 1685 1170 011-

989 1194 1149 1226 servantur
1184 1194 1222 1225 ab
1256 1194 1361 1226 Indiis
1376 1220 1383 1234 ,
1407 1203 1574 1235 eorumque
1596 1191 1687 1223 redu-

990 1250 1059 1287 ctio,
1083 1246 1125 1278 ad
1144 1247 1276 1289 propria
1300 1247 1448 1287 claustra,
1476 1245 1531 1277 ubi·
1557 1243 1689 1287 professi

989 1299 1118 1341 fuerant
1146 1298 1166 1331 ¹.

948 1370 1085 1406 Gregorius
1101 1371 1171 1406 Papa
1187 1371 1248 1405 xttt,
1263 1368 1295 1398 ad
1317 1373 1467 1406 perpetuam
1482 1369 1520 1397 rei
1537 1367 1693 1396 memoriam.

1738 1440 1855 1461 Exordium
1870 1441 1892 1458 et

993 1444 1038 1477 Ad
1055 1442 1313 1486 compescendam
1331 1451 1441 1474 eorum
1458 1438 1615 1473 licentiam
1630 1436 1767 1488 qni’causa
1789 1468 1891 1486 consm-

951 1502 1116 1540 postquam
1140 1505 1172 1527 se
1196 1493 1353 1535 Religioni
1378 1493 1575 1532 addixerunt,
1599 1490 1768 1523 vai-iisssoms
1786 1494 1892 1515 edem&

952 1548 1176 1592 exquisitisque
1201 1547 1389 1587 rationibus,
1408 1547 1447 1579 ad
1464 1546 1623 1579 saeculum
1647 1555 1696 1577 re-

954 1603 1021 1635 dire
1045 1601 1249 1640 contendunt,
1274 1610 1331 1632 nos
1355 1599 1502 1632 convenit
1527 1598 1697 1631 admodum

955 1666 1020 1688 esse
1049 1654 1196 1687 intentos.
1227 1654 1290 1686 Hoc
1318 1653 1352 1686 in
1376 1663 1509 1686 numero
1536 1653 1699 1685 nonnullos

958 1708 1147 1750 professores
1176 1706 1303 1739 Ordinis
1327 1706 1461 1738 fratrum
1485 1705 1639 1738 Minorum
1663 1705 1701 1737 de

959 1760 1161 1794 Observantia
1197 1765 1468 1802 nuncupatorum,
1500 1760 1533 1792 in
1561 1759 1702 1803 partibus

960 1815 1119 1848 Indiarum
1144 1819 1207 1846 tam
1232 1813 1281 1845 del
1304 1813 1392 1845 Perit
1416 1823 1510 1855 quam
1535 1822 1633 1844 novae
1650 1811 1703 1842 lli—

961 1868 1091 1912 spaniae,
1126 1866 1287 1910 ponendos
1322 1876 1403 1904 esse,
1439 1875 1502 1897 non
1527 1865 1593 1897 sinc
1617 1864 1704 1903 gravi

961 1921 1057 1955 animi
1081 1920 1179 1953 nostri
1205 1918 1346 1952 molestia
1367 1917 1560 1960 accepimus;
1583 1916 1624 1947 illi
1644 1921 1707 1947 cte-

963 1976 1040 2016 nim,
1058 1974 1168 2006 habitu
1182 1982 1291 2005 eorum
1307 1971 1443 2013 regulari
1463 1969 1592 2001 dimisso
1605 1973 1631 2000 et
1651 1977 1705 1999 sce-

962 2027 1059 2061 culari
1088 2030 1301 2067 reassumpto,
1332 2034 1366 2055 ex
1391 2022 1534 2065 partibus
1559 2019 1706 2063 praefatis

963 2081 1001 2113 ad
1026 2089 1120 2121 regna
1144 2076 1368 2119 Hispaniarum
1394 2078 1607 2110 revertuntur;
1628 2081 1708 2114 quae

962 2144 1012 2167 res
1034 2131 1117 2174 apud
1141 2130 1232 2163 Indos
1256 2129 1294 2161 ad
1318 2128 1412 2159 fidem
1429 2125 1615 2159 catholicam
1633 2134 1707 2156 con-

964 2194 1066 2217 versos
1102 2182 1271 2214 maximum
1308 2179 1398 2210 affert
1430 2177 1631 2215 scandalum;
1660 2175 1709 2207 in-

964 2237 1099 2280 spiciunt
1133 2234 1216 2267 enim
1252 2233 1415 2276 plerosque
1444 2240 1479 2262 ex
1510 2229 1573 2269 eis,
1599 2229 1652 2271 qui
1677 2229 1709 2260 in

965 2290 1073 2323 habitu
1103 2285 1289 2319 humilitatis
1321 2283 1478 2316 Altissimo
1503 2282 1710 2317 famulantur,

964 2343 1015 2375 illo
1039 2340 1178 2377 dimisso,
1203 2336 1341 2379 negociis
1366 2334 1566 2367 sacularibus
1583 2344 1619 2366 ac
1636 2343 1710 2365 con-

965 2393 1111 2439 gerendis
1136 2390 1278 2435 pecuniis
1296 2388 1465 2421 admodum
1482 2397 1547 2419 esse
1564 2387 1710 2426 intentos,

965 2453 1005 2487 et,
1019 2446 1095 2478 lucri
1114 2444 1294 2487 cupiditate,
1309 2439 1478 2482 Religionis
1492 2439 1613 2482 iugum,
1627 2439 1711 2482 quod

966 2510 1058 2533 suave
1082 2508 1148 2531 esse
1173 2495 1321 2528 Dominus
1345 2498 1488 2532 testatur,
1513 2492 1711 2529 detrectasse

968 2554 1061 2595 idque
1097 2549 1180 2592 apud
1216 2558 1272 2579 nos
1307 2555 1371 2578 non
1406 2544 1596 2577 mediocrem
1629 2543 1712 2586 parit

968 2603 1222 2638 admirationem.

1011 2675 1022 2698 1
1045 2672 1086 2698 Ex
1109 2670 1206 2704 Regnat
1234 2669 1262 2695 in
1281 2667 1382 2695 Secret.
1401 2666 1536 2695 Brovium.
