2059 3228
38 199 90 240 h.
99 202 134 237 Έ.
152 203 218 237 ¹575

55 961 172 985 mausolea.

231 265 293 300 que
309 256 452 300 ipsorum
471 261 561 300 parte
575 256 603 289 id
615 255 797 297 contigerit,
808 255 979 299 paroehia-

230 309 276 343 les
292 309 446 343 ecclesiae
467 315 498 342 et
518 309 580 342 alia
606 308 823 342 ecclesiastica
835 309 916 349 loca,
939 308 978 341 ad

229 362 417 396 exercitium
450 373 548 396 curae
577 362 759 395 animarum
783 363 913 402 idonea,
939 362 978 394 ab

228 416 399 450 ordinariis
418 417 578 457 locorum,
601 416 719 460 quibus
744 416 798 448 illa
829 416 975 455 subsunt,

228 480 302 503 cum
319 471 393 504 dote
411 481 476 504 non
497 470 615 503 minori
632 469 867 514 quinquaginta
882 470 978 502 duca-

206 538 209 541 ·
227 529 333 557 torum
355 524 521 558 annuatim
543 525 581 558 de
608 523 859 568 proprietatibus
874 524 976 556 bono-

208 586 209 589 ’
227 588 300 611 rum
319 578 572 622 praedictorum,
592 578 631 611 ad
648 578 767 611 iustum
792 582 822 609 et.
846 587 976 620 compe-

183 622 189 630 ·
209 636 346 665 ·tentem
362 642 534 665 numerum
550 630 770 671 instituantur,
785 629 915 673 illisque
936 630 975 663 ab

224 685 346 718 eisdem
367 685 540 718 ordinariis
559 685 598 718 de
619 683 798 717 rectoribus
818 687 849 716 et
869 688 975 727 pasto-

209 751 212 754 ⁴
226 738 315 772 ribus
326 738 462 779 idoneis,
479 738 564 771 iuxta
576 737 703 770 concilii
717 736 896 770 Tridentini
913 736 976 770 dis-

224 791 417 835 positionem
437 796 470 825 et
488 791 566 824 alias
586 789 757 823 canonicas
776 789 970 831 sanctiones,

210 857 214 861 ⁴
223 844 442 887 provideatur.

211 902 237 914 ”
265 898 280 942 ἓ
305 898 336 932 5.
373 897 556 931 Districtius
596 897 778 930 inhibentes
822 896 973 930 omnibus

225 951 407 993 abbatibus,
428 951 638 984 conventibus
669 955 699 984 et
718 950 881 994 prioribus
903 961 972 983 mo-

216 1005 435 1039 nasteriorum
455 1004 644 1048 quorumvis
664 1004 832 1045 Ordinum‚
861 1010 892 1037 et
921 1015 972 1037 re-

219 1058 380 1102 gutarium
400 1059 547 1092 locorum
569 1063 600 1091 et
624 1058 832 1100 hospitalium
853 1068 889 1090 ac
911 1058 971 1090 mi-

219 1111 362 1146 litiarum
375 1111 610 1156 superioribus,
625 1111 819 1155 ceterisque,
832 1111 871 1144 ad
889 1122 972 1155 quos
991 1136 993 1140 ,

218 1165 252 1199 -id
273 1166 520 1210 quomodolibet
542 1165 695 1209 pertinet,
710 1175 750 1197 ne
771 1165 905 1209 posthac
918 1176 972 1198 au-

219 1219 317 1252 deant
336 1218 368 1252 in
389 1219 482 1252 dictis
502 1218 656 1259 ecclesiis,
678 1218 893 1259 monasteriis,
914 1219 971 1252 he-

219 1273 345 1306 neficiis
365 1279 396 1306 et
420 1273 533 1306 officiis
545 1272 680 1316 aliisque
690 1272 870 1316 suppressis
880 1283 972 1315 prae-

219 1319 326 1368 dictis,
347 1337 527 1370 eorumque
542 1326 649 1367 rebus,
672 1326 799 1359 iuribus
819 1331 850 1358 et
869 1326 970 1359 actio-

219 1379 316 1414 nibus
339 1390 409 1414 sese
433 1380 663 1423 quoquomodo
685 1379 970 1422 inte1·p0ne1*e‚seu

220 1433 494 1478 suppressionem,
516 1433 684 1474 unionem,
712 1433 925 1466 annexionem
939 1439 970 1466 et

219 1487 516 1532 incorporationem
527 1491 697 1530 ceteraque
715 1486 777 1519 alia
794 1487 971 1529 praemissa

218 1539 416 1583 illorumque
436 1539 659 1573 executionem
681 1545 712 1572 et
731 1539 864 1572 effectus
888 1550 968 1583 quo-

218 1593 396 1627 modolibet
419 1593 591 1636 impedire,
613 1603 650 1625 ac
671 1593 883 1625 decernentes
899 1593 970 1625 Em-

218 1647 401 1680 manuelem
413 1646 624 1679 philibertum
643 1645 758 1679 ducem
774 1651 805 1679 et
817 1657 969 1689 magnum

218 1699 407 1744 magistrum
435 1711 472 1733 ac
497 1704 690 1733 conventum
722 1699 904 1743 praedictos
930 1700 969 1733 ad

216 1754 447 1788 verificandum
463 1764 593 1787 causam
613 1764 669 1786 seu
691 1764 815 1793 causaS,
837 1758 970 1797 propter

217 1819 297 1852 quas
325 1819 384 1841 nos
419 1808 456 1841 ad
481 1807 647 1851 praedicta
679 1807 824 1840 facienda
845 1807 970 1840 induci-

218 1871 304 1904 mur,
330 1872 440 1895 coram
461 1861 556 1894 dictis
576 1860 749 1894 ordinariis
762 1861 908 1893 locerum
920 1861 968 1894 vel

219 1914 301 1956 aliis,
328 1915 423 1948 etiam
448 1920 614 1958 tamquam
638 1925 656 1947 a
681 1914 762 1947 Sede
787 1914 969 1957 Apostolica

219 1968 385 2012 delegatis,
401 1973 456 2002 aut
475 1968 563 2009 alibi,
580 1978 755 2009 numquam
774 1968 895 2007 teneri,
911 1979 969 2001 nec

218 2026 403 2066 propterea,
424 2027 479 2055 aut
498 2021 593 2055 etiam
602 2021 970 2064 quiainteresseliaben-

219 2079 265 2108 tes
286 2074 387 2117 vocati
407 2085 472 2108 non
492 2075 624 2114 suerint,
634 2079 818 2118 praesentes
828 2075 970 2117 persuli-

219 2127 400 2172 reptionem
418 2128 564 2161 obtentas
584 2127 761 2172 praesumi,
783 2127 969 2171 viribusque

221 2187 252 2216 et
275 2181 391 2215 effectu
410 2187 582 2225 propterea
611 2192 737 2214 carere:
774 2181 885 2223 sicque
914 2193 971 2225 per

221 2245 446 2278 quoscumque
470 2234 594 2267 iudices
621 2234 802 2267 ordinarios
828 2239 858 2267 et
882 2235 970 2267 dele-

221 2294 323 2332 gatos,
349 2289 383 2321 in
407 2288 517 2331 quavis
535 2298 630 2321 causa
652 2293 683 2320 et
708 2288 871 2327 instantia,
895 2288 971 2320 sub-

221 2342 286 2375 lata
310 2341 355 2375 eis
378 2341 488 2385 quavis
512 2341 606 2373 aliter
634 2340 797 2373 iudicandi
819 2346 849 2373 et
874 2341 972 2374 inter-

221 2394 369 2439 pretandi
388 2393 537 2427 facultate
557 2400 588 2427 et
611 2393 815 2430 auctoritate,
836 2394 971 2427 iudicari

223 2453 255 2482 et
277 2447 408 2481 diffiniri
443 2447 579 2485 debere;
620 2456 747 2479 necnon
786 2445 912 2479 irritum
942 2453 973 2480 et

223 2495 319 2531 inane
338 2495 496 2545 quidquid
527 2505 618 2527 secus
641 2505 739 2538 super
770 2494 818 2527 liis
843 2506 860 2527 a
890 2506 971 2538 quo-

223 2556 319 2589 quam
327 2571 334 2586 ,
343 2541 454 2595 quavis
464 2543 666 2583 auctoritate,
677 2543 814 2576 scienter
823 2544 869 2576 vel
882 2543 971 2586 igno-

224 2593 532 2640 rante1·,¹contigerit
552 2592 710 2627 attentari.

306 2644 378 2674 Bull.
402 2643 477 2671 Rom.
505 2642 559 2670 Vol.
582 2641 653 2670 VIII.
857 2642 892 2671 07

839 202 1016 226 GRFCORIUS
1037 202 1091 225 xm
1117 202 1164 225 FP.

1665 196 1727 228 5⁵29

1067 254 1082 297 ἓ
1103 254 1133 287 6.
1162 254 1230 287 Νοη
1251 255 1451 290 obstantibus
1470 254 1654 300 praemissis
1670 268 1704 289 a«-
1718 268 1773 289 no-

1022 308 1096 341 stris
1128 308 1166 341 de
1196 309 1404 353 exprimendo
1430 321 1504 343 vero
1524 320 1632 344 annuo
1664 310 1772 344 valore

1023 367 1085 394 tam
1115 362 1264 396 beneficii
1286 364 1379 404 uniti,
1401 375 1496 408 quam
1518 365 1586 397 eius
1611 365 1662 397 cui
1691 365 1771 398 illud

1023 415 1107 447 uniri
1131 416 1265 459 petitur,
1284 428 1408 450 necnon
1428 418 1466 450 de
1488 418 1663 451 unionibus
1683 429 1771 452 com-

1021 469 1228 502 mittendisad
1242 477 1358 514 partes,
1381 472 1499 504 vocatis
1520 483 1658 515 qnorum
1674 472 1770 506 inter-

1020 521 1060 555 sit
1073 548 1080 562 ,
1107 533 1144 555 ac
1176 523 1395 556 Lateranensis
1432 525 1558 557 concilii
1599 526 1770 559 novissime

1020 575 1185 616 celebrati,
1206 576 1342 610 uniones
1364 583 1542 621 pei·1·›‹=tuas,
1564 578 1623 611 nisi
1646 579 1674 611 in
1688 578 1768 612 casi-

1019 630 1079 661 bus
1112 640 1129 662 a
1153 629 1224 663 iure
1250 630 1426 674 permissis,
1453 632 1521 664 lieri
1548 632 1765 675 prohibentis,

1019 682 1153 726 aliisque
1174 683 1358 727 apostolicis
1379 685 1670 725 constitntionibus;
1692 696 1768 718 nee-

1018 746 1083 768 non
1112 737 1343 779 ecclesiarum,
1372 739 1662 780 monastrwiorum,
1693 750 1768 772 con-

1017 794 1184 831 ventuum,
1207 786 1377 830 Ordinum,
1405 792 1605 830 militiarum,
1628 792 1767 834 hospita-

1017 843 1095 876 lium
1112 850 1143 877 et
1162 845 1302 878 aliorum
1314 846 1764 889 quorumcui'nquelocorum,

1017 897 1210 939 iuramento,
1241 898 1487 931 confirmatione
1521 899 1693 942 apostoliea
1718 900 1766 931 vel

1017 951 1128 994 quavis
1151 951 1305 985 firmitate
1325 951 1386 985 alia
1407 952 1578 991 roboratis,
1597 952 1719 984 statutis
1735 958 1766 984 et

1017 1005 1319 1046 consuetudiniht1s;
1348 1006 1525 1049 privilegiis
1549 1017 1689 1049 quoque,
1720 1006 1767 1038 in-

1016 1058 1114 1092 dultis
1134 1064 1165 1093 et
1183 1059 1301 1092 litteris
1321 1059 1518 1103 apostolicis,
1532 1059 1593 1091 illis
1609 1065 1763 1092 eteorum

1015 1112 1162 1155 singulis,
1184 1114 1244 1146 sub
1264 1114 1524 1157 quibuscumque
1552 1113 1716 1145 tenoribus
1736 1118 1766 1145 et

1014 1166 1138 1207 formis,
1161 1177 1198 1200 ac
1219 1178 1292 1199 cum
1314 1167 1479 1210 quibusvis
1498 1166 1650 1199 clausulis
1661 1172 1688 1198 et
1709 1167 1764 1199 ‹le-

1015 1220 1122 1261 cretis,
1140 1221 1236 1253 etiam
1256 1226 1346 1253 motu
1366 1220 1498 1264 proprio
1518 1225 1546 1252 et
1560 1220 1707 1252 ‹misistoi
1720 1220 1765 1252 ia-

1013 1275 1088 1308 ]iter
1109 1286 1145 1308 ac
1155 1275 1245 1315 alias,
1260 1275 1291 1307 in
1309 1284 1427 1317 genere
1443 1274 1530 1306 velin
1549 1274 1667 1316 speeie,
1684 1284 1764 1316 quo-

1014 1328 1190 1361 modolibet
1215 1328 1388 1368 concessis,
1410 1327 1595 1371 approbatis
1616 1333 1641 1356 vt
1677 1327 1765 1359 inno-

1013 1382 1104 1415 vatis
1133 1382 1255 1421 Quibus
1289 1381 1450 1420 omnibus,
1482 1380 1605 1413 etiamsi
1635 1380 1673 1411 de
1702 1379 1764 1412 illis·

1013 1446 1193 1479 eorumque
1213 1435 1288 1468 totis
1308 1434 1474 1467 tenoribus
1502 1433 1660 1477 specialis,
1692 1444 1763 1477 spe-

1014 1489 1116 1529 cifica,
1137 1488 1301 1522 individua
1321 1494 1351 1521 et
1362 1498 1509 1531 expressa
1520 1499 1554 1519 ac
1567 1488 1605 1519 ad
1618 1487 1761 1526 verbnm,

1012 1553 1077 1576 non
1102 1548 1211 1576 autem
1236 1553 1294 1586 per
1313 1542 1473 1575 clausulas
1492 1541 1657 1584 generales
1678 1540 1762 1573 idem

1014 1597 1235 1641 importantes,
1259 1596 1379 1629 mentio
1400 1607 1455 1629 seu
1481 1596 1610 1639 quaevis
1629 1595 1690 1627 aila
1711 1605 1761 1627 ex-

1013 1651 1134 1694 pressio
1154 1650 1302 1683 habenda
1325 1676 1332 1690 ,
1362 1655 1416 1682 aut
1436 1648 1543 1692 aliqua
1568 1648 1628 1680 alia
1648 1647 1759 1690 exqui-

1010 1704 1072 1737 sita
1092 1705 1196 1738 forma
1215 1704 1255 1737 ad
1274 1704 1335 1736 hoc
1356 1704 1509 1737 servanda
1529 1704 1759 1741 toi·et,!en01‘es

1012 1758 1213 1798 huiusmodi,
1236 1758 1312 1791 acsi
1332 1758 1371 1791 ad
1391 1758 1522 1790 verbum
1541 1756 1759 1788 insererentur

1012 1813 1247 1856 praesentibus,
1270 1822 1329 1855 pro
1354 1809 1508 1854 expressis
1520 1809 1684 1848 hala-ntes,
1698 1808 1759 1840 illis

1012 1866 1090 1899 alias
1110 1866 1143 1898 in
1164 1877 1221 1899 suo
1234 1866 1351 1899 robore
1372 1862 1602 1908 permansuris,
1618 1862 1678 1894 hac
1693 1861 1759 1893 vice

1012 1919 1187 1960 dumtaxat,
1208 1919 1324 1951 harum
1345 1917 1438 1957 serie,
1462 1915 1643 1959 specialiter
1663 1920 1693 1947 et
1706 1926 1758 1947 ex-

1012 1983 1121 2016 presse
1138 1974 1340 2015 derogamus,
1366 1969 1534 2003 contrarii>
1554 1969 1760 2010 quibuscum-

1012 2037 1087 2069 que.
1105 2027 1167 2059 Aut
1182 2026 1206 2059 si
1219 2026 1328 2068 aliqui,
1342 2035 1439 2067 super
1451 2022 1686 2066 provisionibus
1698 2022 1759 2054 sibi

1013 2080 1169 2113 faciendis
1189 2080 1227 2112 de
1248 2076 1489 2111 huiusmodivel
1511 2076 1581 2108 aliis
1595 2074 1761 2108 bmeficiis

1013 2133 1239 2167 ecelesiasticis
1259 2132 1290 2164 in
1312 2131 1374 2163 illis
1389 2130 1533 2174 partibus
1554 2128 1762 2172 specialesvel

1013 2188 1179 2231 generales
1200 2187 1303 2219 dictae
1316 2185 1406 2218 Sedis
1433 2184 1481 2216 vel
1502 2184 1680 2225 legatorum
1694 2182 1763 2215 eius

1015 2241 1136 2274 litteras
1157 2239 1374 2284 impetrarint,
1398 2237 1455 2270 etsi
1481 2247 1538 2280 per
1555 2247 1606 2269 eas
1623 2236 1661 2268 ud
1678 2235 1763 2267 inhi-

1014 2294 1183 2334 hitionem,
1211 2292 1461 2326 reservationem
1486 2296 1517 2322 ct
1536 2290 1702 2322 decretum
1715 2290 1763 2321 vel

1014 2348 1092 2380 alias
1121 2346 1366 2390 quomodolibet
1393 2344 1433 2377 sit
1462 2353 1663 2387 processum,
1685 2353 1764 2385 quas

1014 2397 1145 2440 quidem
1184 2396 1306 2428 litteras
1348 2399 1379 2426 et
1423 2399 1594 2436 processus
1640 2391 1765 2423 habitos

1016 2457 1073 2490 per
1093 2445 1233 2485 easdem,
1256 2455 1292 2476 ae
1309 2443 1382 2476 inde
1399 2447 1507 2475 secuta
1527 2451 1764 2484 quaecumque,

1016 2496 1054 2527 ad
1076 2494 1239 2534 ecclesias,
1253 2490 1635 2531 nionasteria,beneficia,
1651 2489 1766 2528 ossicia,

1019 2543 1190 2587 hospitalia
1206 2549 1236 2576 et
1261 2542 1322 2574 alia
1343 2540 1508 2585 praedicta
1527 2540 1676 2572 volumus
1703 2548 1765 2570 non.

992 2606 997 2640 ς
1018 2592 1158 2633 extendi,
1191 2592 1243 2625 sed
1266 2592 1391 2624 nullum
1414 2600 1471 2634 per
1490 2589 1553 2622 hoc
1573 2589 1634 2628 eis,
1661 2586 1767 2630 quoad

1787 202 1837 231 An.
1854 203 1882 231 C⁴
1903 203 1967 232 §575

1856 266 1967 291 nerogiuo

1786 299 1949 320 contrarioium.
