2059 3228
100 234 158 266 ἈἸΙ.
171 236 200 266 C.
218 237 287 266 158⁷

120 1591 218 1613 Pon-iton
254 1597 277 1612 se

93 1624 156 1645 butun
192 1622 278 1645 Ordinis

94 1656 222 1683 professum,
230 1662 278 1677 mu—

92 1688 169 1715 nisque
198 1689 219 1708 in
251 1692 277 1708 eo

91 1721 279 1748 adtnpteinenun·

93 1752 143 1773 ctat.

103 2455 231 2484 Iampridem
240 2455 277 2477 hu-

91 2489 123 2510 Ιιι
188 2488 275 2513 collegit

91 2521 184 2540 nentem
207 2518 276 2539 indu-

91 2552 159 2571 lent.

37 3155 122 3228 *a

959 238 1063 263 SIXTUS
1087 238 1106 261 V
1131 239 1179 263 1²1³.

301 289 498 324 tissimorum
523 291 606 324 Petri
641 297 671 324 et
705 291 793 324 Pauli
829 291 1050 335 apostolorum

302 345 528 390 martyrioDeo
543 345 756 389 omnipotenti
771 351 970 384 consecrata,
985 345 1050 377 sin-

300 399 431 433 ceritate
461 410 498 431 ac
527 399 629 432 solida
662 399 857 431 christianae
887 399 1051 441 religionis

299 453 444 487 doctrina
466 453 636 491 illustrata,
663 452 788 485 divinae
809 453 985 496 sapientiae
1015 463 1050 485 ac

299 508 440 541 veritatis
450 517 681 549 sacrarumque
691 506 869 539 litterarum
883 506 1049 550 publicum

299 561 500 607 gymnasium
527 571 594 593 esse
626 560 796 603 inciperet,
829 565 859 591 et
888 559 927 591 ab
964 559 1048 603 ipsa,

297 626 381 660 quae
401 615 489 647 orbis
521 620 678 646 terrarum
705 614 835 656 regebat
862 613 1048 656 imperium,

298 676 461 713 tamquam
480 679 498 701 a
518 677 643 701 summa
664 678 699 699 ac
721 666 874 710 primaria
903 667 1049 699 omnium

296 722 537 767 provinciarum
568 721 655 760 sede,
675 721 706 752 in
736 730 849 753 omncs
874 726 980 764 partes
997 721 1050 753 lux

297 777 352 810 illa
375 777 517 810 veritatis
535 786 568 808 se
590 786 621 808 se
653 774 861 813 diffunderet,
884 785 966 818 <gnae
992 785 1050 818 pro

297 830 464 864 communi
481 828 614 862 liumani
635 828 762 872 generis
779 828 880 860 salute
897 828 1050 861 divinitus

296 885 424 925 tradita,
448 890 524 917 tunc
544 893 658 916 recens
669 893 728 926 per
739 882 867 914 cosdem
888 883 1050 925 apostolos

296 937 328 971 in
338 943 419 971 tetra
431 938 485 971 illa
505 947 653 971 errorum
665 936 801 979 caligine
812 936 933 969 mundo
946 936 1049 969 suerat

295 992 444 1025 revelata.
472 991 509 1024 Et
529 991 642 1023 exinde
662 990 779 1023 diversi
809 990 942 1022 Romani
969 990 1048 1023 Pon·

294 1044 397 1078 tifices
417 1044 519 1078 nostri
539 1044 815 1088 praedecessores,
837 1048 946 1075 sancto
973 1053 1047 1086 pro-

294 1098 461 1143 pagandae
481 1097 554 1130 fidei
576 1097 644 1129 zelo
664 1096 804 1136 accensi,
827 1107 896 1129 eam
919 1097 1047 1139 pontiti-

295 1152 345 1187 cio
366 1163 501 1186 munere
521 1152 742 1195 dignissimam
764 1157 975 1194 susceperunt
993 1162 1048 1184 cn-

295 1218 364 1242 ram
376 1214 406 1242 et
424 1207 674 1242 sollicitudinem
691 1211 726 1238 ut
750 1206 895 1238 camdem
915 1206 1044 1245 Urbem,

295 1262 381 1296 u‘nde
402 1273 477 1295 vera
501 1261 614 1306 pietas,
638 1259 750 1302 religio
783 1265 811 1292 et
844 1259 990 1291 doctrina
1015 1259 1045 1291 in

294 1325 408 1349 omnes
427 1321 540 1359 gentes
560 1326 596 1347 ac
620 1313 766 1346 nationes
794 1318 951 1355 perpetuo
981 1311 1046 1344 dis-

294 1369 485 1405 seminanda
514 1374 601 1409 erat,
639 1367 693 1400 alii
726 1366 866 1409 religiosi
901 1365 1047 1408 collegiis

295 1430 326 1458 et
349 1423 625 1462 universitatibus,
648 1421 701 1454 alii
723 1419 861 1464 publicis
882 1424 912 1452 et
937 1429 1046 1452 sacro-

295 1489 368 1512 rum
385 1478 545 1512 librorum
566 1473 770 1509 bibliothecis
782 1478 934 1506 ornarent
951 1478 1045 1515 atque.

293 1538 463 1576 augerent;
485 1531 530 1564 sic
557 1540 688 1574 quoque
713 1539 782 1567 nos,
816 1527 871 1571 qui
906 1526 1044 1569 regulari

293 1586 405 1620 habitu
425 1585 554 1620 Ordinis
574 1585 709 1617 fratrum
728 1583 888 1615 Minorum
905 1591 1044 1612 conven-

292 1641 429 1674 tualium
463 1641 494 1674 S.
528 1638 689 1672 Francisci
723 1638 762 1669 ali
788 1636 918 1668 ineunte
943 1640 1045 1667 aetate

291 1699 455 1738 suscepto,
483 1692 570 1725 illius
590 1692 744 1734 Regulam
767 1695 794 1722 et
826 1688 973 1721 instituta
993 1699 1044 1720 so-

291 1748 444 1781 lemniter
480 1747 604 1789 riteque
643 1743 778 1788 professi
814 1753 936 1782 sumus,
970 1753 1043 1775 eum

289 1802 410 1836 Romae
432 1802 464 1834 in
478 1801 575 1834 domo
592 1799 692 1843 ipsius
703 1797 830 1832 Ordinis
846 1797 931 1840 apud
949 1796 1046 1829 Sanc-

291 1862 399 1890 torum
424 1856 477 1888 xlt
509 1854 736 1899 Apostolorum
762 1851 925 1883 basilicam
958 1850 1044 1882 rei-bi

290 1909 346 1943 Dei
370 1908 620 1947 concionatoris,
642 1912 671 1939 et
692 1910 801 1949 postea
822 1904 961 1937 universi
990 1904 1045 1937 Or-

291 1963 377 1997 dinis
395 1963 556 1996 Minorum
587 1958 819 2004 procuratoris,
843 1968 879 1990 ac
913 1958 1043 1991 demum

290 2016 433 2061 magistri
453 2015 614 2060 generalis
634 2012 839 2058 amplissimis
854 2012 1044 2045 muneribus

289 2071 520 2114 fungeremur;
543 2069 674 2102 domum
688 2066 884 2111 praedictam
898 2076 961 2097 non
974 2076 1043 2097 mo-

289 2124 330 2157 do
354 2123 484 2157 fabricis
503 2127 601 2166 atque
618 2120 784 2159 aediliciis,
807 2118 862 2152 sed
881 2119 975 2151 etiam
997 2118 1044 2151 bi-

288 2177 463 2217 bliotheca,
485 2175 634 2209 auximus
659 2180 754 2218 atque
767 2173 964 2211 ornavimus,
978 2183 1043 2204 non

288 2232 358 2265 sine
385 2230 541 2274 fragranti
576 2229 734 2263 desiderio
761 2227 893 2271 aliquod
924 2227 1041 2260 ibidem

289 2285 476 2329 collegium,
513 2295 549 2317 ac
575 2283 755 2316 divinarum
792 2281 971 2313 litterarum
993 2293 1042 2314 sa-

289 2349 430 2383 craeque
454 2338 635 2381 theologiae
657 2336 798 2369 studium
820 2334 1018 2368 instituendi.

332 2391 437 2432 Quare
467 2402 554 2425 nune
593 2391 723 2423 demum
758 2390 796 2422 ad
835 2389 1042 2421 celsissimam

289 2441 498 2485 pontificatus
518 2441 646 2479 Sedem,
671 2440 827 2471 immensa
848 2438 956 2470 dix-ina
977 2438 1042 2470 cle-

290 2490 420 2531 mentia,
447 2490 546 2523 nullis
572 2488 689 2522 nostris
721 2487 856 2522 meritis.
887 2486 1041 2530 provecti,

289 2540 336 2572 rei
357 2539 497 2584 optimae
514 2538 731 2582 perficiendae
751 2536 952 2580 propositum
975 2535 1044 2568 diu-

288 2589 353 2622 tius
372 2599 437 2622 non
454 2589 605 2622 duximus
618 2586 844 2626 differendum,
860 2596 932 2619 cum
950 2597 1043 2629 prae-

290 2638 401 2673 sertim
421 2638 484 2673 hoc
504 2649 521 2672 a
545 2637 638 2670 nobis
663 2636 867 2681 expostulare
887 2635 1043 2676 rideatur,

1737 227 1800 263 979

1095 302 1158 323 non
1184 292 1287 324 solnm
1319 291 1503 335 apostolicis
1528 291 1673 325 muneris
1695 291 1846 325 divinitus

1094 344 1167 377 fidei
1189 351 1315 378 nostrae
1341 344 1504 378 commissi
1526 344 1722 385 sollicitudo,
1751 355 1844 388 prae-

1093 397 1252 442 cipuaque
1274 399 1337 438 illa,
1358 410 1420 442 qua
1451 398 1564 431 urbem
1591 398 1673 431 lianc
1704 404 1844 431 nostram

1095 451 1226 485 Romam
1259 452 1422 496 diligimus
1441 480 1448 492 ,
1481 453 1595 486 caritas
1635 459 1665 486 et
1702 452 1843 486 studium

1093 517 1158 550 quo
1187 507 1272 539 illius
1301 509 1464 540 ornandae
1492 508 1627 541 maxime
1658 508 1842 549 flagramus,

1092 561 1146 593 sed
1167 562 1261 604 plane
1282 562 1400 605 flagitat
1422 562 1506 594 beati
1529 561 1695 606 Serapbiei
1717 562 1844 595 Franci-

1093 614 1136 647 sci
1158 616 1315 657 regularis
1335 615 1431 655 Ordo,
1455 626 1471 647 a
1489 626 1552 658 quo
1571 621 1615 648 tot
1640 626 1842 648 summorum

1093 668 1233 702 virorum
1256 670 1401 702 doctrina
1428 676 1455 702 et
1483 669 1650 702 sanctitate
1677 676 1842 713 praestan-

1092 723 1171 756 tium
1194 723 1361 765 religiosae
1382 723 1531 756 cohortes
1551 729 1581 756 ct
1596 724 1708 767 copiae
1724 724 1763 756 ad
1785 724 1842 757 Ec-

1092 777 1208 810 clesiae
1224 777 1278 809 Dei
1299 778 1564 821 propagationem
1578 784 1605 810 ct
1623 778 1842 811 defensionem

1092 831 1295 874 prodierunt,
1318 837 1352 864 ut
1372 832 1457 874 quod
1480 831 1555 864 olim
1579 831 1843 864 felicisrecorda-

1091 884 1187 917 tionis
1212 885 1421 918 Innocentius
1450 884 1507 917 PP.
1535 884 1586 924 111,
1614 885 1844 928 praedecessor

1091 945 1210 979 noster,
1225 938 1493 982 praesignificarit
1513 938 1588 970 dum
1603 937 1730 970 beatum
1748 938 1843 970 Fran-

1091 992 1214 1025 ciseum
1237 991 1337 1036 ipsius
1354 991 1481 1024 Ordinis
1503 996 1670 1035 parentem
1685 996 1712 1024 et
1730 997 1842 1024 aucto-

1091 1057 1158 1078 rem
1173 1046 1238 1079 suis
1252 1045 1397 1078 humeris
1413 1046 1657 1078 Lateranensem
1674 1044 1841 1078 basilicam

1091 1100 1304 1133 collabentem
1326 1100 1483 1132 sustinere
1505 1099 1536 1131 in
1558 1098 1679 1131 somnis
1703 1098 1792 1139 ridit,
1810 1099 1841 1132 id

1090 1154 1206 1187 deinde
1227 1153 1392 1186 communi
1414 1153 1499 1185 bono
1517 1152 1711 1185 christianae
1732 1152 1841 1196 reipu-

1090 1209 1192 1241 blicae
1214 1208 1281 1252 ipse
1302 1218 1411 1240 rerum
1429 1213 1561 1240 eventus
1581 1207 1814 1250 comprobarit.

1134 1261 1219 1294 idem
1259 1261 1345 1294 enim
1375 1260 1566 1293 Franciscus
1597 1272 1632 1294 ea
1664 1261 1841 1304 sapientiae

1089 1326 1165 1348 suae
1184 1313 1305 1348 semina
1336 1314 1445 1353 edidit,
1464 1325 1500 1346 ea
1521 1314 1650 1357 reliquit
1671 1315 1840 1347 continen-

1089 1369 1162 1405 tiae,
1194 1367 1406 1401 abstinentiae
1443 1379 1478 1401 ac
1518 1374 1741 1411 susceptorum
1781 1380 1840 1412 pro

1089 1422 1212 1455 Clu-isto
1238 1423 1386 1455 laborum
1418 1421 1604 1454 tolerantiae
1635 1421 1839 1462 documenta,

1088 1477 1191 1520 utqui
1212 1476 1281 1509 eius
1301 1476 1456 1519 Regulam
1478 1475 1605 1518 sequuti
1634 1482 1720 1514 sunt,
1748 1476 1839 1520 quasi

1088 1541 1187 1563 norae
1209 1530 1328 1563 sobolis
1348 1530 1450 1562 faetus
1480 1529 1634 1572 adoptati,
1658 1541 1694 1562 ac
1720 1530 1839 1563 saluta-

1087 1584 1177 1617 ribus
1193 1583 1374 1628 praeceptis
1394 1582 1554 1622 instructi,
1577 1588 1732 1626 perpetua
1753 1584 1839 1616 futu-

1087 1649 1198 1671 rorum
1225 1644 1407 1681 temporum
1436 1637 1639 1670 successione
1674 1637 1838 1671 universae

1088 1693 1265 1725 catholicae
1282 1691 1445 1724 Ecclesiae
1461 1697 1650 1724 ornamento
1663 1691 1836 1729 extiterint,

1087 1747 1247 1790 siquidem
1266 1745 1359 1778 multi
1380 1756 1416 1778 ex
1448 1745 1534 1789 ipsis,
1555 1745 1722 1778 sanctitate
1743 1751 1838 1789 atque

1087 1800 1269 1833 eruditione
1293 1799 1446 1842 insignes,
1468 1798 1547 1831 tanti
1567 1798 1667 1843 patris
1687 1803 1717 1831 et
1737 1800 1838 1842 magi-

1087 1854 1142 1887 stri
1163 1854 1292 1886 hortatu
1309 1857 1404 1894 atque
1417 1851 1562 1894 exemplo
1577 1851 1715 1891 excitati,
1727 1853 1838 1886 multis

1086 1906 1245 1948 variisque
1267 1904 1442 1949 provinciis
1470 1905 1660 1948 peragratis,
1692 1905 1838 1939 nationes

1087 1960 1118 1992 in
1131 1959 1272 1992 tenebris
1290 1959 1478 1991 aberrantes
1498 1958 1536 1990 ad
1553 1957 1742 2002 disciplinae
1754 1959 1838 1992 chri-

1086 2013 1206 2045 stianae
1235 2013 1341 2045 lucem
1373 2017 1577 2052 revocarunt,
1611 2022 1647 2044 ac
1676 2013 1837 2045 convulsis

1086 2066 1234 2099 vitiorum
1256 2071 1350 2108 atque
1371 2075 1520 2098 errorum
1557 2065 1729 2105 radicibus,
1749 2066 1835 2099 verbi

1085 2120 1153 2159 Dei,
1166 2120 1251 2164 quod
1265 2120 1347 2152 velut
1360 2119 1463 2152 imber
1473 2120 1512 2152 de
1530 2120 1620 2152 coelo
1639 2119 1837 2153 descendens

1086 2180 1270 2217 terramque
1289 2173 1451 2205 inebrians
1464 2172 1535 2206 facit
1549 2184 1617 2206 eam
1639 2173 1833 2215 germinare,

1085 2227 1136 2271 pia
1156 2226 1397 2271 praedicatione
1420 2232 1543 2259 mentes
1571 2226 1740 2259 hominnm
1768 2227 1835 2259 soe-

1085 2281 1280 2319 cundarunt,
1303 2286 1331 2312 et
1354 2290 1456 2322 usque
1473 2280 1552 2312 adeo
1568 2280 1724 2323 praeclari
1738 2280 1835 2313 huius

1085 2334 1211 2367 Ordinis
1244 2339 1312 2366 tum
1352 2333 1539 2372 sanctitatis,
1576 2339 1644 2365 tum
1671 2333 1835 2366 doctrinae

1085 2388 1166 2421 odor
1187 2388 1248 2420 iam
1269 2387 1343 2420 inde
1364 2387 1402 2419 ab
1416 2387 1551 2420 initioin
1567 2397 1695 2420 omnem
1716 2392 1834 2419 terram

1085 2448 1118 2470 se
1139 2436 1301 2475 diffundit,
1326 2436 1369 2468 ita
1389 2436 1500 2468 indies
1520 2436 1620 2479 magis
1634 2436 1730 2469 huius
1743 2447 1834 2469 sanc-

1085 2491 1134 2518 tae
1148 2485 1287 2518 familiae
1303 2484 1438 2524 alumni,
1455 2484 1580 2517 iuvante
1601 2484 1748 2524 Domino,
1764 2495 1837 2528 pro-

1085 2535 1243 2569 fecerunt,
1267 2539 1301 2566 ut
1321 2534 1393 2577 piae
1415 2533 1589 2566 memoriae
1611 2533 1784 2576 Gregorius
1797 2534 1835 2566 lx

1086 2590 1116 2617 et
1129 2583 1303 2626 Gregorius
1316 2583 1353 2622 X,
1367 2582 1486 2626 aliique
1498 2581 1633 2615 Romani
1651 2582 1833 2618 Pontifices.

1086 2632 1181 2666 etiam
1197 2632 1461 2677 praedecessores
1475 2631 1587 2672 nostri,
1610 2631 1650 2664 ad
1667 2641 1717 2664 res
1728 2630 1835 2664 Eccle-

1861 238 1913 266 Αῃ.
1930 237 1959 266 C.
1978 238 2044 266 1587

1882 1271 1902 1291 S.
1934 1271 2040 1291 francisci

1856 1304 1944 1329 eiusque
1956 1303 2043 1327 religio—

1856 1340 1926 1354 sorum
1942 1335 1962 1354 in
1981 1335 2039 1354 reli-

1856 1366 1938 1389 4ionem
1954 1366 2041 1386 chrisu-

1855 1402 1914 1415 ¹anam
1931 1398 1951 1415 et
1966 1395 1987 1415 5.
2003 1395 2044 1417 Se-

1855 1427 1900 1447 dem
1916 1427 1999 1447 merita.
