2059 3228
129 253 183 284 An.
199 256 227 284 c.
244 256 313 285 1585
369 248 433 282 584

155 1869 306 1891 nis-rantibus-

125 1906 165 1928 qu:
189 1902 307 1928 uei-ogasti.

325 309 370 342 vis
388 308 557 342 occasione
584 308 634 342 vel
661 319 768 348 causa,
791 308 880 350 latis,
899 309 925 342 si
958 309 1075 351 quibus

325 361 567 405 quomodolibet
586 361 729 395 innodati
748 361 929 403 existerent,
950 363 989 395 ad
1001 362 1074 396 effe-

324 421 412 448 ctum
452 415 617 448 dumtaxat
647 415 939 460 infrascriptorum
964 427 1074 449 conse-

322 468 489 512 quendum
509 469 678 501 absolvens
697 474 728 502 et
745 469 910 503 absolutos
921 470 988 502 sore
1000 480 1074 503 cen-

321 532 405 562 sens,
424 522 483 555 sub
500 522 583 556 datis
591 522 740 556 videlicet
751 522 983 563 idibusmartii,
994 533 1073 567 pon-

321 575 462 609 tificatus
494 576 544 609 sui
580 587 665 610 anno
701 577 942 618 tertiodecimo,
983 583 1072 610 motu

321 628 470 673 proprio,
489 639 555 663 non
575 630 615 663 ad
635 631 895 674 congregationis
919 630 1072 674 illiusque

321 681 528 724 clericorum,
559 683 834 728 presbyterorum,
865 684 1071 728 superiorum

320 740 352 768 et
369 746 584 780 personarum
603 737 845 781 praedictarum
862 738 912 771 vel
932 738 1070 771 aliorum

320 798 380 833 pro
400 789 446 822 eis
465 789 527 832 ipsi
548 790 789 834 praedecessori
809 801 908 835 super
927 802 966 824 eo
986 791 1072 824 obla-

320 847 370 875 tae
389 842 553 886 petitionis
570 843 771 885 instantiam,
793 845 848 878 sed
865 844 904 878 de
917 855 973 878 sua
983 856 1070 878 mera

319 895 524 938 liberalitate,
551 897 805 941 congregationi,
826 908 954 931 necnon
974 898 1070 931 cleri-

320 948 379 990 cis,
399 949 605 994 preshyteris,
626 951 849 995 superioribus
868 957 900 984 et
925 951 1071 996 personis

318 1003 504 1047 praedictis,
525 1005 614 1048 quod
633 1015 671 1038 ex
689 1011 767 1039 tunc
791 1006 830 1039 de
858 1011 966 1039 cetero
998 1016 1071 1050 per-

318 1057 427 1100 petuis
442 1058 560 1091 futuris
581 1059 790 1103 temporibus,
811 1059 1071 1103 quibuscumque

319 1111 582 1154 processionibus
602 1117 633 1146 et
652 1112 725 1146 aliis
735 1113 935 1157 quibuslibet
947 1113 1071 1146 actibus

319 1164 460 1208 publicis
480 1176 689 1210 quocumque
708 1172 856 1210 tempore
869 1166 909 1199 de
925 1166 1071 1199 mo‘revel

319 1219 555 1252 consuetudine
574 1225 630 1252 aut
647 1220 726 1253 alias
745 1230 805 1264 pro
827 1224 972 1263 tempore
988 1219 1070 1253 fien-

318 1271 367 1304 dis
385 1278 416 1306 et
444 1273 646 1306 celebrandis
666 1284 703 1306 ac
723 1273 762 1306 ab
783 1273 958 1306 ordinariis
976 1283 1070 1318 prae-

318 1324 413 1372 dictis
431 1325 625 1368 indicendis,
651 1326 806 1360 interesse
828 1326 960 1360 minime
983 1332 1071 1360 tene-

317 1384 443 1420 rentur,
465 1390 525 1413 nec
544 1380 584 1413 ad
612 1380 646 1413 id
676 1380 796 1423 ubique
825 1381 986 1421 locorum,
1012 1391 1071 1425 per

317 1443 541 1477 quoscumque
553 1434 734 1468 ordinarios
745 1434 886 1478 aliasque
901 1444 1068 1479 personas,

318 1485 408 1519 inviti
428 1486 499 1529 cogi
519 1493 550 1520 et
570 1488 874 1532 compellipossent‚
892 1487 1071 1531 apostolica

317 1540 508 1574 auctoritate
534 1541 699 1585 praedicta
728 1546 887 1586 perpetuo
913 1542 1070 1575 concessit

317 1599 350 1627 et
368 1595 514 1635 indulsit;
536 1606 572 1629 ac
586 1595 743 1639 quicquid
764 1606 856 1629 secus
876 1595 1034 1639 superbis
1053 1607 1070 1629 a

317 1658 494 1695 quoquam,
516 1649 628 1693 quavis
647 1649 850 1689 auctoritate,
873 1649 1012 1682 scienter
1021 1650 1069 1682 vel

317 1700 517 1744 ignoranter,
539 1702 689 1736 attentari
700 1702 882 1746 contigerit,
897 1702 1024 1736 irritum
1041 1709 1071 1737 et

318 1755 415 1789 inane
436 1756 588 1789 decrevit.

362 1809 378 1853 ἓ
403 1809 434 1843 2.
460 1809 530 1843 Non
561 1809 764 1844 obstantibus
792 1810 863 1854 piae
895 1810 1071 1845 memoriae

318 1862 474 1897 Bonifacii
494 1864 598 1908 Papae
617 1863 693 1905 Vlll,
720 1863 818 1897 etiam
843 1864 1070 1908 praedecesso-

320 1917 364 1951 ris
383 1917 495 1958 nostri,
517 1928 580 1960 qua
601 1923 731 1951 cavetur
743 1928 784 1950 ne
800 1917 871 1961 quis
881 1923 970 1951 extra
980 1929 1070 1951 suam

321 1970 482 2005 civitatem
497 1972 546 2004 vel
566 1970 752 2012 dioecesim,
774 1971 878 2003 nisiin
890 1971 1070 2004 certisinibi

322 2025 480 2070 expressis
500 2025 640 2065 casibus,
671 2030 702 2058 et
733 2025 766 2057 in
786 2024 849 2058 illis
870 2025 954 2057 ultra
974 2036 1069 2058 unam

323 2078 474 2119 diaetam,
501 2079 541 2111 ad
565 2078 722 2111 iudicium
735 2078 934 2118 extrahatur,
955 2089 1012 2111 seu
1032 2089 1072 2111 ne

323 2131 447 2165 iudices
458 2143 475 2165 a
490 2132 572 2166 Sede
583 2131 765 2176 Apostolica
777 2131 921 2176 deputati
933 2137 1020 2164 extra
1030 2132 1073 2164 ci-

323 2186 450 2219 vitatem
458 2187 506 2219 vel
515 2186 678 2220 dioecesim
691 2186 847 2229 inquibus
857 2185 998 2229 deputati
1008 2186 1072 2218 sue-

324 2239 401 2279 rint,
428 2245 541 2273 contra
565 2250 788 2283 quoscumque
805 2239 995 2283 procedere,
1018 2244 1073 2271 aut

325 2292 379 2325 alii
398 2293 446 2325 vel
467 2293 537 2326 aliis
556 2293 639 2326 vices
659 2303 733 2325 suas
759 2292 961 2325 committere
981 2302 1074 2336 prae-

326 2352 465 2385 sumant;
475 2353 504 2379 et
515 2346 553 2379 de
567 2346 691 2379 duabus
703 2345 854 2390 diaetisin
868 2345 1006 2378 concilio
1022 2356 1074 2388 ge—

326 2399 428 2431 nerali
447 2399 542 2440 edita,
566 2399 743 2432 dummodo
763 2399 847 2431 ultra
868 2404 933 2432 tres
952 2399 1073 2432 diaetas

328 2448 443 2491 aliquis
467 2447 658 2481 auctoritate
684 2447 903 2491 praesentium
927 2447 967 2480 ad
987 2448 1072 2480 iudi-

329 2496 412 2529 cium
435 2507 498 2529 non
509 2497 671 2537 trahatur,
682 2507 808 2530 necnon
820 2496 983 2539 quibusvis
996 2507 1072 2541 apo-

328 2545 448 2577 stolicis
468 2557 503 2578 ac
531 2546 564 2578 in
590 2546 842 2589 provincialibus
862 2551 894 2579 et
912 2545 1073 2590 synodali-

329 2593 389 2625 bus
413 2594 558 2627 conciliis
582 2594 686 2635 editis,
717 2595 912 2638 specialibus
931 2599 962 2628 et
978 2604 1074 2638 gene-

331 2641 462 2682 ralibus,
489 2643 771 2677 constitutionibus
801 2649 832 2677 et
862 2642 1074 2677 ordinationi-

918 256 1095 281 m'tLARwM
1120 256 1269 280 ROMANUM

1114 309 1186 348 bus,
1209 307 1378 341 contrariis
1402 308 1676 354 quibuscumque;
1697 316 1753 344 aut
1771 310 1798 344 si
1807 309 1865 344 ali-

1115 360 1244 403 quibuS,
1259 361 1477 394 communiter
1487 362 1535 395 vel
1547 362 1684 405 divisim,
1697 364 1737 397 ab
1749 363 1862 398 eadem

1114 419 1197 447 esset
1217 414 1297 447 Sede
1321 414 1486 448 indultum
1507 415 1595 459 quod
1614 415 1774 457 interdici,
1795 428 1864 452 sus÷

1114 467 1211 509 pendi
1233 467 1279 499 vel
1300 468 1575 501 excommunicari
1595 479 1661 502 non
1672 470 1794 513 possint
1803 481 1863 516 per

1114 519 1235 553 litteras
1251 521 1456 564 apostolicas,
1474 532 1539 555 non
1559 522 1712 557 facientes
1732 524 1861 567 plenam

1113 578 1141 605 et
1164 584 1346 617 expressam
1367 585 1404 608 ac
1423 575 1463 609 de
1481 576 1580 609 verbo
1602 577 1642 610 ad
1661 576 1796 610 verbum
1821 578 1861 611 de

1113 626 1237 660 indulto
1257 627 1445 661 huiusmodi
1471 630 1682 663 mentionem.
1947 667 1950 671 ,
2049 671 2051 679 ,

1155 680 1170 723 ἓ
1194 679 1225 713 3.
1253 680 1297 714 Ne
1317 686 1426 715 autem
1440 682 1480 715 de
1497 683 1710 724 absolutione,
1731 693 1861 717 conces·
1883 693 1941 730 *flio
1976 698 1988 725 2-

1111 733 1213 774 sione,
1236 734 1362 767 indulto
1382 741 1414 769 et
1433 735 1563 770 decreto
1584 736 1779 782 praedictis,
1800 747 1860 782 pro
1873 725 1988 778 22⁰2?st
2007 730 2031 775 [g]

1111 797 1149 819 eo
1168 788 1255 830 quod
1276 798 1372 832 super
1392 789 1456 822 illis
1474 789 1577 834 ipsius
1597 790 1742 834 Gregorii
1764 801 1860 834 prae·
1874 791 1994 840 {ssffin‘i
2007 793 2015 807 '¹
2028 805 2037 838 j,

1111 839 1300 879 decessoris,
1323 841 1392 874 eius
1405 844 1652 887 superveniente
1663 844 1861 886 obitu‚litte-
1875 842 1977 886 dimas
2010 853 2015 885 ξ
2036 846 2037 891 fl

1111 904 1165 927 rae
1184 895 1350 929 consectae
1360 907 1424 930 non
1440 898 1582 938 fuerunt,
1603 899 1707 932 valeat
1725 909 1862 942 quomo·
1874 887 1956 904 ”mn
1986 903 1989 906 '

1110 947 1231 981 dolibet
1249 948 1412 991 haesitari‚
1432 962 1469 984 ac
1493 951 1711 995 congregatio,
1732 962 1860 986 necnon

1111 1000 1206 1034 etiam
1235 1002 1357 1043 clerici,
1393 1005 1593 1048 presbyteri,
1622 1005 1806 1050 superiores
1829 1011 1862 1040 et

1111 1065 1268 1097 personae
1294 1056 1483 1091 huiusmodi
1509 1058 1638 1091 illarum
1665 1059 1862 1093 frustrentur

1110 1107 1243 1149 effectu,
1276 1110 1424 1143 volumus
1452 1115 1483 1144 et
1515 1111 1664 1145 similiter
1684 1112 1862 1156 apostolica

1110 1162 1301 1196 auctoritate
1330 1163 1536 1198 decernimus
1570 1166 1657 1209 quod
1686 1166 1859 1207 absolutio,

1110 1216 1285 1257 concessio,
1300 1216 1462 1251 indultum
1483 1224 1514 1252 et
1533 1219 1700 1252 decretum
1715 1220 1863 1263 Gregorii

1110 1270 1370 1313 praedecessoris
1390 1272 1577 1306 huiusmodi
1597 1273 1762 1318 perindea
1776 1274 1862 1308 dicta

1110 1323 1161 1356 die
1181 1323 1287 1357 idibus
1315 1325 1421 1358 martii
1453 1337 1548 1359 suum
1580 1327 1758 1361 sortiantur
1782 1327 1861 1363 effe-

1110 1376 1196 1409 cium
1212 1404 1220 1418 ‚
1252 1388 1290 1411 ac
1319 1378 1344 1412 si
1371 1389 1470 1423 super
1497 1380 1561 1413 illis
1587 1381 1688 1424 ipsius
1713 1380 1861 1426 Gregorii

1112 1430 1367 1473 praedecessoris
1386 1432 1511 1466 litterae
1531 1435 1592 1467 sub
1620 1434 1766 1468 eiusdem
1796 1434 1861 1469 diei

1110 1484 1183 1517 data
1212 1485 1377 1519 consectae
1408 1487 1552 1527 fuissent,
1585 1494 1683 1532 prout
1710 1488 1861 1533 superius

1110 1543 1290 1571 enarratur.
1314 1539 1471 1583 Quodque
1483 1547 1671 1584 praesentes
1684 1542 1810 1576 litterae
1820 1543 1862 1576 ad

1111 1591 1313 1634 probandum
1335 1593 1428 1636 plene
1448 1594 1699 1636 absolutionem,
1726 1606 1860 1629 conces-

1110 1645 1244 1686 sionem,
1265 1645 1426 1679 indultum
1445 1653 1475 1680 et
1491 1647 1657 1681 decretum
1673 1649 1862 1683 huiusmodi

1111 1698 1231 1742 ubique
1255 1699 1426 1741 sufficiant,
1450 1711 1509 1734 nec
1529 1702 1569 1735 ad
1600 1702 1631 1735 id
1659 1703 1861 1746 probationis

1118 1753 1243 1786 uterius
1262 1754 1498 1787 adminiculum
1520 1755 1717 1799 requiratur.

1153 1806 1168 1849 ξ
1189 1805 1224 1839 4.
1251 1807 1408 1846 Quocirca
1427 1808 1551 1841 dilectis
1575 1808 1652 1842 filiis
1677 1809 1861 1854 archipres-

1111 1860 1220 1903 bytero
1244 1860 1398 1894 ecclesiae
1422 1861 1667 1896 Mediolanensis
1687 1868 1717 1897 et
1733 1863 1862 1897 vicariis

1111 1913 1342 1947 venerabilium
1363 1914 1499 1948 fratrum
1521 1922 1704 1950 nostrorum
1723 1917 1861 1960 Papien-

1111 1966 1151 1999 sis
1175 1977 1212 2000 ac
1231 1968 1406 2001 Laudensis
1422 1959 1651 2013 episcoporum
1661 1970 1695 2003 in
1711 1970 1863 2014 spiritua-

1113 2021 1196 2054 :ibus
1214 2021 1430 2064 generalibus,
1454 2033 1510 2064 per
1536 2023 1712 2067 apostolica
1742 2019 1862 2069 scripta

1114 2075 1313 2115 nandamus,
1342 2080 1431 2108 motu
1464 2076 1583 2118 simili,
1610 2066 1769 2120 quatenus
1799 2077 1862 2122 ipsi

1116 2129 1159 2161 »el
1185 2128 1249 2161 duo
1273 2135 1328 2162 aut
1353 2140 1436 2162 unus
1461 2140 1587 2170 eorum,
1613 2141 1673 2174 per
1701 2142 1735 2165 se
1757 2131 1808 2165 vel
1827 2142 1862 2164 a-

1113 2183 1189 2215 lium
1208 2193 1265 2216 seu
1286 2183 1377 2222 alios,
1400 2184 1528 2217 easdem
1541 2190 1726 2228 praesentes
1739 2185 1862 2219 litteras

1113 2243 1141 2269 <t
1167 2236 1199 2268 in
1229 2236 1274 2269 eis
1300 2242 1450 2270 contenta
1479 2248 1725 2282 quaecumque,
1746 2238 1802 2272 ubi
1830 2243 1862 2271 et

1113 2290 1241 2333 quando
1266 2300 1347 2333 opus
1367 2290 1475 2328 suerit,
1493 2296 1522 2323 et
1542 2291 1668 2335 quoties
1681 2301 1747 2335 ,pro
1771 2297 1862 2336 parte

1113 2344 1371 2387 congregationis
1391 2349 1422 2377 et
1441 2345 1645 2386 clericorum,
1659 2345 1860 2390 presbytero-

1115 2408 1198 2438 rum,
1225 2398 1431 2442 superiorum
1452 2403 1483 2432 et
1507 2408 1720 2442 personarum
1733 2399 1860 2443 praedi-

1114 2452 1237 2479 ctarum
1257 2452 1312 2480 aut
1336 2457 1395 2491 pro
1415 2447 1461 2480 eis
1480 2447 1642 2490 agentium
1668 2447 1788 2481 suerint
1812 2458 1861 2480 re·
1909 2474 1919 2487 ,

1123 2495 1233 2536 11115111,
1256 2496 1445 2529 solemniter
1460 2496 1676 2540 publicantes,
1692 2494 1818 2540 illi'sque
1827 2495 1860 2529 in

1117 2544 1298 2587 praemissis
1319 2545 1457 2578 efficacis
1481 2545 1676 2579 defensionis
1698 2544 1877 2589 praesidio·

1115 2593 1308 2634 assistentes,
1331 2593 1449 2627 saciant
1459 2594 1650 2627 auctoritate
1662 2598 1770 2626 nostra
1784 2603 1861 2626 con-

1115 2643 1335 2689 gregationem
1354 2653 1391 2677 ac
1417 2643 1566 2685 clericos,
1576 2641 1788 2688 presbyteros,
1808 2652 1862 2675 su-

1561 2695 1571 2706 .
