2059 3228
140 233 192 262 An.

206 233 225 262 (Ἴ

231 256 235 260 .
253 234 320 262 1577

380 227 441 261 48ss

336 290 507 324 contrariis
527 289 798 333 quibuscumque.
821 286 883 321 Aut
906 287 932 320 si
963 286 1080 330 aliqui-

335 345 405 384 bus,
424 343 642 376 communiter
660 342 709 374 vel
739 341 875 381 divisim,
903 341 942 374 ab
969 340 1080 374 eadem

335 398 373 430 sit
390 396 469 430 Sede
482 396 642 428 indultum
654 395 741 438 quod
756 394 915 435 interdici,
928 393 1080 438 suspendi

335 451 381 483 vel
403 448 676 482 excommunicari
694 459 761 482 non
782 447 902 492 possint
923 459 982 491 per
998 447 1081 481 litte-

334 513 386 536 ras
406 501 596 546 apostolicas
614 512 680 535 non
709 501 859 535 facientes
889 502 1016 545 plenam
1051 507 1082 534 et

335 565 516 599 expressam
537 566 573 588 ac
593 555 632 589 de
646 555 744 589 verbo
764 555 804 588 ad
822 555 957 589 verbum
975 555 1014 588 de
1034 554 1082 587 in-

335 611 426 644 dulto
445 609 633 644 huiusmodi
653 609 861 644 mentionem.

378 666 393 707 §
427 664 480 698 ⁶25.
521 664 678 697 Volumus
713 669 823 698 autem
861 662 1080 708 praesentium

164 716 226 738 rues
246 720 322 738 exem-
333 706 490 761 exemplis
509 721 567 750 etc.

138 750 226 773 piorum.

377 771 492 804 Datum
510 770 631 804 Romae
653 770 738 814 apud
762 769 914 803 Sanctum
940 770 1081 809 Petrum,

333 834 418 857 anno
437 822 671 857 incarnationis
698 822 878 857 dominicae
911 821 1082 854 millesimo

332 875 594 921 quingentesimo
615 875 852 919 septuagesimo
866 875 1015 919 septimo,
1030 884 1082 907 oc-

332 935 404 964 tavo
435 929 587 962 kalendas
619 927 713 969 iunii,
744 927 950 972 pontificatus
981 926 1081 960 nostri

332 993 418 1017 anno
438 988 538 1016 sexto.

371 1035 436 1067 Dat.
457 1035 506 1066 die
523 1035 562 1067 25
583 1034 654 1065 maii
672 1034 761 1073 1577,
781 1033 886 1073 pontis.
904 1043 980 1064 anno
1001 1041 1040 1063 vt.

650 1241 755 1276 LXXII
761 1267 768 1275 .

335 1326 479 1362 Absolvit
498 1337 604 1371 reqem
623 1326 848 1370 Portuqnlliae
867 1330 896 1359 et
915 1326 999 1358 alias
1014 1335 1084 1369 per-

378 1390 474 1413 sonas
493 1379 662 1423 deputatas
681 1390 701 1413 α
721 1379 880 1423 quibusvis
901 1379 1043 1411 censuris
1055 1381 1085 1410 et
1122 1400 1322 1441 huiusmodi,

376 1433 490 1477 poenis
509 1433 545 1465 ob
565 1433 756 1466 commercia
775 1442 848 1464 cum
864 1433 1027 1464 saracenis
1048 1441 1085 1464 ac

379 1485 564 1528 infidelibus
581 1485 709 1525 habita,
732 1489 761 1518 et
779 1495 896 1518 merces
919 1485 962 1517 ad
980 1495 1030 1517 cos
1039 1485 1087 1516 de-

380 1538 488 1578 latas‚·
505 1549 543 1572 ac
563 1540 593 1572 ez·
610 1543 640 1573 et
656 1538 883 1572 successoribus
896 1539 975 1578 suis,
992 1539 1086 1572 imic-

379 1592 486 1625 vando
515 1592 648 1625 indulta
673 1602 768 1635 super
801 1591 856 1624 hoc
879 1602 900 1624 ιι
927 1590 1084 1631 Martiae,

379 1643 526 1688 Eugyenio
546 1649 575 1678 el
596 1644 725 1678 Calioeto
741 1655 897 1684 concessa,
918 1644 1087 1686 facultates

381 1698 540 1741 elaryz'tur
558 1698 725 1731 licentiam
744 1697 935 1730 concedendi
950 1698 1087 1730 subdit-is

381 1751 420 1784 in
438 1751 587 1793 futurum
601 1761 673 1784 cum
682 1751 800 1784 eisdem
811 1751 994 1794 infidelibus
1006 1761 1087 1785 com-

382 1804 539 1838 mercium
560 1803 700 1838 habendi
719 1803 747 1837 1.

338 1892 486 1922 carissimo
512 1892 542 1922 in
572 1892 680 1922 Chi-Isto
706 1892 764 1920 filio
798 1893 896 1921 nostro
927 1892 1089 1922 Sebastiano

397 1945 584 1982 Portugalliae
599 1947 630 1974 et
640 1945 828 1981 Aigai-biotam
848 1946 908 1981 regi
927 1946 1035 1974 illustri

556 1999 702 2034 Gregorius
724 1999 796 2034 Papa
813 1998 880 2027 Xlll.

341 2053 486 2083 carissime
493 2053 522 2082 in
529 2052 637 2083 christo
644 2052 694 2086 tili,
707 2052 759 2081 sal.
769 2053 800 2081 et
811 2059 855 2088 ap.
864 2052 1087 2080 benedictionem.

385 2126 400 2169 ἓ
430 2125 461 2158 l.
493 2123 617 2169 Exponi
646 2123 739 2157 nobis
758 2123 860 2157 fecisti
889 2123 977 2167 quod
997 2123 1086 2163 alias,

174 2193 232 2215 run
253 2193 328 2215 nenos.
341 2182 511 2223 postquam
547 2177 647 2212 felicis
685 2177 918 2211 recordationis
952 2175 1089 2210 Calixtus

342 2231 428 2275 Papa
446 2230 736 2275 III,praedecessor
758 2235 880 2270 noster,
900 2229 1041 2272 vestigiis
1051 2229 1090 2262 si-

344 2283 429 2316 milis
449 2282 682 2317 recordationis
705 2281 831 2316 Martini
848 2282 873 2315 V
902 2287 934 2315 et
956 2281 1090 2324 Eugenii

345 2336 394 2376 IV,
415 2335 635 2369 Romanorum
654 2335 848 2369 Pontificum
873 2334 968 2368 etiam
996 2345 1089 2378 prae-

346 2389 551 2422 deeessorum
571 2394 769 2429 nostrorum,
791 2387 990 2421 inhaerendo
1007 2392 1039 2420 et
1055 2397 1092 2420 ex

347 2441 441 2475 certis
460 2447 537 2474 tunc
553 2441 711 2485 expressis
725 2440 952 2481 causis,h0nae
971 2450 1093 2473 memo-

347 2494 413 2526 riae
420 2494 595 2537 Alphonso,
607 2494 821 2537 Portugalliae
830 2493 1090 2536 etAlgarbiorurn

347 2545 414 2589 regi
435 2552 511 2579 tunc
521 2546 554 2579 in
573 2547 725 2580 humanis
743 2548 863 2590 agenti,
876 2545 1011 2590 eiusque
1023 2556 1092 2579 suc-

356 2644 360 2649 ,
383 2613 396 2640 1
413 2611 455 2640 Ex
469 2611 580 2647 Regest.
597 2612 626 2640 in
645 2612 750 2641 secret.
771 2612 917 2641 Brevium.

926 231 1105 259 nnLLAan
1123 228 1274 256 Romnum

1122 284 1304 318 cessorihus
1325 281 1513 317 eorumdem
1541 292 1716 327 regnorum
1736 281 1867 328 regibus

1120 348 1179 381 pro
1200 342 1345 381 tempore
1366 336 1587 378 existentibus,
1609 348 1646 370 ac
1674 337 1713 370 ab
1740 337 1786 371 eis
1809 337 1866 371 de-

1120 390 1272 434 putandis
1291 401 1347 423 seu
1371 389 1490 433 quihus
1519 388 1551 423 id
1581 390 1747 423 duxissent
1781 401 1868 424 corn-

1122 443 1317 477 mittendum
1339 440 1485 486 personis
1520 442 1796 486 quibuscumque,
1831 448 1869 477 ut

1121 508 1194 530 cum
1215 495 1379 540 quibusvis
1398 498 1558 530 saracenis
1577 501 1608 529 et
1623 495 1808 531 infidelibus
1827 497 1867 530 de

1121 550 1380 593 quibuscumque
1403 549 1502 583 rebus
1520 548 1662 583 ethonis
1685 561 1722 584 ac
1745 549 1868 584 victua-

1121 604 1207 637 libus
1226 603 1405 647 emptiones
1419 602 1538 643 sacere;
1549 613 1676 637 necnon
1696 614 1868 647 quoscum*

1120 667 1184 700 que
1203 661 1387 690 contractus
1410 655 1504 696 inire,
1531 655 1720 699 transigere,
1749 654 1868 700 pacisci

1121 715 1153 743 et
1171 709 1309 744 mercari
1334 715 1364 743 et
1383 709 1554 753 negotiari;
1580 720 1617 743 ae
1640 720 1762 743 merces
1775 721 1868 754 quas-

1121 774 1262 807 cumque
1294 763 1334 796 ad
1354 763 1498 807 ipsorum
1522 773 1750 796 saracenorum
1771 767 1803 797 et
1820 763 1868 796 in·

1121 816 1266 850 fidelium
1304 817 1375 849 loca
1390 842 1400 856 ,
1443 816 1619 850 dnmmodo
1651 816 1866 857 ferramenta,

1121 868 1310 912 lignamina,
1347 870 1451 909 funes,
1473 880 1570 902 naves
1599 879 1654 902 seu
1685 868 1868 913 aliquarum

1121 928 1359 956 armaturarum
1376 933 1495 965 genera
1513 932 1580 955 non
1600 927 1717 962 essent,
1735 921 1867 963 deserri;

1122 985 1159 1008 ea
1178 974 1271 1008 dictis
1290 975 1452 1009 saracenis
1471 981 1501 1008 et
1514 975 1700 1008 infidelibus
1717 975 1868 1016 vendere;

1121 1028 1250 1072 aliaque
1274 1028 1383 1062 omnia
1401 1034 1432 1062 et
1464 1028 1590 1071 singula
1619 1027 1652 1061 in
1683 1027 1871 1072 praemissis

1122 1085 1153 1114 et
1176 1080 1262 1114 circa
1285 1091 1324 1114 ea
1342 1081 1523 1115 necessaria
1546 1081 1595 1114 vel
1619 1087 1803 1124 opportuna
1820 1081 1870 1114 sa-

1122 1143 1205 1174 cere,
1226 1143 1338 1176 gerere
1357 1139 1388 1167 et
1407 1144 1569 1174 exercere,
1590 1134 1712 1178 absque
1734 1133 1870 1168 alicuius

1122 1185 1300 1230 spiritualis
1318 1187 1367 1219 vel
1382 1186 1569 1231 temporalis
1583 1197 1706 1230 poenae
1722 1186 1867 1228 incursu,

1122 1243 1254 1283 possent
1275 1244 1306 1273 et
1323 1240 1469 1272 valerent
1482 1239 1660 1284 apostoliea
1678 1235 1871 1273 auctor-itate

1123 1298 1327 1326 concesserat
1345 1297 1377 1328 a
1395 1292 1585 1326 indulserat.

1167 1346 1225 1390 §2
1242 1347 1301 1388 Tu,
1317 1352 1389 1391 post
1404 1347 1645 1381 concessionem
1660 1353 1692 1381 et
1708 1347 1870 1382 indultum

1343 1409 1402 1444 pro
1422 1400 1610 1434 eorumdem
1634 1410 1808 1444 regnorum
1839 1405 1872 1434 et

1102 1453 1262 1501 galiorum
1283 1458 1414 1486 tuorum
1443 1453 1664 1487 dominiorum
1693 1453 1872 1488 vastissimo

1124 1506 1222 1539 maris
1256 1506 1374 1540 Oceani
1404 1511 1509 1539 tractu
1540 1516 1577 1540 ex
1609 1517 1726 1550 magna
1756 1516 1872 1540 eorum

1124 1564 1215 1603 paite
1239 1570 1271 1593 se
1287 1558 1551 1604 protendentium
1571 1559 1656 1593 bono
1671 1559 1816 1603 publico,
1833 1570 1874 1593 ac

1124 1612 1330 1646 castellorum
1355 1618 1387 1647 et
1419 1614 1617 1657 populorum
1651 1612 1766 1646 ditioni
1797 1618 1874 1647 tuae

1125 1665 1296 1709 temporali
1324 1666 1527 1699 subditorum
1558 1666 1753 1700 utilitatibus
1782 1676 1874 1700 com—

1126 1718 1401 1762 moditatibusque
1431 1719 1647 1763 procurandis
1674 1724 1706 1752 et
1732 1710 1874 1752 necessi-

1125 1771 1245 1805 tatibus
1269 1763 1490 1820 sublevandis,
1505 1771 1678 1816 plerosque
1701 1770 1824 1805 incolas
1843 1776 1876 1805 et

1126 1825 1324 1858 habitatores
1341 1824 1505 1859 dictorum
1525 1835 1700 1868 regnorum
1721 1830 1755 1858 et.
1768 1824 1875 1858 domi-

1126 1877 1268 1917 niorum,
1288 1888 1325 1911 ac
1345 1877 1441 1911 etiam
1468 1878 1646 1921 Anglos.et
1668 1877 1776 1910 forsan
1795 1877 1877 1911 alios

1127 1930 1334 1973 alienigenas,
1352 1941 1427 1964 cum
1456 1930 1617 1964 saracenis
1635 1935 1668 1963 et
1690 1929 1877 1968 infidelibus

1127 1983 1300 2026 praedictis
1324 1993 1361 2016 ac
1379 1983 1475 2016 etiam
1499 1982 1633 2016 diversis
1652 1982 1790 2016 aliarum
1817 1993 1876 2016 na-

1128 2036 1252 2069 tionum
1272 2047 1290 2069 a
1309 2036 1372 2069 fide
1390 2036 1550 2069 catholica
1577 2035 1798 2069 aberrantium
1821 2035 1878 2069 ho-

1128 2089 1271 2122 minibus
1294 2094 1406 2122 mutua
1436 2088 1632 2122 commercia
1655 2099 1817 2130 exercere,
1833 2091 1878 2123 'et

1129 2142 1199 2175 eius
1218 2142 1265 2175 rei
1286 2153 1392 2182 causa,
1412 2142 1485 2175 illos
1509 2143 1549 2175 ad
1569 2147 1668 2186 caput
1686 2142 1726 2175 de
1745 2141 1832 2188 Guer
1845 2147 1878 2176 et

1129 2195 1191 2228 alia
1215 2196 1247 2228 in
1267 2195 1413 2239 partibus
1431 2195 1570 2236 Africae,
1595 2201 1670 2229 tuae
1688 2195 1885 2239 conquistae‘

1130 2248 1214 2282 dicta
1250 2249 1440 2282 auctoritate
1482 2249 1647 2289 subiectis,
1673 2248 1878 2282 consistentia

1130 2302 1201 2335 loca
1218 2302 1406 2345 transigere,
1426 2313 1546 2346 eosque
1560 2302 1698 2335 vicissim
1717 2302 1758 2335 ad
1777 2312 1878 2345 regna

1131 2360 1161 2387 et
1181 2354 1325 2388 dominia
1344 2352 1507 2398 praedicta
1529 2355 1694 2389 venientes
1717 2355 1876 2399 recipere,

1132 2413 1407 2452 commeatusque,
1415 2417 1537 2441 merces
1549 2415 1581 2441 et
1592 2407 1670 2441 alias
1680 2417 1732 2442 res
1742 2407 1782 2440 ad
1790 2418 1877 2440 com-

1133 2466 1265 2489 munem
1288 2456 1370 2488 vitae
1389 2467 1484 2489 usum
1503 2456 1698 2500 pertinentes
1725 2456 1810 2489 ultro
1830 2455 1874 2489 ci·

1133 2510 1248 2548 troque
1267 2505 1405 2538 vendere
1424 2510 1455 2538 et
1478 2515 1585 2538 emere
1604 2503 1789 2549 permisisti,
1814 2504 1877 2537 eis-

1133 2563 1196 2595 que
1221 2564 1277 2596 per
1300 2558 1330 2586 te
1355 2558 1386 2587 et
1404 2553 1483 2587 alias
1502 2554 1541 2587 ad
1561 2554 1593 2587 id
1612 2564 1630 2586 a
1652 2559 1684 2586 te
1711 2554 1878 2597 deputatas

1134 2613 1287 2645 personas
1310 2602 1472 2637 licentiam
1497 2603 1636 2646 desuper
1655 2601 1854 2635 concessisti·

1910 1360 1952 1382 Gau
1986 1384 1991 1386 ,
2025 1348 2051 1390 ³³]

1886 1393 1992 1427 tutionis·
2029 1399 2050 1428 ,ζ’
