2059 3228
71 231 134 259 An.
153 230 182 258 C.
202 231 270 260 1525

330 236 366 259 ,τυ

283 300 356 323 curn
382 298 503 322 mensa.
522 297 595 319 arca
616 291 643 319 et
665 285 771 329 sigillo
790 287 968 331 ceterisque
982 288 1030 320 in-

281 342 390 385 signiis
410 340 654 384 capitularibus,
682 339 859 383 apostolica
887 340 1028 374 auctori-

280 402 351 435 tate,
372 400 530 438 perpetuo
555 394 655 427 erexit
675 399 705 427 et
728 394 877 428 instituit.

323 449 337 492 ξ
362 448 393 480 4.
420 449 464 480 Ac
485 448 589 480 eidem
610 447 765 481 ecclesiae
789 447 833 481 sic
866 447 899 480 in
922 447 1029 480 cathe-

146 512 262 533 moecesim
278 503 400 536 dralem
420 507 545 534 erectae
561 506 592 534 et
604 500 767 535 institutae
780 501 938 534 civitatem
955 500 1029 533 l'in-

79 544 197 569 constituit,

104 1307 177 1330 Dotem
211 1307 261 1334 epi-

77 1344 142 1365 scopo
179 1339 262 1366 capitu-

85 1375 142 1398 oque
159 1371 261 1398 assignem

109 2481 211 2503 poloniae
222 2478 279 2504 regi-

95 2513 150 2534 husi
154 2518 177 2532 us
185 2514 278 2537 patrona-

98 2551 132 2568 ως
146 2544 218 2565 tribuit
243 2547 281 2562 ιιι

278 557 408 589 densem
428 566 487 599 pro
508 555 645 595 civitate,
665 561 695 588 et
714 561 812 589 totam
829 555 1026 599 provinciam

278 620 351 642 cum
372 608 437 642 suis
457 609 580 649 castris,
601 608 683 641 villis
703 615 733 642 et
743 609 835 649 locis,
849 619 1027 652 corumque

278 663 447 696 territoriis
466 669 497 696 et
512 662 711 696 districtibus
721 668 779 706 p‘ro
793 662 1028 702 dioecesi,nec-

276 727 341 750 non
374 716 607 750 ecclesiasticas
631 727 690 760 pro
717 717 817 756 clero,
848 715 1029 749 saeculares

275 780 350 803 vero
365 780 521 814 personas
541 770 574 803 in
594 770 716 803 eisdem
738 769 863 803 civitate
888 774 919 802 et
938 768 1027 802 dioe-

276 824 338 857 cesi
359 835 417 868 pro
446 830 594 868 tempore
613 823 777 867 degentes,
809 833 868 867 pro
892 823 1025 866 populo,

276 877 361 911 dicta
380 878 582 920 auctoritate,
601 877 697 911 etiam
710 882 881 921 perpetuo,
899 886 1028 909 conces-

275 931 357 965 sitet
376 931 564 975 assignaviss
586 927 824 974 civitatemque,
841 929 1027 969 dioecesim,

275 986 399 1019 clerum
419 991 451 1019 et
470 986 630 1030 populum
654 984 841 1018 huiusmodi
869 983 931 1027 ipsi
960 982 1028 1026 epi-

275 1049 374 1083 scopo
380 1039 531 1073 Vindensi
538 1050 597 1083 pro
606 1045 753 1083 tempore
760 1036 1029 1080 existenti,quoad

275 1093 493 1138 episcopalem
510 1098 542 1127 et
561 1093 760 1126 ordinariam
770 1091 1028 1125 iurisdictionem

275 1158 312 1181 ac
335 1147 612 1192 superioritatem,
635 1146 749 1180 eadem
767 1145 961 1179 auctoritate
985 1144 1028 1177 si-

274 1201 396 1234 militer
411 1207 570 1245 perpetuo
591 1199 739 1233 subiecit.

319 1255 334 1299 ἓ
359 1255 390 1289 5.
424 1255 556 1288 Necnon
585 1253 760 1298 episcopali
789 1258 821 1287 et
860 1250 1029 1296 capitulari

276 1308 395 1342 mensis
413 1308 598 1352 praedictis,
619 1318 678 1351 pro
698 1318 812 1340 earum
822 1306 906 1347 dote,
917 1316 954 1338 ac
971 1314 1030 1348 pro

276 1368 422 1406 tempore
441 1361 647 1395 existentium
663 1360 818 1405 episcopi,
842 1357 1029 1404 praepositi,

276 1416 402 1458 decani,
414 1415 646 1455 archidiaconi,
660 1414 813 1454 cantoris,
833 1411 1028 1451 scholastici,

277 1470 419 1505 custodis
455 1475 485 1503 et
516 1469 748 1502 canonicorum
787 1466 1030 1511 praedictorum

277 1524 521 1564 sustentatione,
543 1532 746 1565 onerumque
771 1520 815 1554 eis
837 1520 1030 1553 incumben-

276 1578 358 1612 tium
373 1577 629 1622 supportatione,
646 1582 692 1609 tot
705 1574 918 1620 proprietates
934 1572 1031 1605 etalia

276 1631 362 1665 bona
381 1631 518 1671 stabilia,
541 1641 624 1674 quae
651 1630 691 1662 ad
714 1629 856 1661 valorem
886 1635 1031 1659 annuum

278 1690 418 1729 quatuor
437 1684 576 1718 millium
599 1684 792 1716 ducatorum
814 1680 884 1714 auri
910 1680 948 1712 de
975 1678 1032 1712 Ca-

278 1749 368 1772 mera
387 1738 611 1777 ascenderent,
634 1737 672 1770 ad
698 1736 729 1769 id
750 1745 808 1779 per
831 1733 1031 1792 praedictum

279 1793 479 1837 Stephanum
496 1802 605 1835 legem
626 1790 658 1823 in
678 1790 764 1823 dicta
784 1787 967 1833 provincia
958 1785 1034 1818 assi-

876 233 1056 259 mmmmm!
1074 233 1224 258 Romami

1069 286 1246 320 cantoriam
1266 297 1303 320 ac
1323 287 1404 320 duos
1424 291 1548 320 tantum
1568 295 1606 320 ex
1620 283 1817 320 canonicati-

1068 340 1128 373 bus
1148 345 1179 373 et
1198 340 1389 384 praebendis
1407 339 1606 380 huiusmodi,
1616 345 1682 372 tam
1701 339 1741 373 ab
1759 348 1816 373 eo-

1068 404 1142 427 rum
1167 394 1330 437 primaeva
1349 392 1703 436 erectionevpraedicta,
1718 402 1816 437 quam

1069 446 1221 491 deinceps
1238 447 1368 480 illorum
1384 446 1562 486 vacatione,
1578 445 1692 489 quovis
1705 446 1814 487 modo,

1069 501 1164 534 etiam
1185 501 1270 544 apud
1289 499 1405 533 Sedem
1424 499 1635 544 praedictam,
1656 509 1715 543 pro
1734 503 1816 532 tem-

1069 564 1146 598 pore
1167 559 1370 587 occurrente:
1381 553 1489 596 quoad
1499 551 1670 586 ecclesiam
1679 551 1818 585 Vinden-

1068 619 1134 642 sem
1154 608 1314 648 videlicet,
1330 617 1428 640 unam
1448 607 1507 650 ipsi
1528 605 1769 650 praedecessori
1786 610 1818 639 et

1067 672 1127 706 pro
1142 667 1287 704 tempore
1307 660 1453 694 existenti
1471 660 1564 693 Rom.
1581 659 1741 700 Pontifici,
1759 669 1819 702 per

1068 726 1142 748 eum
1162 715 1195 748 in
1215 715 1359 748 eiusdem
1384 714 1538 747 ecclesiae
1571 713 1759 758 episcopum
1787 716 1820 746 et

1069 774 1240 813 pastorem,
1254 769 1293 802 ad
1309 762 1600 812 praesentationem
1617 759 1817 806 huiusmodi,

1068 822 1333 866 praeficiendam
1345 833 1409 865 quo
1416 832 1491 855 vero
1498 821 1537 854 ad
1545 819 1816 865 praeposituram,

1068 876 1382 916 archidiaconatum,
1392 874 1628 915 scholastriam,
1640 873 1819 907 cantoriam

1069 941 1105 963 ac
1115 930 1194 963 duos
1206 941 1240 963 ex
1254 929 1498 962 canonicatibus
1513 933 1545 961 et
1559 927 1752 972 praebendis
1762 928 1820 959 bu-

1068 983 1220 1024 iusmodi,
1231 984 1308 1017 alias
1317 993 1470 1028 personas
1483 982 1653 1027 praedictas
1667 981 1819 1026 episcopo
1844 1017 1847 1020 Α

1067 1037 1218 1070 Vindensi
1238 1047 1297 1081 pro
1318 1042 1463 1081 tempore
1490 1034 1646 1076 existenti,
1673 1033 1821 1068 similiter

1068 1102 1127 1136 per
1146 1101 1221 1124 eum
1242 1091 1281 1123 ad
1311 1089 1600 1134 praesentationem
1630 1086 1820 1122 huiusmodi

1069 1145 1102 1178 in
1123 1144 1186 1178 illis
1206 1144 1430 1185 instituendas,
1452 1143 1537 1176 dicta
1555 1142 1748 1176 auctoritate
1765 1141 1820 1174 iti-

1069 1199 1143 1232 dem
1164 1203 1322 1242 perpetuo
1347 1197 1527 1237 reservavit,
1548 1195 1707 1229 concessit
1723 1198 1758 1229 'et
1773 1205 1821 1228 as-

1070 1252 1216 1295 signavit3
1243 1262 1280 1284 ac
1315 1251 1365 1284 ius
1387 1255 1578 1294 patronatus
1604 1255 1634 1283 et
1666 1258 1820 1293 praesen-

1069 1305 1157 1338 tandi
1180 1304 1368 1338 huiusmodi
1387 1303 1552 1348 Stephano
1563 1308 1594 1336 et
1606 1313 1666 1347 pro
1674 1308 1820 1346 tempore

1070 1358 1215 1392 existenti
1234 1358 1302 1401 regi
1317 1357 1482 1402 praedicto
1503 1367 1541 1389 ex
1553 1356 1649 1389 meris
1660 1354 1822 1388 fundatio-

1070 1423 1110 1446 ne
1130 1418 1161 1446 et
1181 1411 1344 1445 dotatione
1362 1415 1558 1454 competere,
1577 1409 1700 1453 illique,
1723 1409 1822 1442 etiam

1070 1478 1129 1511 per
1141 1466 1256 1500 Sedem
1269 1465 1482 1510 praedictam,
1500 1473 1707 1508 quacumque
1726 1462 1823 1496 ratio-

1071 1531 1128 1560 ne,
1148 1519 1296 1562 derogari
1328 1529 1393 1552 non
1417 1528 1511 1562 posse
1543 1527 1604 1550 nec
1633 1517 1822 1559 derogatum

1072 1574 1207 1613 censeri,
1228 1573 1288 1606 nisi
1308 1572 1409 1616 ipsius
1436 1571 1590 1615 Stephani
1615 1575 1646 1603 et
1661 1580 1720 1614 pro
1740 1575 1822 1602 tem-

1072 1638 1150 1672 pore
1168 1626 1331 1660 existentis
1347 1624 1500 1659 Poloniae
1516 1624 1600 1667 regis
1618 1623 1659 1656 ad
1686 1623 1749 1656 hoc
1771 1633 1824 1655 ex-

1072 1692 1202 1725 pressus
1231 1680 1399 1713 accederet
1427 1689 1590 1718 assensus,
1627 1682 1658 1710 et
1684 1676 1709 1709 si
1729 1675 1824 1709 aliter

1073 1735 1186 1779 quovis
1205 1735 1300 1768 modo
1321 1733 1427 1767 eidem
1447 1731 1594 1773 derooari
1610 1729 1822 1772 contingeret,

1074 1789 1298 1832 dciogationes
1314 1785 1501 1820 huiusmodi
1524 1795 1599 1818 cum
1619 1784 1694 1817 inde
1704 1781 1824 1816 secutis

278 1847 420 1890 gssassda
438 1856 496 1890 pro
517 1843 864 1889 episcopatixidelicet,
879 1841 955 1874 duox
955 1850 1032 1878 um·
1052 1831 1337 1890 {quibuscumque
1367 1840 1491 1873 nullius
1517 1838 1643 1872 ioboris
1674 1837 1723 1870 vel
1753 1846 1824 1869 mo-

281 1911 340 1944 pro
361 1899 533 1944 capitulari
552 1897 758 1931 veroniensis
769 1894 953 1939 praedictis,
968 1893 1035 1925 iux-

283 1961 314 1988 ta
339 1954 484 1988 eiusdem
508 1952 663 1996 Stephani
690 1950 774 1993 regis
798 1947 1034 1982 ordinationem

283 2015 314 2042 et
333 2007 521 2041 divisionem
548 2006 632 2039 inter
651 2005 820 2048 dignitates
840 2013 877 2036 ac
901 2001 1035 2034 canoni-

285 2068 374 2095 catus
394 2066 427 2095 ct
442 2059 643 2105 praebendas
663 2056 851 2091 huiusmodi
875 2066 934 2099 pro
957 2060 1036 2087 tem—

285 2122 364 2158 pore
379 2115 562 2148 obtinentes
585 2112 778 2152 saciendam,
798 2110 937 2143 aliorum
955 2109 1037 2141 duo-

287 2179 359 2201 rum
380 2168 519 2201 millium
533 2168 726 2201 ducatorum
746 2164 988 2209 praedictorum
1002 2174 1038 2195 cx

288 2232 386 2262 nunc,
409 2227 503 2266 prout
520 2232 556 2255 ex
572 2232 608 2254 ea
633 2220 684 2253 die
711 2225 741 2252 et
761 2229 778 2251 e
802 2225 932 2257 contra,
955 2221 1040 2260 post-

289 2286 385 2318 quam
397 2275 555 2317 assignata
571 2273 688 2310 forent,
710 2277 745 2305 ut
764 2271 960 2315 praefertur,
981 2280 1040 2302 au-

291 2328 436 2361 ctoritate
462 2327 624 2372 praedicta
636 2326 758 2371 pariter
769 2329 927 2369 perpetuo
938 2322 1042 2367 appli—

293 2381 373 2414 cavit
397 2387 427 2414 et
442 2380 673 2425 appropriavit.

337 2431 352 2474 S.
376 2430 408 2463 6.
436 2431 565 2464 Necnon
582 2429 745 2482 Stephano
766 2433 797 2461 et
816 2437 876 2471 pro
895 2432 1042 2470 tempore

295 2479 357 2513 cxi
346 2479 439 2512 tenti
460 2479 611 2512 Poloniae
631 2478 697 2521 regi
719 2477 885 2521 piaedicto
911 2475 961 2508 ius
986 2485 1042 2519 pa-

295 2534 440 2562 tionatus
457 2534 487 2560 et
504 2527 727 2571 praesentandi
748 2536 899 2570 personas
915 2524 1045 2558 idoneas

97 2587 137 2609 ι’Θ
152 2579 175 2597 Ἢ
179 2577 282 2598 ”dmm
297 2578 337 2611 ad
358 2577 526 2611 ecclesiam
545 2577 750 2616 lindenscm,
772 2580 866 2619 atquc
881 2572 1045 2618 praeposi-

99 2611 193 2634 ecelesia
195 2614 222 2629 m-

300 2634 424 2668 turam,
457 2625 778 2665 archidiaconatum,
800 2622 1044 2662 scholastriam,

1076 1896 1174 1929 menti
1207 1896 1275 1928 sote
1318 1893 1468 1927 decrevit.
1512 1892 1583 1925 Non
1625 1890 1825 1925 obstantibus

1076 1948 1356 1982 constitutionibus
1391 1953 1422 1980 et
1454 1944 1711 1979 ordinationibus
1729 1988 1731 1991 Ι
1749 1953 1826 1987 apo-

1076 2001 1207 2043 stolicis,
1229 2001 1410 2045 ceterisque
1426 1999 1596 2033 contrariis
1611 1997 1825 2042 quibuscum-

1077 2067 1151 2100 que.

1079 2173 1265 2259 plicatidnc,
1305 2186 1579 2258 appiyopstatione,
1610 2211 1762 2246 reservati

1079 2275 1110 2302 et
1130 2269 1260 2302 decreto
1280 2267 1464 2312 praedictis,
1485 2277 1544 2311 pro
1565 2277 1603 2299 eo
1623 2265 1711 2310 quod
1729 2273 1829 2309 super

1081 2323 1143 2356 illis
1169 2322 1244 2356 dicti
1275 2321 1543 2366 praedecessoris,
1578 2319 1648 2353 eius
1675 2328 1827 2363 supcivc-

1081 2376 1189 2410 niente
1213 2375 1320 2418 obituj
1346 2373 1470 2407 litterae
1489 2373 1653 2407 consectae
1671 2382 1738 2405 non
1761 2372 1829 2405 sue-

1083 2431 1168 2465 runt,
1186 2425 1287 2458 valeat
1310 2422 1554 2467 quomodolibet
1566 2421 1729 2462 haesitari,
1750 2419 1828 2464 ipsi·

1082 2485 1145 2518 que
1165 2474 1345 2516 Stephanus
1364 2478 1395 2505 et
1415 2482 1473 2515 pro
1493 2477 1638 2514 tempore
1661 2469 1829 2504 existentes

1085 2523 1235 2556 Poloniae
1250 2532 1341 2565 reges
1357 2532 1393 2554 ac
1404 2521 1577 2553 Yindcnscs
1587 2518 1728 2563 episcopi
1739 2527 1830 2562 prae-

1086 2572 1139 2605 siti
1159 2573 1289 2604 illorum
1309 2570 1504 2603 frustrentur
1524 2569 1658 2608 effectu,
1681 2567 1829 2600 volumus

1086 2626 1117 2655 et
1142 2621 1290 2654 similiter
1310 2620 1395 2654 dicta
1414 2617 1603 2654 auctoritate
1626 2615 1829 2650 decernimus

1841 2247 1884 2293 fem
1897 2270 1937 2293 bah
1955 2255 1975 2289 ’'s-i
