2059 3228
40 252 70 286 0.
88 252 152 284 1⁶⁷⁷

95 2496 140 2516 un.

756 254 931 281 GREGORIUS
948 254 1003 278 xnt
1022 253 1070 277 1¹1².

164 311 289 349 statutis
305 316 334 345 et
345 310 633 350 consuctudinibus3
643 309 812 354 privilegiis
825 317 901 351 quo-

166 375 237 410 que,-
253 364 381 397 indultis
398 369 428 396 et
445 364 555 396 litteris
578 362 756 407 apostolicis
779 361 896 394 eisdem

167 416 313 457 senatori,
331 416 613 456 conservatoribus,
631 413 899 452 reformatoribus,

166 468 351 507 camerario,
371 468 633 501 Universitatibus
649 477 685 500 ac
708 476 816 500 eorum
841 465 902 498 col-

172 519 244 563 legii
262 519 436 552 rectoribus
453 525 483 553 et
499 520 650 563 personis,
668 519 795 562 aliisque
813 528 902 561 prae-

175 570 274 612 dictis,
299 580 419 604 necnon
438 572 615 614 praedictae
632 571 705 605 Urbi
729 582 765 604 ac
788 571 901 614 populo

173 623 325 664 Romano,
342 624 399 656 sub
427 624 672 667 quibuscumque
689 622 849 655 tenoribus
872 625 902 654 et

143 674 289 723 ·1'0rmis,
312 685 347 708 ac
378 686 449 708 cum
480 675 728 718 quibuscumque
758 673 901 706 clausulis

169 731 202 760 et
223 725 366 767 decretis,
390 726 484 759 etiam
508 726 626 760 iteratis
642 726 761 758 vicibus
777 736 900 758 conces-

173 777 225 819 sis,
249 779 429 821 approbatis
452 783 480 812 et
504 778 674 818 innovatis;
699 779 812 821 quibus
835 789 901 811 om-

170 829 275 870 nibus,
300 831 422 864 illorum
454 836 577 864 tenores
606 830 821 873 praesentibus
844 841 900 873 pro

168 883 360 918 sufficienter
381 883 533 927 expressis
557 883 718 923 habentes,
743 883 802 915 illis
826 883 901 915 alias

169 933 202 968 in
215 945 271 968 suo
285 935 397 969 robore
412 935 638 979 permansuris,
656 935 714 967 hac
730 935 794 967 vice
812 935 901 967 dum-

168 991 263 1029 taxat,
286 987 462 1030 specialiter
484 993 515 1020 et
540 998 682 1030 expresse
705 986 900 1028 derogamus,

169 1039 345 1083 ceterisque
367 1039 534 1073 contrariis
557 1039 815 1083 quibuscumque.

212 1091 230 1136 ᾗ
244 1091 296 1125 10.
312 1092 476 1134 Nulliergo
493 1091 583 1125 liceat
596 1091 676 1125 bane
688 1091 834 1134 paginam
847 1101 902 1123 no-

127 1156 161 1180 ιι·-
174 1148 260 1178 strae
285 1144 463 1185 erectionis,
488 1144 702 1185 institutionis,
719 1143 901 1186 assignatio—

172 1196 235 1238 nis,
255 1196 433 1236 voluntatis,
457 1196 673 1240 exemptionis,
696 1197 901 1237 liberationis,

171 1249 387 1298 susceptioni&
414 1249 596 1289 collationis,
615 1250 826 1289 subiectionis,
850 1249 902 1281 de-

169 1301 369 1341 clarationis,
403 1298 629 1342 concessionis,
664 1302 791 1343 indulti,
815 1312 901 1335 com-

172 1353 405 1394 municationis,
430 1354 639 1394 inhibitionis,
662 1355 806 1394 dationis,
831 1364 902 1387 con-

172 1404 354 1445 stitutionis,
377 1405 599 1448 deputationis,
624 1406 738 1439 decreti
763 1411 793 1439 et
815 1407 905 1438 dero—

171 1457 307 1500 gationis
330 1456 511 1500 inffingere,
528 1458 574 1491 vel
591 1458 619 1490 ei
638 1469 715 1491 ausu
739 1459 904 1491 temerario

171 1508 349 1549 contraire;
373 1509 398 1542 si
422 1509 494 1552 quis
529 1515 633 1543 autem
665 1511 724 1544 hoc
753 1517 905 1544 attentare

171 1562 426 1605 praesumpserit,
444 1562 693 1605 indignationem
710 1564 905 1607 omnipoten-

171 1612 212 1646 tis
234 1613 286 1646 Dei
304 1624 340 1646 ac
356 1615 520 1647 beatorum
538 1616 618 1649 Petri
636 1621 666 1649 et
683 1617 767 1649 Pauli
786 1622 905 1659 aposto-

172 1665 274 1700 lorum
297 1665 366 1700 eius
388 1678 421 1700 se
444 1668 566 1701 noverit
590 1669 797 1701 incursurum.

211 1719 323 1752 Datum
346 1720 472 1761 Romae,
496 1731 579 1753 anno
602 1721 829 1754 incarnationis
852 1722 907 1753 tio-

171 1771 307 1805 minicae
329 1772 494 1806 millesimo
512 1774 766 1816 quingentesimo
783 1779 904 1816 septua-

169 1823 289 1867 gesimo
301 1835 444 1869 septimo,
462 1826 602 1859 kalendis
619 1825 814 1869 septembris,
828 1836 905 1868 pon-

168 1873 308 1910 tificatus
324 1877 421 1910 nostri
440 1887 523 1910 anno
539 1888 582 1911 vi.

201 1929 268 1958 Dat.
286 1930 331 1958 die
348 1932 362 1957 1
382 1933 451 1965 sept.
471 1933 547 1964 1577,
565 1930 668 1965 pontif.
686 1936 757 1956 auno
775 1937 811 1955 vi.

473 2026 596 2059 LXXIV.

176 2094 288 2128 Clerici
324 2096 482 2138 reyulares
520 2097 764 2139 conqreqationis
801 2096 907 2129 Sancti

211 2148 311 2181 Pauli
341 2148 500 2189 Decollacz',
535 2148 648 2191 absque
681 2149 809 2181 licentia
842 2148 908 2179 eius

207 2200 377 2243 praepositi
413 2201 583 2243 yeneralis,
608 2200 649 2233 ad
680 2201 781 2233 alium
804 2211 909 2243 quem-

212 2262 345 2296 cumque
383 2252 556 2294 Ordinem,
586 2257 712 2296 praeter
749 2252 908 2285 cartusia-

218 2314 308 2345 num,
333 2306 468 2338 transire
491 2310 647 2349 nequeunt
671 2306 694 2338 ¹.

211 2375 347 2412 Gregorius
368 2378 504 2413 episcopus
524 2386 616 2408 servus
645 2387 777 2407 serverum
800 2380 845 2408 Dei
862 2400 868 2413 ,

319 2417 352 2444 ad
374 2420 521 2452 perpetuam
542 2418 578 2446 rei
601 2419 758 2447 memoriam.

214 2477 250 2514 In
273 2482 398 2524 specula
421 2491 584 2524 supremae
607 2483 780 2526 dignitatis,
804 2484 908 2526 dispo-

206 2553 219 2572 ί
236 2551 323 2578 Huius
341 2553 562 2587 congregationis
588 2554 790 2581 institutionem
809 2558 836 2581 et
855 2556 908 2581 alia

172 2592 234 2614 eam
242 2588 384 2622 tangentia
397 2588 458 2614 vide
468 2589 540 2622 apud
550 2588 716 2616 Clementem
728 2590 787 2623 VII,
798 2591 906 2617 constit.

174 2627 236 2656 nv,
258 2622 332 2656 Vota,
349 2625 416 2650 tom.
435 2633 470 2657 vi,
489 2632 550 2658 pag.
572 2625 629 2650 160.

1557 238 1615 272 ’191

931 306 1043 338 sitione
1056 304 1298 345 ‹lirina,meritis
1311 304 1380 337 licet
1395 301 1664 342 insufficientibus,

929 356 1100 396 constituti,
1125 356 1206 387 inter
1231 357 1415 399 multiplices
1432 365 1531 394 curas,
1549 353 1665 397 quibus

930 419 1035 442 rerum
1053 408 1320 451 negociorumque
1338 407 1540 441 varietatibus
1555 404 1665 439 obrui-

930 471 1013 500 mur,
1038 460 1076 492 ad
1100 470 1148 500 ea,
1171 470 1207 491 ex
1241 460 1346 492 debito
1375 459 1538 503 pastoralis
1569 457 1663 491 officii

931 513 1021 545 nobis
1038 512 1206 552 commissi,
1219 511 1347 544 sollicite
1364 521 1419 544 nos
1436 510 1596 544 intendere
1612 510 1663 543 de-

929 569 987 604 cet,
1005 574 1060 607 per
1076 574 1144 607 quse
1168 573 1305 606 personae
1329 563 1491 606 religiosae
1515 563 1546 596 in
1570 572 1663 605 regu-

930 618 1003 651 laris
1038 617 1121 650 vitae
1154 628 1189 650 ac
1225 616 1451 650 ecclesiasticae
1482 615 1664 658 disciplinae

930 678 1050 710 norma,
1081 669 1285 703 coadiuvante
1320 668 1466 709 Domino,
1498 668 1665 701 salubriter

930 722 1105 756 conservari
1130 723 1261 761 valeant,
1285 726 1315 754 ct
1339 731 1419 763 quae
1441 720 1490 753 bis
1506 719 1665 753 contraria

929 785 995 808 esse
1018 780 1199 814 noscuntur,
1224 784 1280 817 per
1303 778 1427 806 nostrae
1451 771 1664 816 providentiae

931 828 1067 862 studium
1093 826 1215 868 penitus
1238 825 1417 859 evellantur.

936 894 943 898 ⁵
972 882 986 925 ξ
1016 881 1045 914 1.
1074 878 1217 913 Exhibita
1246 878 1399 920 siquidem
1431 876 1521 909 nobis
1552 885 1661 919 nuper,

1675 238 1726 264 An.
1746 236 1774 264 C.
1795 234 1861 264 1577

1710 885 1778 905 Causa
1799 885 1865 905 huius

1625 928 1629 932 ,
1651 927 1656 932 ,
1675 913 1841 932 constitutionis.

930 946 986 978 pro
1010 939 1096 977 parte
1119 933 1304 965 dilectorum
1328 930 1465 962 tiliorum
1489 932 1658 971 praeposui

930 986 1082 1029 generalis
1104 990 1132 1018 et
1158 984 1342 1017 clericorum
1374 981 1566 1024 regularium
1590 990 1665 1011 con-

931 1038 1120 1081 gregationis
1145 1038 1173 1070 S.
1198 1036 1282 1069 Pauli
1307 1033 1466 1073 Decollati,
1484 1032 1666 1065 Bai-nabita-

931 1101 998 1124 rum
1038 1094 1299 1132 noncupatorum,
1339 1087 1448 1130 petitio
1486 1085 1665 1118 continebat

931 1143 1022 1186 quod,
1046 1143 1117 1175 licet
1142 1141 1199 1184 ipsi
1224 1141 1262 1173 ad
1287 1140 1408 1173 animas
1436 1138 1664 1182 pretiosissimo

931 1195 1049 1228 Domini
1074 1196 1141 1227 lesu
1165 1193 1278 1226 Christi
1303 1193 1456 1235 sanguine
1487 1192 1665 1234 redemptas

930 1248 1030 1280 cidem
1056 1247 1186 1279 Domino
1210 1244 1449 1279 lucrifaciendas
1473 1255 1596 1287 semper
1619 1244 1666 1276 di-

931 1305 997 1332 ctae
1021 1299 1273 1342 congregationis
1297 1298 1468 1340 religiosos,
1492 1297 1531 1329 ab
1555 1307 1664 1329 eorum

932 1352 1148 1392 adolescentia,
1166 1352 1256 1384 bonis
1273 1350 1414 1383 moribus
1430 1362 1464 1382 ac
1479 1349 1589 1382 litteris
1607 1349 1665 1395 inr—

933 1406 1028 1438 buere
1051 1405 1136 1437 omni
1161 1404 1282 1436 ratione
1306 1402 1493 1442 studuerint,
1517 1406 1544 1434 et
1571 1412 1606 1434 ea
1633 1401 1664 1432 in

934 1469 966 1491 re
990 1457 1080 1490 nullis
1104 1467 1255 1500 umquam
1272 1455 1449 1498 sumptibus
1466 1465 1568 1498 neque
1585 1453 1670 1485 labo-

917 1511 1020 1554 qribus
1044 1509 1256 1553 pepercerint3
1281 1508 1488 1540 nibilominus
1524 1505 1669 1538 nonnulli

918 1555 967 1610 {ex
993 1562 1083 1596 „lictis
1107 1562 1269 1603 religiosis,
1293 1561 1334 1593 ob
1358 1560 1522 1593 scientiam
1546 1569 1671 1602 percos

919 1612 1186 1658 {congregationis
1211 1613 1388 1656 praedictae
1406 1612 1539 1655 auspicii
1563 1611 1672 1654 acqui-

918 1657 1036 1717 }sitam,
1061 1667 1246 1699 tumidiores
1270 1665 1380 1705 effecti,
1407 1665 1672 1707 immemoresque

918 1721 1026 1775 {offleii
1047 1720 1094 1752 sui
1118 1730 1154 1751 ac
1179 1718 1404 1751 beneficiorum
1429 1718 1468 1749 ab
1492 1717 1574 1760 ispsa
1597 1726 1672 1748 con-

917 1773 1115 1821 3{··1·0gatione
1148 1777 1356 1814 acceptorum,
1382 1781 1452 1802 cum
1476 1770 1615 1813 primum
1640 1768 1671 1801 in

918 1825 1044 1858 ¹litteris
1069 1825 1110 1858 ita
1134 1824 1248 1856 versati
1272 1829 1302 1856 et
1319 1823 1433 1856 eruditi
1460 1823 1672 1866 reperiuntur,

936 1884 1020 1912 utet
1049 1878 1262 1921 proximorum
1294 1876 1385 1909 saluti
1414 1881 1443 1908 et
1473 1876 1574 1907 dietae
1599 1884 1672 1906 con-

934 1930 1110 1975 gregationi
1135 1929 1325 1962 adminiculo
1341 1939 1407 1961 esse
1424 1932 1561 1970 possent,
1580 1926 1673 1958 liber-

936 1990 1029 2017 tatcm
1054 1986 1246 2026 appetentes,
1272 1986 1432 2023 tamquam
1465 1979 1580 2021 ingrati
1607 1978 1672 2017 filii,

935 2036 1213 2079 congregationem
1252 2034 1367 2078 ipsam,
1391 2033 1429 2065 ad
1462 2031 1672 2072 effugiendam

935 2089 1146 2124 obedientiam
1169 2093 1197 2120 ct
1223 2086 1463 2123 observantiam,
1489 2094 1556 2126 quse
1582 2083 1613 2114 in
1637 2093 1674 2115 ca

937 2142 1108 2176 arctissime
1125 2139 1353 2177 custodiuntur,
1371 2138 1428 2169 sub
1444 2135 1587 2168 arctioris
1604 2135 1675 2167 vitae

937 2199 1107 2240 praetextu,
1132 2194 1288 2230 deserunt,
1307 2201 1352 2230 ac,
1369 2190 1453 2232 quod
1479 2188 1604 2230 gravius
1618 2193 1674 2229 est,

937 2250 1030 2283 etiam
1046 2247 1142 2290 ipsius
1156 2243 1407 2287 congregationis
1424 2252 1581 2284 personas,
1597 2241 1675 2273 ritus

937 2308 964 2336 et
1007 2311 1110 2333 mores
1145 2297 1318 2331 maledictis
1347 2296 1562 2336 insequentes,
1598 2293 1675 2326 alios

938 2364 1062 2399 quoque
1098 2352 1192 2384 variis
1228 2349 1393 2390 multisque
1430 2347 1554 2379 laxioris
1593 2347 1674 2379 vitae

937 2404 1215 2449 pollicitationibu<
1251 2402 1431 2433 subvertere
1456 2411 1518 2432 non
1541 2406 1674 2433 cessant,

936 2460 1047 2498 Quare,
1072 2467 1128 2499 pro
1153 2461 1239 2498 parte
1257 2454 1424 2496 praepositi
1441 2459 1469 2486 et
1487 2453 1673 2485 clericorum

935 2511 1180 2554 praedictorum,
1199 2508 1289 2539 nobis
1302 2506 1358 2538 fuit
1377 2505 1539 2538 humiliter
1555 2505 1673 2547 suppli-

936 2569 1041 2597 catum
1066 2567 1218 2604 quatenus
1253 2558 1462 2592 incommodis
1491 2558 1672 2591 huiusmodi

935 2625 1112 2654 occurrere,
1137 2613 1274 2655 aliasque
1298 2611 1332 2644 in
1355 2611 1537 2654 praemissis
1560 2620 1674 2653 oppora
