2059 3228
37 251 50 260 ..
67 231 133 261 ¹577

743 230 920 257 niti-:eonius
938 229 992 253 xtll
1013 229 1061 252 PP-

190 291 205 335 5
229 290 260 325 3.
287 290 325 324 Et
351 289 426 322 licet
460 298 497 322 ex
531 286 652 321 mutuis
690 283 894 320 commerciis

146 344 320 390 praedictis
340 353 404 375 non
425 341 552 374 modica
573 351 681 374 rerum
707 338 843 383 penuria
862 337 893 369 in

147 395 239 431 dictis
258 395 366 439 regnis
386 399 416 428 et
426 393 578 427 dominiis
593 393 788 431 sublevetur,
806 400 892 423 com-

146 449 303 492 munique
323 447 452 481 utilitati
481 452 513 480 et
532 445 752 480 commoditati
778 454 894 477 consu-

147 502 244 543 latur,
283 511 342 534 nec
379 500 566 534 huiusmodi
603 497 798 533 commercia
827 496 894 528 sine

149 555 356 589 vassallorum
377 560 408 587 et
428 554 632 587 subditorum
653 551 894 596 praedictorum

148 608 266 642 damno
290 613 321 641 et
336 607 542 641 incommodo
562 604 728 639 intermitti
748 607 893 646 possunt3

149 665 269 701 tamen,
282 660 358 705 quia
382 670 441 704 per
459 665 490 693 te
507 663 538 693 et
557 667 709 703 personas
728 656 897 699 deputatas

148 711 339 758 praedictas,
362 712 459 746 etiam
492 715 565 745 ante
595 709 835 743 concessionem
861 708 896 740 li—

149 764 328 801 centiarum
345 764 544 806 huiusmodi,
567 764 675 797 forsan
695 762 896 796 intellectum

148 819 254 853 suerat
272 819 390 862 Anglos
413 817 592 863 praedictos
619 816 658 849 ad
678 820 785 860 partes
810 826 898 848 sara-

149 882 306 906 cenorum
326 878 358 905 et
386 871 566 905 infidelium
593 867 781 903 huiusmodi
809 879 899 901 arma

149 930 181 959 et
200 924 263 959 alia
282 924 442 969 prohibita
468 923 585 957 deferri
613 923 722 956 solitos
747 927 778 955 et
809 921 897 955 dela-

150 983 243 1012 turos
261 987 341 1018 esse,
363 977 491 1011 dubitas
510 982 576 1010 tam
601 981 631 1010 te
660 986 757 1019 quam
791 985 899 1019 perso-

150 1040 209 1065 nas
228 1030 395 1076 deputatas
416 1029 606 1073 praedictas,
627 1039 664 1062 ex
683 1027 900 1061 concessioni-

149 1083 212 1118 bus
230 1082 436 1117 licentiarum
450 1081 655 1123 huiusmodi,
678 1080 899 1115 excommuni-

152 1136 289 1171 cationis
308 1145 345 1170 ac
371 1135 450 1169 alias
474 1146 627 1169 censuras
656 1140 686 1168 et
710 1145 840 1178 poenas,
866 1134 899 1166 in

150 1189 270 1224 similia
280 1195 504 1235 perpetrantes
523 1200 541 1222 a
561 1189 632 1222 iure
647 1188 695 1222 vel
715 1188 815 1221 sacris
830 1199 900 1220 san-

153 1241 312 1278 ottonibus
319 1247 374 1276 aut
382 1242 459 1276 alias
469 1243 700 1286 promulgatas,
712 1241 897 1281 incurrisse,

151 1296 377 1340 beneficioque
393 1301 424 1329 et
440 1307 499 1329 usu
511 1295 728 1329 concessionis
741 1300 772 1327 et
784 1294 900 1327 indulti

153 1349 393 1394 praedictorum
413 1359 451 1382 eo
478 1348 548 1392 ipso
578 1348 720 1393 privatos
747 1347 844 1380 fuisse
871 1352 902 1380 et

154 1410 235 1437 esse.

198 1455 266 1500 54.
292 1455 373 1490 Cum
393 1461 516 1495 autem,
543 1453 626 1488 sicut
649 1453 762 1489 eadem
789 1453 900 1498 petitio

154 1508 383 1552 subiungebat,
407 1513 443 1542 tu
466 1509 589 1542 bellum
610 1508 732 1542 iamdiu
751 1508 903 1541 adversus

155 1572 325 1596 saracenos
354 1567 385 1596 et
414 1562 495 1596 alios
529 1562 675 1595 infideles
707 1561 900 1606 praedictos,

154 1625 215 1660 pro
239 1615 302 1648 illis
326 1625 344 1648 a
363 1615 510 1659 partibus
529 1615 654 1648 Africae
679 1619 709 1648 et
728 1614 800 1648 aliis
826 1625 903 1648 con-

155 1668 281 1712 quistae
300 1667 392 1712 regni
411 1668 626 1711 Portugalliae
646 1667 800 1701 subiectis
825 1667 905 1700 locis

155 1721 384 1766 propulsandis
403 1727 435 1755 et
455 1720 689 1765 expugnandis,
717 1732 753 1754 ac
776 1720 906 1764 religio-

157 1773 209 1812 nis
237 1773 430 1820 christianae
449 1774 568 1808 finibus
587 1775 770 1815 dilatandis,
792 1786 810 1808 a
842 1774 905 1807 tuis

156 1825 420 1873 progenitoribus
439 1832 591 1873 coeptum
612 1833 643 1862 et
667 1828 763 1862 etiam
793 1839 852 1872 per
875 1832 905 1860 te

157 1879 394 1922 continuatum,
417 1892 454 1915 ex
473 1885 528 1914 tua
545 1891 621 1924 erga
645 1881 835 1926 religionem
856 1880 905 1925 ip-

158 1942 226 1967 sam
245 1932 414 1967 devotione
433 1944 551 1976 magno
563 1945 638 1967 cum
658 1934 782 1968 fervore
798 1945 907 1978 prose-

159 1986 214 2029 qui
235 1986 393 2026 intendas,
416 1991 448 2020 et
466 1987 507 2020 ad
532 1986 564 2020 id
591 1987 787 2020 commercia
813 1998 905 2031 prae-

160 2038 430 2085 ‹lictaplurirnum
441 2044 625 2084 opportuna
634 2040 702 2073 fore
718 2046 904 2082 noscantur,

160 2098 225 2125 tam
243 2095 300 2126 tuo
318 2102 416 2137 quam
433 2103 645 2138 personarum
668 2094 906 2138 praedictarum

161 2145 359 2186 nominibus,
380 2146 473 2181 nobis
486 2146 653 2180 humiliter
672 2147 848 2191 supplicari
864 2149 908 2182 se-

162 2197 234 2230 cisti
252 2202 409 2242 quatenus
420 2198 478 2232 tibi
494 2199 655 2244 statuique
671 2205 726 2234 tuo
739 2212 776 2234 ac
787 2201 906 2236 eisdem

161 2249 310 2294 personis
325 2251 496 2295 deputatis,
513 2262 573 2296 pro
595 2245 788 2287 vestrarum
802 2265 908 2299 respe-

163 2302 244 2336 ctive
263 2303 534 2337 conscientiarum
551 2305 735 2346 securitate,
758 2306 797 2340 de
815 2308 908 2341 abso-

162 2355 297 2389 lutionis
319 2355 488 2397 beneficio,
508 2362 540 2390 et
557 2358 635 2392 alias
663 2359 696 2392 in
725 2361 909 2403 praemissis

163 2414 346 2454 opportune
370 2409 538 2453 providere
560 2411 599 2444 de
622 2412 817 2456 benignitate
830 2425 908 2459 apo-

164 2455 277 2491 stolica
295 2456 515 2500 dignaremur.

208 2505 224 2549 ᾗ
247 2505 279 2540 5.
301 2505 364 2540 Nos
389 2505 499 2549 igitur,
520 2507 576 2550 qui
596 2518 661 2541 non
689 2509 794 2541 solum
823 2511 908 2544 salu-

20 2559 156 2612 :ffit’utiomj
167 2558 243 2595 tem,
265 2554 321 2587 sed
341 2554 437 2588 etiam
470 2554 639 2589 utilitatem
672 2567 709 2589 ac
740 2560 910 2592 commoda

27 2619 122 2642 incursis.

168 2602 354 2645 quaerimus
377 2603 592 2647 singulorum,
624 2605 808 2640 huiusmodi
834 2618 910 2651 sup-

1576 213 1638 247 tt<7
1700 222 1752 249 Λιι.
1770 219 1789 246 c
1818 218 1883 246 1577

938 277 1165 324 plicationib‘ts
1188 277 1342 319 inclinati,
1363 283 1392 312 tc
1412 283 1444 312 et
1462 278 1604 321 singulas
1615 287 1686 322 per-
1700 284 1722 302 ¹²²
1737 286 1758 301 ¹¹¹
1774 279 1884 302 00Μῦῑο-

940 341 1033 363 sonas
1064 331 1232 374 deputatas
1261 333 1441 374 praedictas
1474 342 1492 364 a
1521 331 1687 375 quibusvis
1702 315 1768 334 ΗΜ

940 383 1294 423 excommunicationis,
1316 384 1534 428 suspensionis
1550 389 1580 418 ct
1591 384 1690 417 inter-

938 436 1013 469 dicti
1028 436 1161 478 aliisque
1177 438 1401 470 ecclesiasticis
1421 438 1598 479 sententiis,
1615 450 1690 472 cen-

938 489 1022 522 suris
1047 494 1077 521 ct
1097 491 1220 533 poenis,
1248 491 1342 524 etiam
1366 495 1610 537 temporalibus,
1630 507 1689 540 pet·

940 548 969 575 te
990 548 1020 576 et
1040 542 1140 576 dictas
1160 554 1313 587 personas
1333 546 1499 589 deputatas
1514 549 1621 581 forsan
1638 549 1687 583 in-

939 595 1055 635 cursis,
1077 601 1108 629 et
1127 597 1309 629 excessibus
1335 598 1531 641 huiusmodi,
1546 601 1576 634 in
1598 608 1689 635 utro-

939 658 1002 692 que
1023 649 1106 689 foro,
1137 650 1327 684 auctoritate
1353 653 1540 695 apostolica,
1577 661 1688 689 tenore

940 702 1171 744 praesentium,
1204 703 1398 738 absolvimus
1424 711 1455 738 et
1485 708 1623 741 totaliter
1649 708 1687 741 li-

941 755 1114 796 beramus;
1136 756 1287 801 ipsasque
1315 768 1436 802 poenas
1456 760 1512 792 tilii
1531 767 1561 794 et
1580 762 1687 805 singu-

940 808 979 840 lis
998 810 1145 852 personis
1163 811 1338 854 praedictis
1357 813 1550 846 remittimus
1560 826 1596 848 ac
1609 827 1687 849 con-

940 862 1110 904 donamus,
1132 874 1169 897 ac
1190 875 1319 898 omnem
1340 865 1548 900 inhabilitatis
1560 874 1590 901 et
1608 870 1688 902 insa-

941 915 1024 949 miae
1044 918 1203 950 maculam
1224 919 1289 952 sive
1309 926 1417 954 notam
1439 921 1552 955 exinde
1582 924 1687 957 forsan

941 975 1138 1003 contractam
1169 973 1299 1015 penitus
1327 974 1506 1015 abolemus3
1529 981 1625 1019 teque
1657 982 1688 1010 et

940 1023 1082 1067 singulas
1102 1036 1257 1069 personas
1271 1027 1456 1061 huiusmodi
1474 1029 1505 1061 in
1517 1030 1687 1073 pristinum

941 1083 972 1110 et
991 1087 1079 1119 eum,
1099 1079 1131 1112 in
1151 1090 1215 1123 quo
1226 1085 1298 1114 ante
1318 1083 1494 1125 praemissa
1511 1085 1690 1126 quomodo-

941 1130 1018 1163 libet
1042 1133 1150 1174 eratis,
1171 1139 1289 1167 statum
1324 1136 1535 1178 restituimus,
1558 1138 1690 1181 reponi-

942 1196 1013 1218 mus
1033 1191 1063 1218 et
1082 1187 1226 1229 plenarie
1242 1189 1488 1232 rcintegramus.

985 1239 999 1282 g
1020 1239 1050 1271 6.
1073 1240 1110 1272 Et
1126 1241 1339 1276 nihilominus
1359 1246 1583 1279 concessiones
1597 1252 1627 1280 et
1642 1247 1690 1280 in·

942 1292 1032 1325 dulia
1051 1304 1287 1339 quaecumque,
1311 1302 1373 1330 tam
1393 1309 1411 1330 a
1431 1298 1564 1333 Martino
1585 1306 1616 1333 et
1630 1301 1690 1334 Eu-

942 1345 1037 1387 genio
1072 1357 1109 1380 ac
1133 1347 1254 1382 Calixto
1286 1351 1468 1393 praedictis,
1489 1364 1585 1396 quam
1619 1355 1690 1388 aliis

942 1398 1203 1444 quibuscumque
1239 1403 1391 1437 Romanis
1415 1405 1624 1441 Pontificibus
1647 1408 1691 1442 si-

944 1453 1063 1486 militer
1092 1456 1397 1498 praedecessoribus
1430 1460 1559 1502 nostris,
1595 1473 1694 1507 super

943 1507 1128 1549 praemissis
1162 1511 1366 1545 commerciis
1399 1515 1597 1556 exercendis,
1634 1527 1692 1559 pro

945 1565 1090 1603 tempore
1110 1562 1320 1598 existentibus
1350 1566 1564 1609 Portugalliae
1589 1574 1620 1601 et
1639 1570 1693 1601 Al-

945 1613 1133 1655 garhiorum
1154 1617 1284 1659 regibus
1308 1623 1338 1652 et
1357 1620 1397 1651 ab
1418 1620 1463 1653 eis
1483 1621 1643 1665 deputatis
1663 1627 1694 1655 et

946 1666 1137 1709 deputandis
1154 1671 1299 1712 personis
1319 1672 1505 1706 huiusmodi
1527 1685 1690 1715 concessa,

946 1719 1152 1764 singulasque
1182 1725 1372 1758 eorumdem
1406 1728 1692 1770 praedeeessorum

947 1772 1086 1816 desuper
1109 1775 1269 1810 consectas
1283 1778 1403 1812 litteras
1423 1791 1461 1813 ac
1481 1780 1512 1814 in
1534 1781 1595 1814 illis
1615 1792 1693 1815 eon-

947 1830 1033 1858 tenta
1053 1838 1278 1873 quaecumque
1291 1832 1516 1866 confirmantes
1533 1840 1562 1867 et
1577 1846 1694 1878 appro-

946 1878 1071 1922 bantes,
1085 1881 1219 1926 illasque
1230 1883 1427 1927 innovantes,
1447 1888 1602 1920 maiestati
1619 1894 1693 1921 tuae

948 1931 1078 1975 tuisque
1101 1937 1351 1978 successoribus,
1378 1939 1538 1972 dictorum
1577 1951 1693 1983 regno-

950 1994 1020 2017 rum
1041 1987 1171 2030 regibus
1191 2000 1249 2033 pro
1271 1996 1414 2036 tempore
1426 1993 1644 2033 existentibus,
1663 2001 1695 2028 ct

949 2040 1093 2081 personis
1113 2042 1153 2074 ad
1174 2042 1204 2074 id
1218 2054 1235 2075 a
1254 2049 1283 2076 te
1299 2056 1355 2078 seu
1376 2045 1414 2077 ab
1429 2046 1692 2089 eisdeputandis,

949 2097 984 2124 ut
1007 2092 1046 2126 de
1078 2099 1197 2135 cetero,
1227 2097 1493 2141 quotiescumque
1525 2101 1695 2143 expediens

949 2143 1016 2178 fore
1035 2145 1227 2181 indicaveris
1247 2150 1294 2182 vel
1314 2150 1373 2193 ipsi
1400 2150 1621 2195 iudicaverint,
1643 2155 1695 2187 in—

950 2199 1028 2231 eolis
1052 2205 1083 2233 et
1111 2201 1345 2236 habitatoribus
1372 2205 1562 2247 praedietis,
1586 2208 1695 2242 cuius-

949 2262 1089 2295 cumque
1122 2259 1234 2295 status,
1261 2256 1390 2298 gradus,
1423 2259 1544 2291 ordinis
1575 2265 1605 2293 ct
1636 2272 1695 2294 na-

949 2304 1046 2338 tionis
1069 2307 1198 2347 suerint,
1221 2309 1260 2340 ad
1293 2316 1387 2352 caput
1409 2311 1447 2343 de
1468 2312 1553 2345 Guer
1581 2314 1693 2347 liuius-

950 2357 1037 2389 modi
1074 2364 1105 2391 et
1137 2365 1259 2393 ceteras
1292 2362 1415 2395 Africae
1453 2371 1570 2407 partes,
1599 2368 1694 2400 etiam

950 2410 1025 2442 belli
1046 2416 1200 2455 tempore,
1223 2417 1407 2448 commercii
1430 2427 1537 2457 causa,
1552 2425 1697 2453 setrans-

951 2459 1087 2500 serendi,
1125 2472 1161 2493 ac
1202 2463 1319 2496 ibidem
1355 2473 1570 2508 commeatus,
1615 2480 1697 2503 mer-

951 2519 1014 2549 ces,
1048 2510 1198 2543 victualia
1232 2518 1262 2544 et
1282 2523 1502 2557 quascumque
1525 2517 1602 2550 alias
1630 2529 1692 2557 res,

951 2568 1015 2590 non
1036 2565 1141 2591 tamen
1161 2560 1193 2591 in
1214 2560 1325 2593 litteris
1345 2563 1395 2595 die
1415 2564 1539 2598 Coenae
1569 2567 1695 2600 Domini

952 2606 1012 2650 legi
1033 2608 1133 2640 solitis
1153 2609 1341 2651 prohibitas,
1365 2612 1556 2655 deducendi,
1592 2620 1695 2649 trans-

1749 1248 1888 1275 indultorum.

1704 1285 1757 1307 quae
1772 1280 1824 1299 alias
1849 1280 1889 1299 hau

1704 1312 1729 1332 de
1745 1316 1768 1332 rc
1784 1315 1889 1331 concessa

1704 1343 1794 1367 fuerant.
1809 1342 1888 1362 conlit-

1706 1375 1776 1395 matio.
