2059 3228
120 218 173 249 An.
192 218 220 245 C.
237 213 301 249 1583

159 438 298 460 Eun-uiarum

119 468 233 495 deputatio.

143 2024 252 2047 clausulae
263 2026 298 2046 de·

113 2061 242 2080 ὶυὶςιιυιι-ιυ.

314 271 438 316 possint
449 273 504 304 aut
517 268 654 310 valeant,
671 265 784 312 quovis
795 263 941 310 quaesito
956 264 1064 298 colore

315 325 364 359 vel
385 323 525 368 ingenio.

352 378 373 421 ᾗ
393 377 424 411 6.
460 376 617 417 Quocirca
649 374 888 409 venerabilibus
911 371 1064 406 fratribus

314 430 432 464 nostris
455 430 572 464 Iacobo
597 428 751 474 episcopo
785 427 966 467 portuensi,
993 436 1063 459 mo-

314 484 427 524 derno,
450 494 486 517 ac
507 493 566 528 pro
590 488 737 526 tempore
757 481 903 516 existenti
936 478 1064 514 Ordinis

316 537 407 571 vestri
447 536 633 580 protectori,
668 546 797 569 necnon
833 531 1062 569 Mediolanensi

314 590 621 634 archiepiscopo,ac
634 589 752 623 dilecto
762 588 830 622 filio
850 587 965 622 Curiae
986 596 1062 620 cau-

314 655 422 677 sarum
442 644 594 678 Gamerae
631 648 759 678 nostrae
779 641 983 687 Apostolicae
1008 650 1062 683 ge-

314 698 416 731 nerali
435 697 574 731 auditori
595 707 653 742 per
690 701 875 741 praesentes
906 699 994 728 motu
1021 693 1062 725 si-

314 750 382 783 mili
401 751 592 784 mandamus
613 755 773 795 quatenus
788 749 849 794 ipsi
865 749 915 783 vel
933 748 998 782 duo
1008 752 1064 780 aut

313 815 397 838 unus
421 815 547 846 eorum,
570 815 628 848 per
651 814 683 837 se
707 804 756 837 vel
779 802 878 836 alium
898 812 955 836 seu
970 800 1060 839 alios,

312 863 497 903 praesentes
521 864 646 892 nostras
665 857 787 891 litteras
812 861 843 890 et
860 856 893 889 in
913 855 959 889 eis
983 865 1062 889 con-

312 917 399 946 tenta
423 922 659 956 quaecumque,
683 911 739 944 ubi
773 915 804 943 et
831 909 960 955 quando
981 918 1063 952 opus

311 966 419 1007 suerit,
442 977 478 999 ac
512 965 639 1010 quoties
663 975 722 1009 pro
757 969 848 1008 parte
879 967 984 996 vestra
1007 966 1063 995 aut

311 1019 447 1053 alicuius
470 1025 614 1053 vestrum
647 1017 768 1051 fuerint
804 1015 971 1060 requisiti,
1006 1025 1062 1048 seu

311 1083 423 1107 eorum
443 1073 525 1106 alter
549 1071 646 1106 suerit
665 1070 852 1114 requisitus,
873 1068 1063 1103 solemniter

311 1126 523 1171 publicantes,
539 1126 694 1170 vobisque
715 1125 748 1157 in
759 1123 944 1169 praemissis
955 1122 1062 1157 effica-

311 1180 357 1214 cis
375 1179 571 1214 defensionis
603 1178 764 1224 praesidio
796 1177 992 1218 assistentes,
1018 1176 1063 1208 sa-

310 1234 396 1268 ciant
428 1233 618 1267 auctoritate
642 1237 763 1273 nostra,
790 1230 967 1276 praemissa
991 1240 1061 1263 om-

312 1288 365 1321 nia
389 1292 420 1321 et
440 1287 565 1330 singula
590 1287 629 1319 ab
668 1285 819 1319 omnibus
853 1290 885 1318 et
914 1283 1060 1328 singulis,

308 1351 392 1386 quos
410 1346 548 1384 tangunt
572 1350 628 1373 seu
647 1344 780 1383 tangere
806 1342 961 1384 poterunt
979 1347 1061 1382 quo-

310 1394 487 1428 modolibet
510 1393 543 1427 in
563 1394 721 1434 futurum,
744 1391 974 1426 inviolabiliter
1004 1391 1062 1425 ob-

310 1448 441 1482 servari.
472 1446 732 1482 Contradictores
755 1456 980 1491 quoscumque
1005 1455 1063 1489 per

311 1512 463 1536 censuras
487 1507 517 1535 et
536 1511 656 1546 poenas
674 1499 920 1542 ecclesiasticas,
936 1499 1062 1542 aliaque

309 1561 492 1600 opportuna
512 1554 593 1588 iuris
613 1559 644 1587 ct
664 1554 738 1587 sacti
767 1553 923 1595 remedia,
949 1552 1062 1597 appel-

309 1609 428 1643 latione
449 1608 640 1653 postposita,
662 1606 911 1651 compescendo,
935 1616 1063 1640 necnon

309 1662 461 1706 legitimis
481 1672 578 1705 super
597 1661 648 1695 his
667 1660 823 1694 habendis
838 1660 969 1694 servatis
987 1669 1062 1705 pro-

308 1715 464 1757 cessibus,
487 1725 639 1749 censuras
660 1720 690 1747 et
710 1725 832 1758 poenas
852 1724 911 1758 per
931 1724 986 1747 eos
1005 1724 1061 1747 seu

309 1776 423 1798 corum
452 1765 590 1798 alterum
616 1763 752 1796 inflictas
786 1768 817 1796 et
850 1762 1064 1796 comminatas

307 1814 438 1858 saepius
449 1813 649 1858 aggravando
661 1819 691 1845 et
703 1812 956 1856 reaggravando,
966 1812 1061 1845 etiam

310 1864 454 1897 invocato
479 1863 519 1896 ad
553 1863 628 1904 hoc,
655 1862 681 1895 si
706 1872 787 1906 opus
812 1860 921 1902 fuerit,
943 1859 1063 1894 auxilio

310 1912 435 1946 brachii
461 1911 649 1945 saecularis.

355 1962 369 2005 ἓ
390 1962 421 1995 7.
444 1961 513 1994 Non
533 1959 733 1994 obstantibus
750 1958 851 1992 felicis
867 1958 1063 1993 recordatio-

311 2010 360 2044 nis
385 2009 531 2054 Gregorii
565 2009 683 2043 decimi
703 2019 741 2042 ac
768 2007 925 2041 Bonisacii
945 2007 1062 2048 octavi,

312 2060 600 2104 praedecessorum
608 2063 805 2098 nostrorum,
818 2057 857 2091 de
869 2063 982 2098 una,et
991 2067 1064 2090 con-

313 2109 378 2142 cilii
404 2109 564 2153 generalis
588 2108 627 2141 de
652 2106 779 2141 duabus
817 2106 944 2147 diaetis,
971 2106 1065 2139 dum-

313 2158 408 2192 modo
443 2157 515 2202 quis
538 2157 646 2201 vigore
665 2155 885 2202 praesentium
918 2155 959 2189 ad
979 2154 1065 2188 iudi-

314 2207 399 2240 cium
424 2208 509 2240 ultra
528 2211 593 2240 tres
613 2205 734 2239 diaetas
753 2215 817 2238 non
842 2204 1003 2245 trahatur,
1029 2215 1066 2237 ac

313 2256 383 2290 aliis
414 2255 700 2290 constitutionibus
735 2261 767 2288 et
804 2253 1064 2288 ordinationibus

313 2305 510 2349 apostolicis;
527 2304 704 2349 privilegiis
715 2314 847 2348 quoque
867 2308 898 2337 et
917 2302 1064 2342 indultis,

315 2355 409 2387 etiam
430 2355 514 2388 Mare
535 2354 684 2398 Magnum
714 2352 895 2398 appellatis,
924 2363 961 2386 ex
986 2362 1066 2395 qua-

316 2414 468 2446 cumque,
490 2409 586 2436 etiam
607 2410 744 2436 onerosa
764 2408 796 2435 et
815 2411 999 2435 necessario
1015 2410 1068 2433 ex-

316 2451 495 2495 primenda,
515 2462 623 2492 causa,
647 2457 710 2484 tam
731 2450 821 2484 vobis
842 2455 873 2483 et
892 2448 1005 2484 Ordini
1020 2459 1069 2482 ve-

316 2505 391 2539 stro,
425 2510 519 2542 quam
559 2500 693 2543 siugulis
731 2498 843 2533 vestris
878 2496 1066 2542 provinciis,

316 2548 619 2591 congregationibus
639 2555 670 2582 et
689 2548 842 2582 domibus
874 2557 931 2582 seu
955 2556 1068 2580 mona-

314 2595 422 2634 steriis
439 2602 495 2630 aut
518 2597 768 2639 particularibus
788 2595 950 2643 personis,
969 2605 1067 2644 quam

909 208 1088 236 BULLAan
1107 206 1258 234 Romnum

1105 264 1201 296 ctiam
1222 260 1484 306 quibuscumque
1502 262 1648 296 locorum
1669 260 1853 304 ordinariis,

1105 312 1199 345 etiam
1218 311 1248 345 S.
1272 311 1309 344 R.
1330 311 1366 345 E.
1389 311 1606 344 cardinalibus
1625 316 1680 344 aut
1698 311 1854 347 delatore

1105 362 1227 405 legatis,
1253 362 1303 394 vel
1328 361 1423 395 etiam
1454 360 1639 405 'gymnasiis
1673 365 1704 394 et
1733 360 1854 396 Studiis

1106 422 1160 445 seu
1182 410 1447 445 Universitatibus
1471 409 1744 454 quibuscumque,
1755 411 1853 444 etiam

1106 461 1274 504 magistros
1290 460 1376 505 ipsos
1396 460 1428 492 in
1441 470 1531 492 sacra
1550 459 1712 504 theologia
1722 460 1853 495 creandi

1105 516 1135 544 ct
1160 509 1372 555 promovendi
1397 509 1542 551 modum,
1564 508 1701 542 formam
1722 514 1753 542 et
1775 520 1854 543 nor-

1106 571 1190 594 mam
1216 558 1521 605 praescribentibus,
1548 558 1645 592 etiam
1680 569 1755 592 cum
1779 560 1854 604 qui·

1104 609 1224 651 busvis,
1250 609 1346 643 etiam
1386 608 1524 643 insolitis
1553 613 1585 642 et
1619 607 1855 643 efficacioribus

1105 669 1142 692 ac
1165 658 1443 703 derogatoriarum
1454 658 1678 702 derogatoriis‚
1701 658 1855 694 clausulis

1106 714 1136 741 ct
1157 709 1305 750 decretis,
1327 709 1422 742 etiam
1447 714 1538 742 motu
1559 708 1691 753 proprio
1720 718 1862 747 concess

1105 758 1146 792 sis
1166 764 1197 792 et
1220 758 1387 800 innovatis,
1402 758 1582 802 ceterisque
1601 756 1772 791 contrariis
1783 757 1856 802 qui-

1105 808 1319 853 buscumque.
1342 808 1464 848 Quibus
1489 808 1651 849 omnibus,
1673 808 1798 843 etiamsi
1814 809 1854 843 de

1105 857 1168 891 illis
1192 869 1371 903 eorumque
1395 857 1468 892 totis
1488 858 1656 892 tenoribus
1690 858 1852 903 specialis,

1105 907 1266 951 specifica,
1292 919 1441 952 expressa
1466 913 1497 942 et
1520 907 1695 949 individua,
1712 919 1779 942 non
1798 919 1856 942 au-

1106 962 1169 990 tem
1194 969 1252 1002 per
1289 958 1451 992 clausulas
1475 958 1640 1001 generales
1674 957 1759 992 idem
1794 958 1855 992 im-

1106 1013 1285 1050 ponantes,
1312 1007 1434 1041 mentio
1458 1018 1514 1040 seu
1550 1006 1681 1050 quaevis
1704 1007 1767 1041 alia
1798 1018 1853 1041 ex-

1104 1056 1227 1100 pressio
1246 1056 1395 1090 habenda
1409 1057 1503 1097 soret,
1527 1061 1653 1089 tenores
1666 1056 1853 1091 huiusmodi

1105 1106 1326 1149 praesentibus
1349 1116 1409 1150 pro
1430 1105 1586 1150 expressis
1610 1105 1775 1146 habentes,
1791 1104 1855 1138 illis

1104 1155 1183 1188 alias
1202 1155 1236 1188 in
1255 1165 1314 1189 suo
1333 1155 1450 1189 robore
1470 1153 1702 1199 permansuris,
1714 1154 1775 1188 hac
1784 1153 1852 1188 vice

1105 1204 1292 1246 dumtaxat,
1325 1203 1507 1249 specialiter
1531 1210 1562 1237 et
1585 1214 1733 1248 expresse
1757 1203 1852 1238 dero-

1104 1265 1229 1298 gamus,
1256 1254 1436 1298 ceterisque
1461 1251 1628 1287 contrariis
1644 1253 1854 1297 quibuscum-

1105 1314 1178 1348 que.
1201 1304 1264 1337 Aut
1282 1303 1308 1337 si
1341 1302 1523 1347 aliquibus,
1559 1302 1778 1336 communiter
1806 1303 1854 1337 vel

1105 1352 1243 1393 divisim,
1260 1353 1300 1386 ab
1321 1352 1433 1386 eadem
1450 1352 1488 1386 sit
1499 1352 1580 1385 Sede
1592 1351 1753 1386 indultum
1766 1353 1853 1396 quod

1105 1402 1276 1444 interdici,
1302 1401 1456 1447 suspendi
1492 1401 1541 1435 vel
1579 1402 1853 1436 excommunicari

1104 1463 1170 1487 non
1189 1451 1314 1497 possint
1332 1462 1392 1497 per
1414 1450 1537 1485 litteras
1560 1450 1753 1495 apostolicas
1786 1461 1852 1485 non

1104 1502 1257 1536 facientes
1270 1502 1400 1546 plenam
1416 1504 1447 1534 et
1463 1509 1644 1544 expressam
1655 1510 1692 1533 ac
1705 1499 1744 1533 de
1755 1500 1853 1534 verbo

1104 1552 1144 1585 ad
1163 1553 1299 1586 verbum
1318 1551 1357 1585 de
1375 1550 1508 1595 {indulto
1541 1548 1728 1584 huiusmodi
1761 1559 1852 1583 men-

1105 1601 1239 1635 tionem.

1148 1651 1262 1684 Datum
1281 1650 1402 1684 Romae
1428 1648 1512 1693 apud
1542 1648 1574 1682 S.
1611 1647 1763 1689 Marcum,
1793 1648 1853 1683 sub

1105 1701 1225 1734 annulo
1246 1699 1427 1740 piscatoris,
1445 1698 1496 1732 die
1507 1707 1567 1731 xxv
1583 1696 1663 1730 iunii
1678 1706 1851 1740 MDLxxxm,

1106 1749 1311 1794 pontificatus
1326 1748 1428 1782 nostri
1446 1757 1529 1780 anno
1548 1756 1602 1780 ΧΠ.

1165 1803 1228 1835 Dat.
1244 1803 1291 1834 die
1305 1803 1343 1833 25
1359 1802 1432 1832 iunii
1445 1801 1531 1837 1583,
1544 1801 1646 1841 pontif.
1660 1810 1738 1832 anno
1747 1809 1799 1833 xu-

1445 1922 1516 1957 CLI.

1106 1996 1356 2030 Dismembratio
1377 1994 1491 2029 tertiae
1507 1994 1614 2038 partis
1632 1993 1796 2037 fructuum
1816 1994 1855 2028 ab

1150 2057 1214 2080 uno
1233 2046 1430 2080 canonicatu
1453 2048 1482 2077 ct
1505 2043 1687 2087 praebenda
1706 2054 1857 2087 quarum-

1151 2107 1282 2140 cumque
1320 2095 1525 2129 ecclcsiarztm
1555 2093 1792 2128 cathedralium
1825 2098 1856 2127 et

1150 2145 1477 2189 metropolitanarum
1492 2153 1665 2187 reynerum
1684 2142 1857 2186 Portuyal-

1153 2195 1216 2228 liae
1235 2199 1263 2228 ct
1282 2194 1524 2237 Alqcerbiowm,
1550 2197 1579 2225 et
1613 2192 1782 2236 applicatio
1806 2203 1856 2224 eo-

1151 2245 1299 2277 rumdem
1325 2243 1432 2287 Officio
1460 2241 1519 2275 SS.
1555 2241 1785 2285 Inquisitionis
1804 2240 1855 2273 di-

1152 2297 1275 2326 ctorum
1298 2302 1470 2336 reynortmi
1495 2291 1521 2323 ¹.

1110 2373 1254 2409 Gregorius
1263 2372 1333 2409 Papa
1346 2372 1414 2406 xm,
1426 2372 1460 2401 ad
1468 2371 1630 2408 perpetuam
1639 2369 1679 2399 roi
1687 2369 1855 2399 memoriam.

1153 2436 1197 2469 Ex
1217 2435 1353 2469 iniuncti
1394 2433 1487 2468 nobis
1510 2432 1679 2477 apostolici
1714 2431 1857 2465 muneris

1111 2486 1220 2519 debito
1259 2484 1471 2524 inducimur,
1510 2488 1563 2524 et,
1589 2481 1721 2516 rationis
1745 2480 1856 2515 ordine

1111 2535 1279 2573 suadente,
1301 2544 1416 2568 curare
1446 2539 1593 2566 tenemur
1623 2536 1659 2564 ut
1689 2530 1751 2572 his,
1786 2529 1856 2573 qui,

1148 2603 1158 2629 ι
1177 2601 1219 2630 Ex
1238 2601 1351 2636 Regesi.
1371 2599 1401 2628 in
1420 2599 1526 2627 Secret.
1546 2597 1687 2626 Brevium.

1868 203 1978 236 ausc.

1900 2456 2015 2478 Exordium.
