2059 3228
112 220 160 247 An.
186 220 216 248 C.
234 221 301 248 1579

365 219 430 255 ⁶254
904 227 1082 255 normanni

320 292 378 325 pro
398 292 437 315 eo
456 280 542 326 quod
568 279 744 325 supradicti
764 286 817 314 aut
837 280 891 314 alii
911 282 1063 316 interesse

318 334 472 367 habentes
491 333 592 366 vocati
629 344 693 366 non
722 333 850 375 suerint,
879 341 1064 379 praesentes

318 399 376 430 per
389 386 632 430 subreptionem
643 387 792 420 obtentae
802 394 1062 431 praesumantur,

316 439 501 483 viribusque
525 444 557 472 et
580 439 696 473 effectu
720 441 761 473 ob
784 440 816 473 id
837 441 883 474 vel
908 441 985 474 alias
1009 452 1062 474 ca-

316 498 423 532 reant,
446 492 581 536 aliisque
601 493 785 536 apostolicis
805 504 841 526 ac
861 493 955 526 etiam
982 494 1061 526 alio-

314 555 386 576 rum
409 545 621 578 conciliorum
643 547 841 588 generalium
863 547 1061 580 constitutio-

312 598 410 631 nibus
428 604 460 631 et
479 598 750 639 ordinationibus;
771 610 898 633 necnon
923 609 1061 633 conven-

312 657 365 684 tus
375 657 406 683 et
421 650 588 695 hospitalis
605 652 842 694 praedictorum
859 652 1058 693 fundatione,

313 709 410 747 atque
432 704 562 737 illorum
582 710 614 738 et.
633 704 760 738 Ordinis
775 716 811 738 ac
831 705 985 738 ecclesiae
1001 705 1059 738 La-

312 757 491 790 teranensis
510 757 603 791 Urbis
621 763 650 790 et
669 757 823 791 Gamerae
844 757 1057 801 Apostolicae,

312 810 507 851 iuramento,
534 809 779 845 confirmatione
813 811 988 854 apostolica
1011 811 1059 844 rel

310 863 423 907 quavis
440 863 589 896 firmitate
609 863 671 896 alia
690 863 859 904 roboratis,
882 864 1010 897 statutis
1030 870 1060 897 et

311 916 613 956 consuetudinibus;
622 916 797 960 privilegiis
806 927 945 960 quoque,
955 927 1060 950 exem-

311 969 477 1013 ptionibus
505 975 535 1002 et
566 969 701 1003 indultis
736 970 921 1013 apostolicis
954 970 1057 1003 eidem

307 1022 432 1063 Ordini,
447 1022 612 1063 ecclcsiae,
635 1022 787 1066 hospitali
800 1028 832 1056 et
844 1023 986 1067 capitulo
1002 1023 1059 1056 La-

308 1076 488 1111 teranensi,
518 1086 554 1108 ac
593 1076 737 1120 ipsorum
767 1076 989 1119 superioribus
1028 1081 1059 1109 et

309 1129 455 1172 personis
475 1139 600 1162 necnon
627 1129 767 1162 senatori
800 1129 904 1165 Urbis.
930 1139 1058 1162 conser-

308 1182 471 1215 vatoribus
489 1209 496 1222 ‚
536 1182 824 1222 reformatoribus,
865 1183 1055 1223 camerario,

308 1235 570 1269 universitatibus
594 1246 631 1269 ac
651 1243 765 1268 eorum
785 1235 938 1278 collegiis,
955 1242 1059 1269 recto-

306 1289 397 1322 ribus
434 1289 569 1333 aliisque
606 1288 792 1332 praedictis,
831 1299 957 1322 necnon
998 1289 1057 1333 ipsi

307 1341 383 1375 Urbi
405 1347 436 1374 et
455 1342 576 1386 populo
593 1342 749 1383 Romano,
772 1342 832 1374 sub
850 1342 1059 1384 quibuscum-

307 1405 371 1437 que
391 1394 558 1428 ten'oribus
577 1400 608 1427 et
626 1394 748 1435 formis,
771 1405 809 1427 ac
829 1405 903 1427 cum
924 1395 1057 1439 quibus-

307 1448 363 1487 vis,
400 1447 495 1480 etiam
533 1448 812 1490 derogatoriarum
845 1448 1057 1491 derogatoriis

307 1501 444 1544 aliisque
456 1500 694 1534 efficacioribus
712 1506 742 1534 et
761 1500 914 1540 insolitis,
931 1502 1056 1535 clausu-

307 1553 357 1592 lis,
376 1553 641 1596 irritantibusque
662 1559 692 1587 et
712 1553 940 1595 aliisdecretis,
960 1555 1055 1587 etiam

307 1613 397 1640 motu
422 1607 555 1651 proprio
576 1612 659 1639 etex
679 1607 846 1651 quibusvis
875 1608 980 1640 causis
1012 1613 1057 1640 at-

307 1670 371 1699 que
392 1659 513 1692 iteratis
532 1659 654 1692 vicibus
674 1660 847 1700 concessis,
870 1655 1078 1724 approbatisj

307 1719 339 1745 et
354 1712 528 1753 innovatis;
550 1713 669 1756 quibus
689 1713 852 1753 omnibus,
875 1713 1000 1747 etiamsi
1018 1714 1057 1747 de
1076 1748 1077 1752 ,

307 1766 370 1799 illis
390 1775 569 1810 eorumque
590 1766 664 1798 totis
697 1766 865 1799 tenoribus
892 1766 1053 1810 specialis,
1073 1761 1077 1779 '

307 1819 471 1862 specifica,
498 1829 645 1862 expressa
667 1824 697 1851 et
717 1819 894 1857 individua,
917 1829 982 1852 non
997 1829 1056 1852 au·
1073 1783 1078 1849 i

307 1878 371 1905 tem
393 1882 451 1915 per
470 1872 632 1905 clausulas
652 1872 818 1913 generales
837 1872 921 1904 idem
936 1872 1057 1916 impor-
1073 1866 1077 1898 1

308 1931 423 1966 tantcs,
445 1925 567 1958 mentio
586 1937 641 1960 seu
663 1925 793 1968 quaevis
813 1925 875 1957 alia
895 1925 1055 1968 expressio
1073 1913 1077 1957 i

308 1977 456 2011 habenda
474 1983 529 2010 aut
552 1978 662 2020 aliqua
681 1977 751 2009 alia‘
764 1978 921 2021 exquisita
954 1978 1056 2010 forma
1074 1968 1076 1974 ⁴

308 2031 348 2063 ad
368 2031 430 2065 hoc
442 2031 598 2064 servanda
611 2036 704 2071 esset,
718 2035 845 2063 tenores
856 2030 1053 2069 huiusmodi,
1074 2034 1076 2061 Ι

309 2096 346 2118 ac
367 2084 391 2116 si
411 2084 451 2117 ad
469 2084 614 2125 verbum,
639 2084 720 2117 nihil
734 2083 862 2128 penitus
881 2083 1012 2123 omisso,
1026 2089 1057 2117 et

309 2140 412 2170 forma
439 2137 471 2170 in
492 2137 556 2170 illis
584 2137 700 2171 tradita
728 2137 906 2178 observata,
945 2136 1055 2170 inserti

309 2192 413 2223 forent
432 2189 664 2234 praesentibus,
688 2200 747 2233 pro
785 2189 982 2222 sufficienter
1005 2200 1057 2221 ex-

309 2244 428 2286 pressis
447 2244 613 2283 habentes,
634 2243 698 2276 illis
717 2243 794 2276 alias
809 2242 842 2275 in
859 2253 917 2276 suo
938 2242 1054 2275 robore

310 2296 538 2338 poi-mansuris,
559 2297 620 2329 hac.
638 2296 706 2329 vice
726 2296 901 2336 dumtaxat,
934 2295 1055 2338 specia-

310 2349 381 2381 liter
401 2356 429 2382 et
450 2360 599 2393 expresse
618 2350 1056 2391 derogamus3necnonqua-

309 2412 450 2444 cumque
471 2402 725 2435 contradictione
745 2401 882 2434 alicuius
909 2411 966 2434 seu
991 2411 1056 2433 ma-

309 2449 388 2481 ioris
408 2450 507 2493 partis
526 2456 701 2483 conventus
721 2455 752 2482 et
771 2449 899 2483 Ordinis
934 2449 1056 2492 praefa-

310 2503 431 2532 torum.
453 2509 509 2531 seu
530 2509 705 2532 consensus
730 2498 936 2542 superiorum
955 2497 1056 2540 ipsius

310 2552 339 2578 et
356 2546 487 2590 capituli
508 2547 728 2580 Lateranensis
739 2547 866 2581 defectu
877 2545 1056 2590 ceterisque

310 2595 479 2628 contrariis
503 2596 774 2638 quibuscumque.
866 2602 874 2605 '
907 2603 913 2606 “

1106 229 1123 254 R
1128 228 1257 255 OMANUM

1149 282 1164 325 g
1184 282 1237 316 10.
1264 282 1349 315 Nulli
1370 292 1445 326 ergo
1465 282 1598 317 omnino
1621 282 1789 316 hominum
1809 281 1850 316 li-

1104 339 1173 367 ceat
1205 334 1289 368 hanc
1325 335 1474 378 paginam
1511 341 1640 369 nostrae
1665 335 1847 374 erectionis,

1103 387 1353 428 constitutionis,
1376 387 1536 430 iussionis,
1559 387 1795 432 suppressionis
1819 393 1852 423 et

1102 439 1319 480 extinctionis,
1356 440 1566 482 liberationis,
1591 441 1766 483 divisionis,
1801 452 1851 476 se-

1103 493 1298 535 parationis,
1338 493 1574 537 impositioniS‚
1613 494 1847 538 assignationis,

1101 545 1284 586 voluntatis,
1297 546 1439 586 unionis,
1453 545 1736 590 incorporationis,
1746 558 1851 581 exem-

1102 597 1230 640 ptionis,
1275 597 1442 639 libertatis,
1483 600 1708 643 susceptionis,
1734 601 1849 634 subre-

1099 649 1234 693 ptionis,
1263 651 1495 692 concessionis,
1525 648 1846 693 communicationis,

1100 703 1320 745 inhibitionis,
1359 704 1566 746 tributionis,
1607 706 1845 750 deputationis,

1099 756 1304 790 decretorum
1342 763 1373 790 et
1407 757 1625 800 derogationis
1658 758 1846 802 infringere,

1098 809 1146 842 vel
1177 809 1223 843 eis
1271 821 1352 843 ausu
1387 810 1559 844 temerario
1601 811 1774 845 contraire.
1813 812 1846 847 Si

1098 862 1170 906 quis
1195 867 1253 897 etc.

1140 910 1255 949 Datum
1278 917 1399 950 Romae
1423 918 1510 961 apud
1530 918 1682 951 Sanctum
1700 918 1844 961 Petrum,

1097 979 1183 1002 anno
1201 969 1436 1004 Incarnationis
1467 971 1649 1004 dominicae
1673 971 1843 1005 millesimo

1097 1022 1354 1066 quingentesimo
1374 1024 1608 1068 septuagesimo
1625 1025 1844 1065 nono,kalen-

1097 1075 1145 1108 dis
1169 1075 1287 1117 martii,
1308 1077 1514 1120 pontificatus
1532 1077 1632 1110 nostri
1662 1087 1746 1111 anno
1765 1086 1818 1111 vn.

1136 1133 1200 1164 Dat.
1218 1134 1266 1165 die
1281 1136 1294 1165 1
1312 1136 1412 1165 martii
1432 1136 1519 1174 1579,
1540 1137 1645 1176 pontif.
1663 1146 1739 1166 anno
1748 1145 1801 1167 vu.

1421 1303 1510 1337 XCII.

1095 1378 1259 1412 Inltibitio
1274 1383 1441 1423 perpetua,
1462 1380 1519 1412 sub
1532 1390 1636 1423 poena
1661 1391 1844 1414 excommn-

1138 1433 1316 1465 uicationis
1339 1442 1376 1465 ac
1397 1433 1595 1477 privationis
1613 1433 1794 1476 officiorum
1813 1438 1843 1467 el

1138 1486 1222 1518 vocis
1254 1486 1379 1519 activae
1414 1491 1443 1519 ec
1470 1487 1637 1529 passivae,
1672 1487 1843 1520 monachis

1138 1540 1396 1582 conqreyationis
1426 1539 1547 1573 Montis
1580 1538 1699 1580 Oliveli
1734 1543 1843 1573 emtor-

1138 1592 1256 1636 quendc'
1289 1593 1496 1636 praelaturas
1534 1597 1564 1626 et
1593 1593 1703 1636 officia
1739 1593 1844 1627 dictae

1137 1646 1395 1689 couqreqationis
1417 1646 1582 1689 favoribus
1600 1641 1790 1689 principum
1812 1645 1841 1680 ¹.

1095 1725 1239 1761 Gregorius
1249 1725 1321 1761 Papa
1327 1725 1396 1758 xlll,
1407 1726 1442 1754 ad
1450 1726 1614 1761 perpetuam
1622 1725 1663 1754 rei
1672 1725 1841 1754 memoriam.

1138 1796 1218 1830 Cum
1243 1796 1324 1829 nihil
1344 1796 1388 1829 ita
1408 1796 1550 1829 alienum
1570 1795 1610 1829 sit
1627 1795 1668 1829 ab
1697 1796 1844 1830 instituto

1094 1859 1320 1894 personarum,
1353 1860 1437 1893 quae
1461 1849 1520 1882 sub
1545 1848 1748 1882 obedientiae
1767 1849 1844 1893 iugo

1094 1903 1256 1936 Altissimo
1277 1902 1426 1936 famulari
1445 1913 1478 1935 se
1497 1902 1728 1943 astrinxerunt,
1747 1908 1845 1946 atque

1095 1956 1270 1990 effraenata
1289 1955 1344 1988 illa
1369 1954 1554 1988 dominandi
1588 1954 1700 1995 libido,
1723 1957 1844 1989 ‘omnes

1094 2019 1175 2053 quas
1188 2017 1359 2053 possumus
1372 2008 1438 2041 vias
1457 2007 1668 2050 exquirimus,
1686 2015 1744 2051 per
1753 2019 1844 2052 quaS‚

1074 2062 1077 2098 Ι
1095 2063 1149 2096 illa
1168 2072 1314 2106 repressa
1334 2066 1365 2094 et
1383 2072 1401 2094 a
1421 2060 1572 2094 cordibus
1596 2060 1755 2094 dictarum
1770 2072 1844 2105 per—

1094 2125 1248 2149 sonarum
1260 2114 1436 2154 eliminata,
1452 2114 1573 2147 eaedem
1585 2122 1745 2157 personae
1753 2114 1844 2157 quie-

1095 2168 1158 2201 tius
1190 2173 1222 2200 et
1253 2167 1460 2210 tranquillius
1492 2166 1636 2199 debitum
1661 2167 1766 2200 eidem
1792 2166 1844 2200 ΑΙ-

1095 2221 1217 2254 tissimo
1238 2221 1408 2254 exhibeant
1428 2220 1630 2253 famulatum.

1140 2275 1154 2318 ξ
1170 2274 1200 2306 1.
1221 2273 1300 2307 Cum
1317 2273 1436 2316 itaque,
1452 2273 1535 2306 sicut
1547 2272 1744 2316 accepimus,
1763 2281 1844 2306 non-

1862 322 1925 345 nalls.
1934 351 1935 355 Ἰ
1945 316 1974 343 “””’Ζ

1968 304 2006 370 t

1922 423 1927 426 .
1958 402 2007 442 “i

1883 1807 1957 1830 nunu
1970 1811 1997 1831 Γ»

1881 2282 1949 2304 ctuu
1962 2263 1974 2299 ³:

1095 2327 1176 2359 nulli
1198 2325 1457 2369 congregationis
1476 2325 1589 2359 Montis
1608 2324 1731 2366 Oliveti,
1750 2324 1842 2358 ordi·
1856 2346 1905 2368 m,

1096 2380 1145 2413 nis
1165 2380 1271 2413 Sancti
1292 2378 1468 2419 Benedicti,
1493 2377 1655 2418 monachi,
1669 2378 1708 2411 ad
1719 2378 1844 2422 praela·

1096 2439 1185 2466 iuras
1205 2439 1236 2466 et
1255 2433 1362 2466 ost‘icia
1381 2432 1484 2465 dictae
1504 2430 1761 2474 congregationis
1780 2431 1842 2463 im-

1097 2487 1196 2530 probe
1216 2491 1409 2530 spectantes,
1422 2495 1486 2518 non
1497 2489 1678 2523 vereantur,
1687 2483 1773 2526 quod
1785 2493 1843 2516 sua

1096 2545 1261 2582 nequeunt
1286 2538 1442 2571 industria
1462 2536 1600 2580 assequi,
1619 2535 1698 2568 illud
1726 2535 1842 2569 favori-

1137 2605 1142 2629 ¹
1168 2601 1209 2630 Ex
1224 2601 1333 2637 Regest.
1351 2600 1378 2628 in
1395 2600 1501 2628 Secret.
1518 2598 1661 2627 Brevium.

2003 2231 2014 2252 εἰ
2010 2147 2014 2152 ,
2008 2091 2009 2096 Α
2000 2003 2002 2034 ”
2002 1970 2006 1974 .
2006 1931 2010 1939 .

2039 2301 2041 2309 .
2033 1896 2041 2288 ,«„-.-⁴-..e—-.-——---⁴---
2032 1850 2037 1879 Δ-.

1855 2315 1943 2336 tutionis
2005 2334 2008 2336 .
2019 2330 2022 2332 ψ

2015 3112 2024 3166 s„
