2059 3228
37 263 111 296 asc?
125 264 192 294 1⁸75

248 311 264 356 ἓ
287 310 317 345 3.
346 311 424 345 Cum
446 315 552 344 autem
568 337 575 351 ,
597 310 676 343 sicut
705 308 816 342 eadem
852 317 949 351 expo-

36 379 108 402 utuu·
120 378 142 400 s.
155 377 190 400 n-
203 363 276 398 sitio
303 363 531 406 subiungebat,
562 361 723 406 magistri,
754 366 945 408 conventus,

37 411 98 463 ζῆτ’
109 409 189 462 ξξῖηξζ
204 417 348 462 prioreS,
379 416 672 455 commendatores,
702 418 945 459 praeceptores,

37 474 82 498 ⁸¹³¹·
115 471 188 522 ΜΤ·-
203 468 335 509 fratres,
363 468 479 501 milites·
516 474 547 502 et
579 465 663 501 aliae'
692 476 846 510 personae
867 465 948 498 eius-

26 504 126 555 Ἔπη-οι
163 507 189 523 u-
201 522 274 556 dem
295 522 400 556 Sancti
421 522 525 555 lacobi
546 522 584 554 de
604 521 735 565 Spatha,
756 519 820 553 sive
844 518 877 551 in
889 519 946 551 Le-

200 574 325 618 gionis3
351 574 505 608 Castellae
530 580 561 608 et
589 575 790 616 ,At-agonum,
819 572 883 604 sive
914 571 945 603 in

199 626 414 670 Portugalliac
429 639 484 661 seu
504 626 727 670 Algarbiorum
744 623 849 668 regnis
868 635 946 657 con·

199 680 299 714 stituti
319 680 392 720 sint,
409 681 550 714 eiusdem
572 678 777 723 professionis
798 677 944 717 existant,

199 738 230 767 et
251 733 310 766 sub
335 733 454 767 eisdem
480 730 680 776 regularibus
706 731 856 763 institutis
886 731 945 763 mi-

198 785 301 827 litent,
333 797 437 830 neque
467 785 529 818 alia
554 785 636 818 inter
664 794 718 817 eos
746 782 942 823 differentia,

197 849 293 882 quam
313 839 400 883 quod
419 839 451 872 in
471 838 602 871 diversis
622 837 728 880 regnis
753 837 943 875 consistunt,

198 893 264 925 sore
277 892 500 935 dignoscatur-3
516 902 552 924 ac
569 891 741 934 praemissa
757 890 789 923 in
805 891 943 923 savorem

198 942 297 988 ipsius
322 945 453 978 militiae
476 944 516 977 de
537 944 655 987 Spatha
681 949 712 977 et
736 944 774 976 dc
799 942 887 981 Avis,
912 943 944 976 in

197 1008 294 1042 quern
324 1008 478 1031 concessa
509 1002 674 1040 appareat;
709 1001 739 1030 et
758 996 944 1040 neutiquam

197 1049 388 1083 conveniens
400 1050 543 1082 videatur
561 1054 595 1082 ut
612 1049 743 1082 militiae
760 1048 942 1092 praedictae,

196 1102 292 1136 ctiam
308 1102 334 1136 si
354 1103 386 1135 in
410 1103 541 1136 diversis
560 1105 667 1145 regnis
696 1101 869 1142 institutae,
895 1101 944 1134 di-

196 1166 286 1189 verso
302 1155 373 1189 iure
392 1154 498 1189 fulciri
514 1161 569 1188 aut
584 1155 675 1188 inniti
696 1155 842 1194 debeant,
864 1165 946 1198 prae-

195 1207 305 1242 sertim
333 1208 420 1253 quod
447 1209 512 1242 sere
539 1219 666 1252 semper
687 1208 720 1240 in
740 1207 889 1240 omnibus
915 1213 946 1240 et

196 1271 255 1306 per
272 1261 381 1295 omnia
404 1272 463 1306 per
488 1262 566 1295 alios
590 1261 752 1295 Romanos
776 1260 944 1294 Pontifices

196 1313 379 1359 praedictos
402 1312 608 1358 aequiparata
632 1314 771 1353 suerint;
801 1325 838 1347 ac
868 1325 945 1357 pro-

195 1372 306 1411 pterea
334 1367 419 1401 idem
448 1367 651 1401 Sebastianus
680 1377 735 1400 rex
759 1367 945 1400 nominibus

195 1420 368 1464 praedictis
387 1420 479 1454 nobis
494 1420 660 1453 humiliter
676 1419 851 1464 supplicari
872 1420 946 1453 fecit

195 1479 353 1517 quatenus
370 1473 585 1517 ambiguitatis
609 1473 791 1517 praedictae
811 1483 946 1516 scrupu-

195 1526 256 1567 los,
267 1532 438 1570 antequam
450 1526 544 1560 altius
559 1527 704 1570 irrepant
714 1537 752 1559 ac
765 1526 944 1569 iurgiorum

198 1585 230 1612 et
248 1579 424 1623 litigiorum
444 1580 611 1614 materiam
630 1579 823 1623 parturiant,
842 1579 945 1612 decla-

196 1631 329 1666 rationis·
349 1638 478 1666 nostrae
497 1632 675 1666 ministerio
692 1632 893 1670 submovere,
915 1637 945 1665 et

197 1685 276 1718 alias
303 1685 335 1718 in
365 1684 549 1729 praemissis
572 1690 753 1729 opportune
779 1685 946 1729 providere

198 1737 237 1771 de
256 1738 453 1781 benignitate
473 1738 647 1782 apostolica
666 1737 876 1780 dignaremur

242 1790 259 1833 ἓ
276 1790 308 1823 4.
330 1791 393 1824 Nos
411 1790 509 1833 igitur
527 1791 594 1834 qui,
626 1796 754 1834 praeter
773 1801 945 1824 commune

41 1852 186 1880 mt-pruite·
199 1841 356 1884 debitum,
378 1854 443 1887 quo
463 1855 498 1877 ex
519 1844 714 1887 apostolatus
735 1844 840 1877 officio
861 1849 945 1877 cete-

32 1883 133 1936 ³..:1'.³,¹‡¹.'³⁸
153 1890 187 1936 ’ξ’,ζ
200 1895 244 1930 ris
257 1895 408 1930 fidelibus
431 1896 591 1930 debitores
618 1896 792 1937 existimus,
818 1897 946 1930 militias

33 1945 78 1971 μ’·
112 1945 293 1992 ”¹⁵⁹⁸·regni
326 1949 541 1993 Portugalliae
569 1949 765 1993 illarumque
792 1961 946 1993 personas

27 1981 87 2028 *⁸¹:⁵³
100 1982 189 2029 2⁸:233·
200 2000 385 2036 huiusmodi
398 2013 436 2036 eo
445 2002 618 2047 specialius
629 2007 761 2046 paterna
772 2003 946 2036 dilectione

30 2036 190 2090 'llffisll'm‘ss
203 2055 460 2098 complectimur,
492 2065 586 2098 quae,
617 2065 676 2099 pro
697 2054 833 2088 tuitione
852 2065 946 2099 prae-

57 2099 111 2127 ''‘¹³¹³
201 2105 306 2142 dictae
324 2108 399 2141 fidei
424 2108 557 2152 eiusque
590 2108 822 2152 propagatione
851 2115 946 2152 atque

202 2159 374 2203 praesidio,
396 2166 509 2194 contra
521 2161 770 2194 immanissimos
781 2161 946 2194 christiani

203 2211 345 2246 nominis
363 2213 482 2255 hostes,
507 2214 776 2252 Maurosecilicet
806 2220 836 2247 et
868 2215 947 2247 alias

202 2263 356 2298 barbaras
374 2266 532 2306 nationes,
553 2278 627 2300 cum
646 2267 770 2311 proprii
791 2267 948 2301 effusione

204 2317 330 2350 cruoris
340 2322 372 2350 et
388 2318 470 2352 vitae
489 2319 647 2362 periculo,
670 2320 821 2353 continue
838 2321 948 2353 decer-

203 2373 272 2402 tare
296 2369 369 2403 sacti
398 2363 555 2404 evidentia
587 2372 823 2415 cognoscimus3
857 2384 947 2405 eum-

205 2421 346 2465 demque
378 2421 598 2455 Sebastianum
620 2434 726 2466 regem
746 2435 763 2457 a
782 2424 948 2467 quibusvis

205 2470 560 2511 excommunicationis,
576 2472 793 2515 suspensionis
803 2478 831 2506 et
853 2473 949 2506 inter-

205 2517 283 2554 dicti
293 2518 428 2562 aliisque
448 2519 668 2553 ecclesiasticis
678 2522 853 2562 sententiis,
873 2533 948 2555 cen-

206 2566 289 2611 suris
308 2573 338 2601 et
361 2567 485 2612 poenis,
516 2579 533 2600 a
557 2568 626 2601 iure
653 2568 703 2601 vel
736 2569 775 2601 ab
803 2569 947 2610 homine,

207 2616 317 2658 quavis
332 2617 501 2651 occasione
515 2617 562 2650 rel
578 2627 685 2658 causa,
699 2617 782 2658 latis,
796 2617 949 2661 siquibus

964 1828 968 1858 l

780 264 783 270 '
814 254 994 281 cntcnnttvs
1013 255 1066 279 xm
1087 255 1134 278 [Ψ.

1629 245 1683 277 lli

990 305 1211 349 quomodolib.
1225 305 1394 338 innodatus
1407 306 1521 345 existit,
1535 305 1572 339 ad
1583 306 1733 340 effectum

990 358 1206 401 praesentium
1243 359 1402 391 dumtaxat
1445 360 1731 402 consequendum,

990 411 1104 442 harum
1124 410 1449 444 serieabsolventi-set
1470 413 1651 446 absolutum
1668 414 1734 446 l'ore

989 469 1167 502 censentes,
1182 463 1363 496 huiusmodi
1380 465 1667 508 supplicationibus
1688 467 1735 499 in-

989 515 1108 555 clinati,
1131 517 1319 550 eorumdem
1340 518 1472 558 *Nu-olai,
1494 519 1562 551 lulii
1583 526 1614 554 et
1630 520 1731 560 Pauli,

988 569 1269 612 praedecessorum
1283 572 1508 614 lssu'wdictorum
1523 573 1673 616 ‚vestigiis
1684 574 1734 607 in-

990 622 1178 663 haerentes,
1202 634 1395 667 omnemque
1429 626 1661 659 dubitationem
1700 628 1732 660 in

989 676 1333 718 prannissisremovere
1353 678 1502 715 volentes,
1522 690 1645 713 necnon
1662 692 1732 713 om-

988 728 1076 761 nium
1089 734 1118 761 et
1136 729 1252 771 singul.
1272 729 1527 773 privilegioriuu,
1554 733 1732 767 concessio-

988 781 1732 821 num,indultorum,conservatmifuumetalia-

988 844 1058 866 rum
1069 835 1326 879 gratiarum,per
1336 847 1556 880 quos‹·1umpu=
1574 839 1732 873 Romanos

988 887 1157 920 Pontifices
1167 889 1418 932 przedecessores
1430 896 1554 923 nostros
1567 897 1596 923 et.
1616 892 1731 926 Sedem

988 941 1183 982 praedictam
1213 941 1333 975 eisdem
1364 942 1496 983 militiis,
1523 949 1585 976 tam
1616 945 1647 977 in
1672 946 1731 978 Le-

985 992 1090 1034 gionis
1109 999 1139 1026 et
1162 994 1315 1027 Castellae
1335 1006 1431 1038 quam
1453 996 1665 1039 Pol-tugalliae
1681 1010 1731 1031 re-

986 1045 1055 1087 gnis
1076 1047 1246 1090 praedictis
1266 1048 1429 1089 institutis,
1451 1049 1643 1093 illarumque
1663 1062 1731 1084 ma-

985 1099 1056 1140 gnis
1070 1099 1230 1142 magistris
1239 1111 1294 1133 seu
1315 1101 1638 1143 administratoribus,
1653 1115 1731 1137 con-

986 1153 1131 1186 ventibus
1145 1180 1152 1194 ,
1184 1154 1360 1197 prioribus,
1395 1157 1729 1198 commendatoribus,

986 1208 1261 1250 piaeceptoribus,
1279 1209 1440 1249 fratribus,
1461 1209 1616 1243 militibus
1625 1216 1653 1244 et
1663 1222 1732 1255 per-

987 1259 1072 1290 sonis
1091 1261 1275 1302 praedictis,
1293 1271 1330 1294 ac
1350 1262 1490 1306 desuper
1511 1264 1729 1297 confectarum

986 1316 1016 1343 ct
1034 1311 1192 1345 dictarum
1213 1314 1260 1346 Pii
1275 1315 1531 1358 praedecessoris
1551 1315 1730 1350 litterarum

986 1369 1114 1398 tenores
1133 1367 1356 1409 praesentibus
1368 1379 1425 1412 pro
1438 1369 1595 1412 expressis
1605 1370 1728 1403 baben-

987 1422 1044 1456 tes,
1066 1417 1251 1451 huiusmodi
1270 1421 1559 1463 supplicationibus
1574 1423 1730 1464 inclinati,

986 1470 1093 1503 omnia
1103 1476 1133 1503 et
1149 1471 1275 1514 singula
1286 1472 1464 1516 privilegia,
1483 1476 1729 1518 praerogativas,

987 1523 1216 1565 immunitates,
1239 1527 1471 1570 exemptiones,
1495 1528 1669 1569 libertates,
1690 1531 1732 1563 fa-

986 1576 1130 1617 cultates,
1153 1577 1379 1621 indulgentias,
1400 1582 1664 1618 conservatorias.
1687 1583 1733 1615 in-

984 1629 1074 1662 dulta
1089 1635 1120 1662 et
1139 1631 1216 1664 alias
1239 1632 1356 1675 gratias
1385 1633 1507 1666 militiis
1530 1634 1682 1668 Castellae
1701 1642 1732 1669 et

986 1682 1132 1725 Legionis
1157 1695 1330 1727 regnorum
1352 1686 1550 1726 huiusmodi,
1573 1699 1609 1721 ac
1639 1699 1731 1732 prae-

986 1735 1070 1768 dicto
1100 1736 1249 1781 Philippo
1270 1737 1336 1780 regi
1357 1744 1386 1770 et
1415 1750 1472 1782 pro
1497 1745 1641 1784 tempore
1667 1741 1733 1773 exi-

986 1788 1143 1822 stentibus
1158 1790 1482 1832 administratoribus,
1511 1794 1730 1833 conventibus,

986 1841 1160 1885 prioribus,
1185 1845 1512 1886 commendatoribus,
1549 1853 1734 1891 praecepto-

987 1895 1089 1936 ribus,
1118 1896 1282 1937 fratribus,
1315 1897 1471 1931 militibus
1504 1904 1533 1931 et
1561 1899 1629 1932 aliis
1658 1910 1732 1943 per-

987 1948 1074 1981 sonis
1101 1949 1336 1991 ecclesiasticis,
1369 1951 1530 1991 domibus,
1562 1952 1650 1992 loeis,
1678 1952 1734 1986 bo-

987 2001 1047 2042 nis,
1065 2003 1330 2046 possessionibus,
1353 2004 1488 2045 iuribus,
1505 2005 1733 2039 iurisdictioni-

987 2055 1048 2087 bus
1075 2055 1263 2089 militiarum
1284 2057 1317 2089 in
1345 2057 1497 2090 Castellae
1530 2065 1560 2090 et
1587 2059 1733 2101 Legionis

987 2108 1322 2152 regnisinstitutarum
1342 2110 1537 2149 huiusmodi,
1558 2122 1615 2154 per
1635 2122 1732 2155 quos-

988 2171 1127 2212 cumque
1154 2162 1315 2195 Romanos
1339 2163 1510 2196 Pontifices
1543 2164 1732 2207 praedeees-

988 2224 1075 2247 sores
1094 2220 1219 2247 nostros
1242 2226 1278 2247 ac
1301 2225 1358 2247 nos
1389 2221 1415 2247 et
1442 2215 1556 2248 Sedem
1588 2217 1733 2250 eamdem

988 2267 1144 2299 hactenus
1173 2267 1427 2309 quomodolibet,
1453 2278 1516 2300 iam
1550 2269 1581 2300 in
1616 2280 1733 2311 genere

988 2313 1084 2362 quani
1105 2319 1137 2351 in
1158 2319 1273 2362 specie,
1297 2329 1447 2352 concessa
1465 2326 1495 2352 et
1515 2321 1546 2353 in
1568 2328 1732 2365 posterum

989 2372 1205 2411 concedenda,
1218 2371 1335 2403 eisdem
1349 2372 1602 2414 modoctt'orma,
1616 2375 1734 2418 quibus

989 2434 1139 2456 concessa
1150 2428 1260 2456 suntet
1275 2423 1306 2455 in
1326 2430 1488 2467 posterum
1500 2427 1729 2468 concedentur,

989 2473 1028 2505 ad
1044 2472 1173 2504 militias
1188 2471 1277 2513 regni
1289 2471 1502 2515 portugalliae
1515 2485 1551 2507 ac
1574 2474 1731 2508 Sebastia-

989 2531 1066 2553 num
1081 2531 1187 2563 regem
1204 2526 1235 2553 et
1249 2531 1308 2564 pro
1320 2526 1464 2565 tempore
1480 2523 1648 2557 existentes
1664 2535 1732 2557 ma-

989 2579 1066 2612 gnos
1078 2570 1244 2611 magistros
1253 2580 1308 2603 seu
1319 2571 1583 2613 administrator„
1598 2584 1734 2606 conven-

989 2625 1051 2661 tus,
1066 2629 1190 2664 priores
1202 2645 1210 2660 ,
1231 2621 1520 2665 commendatores,
1545 2630 1732 2668 praecepto-

1750 252 1801 280 An.
1815 251 1844 280 C.
1865 250 1932 279 1575
