2059 3228
42 198 170 237 ..21587

844 204 946 229 3thth
967 206 985 229 V
1010 206 1046 230 1²1²

184 253 343 287 Correctio
360 258 388 286 e!
408 255 544 287 sublatio
564 255 717 287 (mnemon
736 260 764 289 el
785 266 929 290 errorum

313 307 350 339 in
368 309 538 350 provincia
551 308 793 342 Romamtiolae.

223 381 379 421 Quoniam
411 383 609 425 experientia
640 394 748 416 rerum
776 385 926 428 magistra

178 434 318 473 edocuit,
352 435 399 467 vel
425 442 674 479 procuratorum
706 437 753 470 vel
781 438 925 471 notario—

178 497 252 521 rum
285 488 332 521 vel
363 488 631 521 cancellariorum
669 491 714 523 vel
753 491 924 524 advocato-

178 549 250 574 rum
271 547 326 574 aut
357 541 501 573 iudicum
526 543 668 582 avaritia,
691 544 864 576 nonnullos
892 544 924 576 in

177 592 237 627 hac
261 593 492 627 Romandiolac
524 595 688 638 provincia
722 596 923 630 introductos

176 645 273 680 fuisse
293 657 420 680 errores
450 647 480 679 in
511 648 654 680 taxandis
682 649 921 691 praedictorum

175 703 206 732 et
221 699 359 733 aliorum
380 700 489 733 curiae
504 701 663 743 generalis
679 702 856 734 commodis
865 703 919 735 de-

171 751 378 786 servientium
391 753 607 786 mercedibus:
629 753 699 786 ideo
718 765 787 793 nos,

217 804 363 848 Gregorii
382 806 542 848 Magalotti
559 806 776 840 ordinationes
787 814 815 840 et
829 819 918 841 men-

171 861 236 892 tem
255 859 384 903 penitus
409 870 426 892 a
448 859 708 903 quibuscumque
734 866 764 893 et
784 861 916 904 singulis

169 911 411 954 praedictorum
445 912 549 945 dictae
588 913 769 956 provinciae
808 913 916 947 obscr-

169 964 236 998 vari
256 965 486 1006 desiderantes,
512 971 695 1009 propterea,
717 967 861 999 adhibito
881 978 913 999 e-

167 1016 245 1050 tiam
274 1017 410 1051 consilio
441 1028 577 1058 eorum,
612 1019 667 1061 qni
703 1019 848 1061 quotidie
881 1020 912 1052 in

166 1069 238 1103 foro
266 1075 298 1103 et
315 1070 477 1103 subselliis
504 1076 684 1110 versantur,
711 1078 912 1115 amputantes

165 1129 198 1156 et
220 1123 368 1156 tollentes
400 1123 601 1167 supradictos
629 1135 766 1163 errores,
793 1125 911 1159 abusus

164 1174 197 1208 et
234 1176 446 1220 corruptelas,
471 1176 675 1221 infrascripta
709 1178 907 1219 ordinanda,

163 1239 225 1272 pro
253 1229 389 1262 utilitate
410 1236 440 1263 et
461 1231 632 1263 commodo
656 1231 858 1264 subditorum
880 1238 910 1265 et

162 1282 420 1326 provincialium.
443 1283 487 1316 sic
512 1284 675 1326 provincia
695 1284 850 1326 exigente,
874 1296 907 1317 o-

163 1334 231 1368 mni
249 1335 356 1369 studio
377 1342 406 1369 et
425 1336 589 1379 diligentia
613 1347 679 1369 esse
711 1338 904 1370 ‹;·‹;=nsuimns.

359 1443 406 1476 De
424 1444 523 1486 officio
542 1445 711 1488 praesidis,

204 1518 319 1552 Sancte
351 1519 526 1552 admodum
557 1518 729 1561 Gregorius
758 1520 906 1563 Magalot-

159 1575 212 1605 lus
240 1571 399 1605 ordinavit
428 1572 606 1616 praesidem
627 1573 822 1616 provinciae,
846 1584 904 1617 pro

159 1635 295 1659 suorum
327 1619 575 1669 provincialium
614 1626 845 1668 tranquillitate
874 1633 902 1660 et

157 1677 290 1717 iustitia,
320 1689 449 1712 omnem
469 1689 580 1712 curam
607 1684 637 1712 et
655 1679 904 1712 sollicitudinem

157 1731 256 1774 gratis
284 1737 315 1764 et
343 1737 477 1775 paterno
502 1731 618 1764 affectu
644 1737 759 1765 cuncta
795 1732 834 1764 ab
866 1743 903 1765 eo

157 1784 357 1828 expedienda
376 1784 564 1828 impendere
579 1785 708 1823 debere,
726 1785 846 1818 abusus
859 1792 904 1818 ta-

157 1847 232 1870 men
252 1842 283 1871 et
302 1838 486 1882 corruptela
518 1838 647 1872 inolevit
672 1838 900 1877 cubicularios,

157 1890 217 1924 sub
250 1890 359 1924 colore
392 1891 500 1934 sigilli,
527 1891 702 1934 aliquando
735 1892 902 1924 extorsisse

155 1944 330 1987 sportulas,
352 1955 426 1977 cum
446 1945 479 1977 in
499 1944 630 1988 publiea
641 1943 818 1977 visitatione
831 1955 900 1978 car-

156 2007 268 2030 cerum
288 1997 471 2030 mandasset
496 2007 622 2040 praeses
653 1997 791 2040 aliquem
817 1998 900 2030 rela-

154 2048 235 2082 xari.
267 2048 359 2082 Nunc
383 2056 491 2083 tamen
517 2060 660 2082 errorem
688 2049 815 2092 penitus
843 2050 902 2082 tol-

155 2102 271 2143 lentes,
291 2102 441 2136 volumus
459 2103 540 2135 nihil
561 2102 615 2135 tali
636 2113 710 2135 casu
731 2112 791 2146 pro
810 2113 899 2135 man-

155 2154 238 2188 datis
259 2155 430 2188 executivis
458 2155 674 2188 cubicularios
699 2165 792 2198 posse
816 2155 899 2188 acci-

153 2217 244 2250 pere,
266 2207 362 2241 sicuti
391 2214 421 2241 et
449 2208 546 2251 gratis
570 2208 754 2250 impartitur
773 2218 901 2250 praeses

155 2261 378 2294 auctoritatem
408 2272 523 2299 suam,
546 2267 575 2294 et
596 2261 685 2292 illum
712 2260 896 2293 mandatum

155 2313 254 2356 gratis
286 2313 406 2357 pariter
438 2314 565 2346 tradere
600 2314 716 2346 debere
751 2314 898 2346 decerni—

155 2377 238 2399 mus.

353 2442 399 2475 De
418 2443 516 2485 officio
535 2442 703 2475 auditoris.

197 2519 276 2559 Quia
295 2524 499 2567 compertum
520 2518 582 2550 iam
603 2528 670 2551 esse
691 2518 851 2561 reperitur
865 2518 896 2550 in

154 2572 294 2616 generali
316 2571 404 2604 curia
425 2572 464 2604 ab
485 2571 632 2605 auditore
652 2571 844 2615 quandoque
865 2572 896 2603 in

1611 204 1673 236 {tta

971 258 1152 294 execullt'is,
1182 261 1233 291 uhi
1262 271 1318 292 [ΠΨ
1351 262 1392 293 Γυί
1421 264 1632 297 «ὋΠΙγξιάᾗιῚίι»
1662 278 1718 299 nm·

969 321 1084 344 causac
1106 313 1247 351 cognitio
1269 314 1449 354 interra-uit,
1479 327 1536 359 pro
1568 320 1714 352 mercede

969 369 1113 407 receptos
1152 366 1246 399 fuisse
1281 367 1427 400 denarios
1467 380 1517 401 sex
1548 381 1605 413 pro
1635 371 1713 405 lilii-a

968 417 1081 449 valoris
1109 424 1139 450 et
1175 419 1390 452 extimationis
1421 422 1462 453 rei
1495 423 1621 465 petitae,
1660 436 1713 456 us-

966 480 1028 512 que
1044 470 1082 503 ad
1093 481 1334 515 quamcumque
1353 485 1524 514 suminam,
1536 477 1712 512 dummodo

966 524 1127 566 sportulae
1149 535 1212 556 non
1251 527 1439 559 excederent
1467 536 1555 561 ,st-uta
1584 531 1659 567 tria;
1688 532 1711 563 si

965 587 1040 609 vero
1075 578 1258 610 mandatum
1278 580 1430 612 traditum
1453 592 1515 614 uun
1545 589 1637 622 esset,
1672 585 1709 615 Ιι-

964 634 1013 662 eet
1050 630 1227 667 det-retum,
1266 642 1365 675 usque
1401 634 1438 665 ad
1468 645 1710 679 quaint-umque

963 692 1125 715 summam
1153 684 1325 726 aliquando
1346 687 1504 728 spen-tuias
1526 689 1709 729 extorsisse,

963 740 1143 778 propterea,
1154 743 1357 780 amputantes
1367 744 1395 770 et
1410 747 1609 773 removentes
1623 752 1704 785 pra=7

960 788 1080 821 dietum
1106 799 1261 829 errorem,
1294 791 1440 825 volumus
1465 799 1492 825 ct
1517 794 1707 826 mandamus

959 851 1022 874 non
1047 842 1157 875 excedi
1182 849 1320 884 quatuor
1346 845 1493 877 denarios
1525 856 1584 889 pro
1610 847 1702 884 libra,

959 894 1014 926 ubi
1044 905 1102 927 nec
1132 895 1178 927 rei
1200 897 1410 929 contradictio
1435 908 1493 931 nee
1515 910 1627 931 causat·
1654 912 1706 933 co-

959 948 1061 991 gnitio
1082 949 1262 989 intervenit,
1284 951 1400 983 valoris
1425 957 1451 984 et
1475 952 1705 985 aestimationis

957 1000 1003 1032 rei
1029 1001 1156 1043 petitae,
1179 1004 1336 1045 usquead
1354 1014 1595 1047 qmtinrtunspte
1620 1016 1706 1038 sum-

957 1064 1053 1093 mam,
1082 1054 1258 1088 dummodo
1279 1058 1441 1099 sportulae
1461 1068 1524 1090 non
1549 1059 1702 1091 excedant

954 1112 1044 1138 scuta
1064 1107 1121 1140 tria
1139 1118 1146 1146 ;
1168 1108 1192 1140 si
1221 1119 1295 1141 vero
1313 1110 1497 1142 mandatum
1520 1121 1582 1143 nou
1610 1113 1703 1144 suerit

953 1154 1121 1200 traditum,
1145 1160 1215 1193 licet
1243 1162 1419 1197 decretum,
1444 1163 1523 1195 nihil
1544 1164 1702 1208 percipiat

951 1212 1093 1249 auditor,
1127 1213 1208 1245 sicut
1241 1214 1427 1255 Mag-aloitus
1465 1225 1612 1259 expresse
1645 1217 1701 1249 de-

951 1266 1063 1299 erevit.

993 1319 1128 1359 Pariter,
1151 1326 1181 1353 et
1200 1321 1274 1363 quia
1295 1321 1509 1354 intelleximus
1522 1322 1697 1364 aliquando

951 1373 983 1405 in
1004 1374 1238 1406 contumaciam
1267 1385 1397 1407 reorum
1419 1375 1457 1407 ab
1478 1375 1622 1407 auditoie
1644 1386 1695 1407 re-

949 1432 1058 1469 ceptas
1079 1427 1174 1459 suissc
1194 1428 1369 1471 sp01·tutas;
1395 1434 1422 1460 et
1440 1429 1477 1467 si,
1501 1429 1625 1461 resectis
1645 1439 1696 1460 ex-

948 1480 1067 1522 pensis,
1090 1480 1218 1523 petierit
1237 1491 1312 1513 reus
1331 1481 1446 1524 aliquis
1467 1481 1620 1519 reaudiri,
1642 1493 1692 1513 ro-

948 1533 1044 1565 luisse
1062 1534 1210 1566 eumdem
1221 1534 1327 1566 denuo
1337 1534 1493 1567 etiterum
1511 1534 1589 1567 alias
1607 1547 1694 1578 spor-

946 1588 1041 1625 tulas,
1064 1586 1266 1627 mandamus,
1294 1587 1318 1619 si
1339 1587 1508 1630 contigerit
1524 1588 1691 1621 huiusmo-

947 1638 977 1670 di
1007 1649 1110 1678 casus,
1144 1638 1204 1671 nisi
1230 1640 1328 1672 semel
1359 1640 1537 1683 praefatum
1567 1641 1689 1673 audito-

946 1701 1013 1723 rem
1034 1701 1127 1734 posse
1147 1693 1307 1735 sportulas
1326 1692 1486 1736 accipere,
1505 1693 1565 1725 nisi
1587 1694 1689 1726 diver-

945 1755 1015 1777 snm
1037 1745 1135 1778 suerit
1154 1745 1324 1788 negocium
1336 1758 1343 1786 ;
1356 1746 1411 1779 sed
1430 1746 1455 1778 si
1467 1746 1561 1779 suerit
1576 1747 1687 1779 eadem

945 1808 1051 1837 causa,
1072 1798 1131 1830 nisi
1163 1799 1274 1838 semel,
1306 1799 1376 1831 illas
1402 1799 1570 1842 percipere
1597 1810 1689 1842 posse

945 1851 1145 1883 mandamus.

987 1904 1033 1937 Ab
1052 1904 1214 1947 aliquibus
1233 1905 1341 1944 fuisse,
1355 1905 1448 1938 etiam
1468 1912 1578 1939 contra
1599 1916 1688 1938 men-

943 1962 1006 1990 tem
1027 1957 1197 1999 Magalotti,
1220 1958 1414 2001 accepimus,
1446 1958 1477 1990 in
1502 1958 1685 1997 executivis,

942 2010 997 2042 ubi
1027 2010 1195 2043 intervenit
1216 2011 1263 2043 rei
1288 2011 1510 2051 contradictio,
1531 2018 1561 2044 et
1580 2011 1688 2054 aliqua

943 2073 1056 2095 causae
1077 2063 1228 2106 cognitio,
1261 2069 1291 2096 et
1320 2064 1506 2096 mandatum
1532 2064 1686 2096 traditum

942 2116 1050 2155 suerit,
1071 2115 1260 2159 duplicatas,
1282 2127 1358 2150 casn
1378 2127 1442 2159 quo
1462 2117 1534 2160 quis
1550 2117 1686 2149 voluerit

941 2169 979 2201 ad
1000 2180 1032 2202 se
1059 2170 1297 2202 defendendum
1322 2170 1457 2210 admitti,
1480 2171 1575 2203 t'uisse
1594 2180 1684 2203 reee-

942 2228 1010 2266 ptas
1029 2223 1211 2266 sportulas·‚
1235 2228 1264 2255 et
1285 2223 1309 2256 si
1331 2224 1515 2256 mandatum
1532 2234 1596 2256 non
1615 2223 1684 2256 sue-

941 2276 980 2308 rit
1013 2276 1178 2314 traditum,
1205 2276 1252 2308 vel
1278 2276 1352 2319 quia
1372 2287 1446 2309 reus
1466 2277 1555 2319 petiit
1574 2277 1684 2309 termi-

940 2339 1017 2361 num
1042 2329 1081 2361 ad
1101 2329 1300 2368 solvendum,
1321 2330 1369 2361 rel
1386 2329 1477 2361 aliter
1494 2329 1589 2362 suerit
1609 2340 1683 2362 cum

940 2376 1119 2409 adversario
1141 2377 1384 2416 concordatum,
1406 2378 1557 2410 salarium
1586 2378 1624 2410 ab
1645 2389 1683 2411 eo

940 2425 1036 2457 fuisse
1056 2431 1222 2465 exactum;
1251 2426 1455 2459 decernimus
1483 2426 1587 2469 primo
1607 2437 1682 2459 casu

939 2474 999 2506 nisi
1017 2475 1113 2506 semel
1134 2480 1260 2507 tantum
1284 2475 1444 2517 sportulas
1463 2475 1501 2507 ab
1523 2486 1559 2507 eo
1580 2475 1679 2518 recipi

939 2533 1042 2566 posse,
1065 2522 1164 2555 altero
1183 2533 1257 2555 vero
1288 2534 1361 2555 casu
1392 2523 1470 2555 nihil
1499 2524 1680 2556 auditorem

938 2572 1056 2605 habere
1071 2582 1163 2615 posse
1175 2573 1376 2615 mandamns,
1398 2573 1456 2606 nisi
1476 2583 1532 2617 per
1552 2579 1679 2606 senten-

1736 213 1786 240 Au.
1806 215 1832 240 (Σ.
1853 213 1915 242 1:2⁴0?
