2059 3228
141 244 202 286 tna.
221 247 250 276 c.
264 247 332 278 ¹580
389 239 455 275 334
937 253 1115 280 urrinnai
1136 255 1288 282 namursi

345 309 478 347 propter
509 302 617 337 dilecti
656 303 712 336 filit
733 305 887 348 ,Angelus
913 305 1087 348 clavat-ius,
1135 309 1193 341 tica
1218 309 1421 351 auctoritate,
1442 309 1630 343 earumdem
1654 314 1768 344 tenore
1785 315 1888 356 prae:
1925 339 1931 346 ,

344 356 530 390 Franciscus
548 357 670 390 Calvius
690 364 721 391 ct
737 358 865 393 Curtius
885 359 1085 404 Sergardius,
1130 362 1284 401 sentium,
1331 362 1562 396 confirmamus
1591 369 1621 397 et
1644 364 1874 409 approbamus,
1919 399 1924 405 ,

341 409 491 443 Gamerae
515 410 618 444 dictae
638 411 732 445 L'rhis
741 419 992 455 conservatores,
1014 426 1088 448 nec·
1130 415 1257 458 illisque
1270 413 1423 449 omnibus
1440 421 1471 449 et
1489 415 1624 460 singulis
1632 423 1809 462 perpetuae
1823 418 1892 452 fir·-

339 473 404 496 non
442 463 593 498 Baldasar
608 465 750 508 Cincius,
773 467 862 510 prior
878 469 1021 513 capitum
1038 480 1087 502 re·
1129 469 1248 502 mitatis
1296 468 1396 502 robur
1433 469 1623 503 adiicimus.
1662 469 1877 506 Decernentes

337 517 488 559 gionum,
524 518 624 551 nobis*
641 530 678 552 ex
702 520 865 555 dubietate
893 527 924 555 et
949 523 1086 556 haesita·
1127 532 1239 554 omnes
1265 528 1293 555 et
1315 523 1459 565 singulos
1478 523 1628 556 consules
1640 529 1671 557 et
1681 524 1762 558 alios
1776 536 1877 569 quos-

337 571 422 603 tione
446 571 634 605 huiusmodi
658 574 833 608 maximum
858 575 918 619 ipsi
942 576 1020 609 Urbi
1047 576 1086 609 il-
1126 586 1264 618 cumque
1289 575 1444 610 officiales
1466 581 1498 609 et
1523 576 1647 610 iudices
1673 578 1821 613 omnium
1844 584 1877 614 et
1925 620 1932 628 ⁴

336 624 461 668 liusque
489 625 603 659 incolis
627 633 659 661 et
676 629 851 672 praecipue
871 629 1083 663 iurisdictioni
1124 630 1327 672 singularum
1353 630 1472 663 artium
1497 636 1530 664 et
1565 631 1778 675 collegiorum
1809 633 1875 667 hu·
1924 638 1941 671 -ζ

334 678 434 722 ipsius
451 678 566 713 Curiae
582 679 729 724 Capitolii
743 682 926 726 provenisse
935 694 971 716 ac.
986 683 1018 716 in
1031 684 1082 716 su·
1124 683 1262 716 iusmodi
1284 683 1322 717 de
1343 683 1485 727 negociis
1514 688 1545 717 et
1564 684 1669 718 causis
1699 685 1740 719 ad
1760 686 1873 731 singu-
1924 704 1927 706 -

332 737 442 764 turum
476 734 644 777 provenire
665 746 756 779 posse
792 737 947 770 damnum
972 743 1003 770 et
1028 737 1080 770 in-
1122 737 1168 770 las
1187 747 1331 781 quasque
1346 743 1430 771 artes
1450 737 1627 782 respective
1637 735 1870 782 spectantibus,
1940 779 1957 783 Α

333 787 554 828 commodum,
588 798 655 823 non
683 789 752 828 sine
772 790 873 823 animi
892 791 994 824 nostri
1014 791 1079 825 dis·
1122 791 1217 824 etiam
1253 791 1338 824 inter
1369 796 1399 824 et
1423 797 1536 825 contra
1559 792 1720 834 homines,
1753 793 1810 838 qui
1830 794 1878 829 de‘
1928 795 1930 797 ’

332 839 497 883 plicentia,
519 850 760 885 suggesserunt.
1121 845 1313 888 corporibus
1343 850 1374 878 et
1406 845 1550 888 collegiis
1580 846 1698 879 artium
1724 846 1871 891 ipsarum
1918 851 1922 860 ¹

375 894 388 936 ξ
408 893 440 926 4.
460 894 549 928 Malis
567 895 666 939 igitur
689 902 719 929 et
732 897 944 931 incommodis
963 898 1078 932 huius-
1118 908 1178 942 pro
1198 903 1344 942 tempore
1364 909 1430 932 non
1449 898 1523 940 sint,
1552 910 1749 943 cognoscere
1767 906 1798 934 et
1816 900 1870 935 iii-

131 957 230 979 roman
245 960 315 981 decia.
329 947 416 980 modi
436 953 557 991 quanto
589 949 684 982 citius
709 961 893 993 occurrere,
919 958 1077 994 quantum
1119 951 1226 985 dicare
1255 952 1397 996 potuisse
1417 958 1447 986 et
1471 952 1632 995 debuisse,
1660 963 1818 998 posseque
1836 959 1885 989 et=

128 992 173 1040 {32²³
188 990 313 1044 ξζξξωῗζζ
327 1011 402 1034 cum
421 1000 485 1035 Deo
494 1013 676 1046 possumus,
693 1010 882 1047 satagentes,
893 1012 982 1039 motu
1001 1017 1077 1051 pro·
1118 1005 1246 1046 debere,
1266 1011 1363 1050 prout
1382 1013 1413 1039 et
1436 1007 1711 1050 quemadmodum
1723 1007 1785 1052 ipsi
1796 1019 1868 1054 om-

1117 1069 1174 1092 nes
1194 1063 1224 1091 et
1248 1058 1367 1102 singuli
1392 1059 1540 1092 consules
1559 1065 1591 1093 et
1609 1059 1734 1094 iudices
1758 1061 1868 1114 siugu-

125 1051 310 1108 ιζξῗξὲὲξζζῐέω
325 1055 408 1098 prio,
434 1066 500 1089 non
524 1057 565 1089 ad
597 1057 743 1101 ipsorum
764 1065 1025 1093 conservatorum
1046 1065 1076 1094 et

275 1101 281 1110 ¹
324 1108 454 1152 prioriS,
476 1120 536 1143 nec
552 1112 722 1144 consulum
738 1117 793 1145 aut
806 1113 968 1146 artificum
979 1125 1074 1158 prae-
1115 1113 1222 1145 larum
1241 1113 1372 1154 artium,
1391 1119 1464 1147 ante
1483 1113 1644 1148 dictorum
1671 1119 1866 1163 statutorum

1114 1166 1368 1210 publicationem
1390 1172 1421 1201 et
1436 1167 1715 1202 confirmationem
1725 1179 1864 1213 pernos,

323 1162 484 1196 dictorum
504 1175 562 1197 seu
582 1165 719 1199 alieuius
736 1177 861 1207 eorum,
882 1168 931 1200 vel
949 1178 1008 1211 pro
1028 1169 1074 1202 eis

323 1222 379 1249 aut.
399 1227 512 1250 eorum
525 1218 634 1261 aliquo
651 1219 742 1252 nobis
763 1220 888 1254 oblatae
907 1221 1072 1265 petitionis
1113 1226 1150 1253 ut
1168 1221 1362 1264 praefertur,
1374 1220 1494 1254 editam
1514 1227 1544 1254 et
1563 1223 1816 1265 promulgatam,
1831 1228 1865 1257 et

320 1269 516 1311 instantiam,
546 1272 602 1305 sed
626 1283 663 1305 ex
682 1280 791 1306 nostra
821 1285 910 1307 mera
934 1281 966 1308 et
990 1276 1071 1308 deli·
1112 1273 1200 1306 iuxta
1228 1274 1385 1318 cuiusque
1422 1274 1568 1318 ipsorum
1592 1275 1772 1319 privilegia,
1810 1275 1863 1309 in-

318 1322 428 1356 berata
448 1325 614 1358 voluntate
633 1336 670 1358 ac
690 1327 730 1359 de
750 1328 946 1370 apostolicae
978 1334 1070 1372 pote·
1112 1327 1201 1360 dulta
1220 1332 1252 1361 et
1271 1328 1532 1369 consuetudines,
1555 1339 1760 1372 cognoscere,
1772 1329 1862 1363 deci-

318 1377 406 1410 statis
428 1379 640 1421 plenitudine,
663 1380 909 1414 haesitationem
929 1388 959 1415 et
979 1382 1071 1415 dubi·
1111 1381 1188 1414 dere
1198 1386 1230 1414 et
1247 1381 1392 1415 iudicare
1405 1387 1556 1426 poterant
1572 1387 1603 1416 et
1612 1388 1859 1426 consueverant,

318 1430 476 1464 tationem
495 1433 695 1476 praedictam
715 1434 755 1467 de
777 1435 883 1468 medio
903 1436 1065 1477 tollentes,
1111 1435 1150 1467 de
1169 1435 1266 1468 rebus
1298 1440 1407 1468 tamen
1430 1436 1471 1469 ad
1499 1435 1643 1479 singulas
1666 1441 1752 1471 artes
1773 1437 1860 1482 ipsas

317 1484 504 1518 intentionis
525 1492 553 1519 et
578 1487 750 1520 voluntatis
783 1494 910 1522 nostrae
935 1489 1069 1523 minime
1108 1489 1286 1532 respective
1306 1489 1537 1534 spectantibus,
1547 1500 1742 1533 cognoscere
1758 1496 1791 1525 et
1805 1490 1859 1526 iu-

316 1538 411 1572 suisse
432 1550 489 1573 nec
508 1551 576 1573 esse
600 1541 786 1585 privilegiis,
802 1542 946 1584 indultis,
968 1548 1069 1578 statu·
1108 1541 1216 1575 dicare
1240 1543 1274 1575 in
1302 1543 1409 1587 prima
1436 1543 1600 1585 instantia,
1627 1544 1804 1578 dummodo
1822 1544 1858 1578 in

1108 1595 1252 1629 articulis
1267 1596 1347 1630 iuris
1359 1597 1576 1630 consultorem
1591 1608 1649 1631 seu
1663 1608 1856 1633 assessorem

315 1591 353 1625 tis
371 1599 400 1625 et
422 1595 712 1628 consuetudinibus
732 1596 932 1639 singularum
947 1597 1067 1631 artium

313 1656 490 1690 earumque
511 1648 736 1691 collegiorum,
767 1651 937 1683 consulum
963 1657 994 1684 et
1015 1651 1065 1684 iu-
1107 1649 1292 1691 adhibeant,
1314 1650 1504 1684 auctoritate
1523 1656 1554 1684 et
1570 1657 1682 1685 tenore
1696 1651 1856 1696 praemis-

1105 1702 1148 1736 sis
1168 1704 1377 1737 concedimus
1396 1710 1428 1737 et
1446 1704 1666 1748 indulgemus.

312 1698 422 1732 dicum
432 1711 727 1746 quorumcumque,
748 1703 834 1737 circa
847 1703 1065 1746 cognitionem

1149 1757 1164 1800 g
1185 1757 1216 1791 6.
1237 1757 1441 1791 Declarantes
1464 1769 1483 1791 a
1501 1758 1679 1800 sententiis,
1707 1758 1853 1793 declara·
1867 1795 1892 1817 ab
2005 1793 2014 1801 ,

311 1757 343 1785 et
371 1752 568 1787 decisionem
605 1755 752 1789 omnium
790 1762 821 1790 et.
857 1757 1061 1801 singularum
1941 1801 1943 1805 ,

312 1817 496 1849 causarum,
509 1809 656 1842 derebus
675 1816 703 1843 et
725 1810 818 1843 bonis
838 1812 877 1844 ad
892 1818 977 1845 artes
997 1813 1064 1846 sin·
1105 1810 1247 1844 tionibus
1267 1816 1298 1844 et
1308 1811 1445 1844 decretis
1461 1813 1633 1845 consulum
1653 1817 1685 1846 et
1701 1811 1852 1847 iudicum
1867 1817 1955 1864 '9¹²3
2011 1810 2013 1812 ’

311 1861 403 1904 gulas
433 1863 608 1906 respective
633 1865 865 1908 spectantibus,
893 1865 989 1899 etiam
1013 1866 1063 1899 in·
1103 1865 1359 1908 praedictorum,
1385 1864 1469 1898 infra
1491 1865 1667 1899 terminum
1686 1870 1758 1900 octo
1783 1866 1854 1900 die·
1866 1860 1939 1905 ‘¹⁸¹2

311 1919 360 1947 ter
379 1920 409 1948 et
429 1921 540 1949 contra
563 1916 712 1950 homines
732 1918 787 1961 qui
813 1918 852 1951 de
877 1918 954 1963 ipsis
983 1919 1062 1952 arti·
1102 1929 1177 1951 rnm
1201 1929 1219 1952 a
1251 1919 1304 1952 die
1322 1919 1404 1952 latae
1423 1919 1602 1953 sententiae
1627 1930 1686 1953 seu
1699 1919 1775 1953 sacti
1794 1920 1852 1953 de-

309 1967 425 2001 ficibus
442 1975 473 2002 et
485 1970 629 2013 collegiis
642 1981 707 2004 non
728 1977 802 2004 sunt
821 1982 880 2005 nec
900 1983 959 2016 pro
979 1978 1061 2006 tem·
1103 1971 1194 2011 creti,
1217 1973 1258 2006 ad
1279 1978 1520 2007 conservatores
1538 1979 1570 2007 et
1589 1971 1741 2007 nonalios
1749 1983 1850 2018 quos-

308 2032 387 2065 pore
421 2029 517 2056 erunt
540 2024 732 2057 vertentium
762 2030 792 2058 et
826 2036 909 2070 quae
942 2027 1061 2060 suturis
1102 2036 1243 2070 cumque
1262 2025 1385 2060 iudices
1404 2027 1561 2071 appellari
1580 2026 1852 2071 etrecurriposse

308 2077 475 2120 perpetuis
495 2079 694 2122 temporibus
713 2080 794 2112 verti
818 2081 1006 2123 contigerit,
1026 2081 1060 2114 in
1101 2084 1132 2112 et
1177 2079 1320 2119 dehere3
1357 2085 1388 2112 et
1412 2079 1505 2113 aliter
1528 2090 1585 2113 seu
1616 2080 1655 2113 ab
1685 2079 1756 2113 aliis
1782 2080 1851 2113 fac-

309 2130 417 2173 aliquo
431 2131 588 2175 derogare
608 2139 664 2165 aut
683 2133 875 2176 derogatum
894 2134 991 2168 fuisse
1007 2135 1060 2168 de·
1101 2138 1150 2166 tae
1169 2133 1389 2175 inhibitiones,
1414 2138 1580 2179 praetextu
1595 2133 1850 2178 appellationum

309 2184 470 2217 claramus
503 2191 534 2219 et
571 2192 770 2227 attestamur,
802 2188 1008 2221 decernimus
1028 2194 1059 2222 et
1099 2193 1131 2220 et
1150 2197 1355 2228 recursuum,
1377 2187 1500 2221 nemini
1519 2187 1703 2230 suffragari.

308 2236 482 2272 definimus
502 2240 722 2282 praesentium
749 2251 807 2284 per
830 2247 989 2274 tenorem.
1142 2241 1157 2284 g
1183 2241 1212 2274 7.
1238 2241 1492 2285 Praesentesque
1515 2241 1641 2274 litteras
1659 2241 1699 2274 de
1709 2241 1848 2284 subrep-

1101 2294 1196 2327 tionis
1215 2300 1245 2327 et
1265 2294 1465 2339 obreptionis
1484 2294 1574 2335 vitio,
1593 2294 1775 2338 mentisque
1791 2299 1847 2328 aut

353 2291 367 2331 ξ
388 2290 418 2323 ἵ).
435 2292 704 2335 Etnihilominus,
720 2304 780 2337 pro
798 2294 915 2337 potiori
931 2304 1058 2328 eorum-

124 2357 295 2379 iuasiienoues-
309 2344 381 2376 dem
393 2355 567 2389 corporum
582 2354 612 2380 et
631 2348 844 2391 collegiorum
865 2349 1009 2382 omnium
1027 2355 1057 2383 et
1098 2348 1286 2382 intentionis
1295 2355 1424 2382 nostrae
1444 2348 1571 2382 defectu
1589 2348 1695 2382 notari
1715 2352 1771 2382 aut
1783 2347 1846 2381 im-

1097 2402 1235 2446 pugnari
1274 2403 1459 2436 nullatenus
1492 2413 1606 2447 posse;
1642 2401 1754 2446 sicque
1786 2411 1847 2446 per

113 2394 154 2415 ¹³⁰⁰
172 2390 294 2410 ⁰⁰‘¹¹‘¹¹‘¹⁰¹¹¹
308 2396 521 2440 singulorum,
542 2400 750 2445 ipsorumque
772 2407 802 2435 et
820 2402 990 2436 cuiuslibet.
1005 2414 1057 2436 eo-

1097 2467 1321 2501 quoscnmque
1345 2457 1480 2498 iudices,
1503 2456 1600 2489 etiam
1620 2455 1652 2489 S.
1673 2455 1712 2488 R.
1725 2455 1762 2488 E.
1777 2465 1847 2489 car-

111 2420 236 2446 reintegrai3

308 2460 381 2482 rum
401 2451 655 2495 privilegiorum,
678 2455 891 2496 indultorum,
920 2461 1055 2489 statuto-

308 2508 381 2531 rum
405 2505 436 2532 et
462 2503 752 2544 consuetudinum,
790 2505 876 2538 circa
898 2505 1055 2549 cognitio·
1097 2506 1233 2546 dinales,
1255 2506 1392 2539 iudicari
1417 2511 1448 2539 et
1466 2505 1595 2539 definiri
1614 2504 1752 2544 debere3
1769 2502 1844 2557 irri-

308 2557 382 2580 nem
407 2554 435 2581 et
466 2550 660 2585 decisionem
694 2564 864 2587 causarum
888 2555 1055 2594 similium,
1096 2559 1165 2587 tuin
1190 2566 1321 2599 quoque
1342 2560 1373 2588 et
1387 2555 1494 2596 inane,
1520 2554 1547 2588 si
1566 2564 1658 2587 secus
1677 2562 1776 2597 super
1791 2552 1845 2585 his

1096 2615 1114 2636 a
1133 2615 1309 2649 quoquam,
1330 2604 1452 2648 quavis·
1471 2603 1672 2644 auctoritate,
1703 2601 1844 2635 scienter

308 2597 478 2639 validitate,
500 2600 619 2639 denuo,
641 2608 798 2645 quatenus
818 2614 898 2647 opus
919 2604 971 2644 sit,
990 2604 1055 2648 pri·
1715 2650 1722 2656 ¹

309 2646 432 2690 vilegia,
453 2648 576 2682 indulta
597 2656 626 2683 et
651 2653 912 2695 consuetudines,
924 2659 1054 2698 aposto-
1096 2655 1144 2688 vel
1163 2654 1361 2699 ignoranter,
1383 2652 1556 2698 contigerit
1575 2656 1736 2687 attentari.
