2059 3228
143 247 195 280 An.
213 250 243 281 C.
259 253 325 283 ¹581

169 2029 319 2052 Archieontrn-

135 2062 255 2083 tenuitatem
265 2060 321 2082 Con-

134 2091 211 2112 tatonis
252 2092 320 2119 depu-

385 244 451 278 374

332 299 602 344 'redimendorum
627 303 827 348 captivorum
860 311 941 345 opus
960 301 992 333 in
1026 299 1088 332 alia

340 364 461 398 iamdiu
481 363 551 394 loca
577 365 625 393 est
658 356 823 396 diffusum,
855 355 936 388 illud
956 363 1087 399 quoque

339 421 372 454 in
391 419 474 452 alma
494 415 578 449 Urbe
603 418 712 446 nostra
732 410 926 444 constituere
947 407 1088 442 decrevi-

339 484 422 514 mus,
444 471 483 505 ad
508 468 595 514 quod
612 467 709 501 etiam
730 463 1011 509 ingemiscentium
1031 473 1085 495 ca-

337 530 498 574 ptivorum
509 529 649 558 matrum
664 521 869 563 aliorumque
886 518 1085 562 propinquo-

337 594 409 618 rum
429 578 577 615 lamentis
603 583 634 611 et
652 574 802 620 lacrymis
825 572 968 616 quotidie
989 581 1085 613 urge-

336 630 421 678 m'ur,
443 643 559 669 eorum
582 631 732 667 maxime,
754 627 810 671 qui
826 631 953 660 nostrae
974 630 1003 658 et
1019 624 1087 657 dic-

334 699 385 726 tae
393 689 483 725 Sedis
494 685 662 731 temporali
681 682 796 717 ditioni
811 680 958 719 subiecti,
978 685 1011 712 ut
1024 677 1083 722 ipsi

334 745 469 780 tutelam
484 742 641 787 primum,
663 744 694 772 et
718 737 752 770 in
773 735 854 769 mari
874 740 985 767 nostro
1006 733 1083 776 Tyr-

334 803 438 837 rheno
453 805 484 833 et
502 795 666 831 Adriatico
686 790 903 828 securitatem,
924 788 982 827 sic,
1013 791 1082 830 post

333 855 472 893 vincula,
482 850 706 886 liberationem
723 854 854 890 quoque
871 853 888 875 a
904 841 998 874 nobis
1014 840 1084 872 iure

334 919 392 944 suo
412 914 583 951 exposcere
603 902 766 934 videntur.
789 897 913 936 Quibus
933 893 1084 927 omuibus

332 963 424 997 valde
451 960 492 993 ad
511 959 573 992 hoc
593 966 674 1000 opus
694 950 867 990 sollicitati,
895 958 969 981 cum
994 946 1084 979 adiu-

333 1021 441 1052 menta
453 1013 546 1048 nobis
560 1011 599 1045 ad
618 1009 700 1042 illud
718 1005 972 1049 requireremus,
991 1000 1024 1033 in
1035 999 1084 1032 di—

332 1073 431 1107 lectos
451 1069 536 1103 filios
554 1064 705 1099 custodes
724 1066 753 1094 et
779 1058 957 1092 confratres
977 1053 1082 1088 arehi-

333 1119 602 1160 consraternitatis
642 1113 892 1160 gloriosissimae
942 1107 1083 1151 Virginis

332 1179 448 1215 Mariae
477 1172 661 1210 Cont‘alonis
690 1172 897 1210 nuncupatae
932 1164 971 1197 de
996 1162 1081 1196 dicta

331 1235 430 1271 Urbe,
470 1240 551 1274 quos
587 1226 663 1260 huie
697 1221 787 1266 operi
812 1218 1077 1264 praeficerenms,

331 1293 472 1323 mentem
483 1288 627 1318 nostram
644 1276 859 1313 intendimus,
882 1273 922 1305 de
937 1281 1079 1314 quorum

330 1341 447 1386 insigni
467 1336 659 1373 christianae
670 1329 797 1377 pietatis
817 1327 935 1361 affectu
955 1324 1079 1364 confisi,

957 247 1134 270 mmmmm}
1155 245 1304 270 ROMANUM

1105 300 1310 340 [infidelium
1338 299 1490 334 servitute
1508 299 1682 339 redimant,
1709 307 1810 342 eaque
1837 295 1878 331 de

1129 370 1236 398 causa,
1260 357 1293 389 in
1308 356 1397 389 omni
1407 355 1479 389 loco
1493 354 1596 387 dictae
1613 352 1726 386 ditioni
1735 356 1875 392 nostrae,

1106 414 1109 443 i
1127 419 1160 446 ut
1182 413 1374 456 praefertur,
1414 410 1574 450 subiecto,
1605 408 1824 450 eleemosynas
1846 409 1880 438 et

1104 476 1108 540 ἦ
1127 469 1234 503 oblata
1253 475 1479 511 quaecumque
1489 467 1646 508 quaerant
1655 468 1690 495 et
1700 459 1874 503 accipiant,

1127 524 1317 557 collectores
1346 520 1465 564 probos
1485 524 1514 551 et
1543 517 1583 550 ad
1616 514 1783 550 charitatis
1805 511 1877 546 offi-

1105 590 1107 622 ]
1126 580 1213 613 cium
1238 575 1456 611 exercendum
1479 581 1658 616 propensos
1677 580 1713 602 ac
1739 567 1817 601 alias
1835 565 1875 600 ad

1104 628 1107 664 't
1126 635 1158 667 id
1195 633 1234 666 ab
1273 627 1445 664 ordinariis
1481 627 1630 660 locorum
1666 621 1873 668 approbatos,

1104 705 1107 708 ·
1125 691 1285 732 quotquot
1298 681 1472 718 necessarii
1486 680 1618 719 ruerint,
1633 682 1755 712 servata
1771 676 1874 709 forma

1103 728 1106 784 i
1126 741 1255 777 concilii
1274 730 1767 776 Tridentini,constituant3qui
1787 729 1874 763 elee-

1103 787 1105 816 ἔ
1126 806 1287 841 mosynas,
1309 792 1501 829 oblationes,
1521 789 1627 830 legata
1645 790 1676 819 et
1695 793 1874 828 quaecum·
1922 822 1928 827 ¹

1102 867 1104 880 ι
1123 862 1187 896 que
1203 850 1265 883 alia
1279 845 1434 886 subsidia,
1456 849 1521 877 tam
1536 841 1572 878 in
1581 841 1667 875 dicta
1676 839 1764 873 Urbe
1775 847 1874 882 quam

1123 906 1157 939 in
1177 902 1342 948 quibusvis
1375 896 1562 944 provinciis,
1585 893 1778 934 civitatibus,
1814 901 1873 936 op-

1122 959 1218 1004 pidis,
1240 955 1352 990 castris
1361 952 1479 987 etlocis
1495 950 1556 995 ipsi
1571 947 1697 989 ditioni,
1710 952 1747 981 ut
1761 955 1870 990 supra,

1123 1012 1286 1052 subiectis,
1312 1019 1372 1054 pro
1390 1004 1579 1041 huiusmodi
1598 1000 1822 1046 redemptione
1840 1003 1873 1032 et

1123 1068 1227 1102 causis
1247 1066 1286 1099 ad
1301 1074 1373 1098 eam
1392 1058 1640 1107 pertinentibus,
1667 1053 1869 1100 perquirant,

1100 1140 1103 1169 ς
1121 1121 1340 1167 pecuniasque
1361 1117 1436 1151 inde
1456 1112 1677 1158 congerendas
1697 1119 1797 1154 penes
1811 1119 1871 1152 pu-

1120 1177 1243 1210 blicum
1274 1178 1486 1207 mercatorem
1507 1168 1570 1200 {ide
1603 1171 1634 1199 et
1661 1161 1869 1198 facultatibus

1100 1249 1102 1258 r
1120 1231 1273 1264 idoneum
1293 1229 1468 1272 deponant,
1489 1223 1593 1256 donec
1603 1220 1677 1253 illae
1693 1217 1728 1251 in
1737 1216 1866 1251 redem-

1097 1274 1102 1331 Ξ
1120 1286 1262 1330 ptionem
1284 1281 1485 1326 captivorum
1512 1272 1712 1313 huiusmodi,
1732 1269 1866 1305 arbitrio

1119 1340 1266 1383 ipsorum
1286 1333 1457 1370 custodum
1477 1336 1507 1365 et
1525 1328 1738 1368 confratrum,
1755 1335 1867 1368 eroga-

330 1398 385 1441 qUi
404 1395 507 1434 mhis‘
526 1401 598 1426 cum
620 1388 660 1422 Oh
691 1382 890 1430 praest-“3¹³³
922 1379 955 1412 in
975 1378 1079 1412 eccm*
1097 1385 1101 1427 't
1118 1399 1243 1426 rentur:
1266 1391 1310 1424 ita
1324 1395 1432 1422 tamen
1442 1391 1478 1419 ut
1496 1385 1536 1418 de
1555 1382 1626 1416 aliis
1640 1379 1743 1426 ipsius
1761 1378 1867 1412 archi-

330 1452 452 1512 siarum
475 1435 821 1505 arqhioenfmoenmass
836 1432 1020 1504 praee-ieme
1040 1442 1078 1463 u‘
1097 1431 1101 1444 ι
1120 1442 1392 1482 confraternitatis
1420 1437 1602 1474 redditibus
1621 1435 1661 1468 ad
1694 1433 1776 1467 alios
1792 1432 1865 1477 pios

330 1512 472 1539 mmmm
500 1501 606 1559 ‘iu-¹¹¹9
636 1494 725 1565 {unu
745 1497 776 1524 et
808 1485 1028 1558 conf-enando
1049 1490 1079 1517 et
1119 1511 1206 1540 usus,
1227 1499 1314 1532 iuxta
1333 1495 1421 1529 illius
1446 1490 1624 1526 laudabilia
1645 1487 1792 1522 instituta
1809 1485 1865 1519 de-

330 1556 490 1601 auge'ndo'
510 1552 724 1596 ¹n09¹bu³que
745 1543 893 1578 domm*
913 1546 944 1573 et
966 1540 1078 1572 locan'
1119 1554 1255 1594 stinatis,
1275 1550 1356 1584 nihil
1375 1547 1508 1583 omnino
1529 1543 1730 1578 detrabatur.

331 1614 379 1647 dis
411 1609 540 1656 puellis,
561 1613 688 1640 necnon
712 1597 911 1645 pauperibus
943 1592 1078 1636 aliisque

329 1666 424 1701 variis
452 1663 580 1698 casibus
598 1655 735 1695 afflictis,
772 1650 889 1685 multos
913 1656 1015 1680 annos
1046 1645 1078 1677 in

329 1722 416 1756 Urbe
434 1726 577 1763 operam,
594 1720 663 1746 tun]
683 1709 778 1743 etiam
804 1703 912 1738 dilecti
935 1700 995 1734 filii
1018 1709 1078 1732 no·
1097 1711 1100 1766 ί

1163 1609 1177 1651 ξ
1197 1607 1228 1641 3,
1242 1607 1353 1650 Itaque
1369 1600 1518 1636 custodes
1526 1604 1558 1633 et
1576 1596 1754 1631 confratres
1771 1604 1864 1639 prae·
1875 1620 1894 1642 st

1119 1714 1344 1750 christifideles
1374 1721 1432 1757 per
1471 1703 1704 1750 redemptionis
1735 1707 1864 1736 nostrae

330 1775 388 1810 stri
408 1773 482 1807 Iulii
501 1772 630 1840 Assf⁰¹lff¹
649 1766 680 1800 S·
704 1760 944 1822 Bf¹¹'[l{⁰¹-0mae¹
961 1754 1077 1826 '¹⁰:1¹¹‘
1096 1767 1100 1816 l
1119 1775 1356 1805 sacramentum
1376 1764 1466 1800 omni
1485 1760 1592 1796 cordis
1621 1757 1738 1792 affectu
1774 1754 1865 1789 obte-

330 1831 400 1864 SUla
433 1826 611 1872 Psssssbl'ten
649 1816 821 1854 casdfflahs
850 1812 881 1846 S·
909 1811 1079 1844 se‘fflmae
1119 1831 1251 1864 stamur,
1272 1828 1306 1856 ut
1325 1821 1402 1855 Eius
1427 1815 1580 1852 membris
1598 1810 1820 1846 laborantibus
1834 1813 1866 1842 et

331 1880 509 1927 nuncupati
539 1874 736 1912 testimonio,
757 1868 850 1904 nobis
879 1864 954 1900 satis
983 1862 1078 1895 inuo-

331 1938 436 1973 tescit.

377 1993 392 2036 g
411 1991 443 2024 2.
465 1989 552 2023 Motu
570 1985 669 2029 igitur
705 1976 838 2025 proprio
863 1979 895 2008 et
918 1983 955 2006 ex
993 1974 1081 2004 certa

333 2045 469 2081 scientia
487 2050 614 2076 necnon
635 2041 760 2071 matura
779 2026 1011 2066 deliberatione
1024 2034 1081 2056 no-

333 2108 410 2141 stra,
432 2100 537 2143 deque
569 2090 764 2139 apostolicae
787 2081 951 2130 potestatis
976 2071 1102 2123 pleni-¹

333 2156 456 2196 tudine,
476 2162 560 2187 onus
581 2151 644 2183 hoc
675 2144 872 2179 universum,
899 2134 987 2180 quod
1012 2142 1080 2165 ma-

334 2220 434 2254 gnum
458 2219 526 2242 esse
546 2201 768 2247 intelligimus,
790 2203 887 2230 curae
911 2196 942 2224 et
961 2185 1081 2221 soltici-

334 2268 441 2303 tudini
460 2250 825 2299 archiconl'ratcrnitatis
843 2244 1025 2293 praedictae
1050 2240 1082 2272 in

336 2327 531 2368 perpetuum
551 2312 762 2359 imponimus,
790 2305 831 2339 ad
853 2303 916 2335 hoc
946 2302 982 2331 ut
1015 2296 1084 2340 ipsa

337 2368 685 2410 archieonl‘raternitas,
710 2362 863 2403 illiusque
880 2352 1029 2389 custodes
1053 2355 1084 2382 ct

339 2428 515 2464 confratres
534 2433 592 2468 pro
617 2427 761 2462 tempore
785 2413 966 2448 existentes,
985 2414 1082 2449 quos-

339 2492 487 2524 cumque.
513 2474 737 2512 christifideles
772 2469 877 2502 dictae
912 2459 1007 2496 Urbis
1048 2467 1085 2490 ae

339 2529 591 2576 provinciarum,
615 2524 791 2558 civitatum,
808 2521 970 2550 terrarum
989 2514 1020 2542 et
1039 2507 1086 2559 lof

340 2590 453 2613 corum
478 2586 605 2611 nostrae
625 2580 654 2606 et
676 2573 779 2605 dictae
799 2565 890 2599 Sedis
914 2555 1085 2603 temporali

340 2627 453 2663 ditioni
484 2625 619 2659 mediate
649 2627 679 2655 et
712 2615 897 2653 immediate
922 2607 1086 2644 subiecto-

342 2689 426 2717 rum,
458 2675 652 2717 ubicumquc
677 2675 798 2713 captos,
821 2659 1030 2706 conquirant,
1050 2664 1087 2687 ex

1120 1877 1284 1924 oppressis
1303 1873 1445 1919 compati
1458 1881 1524 1904 non
1538 1867 1715 1912 negligant,
1735 1863 1792 1909 qui
1805 1872 1865 1907 pro

1120 1933 1273 1968 omnibus
1292 1929 1358 1974 pati
1372 1929 1439 1972 ipse
1463 1925 1612 1968 dignatus
1631 1925 1695 1960 est;
1716 1917 1866 1953 custodes

1121 1986 1278 2030 siquidem
1307 1990 1338 2017 et
1361 1981 1550 2018 confratres,
1571 1981 1608 2009 ut
1634 1983 1709 2008 cum
1737 1977 1866 2006 nostrae

1120 2037 1355 2074 benedictionis
1381 2034 1483 2079 gratia
1508 2026 1740 2074 redemptionis
1764 2024 1866 2069 capti-

1121 2103 1236 2128 vorum
1247 2100 1378 2125 causam
1392 2091 1542 2133 prompto
1563 2083 1670 2117 animo
1681 2079 1866 2124 suscipiant,

1123 2157 1222 2190 seque
1238 2145 1279 2179 ad
1295 2144 1431 2178 salutem
1447 2140 1629 2174 animarum
1641 2137 1675 2169 in
1686 2133 1866 2168 infidelium

1123 2205 1278 2246 potestate
1309 2194 1563 2242 periclitantium
1590 2192 1748 2225 ferventer
1777 2197 1868 2221 exer-

1125 2260 1228 2295 ceant,
1251 2265 1288 2287 ac
1306 2259 1372 2285 tam
1383 2249 1444 2295 ipsi
1459 2258 1557 2292 quam
1573 2245 1626 2279 alii
1645 2241 1870 2278 christifideles

1125 2307 1268 2343 nascenti
1298 2306 1376 2339 huic
1413 2303 1503 2348 operi
1538 2310 1665 2345 semper
1687 2302 1718 2331 et
1747 2295 1870 2339 ubique

1125 2365 1249 2397 faveant
1279 2360 1405 2405 piisque
1429 2356 1652 2402 largitionibus
1671 2360 1870 2398 prosequan-

1126 2423 1190 2457 tur,
1213 2415 1401 2458 eentuplum
1426 2413 1460 2445 in
1488 2409 1627 2444 aeternis
1646 2407 1728 2442 coeli
1761 2405 1869 2440 taber-

1126 2469 1250 2503 naculis
1270 2468 1406 2501 feliciter
1424 2464 1598 2510 recepturi.
1829 2461 1845 2480 ⁹

1169 2517 1236 2562 {4-
1258 2517 1393 2560 Insuper
1421 2513 1579 2548 universis
1598 2517 1629 2545 et
1658 2508 1791 2554 singulis
1817 2518 1869 2541 ar·
1884 2524 1921 2546 atti
1964 2499 1965 2505 ¹

1128 2566 1355 2611 cliiepiscopis,
1381 2563 1540 2609 episcopis
1574 2567 1605 2595 et
1628 2560 1699 2594 aliis
1717 2557 1870 2592 ecclesia·
1885 2560 1926 2577 '³⁰¹¹
1966 2551 2009 2590 120

1128 2627 1201 2650 rum
1230 2615 1393 2661 praelatis,
1423 2623 1550 2648 necnon
1576 2608 1756 2644 rectoribus
1775 2616 1872 2652 paro-

1131 2665 1283 2700 chialium
1303 2670 1333 2698 et
1353 2664 1488 2698 aliarum
1504 2660 1724 2698 ecclesiarum,
1743 2665 1873 2691 eorum-

1895 1624 1953 1643 atm
1974 1612 1982 1640 ,”
1998 1631 2000 1633 ·

1097 1663 1222 1696 *dictos
1254 1667 1382 1693 necnon
1416 1664 1529 1689 omnes
1564 1650 1734 1694 utriusque
1770 1657 1864 1681 sexus
1875 1651 2011 1705 αξξ-νῆ
