2059 3228
78 182 89 205 ²
114 199 142 230 c.
161 202 228 230 ¹58ss

221 249 429 297 ‘sessionenn
447 268 504 301 per
525 268 557 291 se
576 258 623 290 rel
636 257 733 290 alium
750 268 807 290 seu
822 257 913 297 alios,
932 270 989 291 no-

242 309 327 343 mine
342 309 417 343 dieti
430 311 554 353 collegii
574 311 686 344 Montis
706 310 779 349 Atti,
793 311 923 355 propria
935 323 991 343 au-

241 363 402 403 ctoritate,
425 363 519 396 etiam
542 364 660 406 absque
680 363 816 397 alieuius
840 366 990 397 mandato

239 416 287 449 vel
308 416 437 449 decreto
455 428 491 449 ac
511 417 603 460 spolii
626 418 989 457 etattentatoruinvitio,

240 468 340 502 libere
360 470 604 513 apprehendere
620 476 649 503 et
666 475 824 514 perpetuo
834 471 987 510 retinere,

239 533 340 566 eaque
357 533 467 565 regere
488 529 518 556 et
538 523 774 564 administrare,
798 534 834 557 ae
854 524 988 564 fructus,

238 576 319 616 iura,
348 577 554 610 obventiones
570 582 600 610 et
620 578 836 610 emolumenta
858 588 987 610 eorum-

238 629 310 662 dem
343 629 373 662 in
402 640 590 663 communes
613 630 688 663 dicti
721 631 846 672 collegii
875 630 988 663 Montis

235 683 299 716 Atti
320 693 409 723 usus,
432 683 603 716 utilitatem
624 689 654 715 et
679 684 884 716 necessitates
910 694 987 716 eon-

236 741 371 775 vertere,
393 746 518 769 necnon
537 736 643 769 Sancti
660 736 822 769 Michaelis
842 747 897 769 seu
916 747 986 769 nio-

235 789 365 822 nasterii
379 794 434 821 aut
447 789 609 833 prioratus
627 789 810 822 huiusmodi
828 789 984 829 ecelesiis,

237 843 440 886 presbyteros
464 842 598 875 idoneos
618 843 656 875 ad
682 848 796 875 nutuin
823 853 882 886 pro
907 848 986 874 tem-

236 906 314 940 pore
339 895 504 929 existentis
520 896 655 929 rectoris
667 896 741 928 dicti
760 896 886 939 collegii
901 896 985 928 Mon-

236 949 274 982 tis
294 949 357 982 Alti
379 950 425 982 vel
446 949 524 982 alias
545 950 631 983 iuxta
652 954 768 982 statuta
788 950 930 993 desuper
952 960 985 982 e-

233 1003 340 1045 denda
364 1002 531 1046 ponendos
551 1008 582 1035 et
601 1003 806 1043 amovendos,
830 1009 859 1035 et
880 1004 919 1035 ab
935 1013 987 1035 or-

233 1055 359 1089 dinario
386 1056 448 1089 loci
472 1057 712 1100 approbandos,
735 1057 767 1089 in
788 1056 903 1089 divinis
927 1056 984 1089 de-

233 1109 345 1142 serviri
367 1109 484 1149 sacere,
505 1110 685 1142 dioecesani
699 1110 761 1142 loci
783 1110 831 1142 vel
849 1109 988 1142 cuiusvis

231 1162 364 1196 alterius
383 1162 511 1195 lieentia
520 1162 658 1207 desuper
672 1163 802 1196 mininie
816 1162 969 1206 requisita
979 1186 986 1200 ‚

233 1223 274 1250 ac'
290 1217 322 1250 in
350 1217 549 1250 monasterio
576 1223 606 1250 et
637 1217 782 1261 prioratu
813 1217 986 1260 praedietis

189 1307 193 1312 ,
233 1270 363 1304 Ordinis
399 1270 586 1303 huiusmodi
623 1281 819 1314 omnemque
855 1270 985 1303 illorum

234 1330 364 1365 statum,
382 1324 552 1358 essentiam
574 1330 604 1357 et
621 1324 868 1368 dependentiam
889 1334 985 1367 regu·

235 1379 318 1412 lares
335 1378 457 1422 pariter
468 1383 627 1422 perpetuo
640 1377 874 1422 supprimimus
894 1382 924 1411 et
935 1389 987 1411 ex-

236 1431 424 1475 tinguimus.

279 1485 497 1530 §4.Praeterea
507 1485 679 1529 collegium
690 1485 802 1518 Montis
812 1484 871 1518 Alti
880 1484 988 1517 huius-

56 1537 222 1582 'numflfiuaf
235 1539 324 1573 modi
344 1539 495 1583 illiusque
514 1550 572 1583 pro
591 1546 736 1583 tempore
752 1539 923 1572 existentes
938 1549 987 1571 re-

51 1577 222 1634 ‘2331'
236 1592 986 1634 ctorem‚seholares‚oecoiiomos,offieiales,mi-

104 1641 144 1660 ”e'
153 1643 222 1660 ⁶¹⁰¹*
236 1647 367 1687 nistros,
377 1657 504 1680 necnon
512 1647 654 1680 eiusdem
667 1646 794 1689 collegii
803 1646 915 1679 Montis
924 1646 986 1679 Atti

52 1688 54 1690 ,
77 1678 91 1688 ii
121 1669 221 1695 declarat,

87 1701 114 1729 ,νῦ
123 1700 183 1723 suns
192 1701 223 1722 Α·
236 1700 322 1733 bona
332 1700 460 1733 mobilia
473 1706 501 1734 et
513 1701 702 1740 immobilia,
714 1701 931 1744 praesentiaet
941 1701 986 1733 su-

52 1731 223 1787 ῗιιιῗοιῖἐῗ
238 1759 319 1795 tura,
327 1754 562 1797 cuiuscumque
577 1754 742 1797 qualitatis
758 1758 788 1786 et
799 1754 986 1798 quantitatis

65 1798 86 1813 '³
236 1807 414 1847 existentia,
437 1813 468 1840 et
492 1808 629 1840 ubilibet
649 1808 867 1848 consistentia,
891 1808 930 1840 ab
950 1818 986 1840 0-

238 1861 303 1894 mni
324 1861 559 1901 iurisdictione,
582 1861 738 1901 dominio,
760 1861 986 1905 superioritate

236 1920 266 1948 et
282 1920 436 1958 potestate
453 1925 511 1958 pro
532 1920 677 1958 tempore
699 1914 864 1948 existentis
885 1914 986 1948 nostri

235 1975 268 2002 et
283 1968 597 2011 Sedis-Apostolieae
620 1968 648 1999 in
671 1968 753 2001 dieta
774 1968 899 2001 civitate
925 1969 985 2001 Bo-

236 2021 385 2055 noniensi
400 2022 496 2064 legati
514 2022 552 2054 de
566 2023 675 2059 latere,
699 2028 730 2053 et
749 2022 985 2065 archiepiscopi

235 2074 456 2114 Bononiensis,
478 2084 605 2107 necnon
626 2075 865 2117 gubernatoris,
893 2075 985 2107 audi·

237 2128 313 2161 toris
337 2128 487 2168 Turroni,
510 2127 731 2167 amianarum,
759 2127 925 2160 vexilliferi
957 2134 987 2160 et

236 2180 401 2225 potestatis
422 2181 525 2213 dietae
546 2180 680 2213 civitatis
705 2181 926 2220 Bononiensis,
950 2192 985 2214 ac

237 2233 371 2268 rectoriS
398 2233 616 2267 Universitatis
641 2233 744 2266 Studii
769 2234 927 2277 generalis
952 2245 985 2267 c-

236 2287 372 2326 iusdem,
398 2286 601 2330 aliorumque
618 2286 810 2329 legatorum,
828 2287 986 2330 arehiepi-

236 2350 422 2383 scoporum,
439 2339 677 2382 episcoporum,
695 2340 841 2373 locorum
855 2340 984 2372 ordina-

238 2389 374 2428 riorum,
397 2389 652 2430 gubernatorum
674 2395 703 2421 et
719 2395 986 2432 potestatuin,eo·

238 2447 375 2480 rumque
383 2437 644 2478 vicelegatorum,
658 2437 923 2477 locatenentium,
936 2438 984 2470 ot'-

239 2485 404 2525 ticialium,
433 2485 574 2518 iudicum
602 2491 628 2517 et
652 2495 934 2528 quarumcumque
955 2496 986 2518 a-

900 206 1002 228 SlY'l‘l'S'
1026 207 1044 229 V
1070 207 1114 229 ΙΨ.

1672 194 1735 227 77ῑῖ
1795 198 1846 226 An.
1865 199 1891 225 c.
1913 200 1978 226 13⁸0

1034 264 1097 290 tam
1128 259 1343 293 ecclesiastiea
1364 271 1458 304 quani
1482 259 1657 297 mundana,
1684 257 1780 289 etiam

1034 310 1250 344 cardinalatus
1272 314 1392 345 honore
1415 312 1632 352 fulgentium,
1655 320 1781 343 necnon

1033 364 1205 407 collegium
1223 365 1326 408 ipsum
1343 367 1452 399 Montis
1472 366 1529 398 Atii
1547 366 1576 397 in
1595 364 1735 409 propriis
1750 375 1782 395 c-

1033 416 1083 448 ius
1098 416 1190 449 bonis
1210 423 1240 449 et
1256 419 1366 457 rebus,
1384 430 1420 451 ac
1441 419 1526 451 illiti<
1540 418 1662 450 ratione
1676 421 1781 449 rei-to-

1032 480 1111 510 rem,
1140 470 1314 510 scholares,
1341 483 1545 511 oeconomos,
1569 470 1723 503 ot'ticialcs
1744 480 1781 502 ac

1032 522 1195 556 ministros
1211 524 1352 565 aliasque
1370 535 1521 567 personas
1534 525 1564 557 in
1579 535 1615 556 eo
1630 523 1780 565 degi-ntes

1031 582 1059 608 et
1093 586 1165 609 cum
1193 577 1238 609 eis
1268 578 1494 609 contrahentes
1520 590 1536 609 a
1566 576 1724 610 solutione
1750 581 1781 609 et

1031 629 1197 662 exactione
1236 640 1516 673 quorumcumque
1556 629 1776 673 pedagiorum,

1031 681 1205 722 datiorum,
1236 683 1450 725 vectigalium,
1474 683 1690 723 angariarum,
1713 682 1765 715 hol

1030 735 1229 776 lettinorum,
1246 736 1443 769 decimarum
1456 741 1485 769 et
1497 746 1779 779 quoruuirumque

1030 788 1167 821 aliorum
1185 799 1321 822 onerum
1344 789 1582 822 ordinariorum
1599 793 1780 822 etextraor-

1029 841 1230 874 dinariorum
1258 848 1320 875 tam
1348 842 1378 874 in
1408 842 1600 875 Bononiensi
1625 853 1719 883 quani
1743 853 1778 874 a-

1029 894 1080 927 liis
1100 895 1281 928 civitatibus
1298 901 1328 928 et
1344 895 1555 935 dioecesibus,
1569 906 1692 928 necnon
1705 895 1777 927 uni-

1029 958 1120 981 verso
1141 948 1230 982 Statu
1251 949 1472 982 Ecclesiastico
1494 954 1523 981 et
1542 949 1620 981 alias
1632 948 1777 987 ubilibet,

1029 1001 1139 1045 quavis
1159 1002 1327 1035 occasione
1346 1003 1394 1035 vel
1416 1014 1522 1042 causa,
1545 1002 1639 1034 etiam
1661 1002 1699 1034 de
1720 1013 1776 1033 ne-

1029 1055 1175 1087 cessitate
1208 1055 1428 1099 exprimenda,
1458 1056 1611 1088 hactenus
1644 1057 1777 1097 quomo-

1029 1107 1148 1141 dolibet
1178 1109 1404 1152 impositorum
1439 1115 1470 1141 et
1497 1108 1776 1152 imponendorum,

1029 1161 1124 1194 etiam
1155 1163 1280 1195 ratione
1301 1162 1457 1203 carnium,
1483 1162 1559 1202 vini,
1587 1172 1774 1205 granorum,

1029 1214 1098 1255 lini,
1120 1215 1224 1254 lanae,
1246 1215 1352 1256 seriei,
1376 1215 1719 1255 libroruin,cartarum
1746 1220 1776 1247 et

1029 1278 1311 1312 quarumcumque
1330 1269 1465 1301 aliarum
1488 1279 1596 1301 rerum
1615 1268 1652 1300 ad
1665 1268 1777 1301 huma-

1028 1332 1105 1355 num
1122 1334 1214 1356 usum
1228 1323 1481 1356 necessariarum
1492 1327 1602 1355 extoto
1616 1322 1705 1355 Statu
1718 1322 1776 1354 Ec-

1028 1375 1208 1409 clesiastico
1238 1383 1270 1409 et
1296 1376 1461 1420 quibusvis
1488 1376 1558 1409 aliis
1590 1375 1669 1408 locis
1690 1381 1775 1408 extra

1028 1429 1148 1462 dictum
1169 1430 1293 1463 Statum
1315 1429 1574 1470 consistentibus,
1597 1429 1634 1461 ad
1656 1428 1775 1461 dictum

1028 1482 1198 1526 collegium
1220 1483 1335 1516 Montis
1364 1483 1436 1523 Atti,
1472 1488 1536 1515 tam
1571 1492 1628 1525 per
1658 1487 1775 1514 terram

1028 1546 1124 1578 quam
1145 1547 1203 1580 per
1223 1548 1310 1569 mare
1342 1543 1372 1569 et
1400 1547 1518 1579 aquam
1544 1535 1670 1568 dulcem
1693 1540 1720 1567 et
1745 1545 1776 1567 a-

1028 1590 1086 1623 lias
1097 1590 1341 1634 quomodolibet
1363 1589 1661 1628 conducendorum,
1671 1599 1706 1621 ai:
1718 1598 1776 1632 pro

1029 1643 1096 1687 ipso
1117 1643 1253 1686 collegio
1281 1643 1395 1676 Montis
1418 1643 1479 1675 Alti
1511 1643 1543 1674 in
1572 1641 1776 1685 quantumvis

1028 1707 1143 1739 magna
1163 1697 1341 1740 quantitate
1359 1696 1589 1735 emendornm;
1612 1706 1737 1728 necnon
1758 1706 1775 1727 a

1028 1751 1265 1784 contributione
1283 1760 1566 1794 quorumcumque
1579 1749 1729 1788 aliorum,
1745 1760 1776 1778 e.-

1029 1804 1104 1837 tiam
1125 1804 1213 1837 iuxta
1224 1805 1353 1837 decreta
1364 1803 1492 1836 concilii
1508 1802 1683 1835 Tridentini
1704 1801 1775 1833 uhi-

1027 1857 1104 1891 libet
1130 1858 1351 1891 institutorum
1373 1863 1403 1890 et
1422 1856 1691 1890 instituendorum
1713 1855 1777 1887 col-

1028 1911 1198 1954 legiorum,
1221 1912 1318 1944 etiam
1336 1910 1583 1943 seminariorum
1597 1918 1775 1952 puerorum

1028 1965 1318 1998 ecelesiasticorum
1358 1970 1388 1998 et
1425 1964 1502 1996 alias
1531 1962 1777 2006 quomodolibet

1028 2025 1291 2062 nuncupatorum
1316 2019 1361 2051 vel
1384 2017 1656 2060 qualitieatorum,
1686 2015 1776 2047 simi-

1029 2074 1102 2105 liter
1132 2081 1287 2117 perpetuo
1318 2072 1487 2104 eximimus
1520 2076 1549 2103 et
1585 2070 1774 2110 liberamus,

1028 2137 1063 2159 ae
1089 2126 1147 2159 sub
1168 2126 1251 2158 beati
1274 2125 1355 2157 Petri
1382 2130 1412 2157 et
1441 2124 1544 2156 dietae
1564 2122 1656 2155 Sedis
1680 2127 1764 2165 atqui

1027 2186 1138 2212 nostra
1176 2178 1374 2223 protectione
1419 2176 1630 2219 suscipimus,
1668 2175 1761 2208 nobis

1027 2244 1089 2276 que
1120 2239 1147 2265 ct
1179 2232 1281 2264 eidem
1317 2231 1389 2263 Sedi
1427 2229 1611 2262 immediate
1645 2228 1777 2262 subiici-

1029 2297 1110 2318 inus.

1072 2340 1086 2381 ς’
1111 2340 1141 2372 5.
1170 2338 1247 2382 ipsis
1270 2347 1398 2381 quoque
1424 2335 1561 2378 collegio
1577 2335 1691 2368 Montis
1712 2335 1774 2369 Alti
1807 2341 1975 2378 Eideinaiiofflpi

1029 2387 1159 2426 rectori,
1183 2386 1393 2425 scholaribus,
1410 2384 1606 2423 oeconomis,
1628 2383 1774 2416 officiali-
1789 2374 1975 2432 ξζζῇζῗῐᾚζῃῇηξζ

1028 2437 1099 2474 bus,
1123 2435 1276 2467 ministris
1297 2440 1326 2466 et
1350 2433 1509 2477 personiS,
1531 2438 1567 2465 ut
1582 2431 1775 2465 omnihuset
1790 2436 1975 2456 v⁰··*⁵¹⁴¹1³>¹³⁰¹¹⁰-

1789 2468 1869 2487 niensis
1886 2467 1975 2492 piivile-

1029 2485 1160 2523 singulis
1186 2483 1369 2526 privilegiis,
1390 2481 1657 2525 exemptionibus,
1680 2480 1776 2514 liber·
1790 2499 1821 2523 ga
1837 2497 1948 2519 simei-diu

239 2534 355 2566 liarum
387 2544 598 2578 personarum
630 2533 764 2566 ubilibet
798 2534 986 2566 constituta-
1030 2533 1156 2571 tatibus,
1181 2533 1397 2570 facultatibus,
1424 2530 1568 2570 indultis,
1598 2531 1775 2573 ceterisque

239 2593 323 2624 rum,
350 2594 386 2615 ac
414 2582 526 2627 quavis
547 2582 736 2616 auctoritate
764 2589 791 2615 et
818 2582 982 2625 dignitate,
1027 2581 1148 2620 eruitis,
1172 2580 1287 2625 quihus
1322 2580 1513 2614 universitas
1546 2579 1647 2612 Studii
1680 2590 1775 2624 genc-
