2059 3228
121 262 174 290 An,
191 263 217 290 c:¹
237 263 304 292 1586
364 255 427 285 (3238
912 261 1092 286 mmmmm
1112 261 1262 285 nonaxon

361 315 375 357 g*
400 314 431 346 22.
461 313 564 353 Quare
601 324 659 347 nos
701 324 846 357 quoque,
879 314 1067 347 eorumdem
1109 318 1160 344 tus
1176 312 1234 346 ulli
1245 317 1316 346 voto
1336 319 1390 346 aut
1411 315 1628 357 promissioni,
1651 317 1747 350 etiam
1768 316 1856 350 iura-

147 372 184 394 nte
206 373 300 410 roqiifex
318 367 602 410 praedecessorum
624 367 769 410 exempla
790 367 902 407 secuti,
924 373 992 400 toto
1012 378 1068 400 ne·
1110 371 1218 399 mento
1234 365 1333 400 aliave
1349 368 1552 400 solemnitate
1576 370 1745 410 roboratis,
1771 370 1854 403 obli-

119 404 174 425 ’Μ’
188 406 292 432 protum
315 420 401 461 gotio
431 431 504 452 cum
531 420 727 463 quibusdam
757 431 793 453 cx
829 421 1066 454 venerabilibus
1107 429 1182 461 gare
1203 430 1307 462 posse.

314 473 465 505 fratribus
494 473 611 506 nostris
640 474 668 505 S.
702 474 739 507 R.
776 474 810 507 E.
848 474 1065 507 cardinalibus
1152 473 1166 515 ξ
1190 473 1222 505 4.
1250 474 1502 517 Praesentesque
1528 474 1650 508 litteras
1679 475 1718 509 de
1741 476 1855 510 subre-

313 526 551 559 commnnicato
577 538 613 560 ac
642 527 814 570 diligenter
839 528 1062 568 considerato,
1107 526 1226 569 ptionis
1237 528 1285 560 vel
1297 528 1591 571 obreptionisvitio,
1605 533 1659 562 aut
1670 529 1856 563 intentionis

311 580 492 613 litterarum
523 580 711 614 huiusmodi
734 586 860 615 tonores
884 581 1063 625 praesenti·
1106 585 1234 613 nostrae
1253 581 1303 614 vel
1322 582 1434 624 quovis
1454 581 1517 614 alio
1538 582 1663 615 defectu
1675 582 1780 616 notari
1798 593 1856 617 seu
1902 605 1906 608 -

310 632 371 665 bus
391 642 449 676 pro
470 633 627 677 expressis
643 634 809 673 habentes,
822 634 860 667 de
872 635 1060 667 eorumdem
1106 633 1305 676 impugnari,
1317 639 1373 667 aut
1387 634 1446 668 sub
1461 641 1625 679 praetextu
1638 635 1727 679 quod
1743 641 1856 669 contra

310 686 523 719 cardinalium
546 687 693 728 consilio,
717 687 812 720 etiam
833 688 872 721 de
892 698 985 729 novo,
1007 699 1063 721 au·
1106 686 1184 719 alias
1208 687 1402 730 apostolicas
1420 698 1456 721 ac
1483 689 1654 722 canonicas
1672 689 1855 723 sanctiones

310 740 455 773 ctoritate
475 741 662 783 apostolica,
686 752 743 784 per
757 747 939 784 praesentes
954 741 1061 774 distri-
1104 740 1296 783 iampridem
1309 752 1369 773 usu
1382 747 1527 785 receptas
1537 742 1636 785 (quod
1649 742 1770 776 scilicet
1781 742 1854 776 uni-

309 793 390 826 etius
410 793 646 834 interdicimus,
665 799 729 827 tam
746 794 822 838 ipsis
833 794 1058 838 Cappuccinis,
1105 793 1222 837 cuique
1242 794 1384 836 regulari
1405 794 1443 827 ad
1461 795 1633 828 arctiorem
1652 789 1808 839 Regulam
1824 801 1856 830 et

307 857 347 879 ne
368 857 564 891 quemquam
586 848 775 881 eorumdem
796 849 930 881 fratrum
948 849 986 881 de
998 847 1060 881 Ob·
1107 847 1307 889 Religionem
1333 848 1532 890 transeundi,
1552 849 1650 891 petita
1675 849 1852 900 dumtaxat)

307 901 476 942 servantia,
500 907 572 945 post
592 901 741 935 emissam
764 902 995 946 professionem
1008 913 1059 935 re·
1102 900 1199 933 etiam
1225 911 1291 933 non
1316 900 1457 941 obtenta,
1484 901 1690 945 superiorum
1710 901 1851 944 licentia,

306 955 453 996 gularem
479 955 564 987 iuxta
586 955 731 988 instituta
760 955 906 989 eiusdem
931 955 1059 989 Ordinis
1101 953 1258 986 transitus
1278 953 1379 987 libere
1400 960 1431 987 et
1450 954 1537 987 licite
1548 954 1778 1000 permittatur),
1799 961 1854 989 aut

306 1008 345 1039 ‹le
374 1007 592 1049 Observantia,
615 1009 654 1041 ad
670 1019 737 1049 eos,
759 1009 872 1052 quovis
891 1009 1003 1043 habitu
1028 1014 1059 1042 et
1100 1006 1179 1039 alias
1195 1007 1306 1049 quovis
1325 1012 1492 1051 praetextu
1508 1018 1564 1041 seu
1574 1008 1718 1051 quaesito
1730 1009 1850 1050 colore,

305 1071 510 1104 quacumque
535 1062 574 1094 tle
599 1072 694 1094 causa
718 1067 937 1095 transeuntem
952 1089 959 1102 ‚
991 1063 1058 1095 sine
1099 1059 1132 1092 in
1152 1060 1201 1093 ius
1221 1065 1252 1094 et
1271 1060 1521 1095 controversiam
1547 1061 1690 1094 revocari
1719 1067 1775 1095 aut
1801 1062 1851 1110 in’.

305 1118 413 1146 nostra
432 1120 487 1147 aut
506 1114 642 1147 Romani
662 1115 826 1148 pontificis
842 1126 901 1159 pro
912 1121 1057 1160 tempore
1099 1113 1234 1146 validari
1258 1125 1296 1147 ac
1321 1114 1361 1147 ad
1381 1115 1537 1147 terminos
1556 1114 1637 1147 iuris
1656 1114 1767 1148 reduci
1786 1126 1852 1149 non
1896 1138 1923 1150 ο

304 1167 466 1200 existentis
487 1167 616 1200 licentia
637 1168 782 1211 speciali,
804 1179 862 1212 per
882 1169 1005 1202 litteras
1025 1181 1057 1202 a·
1077 1126 1080 1231 Ι
1100 1177 1203 1210 posse,
1222 1167 1276 1200 sed
1297 1178 1426 1211 semper
1440 1167 1558 1201 validas
1576 1172 1607 1201 et
1622 1167 1768 1202 efficaces
1783 1169 1850 1202 exi-

302 1221 474 1264 postolicas
504 1232 699 1265 expressam,
732 1227 762 1255 ct:
792 1222 825 1255 in
850 1223 968 1266 specie,
992 1234 1055 1256 non
1077 1233 1079 1253 t
1099 1226 1194 1253 stet-e.

303 1280 409 1307 autem
435 1286 493 1318 per
526 1276 687 1308 clausulas
706 1277 873 1319 generales
894 1277 979 1310 idem
999 1277 1058 1310 im·
1076 1256 1080 1289 Ι
1143 1273 1202 1317 §5-
1220 1274 1350 1318 Sicque,
1377 1274 1410 1307 in
1429 1275 1616 1319 praemissis
1634 1275 1794 1310 universis
1812 1281 1845 1310 et
1887 1286 1987 1309 Ctnusutu
2016 1289 2023 1305 t

302 1333 478 1370 portantes,
507 1329 685 1373 praesentis
709 1329 937 1373 prohibitionis
965 1341 1056 1364 men·
1099 1327 1245 1369 singulis,
1260 1338 1318 1371 per
1336 1339 1560 1372 quoscumque
1580 1328 1705 1363 iudices
1715 1335 1746 1363 et
1758 1317 1914 1364 com-‘²¹⁰’
1987 1327 1994 1341 '⁴

304 1382 423 1414 tionem
445 1388 475 1415 et
495 1383 735 1425 derogationem
767 1383 980 1425 continentes,
1002 1390 1057 1418 aut
1099 1381 1281 1423 missariOS,
1313 1383 1493 1416 ordinarios
1530 1389 1561 1416 et
1598 1383 1781 1427 delegatos,
1811 1395 1849 1419 ac

302 1435 493 1468 eorumdem
529 1437 689 1479 generalis
726 1437 775 1469 vel
809 1437 1055 1479 provincialium
1098 1441 1227 1469 sanctae
1251 1436 1413 1469 Romanae
1430 1436 1592 1470 Ecclesiae
1612 1437 1791 1472 cardinales
1810 1449 1848 1472 ac

302 1488 522 1521 ministrorum
553 1490 688 1522 fratrum
718 1490 756 1523 de
786 1490 992 1524 Observantia
1016 1492 1054 1524 li·
1098 1499 1269 1522 causarum
1287 1489 1398 1522 Palatii
1414 1489 1591 1533 Apostolici
1602 1490 1778 1532 auditores,
1792 1502 1848 1526 su-

302 1542 406 1574 centia
427 1542 460 1574 in
480 1543 618 1586 scriptis,
641 1549 676 1576 ut
696 1544 890 1587 praefertur,
911 1545 1053 1586 obtenta,
1096 1542 1182 1575 blala
1202 1542 1247 1575 eis
1268 1548 1299 1575 et
1319 1553 1433 1576 eorum
1462 1543 1598 1576 cuilibet
1617 1544 1727 1588 quavis
1756 1545 1849 1580 aliter

301 1596 481 1636 admittere,
501 1597 647 1640 recipere
668 1603 698 1630 ct
718 1597 867 1638 retinere,
880 1609 979 1642 quam
991 1600 1055 1632 sra-
1096 1595 1262 1629 iudicandi
1296 1601 1328 1629 et
1360 1596 1592 1640 interpretandi
1630 1598 1780 1632 facultate
1817 1603 1848 1632 rt

301 1649 404 1681 tribus
419 1650 458 1681 de
470 1649 677 1683 Observantia
698 1651 884 1694 praedictis,
908 1663 948 1685 ne
967 1653 1055 1696 quis·
1096 1650 1300 1691 auctoritate,
1327 1649 1463 1683 iudicari
1493 1657 1525 1683 et
1552 1651 1681 1684 definiri
1707 1651 1845 1693 dehere;

300 1712 396 1744 quam
414 1712 527 1734 eorum
544 1703 583 1735 ad
603 1704 885 1746 congregationem
906 1704 1053 1748 Cappuc-
1096 1713 1223 1736 necnon
1250 1703 1377 1736 irritum
1399 1709 1429 1736 et
1452 1704 1560 1745 inane,
1588 1704 1613 1738 si
1633 1716 1726 1739 secus
1750 1716 1847 1750 super

301 1754 447 1787 citiorum
469 1756 535 1788 sine
556 1756 741 1789 huiusmodi
764 1757 895 1790 licentia
907 1769 939 1791 se
952 1764 1053 1792 trans·
1074 1761 1077 1785 l
1096 1757 1146 1789 llis
1165 1768 1183 1789 a
1201 1767 1379 1801 quoquam,
1401 1758 1510 1801 (IURViS
1529 1758 1732 1801 auctoritate,
1745 1759 1847 1793 SCiess·

303 1808 386 1841 ferrc
403 1808 435 1840 in
458 1809 601 1842 futurum
621 1816 838 1853 praesumant.
1099 1816 1145 1843 ter
1164 1811 1213 1844 vel
1232 1811 1432 1853 ignoranter,
1452 1813 1623 1856 contigerit
1642 1813 1804 1847 attentari.
1979 1851 1985 1860 Γ

345 1862 359 1905 ξ
377 1862 409 1895 3.
425 1863 458 1895 ln
471 1862 614 1905 singulos
625 1874 699 1897 vero
708 1864 989 1908 Cappuccinorum
1003 1877 1055 1898 su·
1140 1864 1155 1906 §
1179 1863 1210 1896 6.
1237 1864 1421 1898 Mandantcs
1440 1865 1597 1899 universis
1607 1872 1639 1899 et
1650 1865 1783 1909 singulis
1797 1866 1846 1900 lo·
1905 1877 1990 1902 aneti

118 1952 122 1955 ¹
168 1922 286 1942 eamr-we-
303 1909 685 1960 periores,provinciales,
699 1918 860 1951 ministros
872 1919 1053 1959 domorum,
1097 1927 1210 1950 corum
1231 1918 1414 1959 ordinariis,
1435 1925 1470 1952 ut
1488 1919 1631 1962 quando,
1654 1919 1710 1952 uhi
1725 1925 1757 1954 et
1766 1925 1847 1964 quo·
1863 1912 1978 1934 ⁶⁶⁰⁸²⁸¹¹⁰·

101 1954 204 1973 ”mmmm
217 1959 284 1979 '’⁰³⁰⁶''
302 1970 507 2012 gual-dianos,
525 1971 659 2004 vicarios
675 1982 731 2004 seu
752 1972 916 2015 praesides
927 1983 1053 2005 necnon
1096 1970 1155 2002 ties
1173 1980 1256 2014 opus
1276 1971 1383 2012 suerit,
1410 1982 1447 2004 ac
1467 1983 1526 2015 pro
1545 1978 1637 2016 parte
1657 1972 1795 2006 alicuius
1809 1984 1847 2007 ex

304 2024 390 2066 ipsos
409 2024 523 2057 fratres
542 2025 581 2058 de
601 2024 818 2066 Observantia,
831 2025 886 2069 qni
907 2026 939 2057 in
960 2037 1053 2070 prae-
1095 2023 1248 2057 fratribus
1276 2025 1316 2058 de
1343 2024 1549 2058 Observantia
1572 2026 1758 2060 huiusmodi
1778 2026 1848 2061 sue-

304 2077 407 2109 inissis
436 2078 666 2120 quoquomodo
696 2078 968 2116 contravenerint,
999 2090 1053 2111 ex·
1097 2077 1161 2110 rint
1181 2078 1339 2121 requisiti,
1361 2079 1681 2122 praesenteslitteras
1692 2080 1846 2113 solemni-

303 2130 606 2164 communicationis
625 2132 815 2164 sententiam
829 2131 971 2172 serimus,
983 2143 1053 2165 eos·
1096 2136 1143 2163 ter
1156 2132 1370 2174 publicantes,
1384 2132 1506 2175 eisque,
1519 2133 1552 2165 in
1568 2133 1763 2177 praemissis„
1781 2134 1847 2167 css‘i-

303 2194 366 2226 que
390 2184 540 2217 omnibus
559 2190 590 2217 et
609 2184 867 2228 quibuscumque
891 2185 1054 2227 dignitati·
1095 2184 1178 2217 cacis
1190 2185 1384 2218 defensionis
1395 2185 1556 2229 praesidio
1572 2186 1766 2227 assistentes,
1780 2197 1845 2220 non

304 2238 383 2277 bus,
421 2237 751 2271 administrationibus
789 2244 819 2272 et
848 2238 961 2271 officiis
997 2250 1054 2282 per
1096 2237 1284 2281 permittant
1318 2249 1514 2281 quemquam
1544 2250 1580 2272 ex
1603 2239 1792 2283 praedictis,
1817 2239 1844 2273 si

304 2300 357 2322 eos
378 2301 437 2333 pro
453 2296 597 2334 tempore
609 2291 747 2324 obtentis
758 2291 947 2324 auctoritate
959 2303 1052 2335 prae·
1095 2290 1150 2333 qni
1170 2291 1277 2323 forsan
1298 2291 1329 2323 in
1350 2298 1514 2335 posterum
1534 2303 1568 2325 se
1588 2292 1628 2326 de
1642 2293 1724 2326 sacto
1740 2299 1843 2327 trans-

304 2344 441 2376 sentium
464 2344 637 2386 privamus,
661 2352 690 2377 et
710 2345 749 2377 ad
771 2346 880 2377 futura
904 2356 940 2378 ac
956 2356 1052 2388 quos·
1095 2345 1179 2377 ferre
1200 2345 1489 2388 praesumpserint,
1515 2351 1626 2378 contra
1655 2347 1842 2380 earumdem

306 2407 444 2440 cumque
465 2403 554 2430 actus
574 2398 733 2439 legitimos
753 2399 948 2431 exercendos
965 2399 1054 2431 inha-
1094 2398 1311 2439 praesentium
1333 2398 1561 2431 continentiam
1582 2404 1612 2432 et
1631 2404 1788 2441 tenorem,
1809 2399 1842 2433 in
1870 2403 1875 2410 “

307 2445 384 2477 'nites
413 2457 479 2478 c::se
500 2447 649 2480 volumus
678 2458 715 2480 eo
737 2447 816 2491 ipso.
839 2448 1053 2482 Decernentes
1094 2447 1202 2490 aliqua
1223 2447 1318 2480 domo
1340 2458 1395 2480 seu
1420 2448 1492 2480 loco
1505 2447 1648 2491 ipsorum
1662 2448 1841 2492 Cappucci-

306 2495 524 2538 receptiones,
554 2496 764 2530 admissiones
793 2502 823 2529 et
858 2496 1052 2529 retentiones
1094 2507 1211 2529 norum
1231 2496 1366 2536 admitti,
1387 2497 1484 2540 recipi
1506 2503 1533 2530 et
1557 2497 1699 2531 retineri.
1714 2497 1843 2531 Contra-

303 2553 523 2587 quascumque
543 2546 582 2577 de
604 2545 665 2578 illis
685 2556 721 2578 ex
742 2545 853 2588 quavis
870 2556 964 2578 causa
985 2545 1051 2579 sine
1094 2546 1231 2579 dictores
1251 2546 1411 2588 quoslibet
1430 2553 1461 2580 et
1480 2547 1628 2588 rebelles,
1650 2547 1758 2590 eisque
1782 2557 1841 2580 au-

303 2591 386 2624 ‹licta
425 2592 554 2625 licentia
593 2594 773 2634 faciendas,
801 2595 890 2627 nulla
919 2594 1050 2627 omnino
1093 2595 1215 2636 xillum,
1237 2595 1405 2628 eonsilium
1423 2596 1470 2628 vel
1487 2595 1636 2636 favorem,
1656 2595 1776 2628 directe
1792 2595 1840 2628 vel

303 2640 453 2674 firmitate
479 2642 664 2683 subsistere,
695 2642 924 2686 neminemque
957 2643 1050 2686 peni·
1092 2643 1259 2684 indirecte,
1285 2644 1529 2687 quomodolibet
1551 2648 1761 2688 praestantes,
1781 2653 1856 2692 per·
