2059 3228
28 0 97 75 w,

20 206 67 239 .‹:.
82 206 149 238 ¹5⁸5

825 211 928 238 SIXTUS
946 211 967 236 V
985 211 1032 236 PP.

163 268 212 303 lus
230 269 278 305 tv,
301 267 529 311 praedecessor
539 271 658 307 noster,
678 270 812 312 accepto
822 266 908 310 quod

161 321 350 355 recolendae
371 321 547 354 memoriae
567 321 668 353 lulius
691 320 775 364 Papa
795 320 844 362 ΙΙΙ,
865 320 908 354 si-

162 373 278 407 militer
311 374 541 418 praedecessor
576 379 697 414 noster,
737 381 907 418 postquam

160 428 302 471 praefata
318 427 426 460 omnia
446 438 504 471 per
520 438 593 461 suas
609 427 733 460 litteras
753 427 784 460 in
805 428 908 460 forma

123 493 127 497 ·
160 480 262 514 brevis
293 482 550 521 confirmaverat,
578 481 743 525 pecuniaS,
762 492 821 525 per
838 491 904 522 vos,

158 538 192 566 ut
219 534 412 577 praefertur,
447 534 613 568 solvendas
633 539 664 567 et
689 534 904 577 exponendas,

159 586 258 619 monti
279 586 372 627 Iulio,
400 587 431 620 in
451 588 564 621 eadem
586 587 711 620 civitate
731 587 905 631 peripsum

157 638 272 672 lulium
295 639 576 682 praedecessorem
597 646 717 679 erecto,
728 640 823 673 etiam
832 650 907 683 per-

157 697 253 736 petuo
281 693 520 737 applicaverat;
546 698 577 726 et
604 703 644 726 ne
673 693 757 726 dicta
782 693 919 734 civitas,·

156 745 196 779 ob
213 745 373 779 desectum
404 747 547 790 ipsarum
566 746 793 790 pecuniarum,
807 747 906 779 detri-

157 804 301 832 mentum
334 805 510 843 pateretur,
532 811 592 843 pro
612 800 829 833 solutionibus
849 810 908 843 per

157 862 222 892 VOS,
253 857 288 885 ut
314 853 555 896 praemittitur,
582 853 737 886 faciendis
763 854 906 886 nonnul-

155 905 200 938 las
240 905 456 949 pecuniarum
491 916 634 939 summas
662 906 702 939 ad
737 906 904 939 Cameram

156 959 369 1003 Apostolicam
390 965 583 1001 spectantes,
610 960 642 992 in
668 960 775 993 locum
805 961 906 994 dicta-

155 1022 227 1045 rum
249 1011 460 1056 pecuniarum
487 1013 589 1046 monti
619 1013 699 1046 Iulio
727 1014 905 1057 applicata-

155 1075 250 1106 rum,
283 1070 485 1099 concesserat
513 1071 544 1099 et
572 1065 797 1110 assignaverat,
820 1067 905 1100 idem

155 1117 274 1151 Paulus
297 1118 346 1160 lv,
372 1119 613 1163 praedecessor,
636 1120 675 1152 ad
700 1120 819 1153 similes
835 1131 907 1164 pre-

156 1181 220 1212 ces,
245 1172 540 1216 reintegrationem,
560 1173 742 1214 decretum,
773 1184 905 1207 conces-

156 1224 292 1266 sionem,
327 1226 528 1268 mandatum,
562 1227 789 1260 inhibitionem
814 1228 904 1260 Pauli

156 1288 192 1312 ac
212 1279 490 1313 confirmationem
515 1280 602 1321 Iulii,
620 1281 905 1324 praedecessorum

155 1331 354 1374 huiusmodi,
381 1344 430 1374 ac,
448 1339 545 1377 prout
568 1333 623 1366 itta
651 1335 902 1375 concernebant‚

155 1385 262 1418 omnia
282 1390 314 1419 et
332 1386 458 1430 singula
477 1387 510 1420 in
536 1398 649 1421 eorum
677 1387 792 1421 litteris
827 1399 905 1421 con-

155 1444 253 1478 tenta,
274 1444 306 1473 et
324 1440 399 1473 inde
428 1446 537 1474 secuta
561 1452 800 1485 quaecumque,
832 1453 906 1475 nec-

155 1503 232 1534 non,
267 1499 426 1537 quatenus
451 1501 556 1528 essent
585 1495 673 1528 licita
697 1502 725 1528 et
756 1496 902 1536 honesta,

155 1551 187 1580 et
210 1551 322 1580 contra
348 1547 530 1582 libertatem
561 1549 809 1582 ecclesiasticam
839 1560 904 1582 non

154 1599 334 1641 tenderent,
355 1607 473 1635 statuta
489 1602 590 1646 ipsius
610 1602 752 1642 civitatis,
773 1603 903 1646 privile-

155 1653 217 1697 gia,
238 1653 362 1688 indulta
382 1666 418 1688 ac
436 1655 557 1689 litteras
587 1657 778 1699 apostolicas
804 1657 848 1689 illi
875 1662 905 1691 et

154 1706 243 1740 vobis
255 1718 316 1751 per
333 1718 558 1753 quoscumque
583 1710 744 1742 Romanos
770 1710 903 1743 Pontifi-

157 1769 210 1793 ces
227 1760 493 1804 praedecessores
521 1769 648 1796 nostros
669 1769 801 1796 eatenus
825 1774 904 1797 con-

158 1823 256 1855 cessa,
277 1824 418 1858 quorum
443 1816 588 1848 omnium
609 1822 747 1856 tenores,
768 1827 804 1849 ac
824 1817 848 1849 si
866 1817 904 1849 de

155 1867 252 1900 verbo
270 1867 311 1901 ad
332 1869 467 1902 verbum
477 1869 710 1909 insererentur,
727 1870 812 1902 idem
824 1870 904 1903 Pau-

103 1921 107 1926 '
157 1920 208 1954 lus
229 1920 279 1962 lv,
304 1922 544 1965 praedecessor,
574 1924 686 1957 haberi
717 1924 816 1957 voluit
844 1935 903 1968 pro

157 1974 322 2018 expressis,
344 1986 403 2020 per
418 1987 490 2010 suas
510 1977 631 2010 litteras
647 1989 683 2010 ex
704 1983 789 2009 certa
800 1978 903 2011 scien-

135 2045 138 2047 >
157 2027 201 2060 tia
213 2029 400 2072 approbavit
419 2035 449 2063 et
468 2030 681 2071 confirmavit,
703 2042 739 2063 ac
761 2031 823 2064 illis
838 2032 905 2075 ple-

158 2090 235 2116 num
251 2086 282 2114 et
300 2087 497 2126 perpetuum
517 2083 678 2116 firmitatis
698 2084 799 2116 robur
813 2084 903 2116 adie—

157 2133 210 2174 cit,
232 2135 386 2181 supplens
405 2146 517 2169 omnes
536 2142 567 2169 et
593 2136 736 2179 singulos
766 2136 844 2169 iuris
875 2142 905 2169 et

158 2186 232 2220 sacti
250 2187 406 2230 desectus,
428 2188 453 2221 si
473 2189 529 2232 qui
546 2189 652 2222 forsan
662 2189 905 2222 intervenissent

157 2238 190 2272 in
206 2239 343 2282 eisdem;
364 2252 401 2275 ac
417 2252 559 2275 summas
579 2243 788 2286 pecuniarum
801 2243 902 2282 vobis,

159 2297 198 2337 ut·
208 2294 401 2338 praefertur,
423 2306 482 2338 per
501 2296 650 2329 eumdem
670 2296 787 2329 lulium
810 2307 903 2339 prae-

123 2388 129 2393 7
159 2345 358 2381 decessorem
375 2349 550 2391 assignatas
569 2360 628 2393 pro
637 2350 780 2383 eiusdem
798 2350 905 2382 civita-

159 2394 198 2427 tis
211 2396 357 2429 custodia
372 2403 404 2430 et.
417 2397 490 2430 aliis
509 2398 660 2441 impensis
671 2425 678 2439 ,
694 2398 775 2430 arcis
786 2398 904 2440 guber-

159 2448 282 2485 natore,
297 2444 405 2479 iudice
425 2447 691 2490 appellationum,
712 2452 742 2479 et
761 2452 903 2480 extraor-

160 2490 283 2526 dinario
302 2493 364 2527 loci
394 2495 538 2536 notario,
564 2505 690 2528 necnon
715 2502 902 2536 executore,

161 2538 320 2583 barisello,
339 2543 497 2577 scribanis
524 2550 555 2577 et
575 2544 761 2586 guardianis
779 2545 904 2588 praedi-

161 2588 228 2633 ctis,
251 2600 289 2626 ac
313 2592 518 2639 reparatione
538 2598 567 2627 et
587 2592 813 2635 l'ortificatione
837 2603 904 2626 mu-

1591 212 1656 248 607

951 273 1062 297 rorum
1083 268 1113 297 et
1137 265 1273 300 aliorum
1305 280 1557 306 necessariorum
1584 273 1698 309 liuius-

952 317 1050 357 modi,
1074 318 1117 350 ita
1135 324 1238 353 tamen
1261 328 1294 353 ut
1311 324 1466 368 quidquid
1488 338 1522 359 ex
1546 328 1699 370 praemis-

950 370 993 403 sis
1019 376 1049 403 (t
1069 371 1139 404 aliis
1159 375 1305 416 cxpsnsis
1327 388 1383 419 pro
1411 380 1567 417 pubet-nio
1594 381 1698 416 dictae

951 423 1086 456 civitatis
1107 425 1261 458 facundis
1281 438 1341 459 ac«
1347 431 1486 463 ιιιοΙιιιιιι
1480 433 1552 465 ntis
1570 435 1697 477 praedi-

950 476 1009 509 ctis
1027 487 1085 519 pro
1106 482 1250 521 tempote
1275 491 1466 524 5ιιμιιιιι55ιι,
1468 473 1521 517 in
1543 487 1696 521 s:·tb1icam

950 534 980 562 et
1000 531 1236 573 reparationem
1260 544 1425 568 muretum
1448 548 1484 570 ac
1508 539 1587 572 alios
1612 541 1698 574 cius-

950 582 1021 615 dem
1043 583 1176 617 civitatis
1211 597 1287 618 usus
1312 591 1508 624 necessarios
1537 600 1699 628 converte-

950 640 1049 677 retur,
1073 637 1111 669 dc
1132 648 1212 671 novo
1237 640 1347 673 eadem
1367 644 1555 678 auctoritate
1568 657 1698 680 conces-

948 688 999 728 sit,
1022 690 1240 734 applicavitet
1261 696 1498 737 app1·op1i.‘wit;
1522 701 1697 733 manduit

948 753 1010 785 que
1027 749 1061 775 ut
1082 744 1120 776 de
1141 756 1176 778 et
1180 750 1247 779 tero
1267 749 1431 791 pctpetuis
1452 751 1697 797 suturistempo-

949 796 1049 835 ribus,
1072 808 1280 842 quocumque
1301 812 1360 833 usu
1382 805 1559 846 contrario,
1573 806 1696 840 etiamsi

948 850 1090 892 potentia
1116 852 1368 891 ‘tubernatomm
1394 855 1536 890 eiusdem
1563 859 1695 894 vivimus

949 902 1150 937 introductus
1170 911 1263 944 esset,
1280 916 1342 940 non
1358 907 1514 951 obstante,
1528 911 1621 945 iudex
1643 925 1696 957 ap-

947 956 1170 999 pellationum,
1202 970 1275 992 cun]
1306 961 1421 994 salaiio
1452 970 1606 997 consueto
1635 966 1694 999 sibi

949 1020 1006 1053 per
1032 1010 1263 1053 depositarium
1289 1014 1503 1058 apostolicum
1528 1019 1694 1052 annuatim

948 1069 978 1096 et
997 1074 1055 1106 pro
1074 1070 1139 1097 rata
1164 1065 1291 1108 singulo
1330 1078 1438 1101 mense
1470 1071 1700 1113 persolvendo,

948 1127 1006 1160 per
1023 1128 1075 1150 vos
1095 1118 1187 1150 annis
1207 1120 1342 1162 singulis
1363 1121 1449 1164 eligi,
1472 1123 1558 1157 etsie
1576 1126 1695 1159 electus

948 1171 1111 1212 perbreve
1129 1172 1342 1214 apostolicum
1357 1175 1554 1217 confirmari,
1570 1184 1600 1211 et
1612 1184 1695 1222 post.-

947 1234 1042 1267 quam
1079 1226 1287 1259 confirmatus
1315 1227 1408 1267 soret,
1443 1239 1553 1263 omnes
1583 1240 1694 1265 causas

948 1287 1056 1310 coram
1077 1288 1114 1311 eo
1139 1289 1197 1322 pro
1219 1285 1364 1324 tempore
1390 1281 1588 1317 introductas
1608 1285 1695 1319 iuxta

947 1330 1082 1363 sormam
1117 1337 1308 1366 statutorum
1350 1334 1536 1369 huiusmodi
1574 1348 1692 1381 cogno-

946 1394 1035 1417 scere
1056 1390 1086 1417 et
1106 1385 1254 1419 decidere
1268 1387 1411 1420 deberet.
1423 1389 1465 1422 Ac
1482 1400 1540 1423 suo
1551 1391 1694 1425 etdictae

946 1438 1037 1471 Sedis
1061 1438 1093 1472 in
1115 1440 1226 1472 eadem
1247 1440 1372 1474 civitate
1394 1441 1587 1485 depositario
1606 1455 1693 1478 com-

947 1492 1044 1534 misit,
1067 1498 1101 1525 ut
1122 1504 1157 1526 ex
1178 1494 1336 1537 pecuniis,
1359 1506 1441 1538 quae
1468 1497 1506 1529 ad
1532 1498 1600 1531 eius
1624 1509 1692 1531 ma-

924 1538 927 1600 !
946 1555 1007 1578 nus
1031 1546 1248 1589 pervenirent,
1271 1548 1422 1581 salarium
1444 1549 1559 1583 iudicis
1585 1552 1692 1595 appel-

924 1600 1103 1632 'lationum
1131 1600 1326 1641 huiusmodi,
1360 1601 1392 1634 in
1420 1605 1691 1647 recompensatio«

946 1663 1019 1686 neni
1039 1653 1145 1686 salarii
1167 1655 1405 1697 praedictorum
1429 1657 1526 1689 monti
1542 1658 1623 1690 lulio
1638 1670 1692 1701 ap-

945 1708 1067 1751 plicati,
1090 1719 1130 1741 ne
1150 1709 1272 1741 scilicet
1287 1709 1395 1742 civitas
1412 1709 1478 1753 ipsa
1494 1709 1621 1753 aliquod
1637 1712 1691 1744 de-

947 1761 1132 1794 trimentum
1154 1762 1194 1794 ob
1208 1761 1237 1793 id
1253 1767 1428 1805 pateretur,
1447 1764 1565 1806 absque
1586 1764 1692 1807 aliqua

945 1814 1158 1847 diminutione
1179 1826 1235 1847 seu
1248 1816 1436 1856 retentione,
1448 1817 1592 1859 quolibet
1607 1827 1691 1849 anno

946 1874 976 1902 et
1000 1868 1126 1910 singulo
1147 1879 1254 1901 mense
1281 1874 1381 1901 ratum
1409 1869 1538 1902 realiter
1562 1876 1588 1903 et
1616 1881 1689 1903 cum

946 1922 1058 1954 effectu
1072 1922 1276 1964 persolveret,
1292 1921 1692 1966 subiungens,quodquid-

945 1975 1022 2018 quid
1041 1975 1107 2019 ipse
1122 1975 1336 2019 depositarius
1347 1976 1392 2008 sic
1404 1986 1461 2018 pro
1472 1977 1587 2009 salario
1598 1987 1690 2020 prae-

945 2029 1030 2061 dicto
1055 2029 1183 2061 solvisse
1204 2027 1375 2068 docuisset,
1399 2029 1428 2061 in
1451 2029 1519 2062 eius
1532 2030 1691 2074 computis

946 2093 1073 2125 semper
1085 2082 1266 2114 admitteret
1278 2086 1307 2114 ct.
1318 2081 1439 2114 admitti
1454 2082 1582 2123 faceret,
1596 2089 1692 2126 prout

946 2146 982 2167 ex
1002 2140 1077 2167 tunc
1097 2135 1178 2167 idem
1202 2135 1428 2177 praedecessor
1452 2134 1579 2167 admisit
1599 2136 1691 2169 etad-

946 2189 1027 2221 mitti
1060 2189 1240 2225 mandavit3
1272 2188 1344 2220 Pius
1375 2188 1396 2219 Υ
1421 2199 1495 2221 vero
1516 2190 1688 2231 praefatus,

946 2248 1017 2286 post
1038 2241 1288 2285 praemissorum
1311 2241 1455 2274 omnium
1473 2242 1692 2276 confirmatio-

946 2305 1029 2334 nem,
1050 2295 1158 2327 statuit
1177 2294 1261 2337 quod
1284 2304 1341 2336 pro
1364 2299 1505 2338 tempore
1523 2295 1691 2329 existentes

945 2348 1117 2387 officiales,
1159 2347 1358 2379 dolianarum
1393 2353 1632 2381 conservatores
1660 2354 1691 2382 et

946 2397 1142 2429 maiorcnses
1162 2396 1338 2439 nuncupati
1360 2406 1449 2428 suam
1471 2396 1541 2429 istic
1561 2396 1690 2430 iurisdi-

946 2446 1094 2484 ctionem,
1106 2452 1201 2488 prout
1212 2451 1344 2478 eatenus
1355 2451 1690 2486 consueverant,exer-

946 2501 1066 2533 cerent,
1091 2501 1131 2535 vt,
1160 2500 1194 2526 ut
1214 2494 1447 2526 extorsionibus
1469 2500 1498 2527 et
1523 2494 1690 2528 fraudibus

946 2544 1138 2583 obviaretur,
1157 2543 1297 2576 decrevit
1317 2543 1401 2586 quod
1420 2543 1621 2576 barisellatus
1636 2554 1689 2576 ve-

946 2593 1001 2626 stri
1025 2592 1168 2626 ot'sscium
1190 2592 1372 2625 nullatcnus
1387 2591 1491 2633 rendi,
1514 2602 1572 2626 nce
1592 2601 1690 2637 super

1715 200 1754 229 Λιι
1783 199 1811 229 C.
1830 194 1898 228 1585
