2059 3228
919 231 1097 258 nectamini
1116 227 1266 255 nouarum

1110 280 1284 314 abbatissas
1302 277 1350 310 rel
1374 275 1452 309 alias
1479 271 1655 317 praefectas
1684 271 1857 314 perpetuas

128 246 181 277 ΑΒ.
195 245 227 276 C.
243 246 312 277 1582
371 235 437 271 404

154 728 240 752 sanatio
258 732 311 756 poe-

128 760 192 782 ulis.

170 2125 279 2147 Exordium

151 2527 317 2550 constitutionis.

324 299 544 332 insererentur
554 289 788 338 praesentibus,
803 297 862 332 pro
873 284 1068 319 sufficienter

324 350 480 395 expressis
497 347 663 386 habentes,
679 344 743 377 illis
754 341 830 376 alias
843 341 874 374 in
884 350 942 373 suo
954 338 1070 372 robore

324 400 555 449 permansuris,
581 399 642 432 hac
665 398 733 430 viee
757 396 932 434 dumtaxat,
953 393 1069 425 harum

323 456 417 497 serie,
427 455 466 489 de
485 452 619 488 consilio
639 456 670 485 et
686 448 852 494 potestatis
871 444 1070 492 plenitudine

322 509 493 549 similibus,
527 505 708 551 specialiter
741 508 771 536 et
797 511 945 546 expresse
976 499 1070 532 dero-

322 573 446 607 gamus,
466 560 646 604 ceterisque
665 555 835 592 contrariis
862 554 1072 599 quibuscum-

323 622 398 656 que.
844 625 848 629 -

367 665 383 710 ἓ
403 664 434 700 8.
457 663 543 698 Nulli
568 671 645 705 ergo
674 659 805 694 omnino
836 657 1007 692 hominum
1031 655 1071 688 li-

324 723 394 753 ceat
412 718 497 752 hanc
515 716 667 761 paginam
689 719 818 747 nostrae
843 710 1014 745 erectionis
1043 714 1074 742 et

324 770 544 811 institutionis,
571 766 799 813 derogationis,
826 763 1001 803 divisionis,
1023 773 1072 796 se-

324 824 511 871 parationis,
533 820 771 860 declarationis,
793 817 1016 862 exemptionis,
1034 816 1073 849 li-

323 877 512 918 berationis,
533 873 755 914 subiectionis,
778 870 1004 911 concessionis,
1027 880 1075 903 as-

324 931 522 976 signationis,
552 929 757 964 decretorum
793 932 823 959 et
859 923 1075 967 derogationis

325 986 513 1030 infringere,
535 984 584 1017 vel
611 983 640 1017 ei
659 992 741 1016 ausu
760 979 932 1014 temerario
952 982 1076 1012 contra-

326 1039 386 1073 ire.
401 1038 434 1072 Si
452 1037 525 1082 quis
539 1042 648 1070 autem
664 1035 727 1068 hoc
742 1038 898 1067 attentare
911 1040 1076 1075 praesum-

326 1092 443 1138 pserit,
474 1089 729 1134 indignationem
759 1085 989 1130 omnipotentis
1021 1083 1075 1117 Dei

326 1157 365 1181 ac
383 1146 553 1180 beatorum
573 1142 658 1177 Petri
677 1147 708 1175 et
733 1141 824 1174 Pauli
856 1139 1076 1184 apostolorum

327 1201 398 1234 eius
416 1210 450 1233 se
469 1197 592 1236 noverit
616 1197 836 1230 incursurum.

371 1254 486 1288 Datum
505 1253 626 1286 Romae
646 1250 733 1295 apud
754 1249 908 1283 Sanctum
931 1247 1074 1287 Petrum,

328 1316 414 1341 anno
441 1303 673 1340 Inearnationis
698 1301 879 1336 dominicae
908 1300 1078 1333 millesimo

329 1359 586 1405 quingentesimo
594 1356 812 1401 octuagesimo
822 1354 976 1395 secundo,
986 1363 1079 1397 quar-

330 1419 363 1448 to
399 1413 471 1447 idus
508 1408 710 1452 decembris,
737 1408 942 1454 pontificatus
978 1407 1079 1441 n‘ostri

330 1477 416 1501 anno
435 1477 478 1501 xr.

392 1525 454 1557 Dat.
467 1525 515 1556 die
529 1518 646 1556 1ffdee.
662 1522 751 1560 1582,
764 1520 869 1562 pontis.
886 1529 963 1550 anno
979 1527 1019 1549 x1.

641 1665 766 1700 CXLIII.

334 1745 524 1782 Abbatissae
541 1748 571 1777 et
583 1742 669 1775 aliae
679 1740 859 1786 praefectae
871 1738 1082 1771 monasterio-

377 1809 451 1832 rum
469 1796 664 1831 monialium
681 1796 717 1828 in
732 1795 835 1828 Italia
847 1793 889 1826 ad
904 1791 1083 1826 trictmium

380 1851 599 1887 tantummodo
618 1849 781 1892 eliyaimer
791 1847 819 1880 1.

385 1933 531 1970 Gregorius
550 1931 690 1968 episcopus
710 1935 806 1958 servus
825 1933 964 1956 servorum
979 1925 1034 1959 Dei,

485 1987 520 2015 ad
535 1986 700 2022 perpetuam
717 1983 760 2012 rei
777 1981 947 2011 memoriam.

381 2055 531 2101 Exposcit
539 2054 683 2088 debitum
690 2049 858 2096 pastoralis
865 2048 974 2089 officii,
990 2047 1086 2092 qudd,

340 2110 531 2154 disponente
563 2106 712 2147 deinb‚
747 2104 902 2148 gerimus,
936 2108 971 2135 ut
991 2102 1030 2134 ad
1051 2111 1088 2134 ea

340 2163 475 2197 sollicite
490 2161 707 2201 intendamus,
725 2169 783 2203 per
798 2167 880 2201 quae
895 2154 1089 2189 monasteria

342 2223 373 2250 et
392 2217 454 2251 alia
472 2215 622 2260 religiosa
640 2215 724 2255 loca,
745 2211 933 2257 praesertim
951 2209 1016 2242 Deo
1041 2207 1089 2240 di-

343 2276 486 2304 catarum
511 2267 818 2307 sanctimonialium,
840 2263 1019 2298 seeundum
1038 2271 1090 2294 re-

343 2323 463 2368 gularis
487 2322 676 2368 disciplinae
703 2329 851 2354 normam
880 2321 1032 2361 regantur
1062 2319 1093 2348 et

345 2377 580 2420 gubernentur.

390 2431 406 2474 ξ
424 2431 456 2464 ’1.
477 2430 714 2474 Perpendentes
734 2427 831 2472 igitur
848 2424 935 2459 varia
954 2428 985 2457 et
1008 2422 1093 2456 mul-

190 2496 256 2517 causa
272 2483 470 2528 uuinstiplicia
497 2483 629 2522 damna,
657 2482 776 2526 quibus
809 2479 1001 2523 plerumque
1024 2475 1094 2508 affi-

350 2536 480 2571 cIuntur
499 2535 692 2569 monasteria
715 2532 915 2572 monialium,
938 2540 1019 2573 quae
1038 2539 1096 2572 per

386 2604 398 2630 1
422 2601 520 2634 Quoad
536 2601 652 2629 modum
664 2599 784 2635 eligendi
795 2599 882 2627 habes
898 2595 1002 2626 Concil.
1020 2594 1095 2623 Trid.

351 2647 381 2676 in
399 2653 469 2676 sess.
485 2652 552 2680 xxv,
568 2646 605 2672 De
619 2645 746 2680 Πορκίαν.
763 2646 786 2671 ιιι
805 2643 929 2674 7ηοηίαὶ.,
946 2648 1007 2676 cap.
1024 2645 1073 2668 vu.

1111 339 1284 377 reguntur;
1305 335 1418 365 contra
1435 335 1509 362 vero
1528 325 1702 360 abbatissas
1729 328 1761 356 et
1777 322 1857 366 alias

1111 388 1288 432 praelectas
1319 384 1504 425 triennales,
1534 382 1670 416 scientes
1703 393 1748 424 se,
1767 383 1857 427 lapso

1111 441 1262 483 triennio,
1294 451 1370 474 suae
1388 440 1674 474 administrationis
1699 441 1858 478 rationem

1112 505 1180 529 esse
1209 495 1402 536 reddituras,
1435 505 1474 528 ac
1503 499 1667 538 sperantes
1696 495 1736 529 de
1775 495 1859 530 bene

1111 548 1207 592 gestis
1238 548 1368 582 laudem
1397 548 1590 593 promereri,
1615 559 1752 593 poenam
1767 561 1856 592 vero,

1113 603 1138 636 si
1158 603 1240 636 male
1260 602 1424 646 gesserint,
1444 608 1633 644 metuentes,
1653 604 1768 638 maiori
1790 610 1859 639 stu-

1113 657 1165 690 dio
1184 668 1221 691 ae
1246 656 1422 700 diligentia,
1443 657 1588 700 regimen
1607 663 1638 691 et
1656 657 1860 692 administra-

1113 711 1234 745 tionem
1254 710 1524 745 monasteriorum
1536 710 1596 745 sibi
1611 711 1859 746 commissorum

1114 775 1238 809 gerere.

1158 820 1173 863 ἓ
1192 819 1224 853 2.
1236 819 1290 853 His
1299 824 1330 853 et
1340 818 1410 852 aliis
1420 817 1666 854 rationabilibus
1682 818 1787 852 causis
1806 818 1861 852 ad-

1116 1036 1149 1069 in
1169 1035 1320 1069 omnibus
1349 1041 1380 1068 et
1409 1034 1544 1077 singulis
1567 1032 1769 1067 monasteriis
1792 1044 1863 1067 mo-

1117 1089 1249 1122 nialium
1274 1089 1306 1123 S.
1332 1088 1507 1129 Benedicti,
1532 1087 1763 1128 Cisterciensis,
1787 1086 1864 1122 Car-

1117 1143 1289 1177 thusiensis
1308 1147 1339 1176 et
1357 1143 1495 1176 aliorum
1514 1150 1797 1186 quorumcumque
1809 1140 1867 1174 Or-

1117 1196 1230 1230 dinum
1241 1196 1273 1229 in
1288 1196 1389 1237 Italia,
1407 1201 1438 1229 et
1451 1195 1639 1240 praesertim
1651 1194 1684 1227 in
1695 1193 1865 1238 utriusque

1118 1249 1246 1284 Siciliae
1266 1250 1384 1293 regnis,
1406 1248 1664 1288 consistentibus,
1683 1257 1767 1291 quae
1776 1256 1866 1281 nunc

1119 1315 1177 1348 per
1191 1303 1364 1337 abbatissas
1383 1303 1432 1337 vel
1452 1302 1530 1336 alias
1548 1302 1725 1346 praefectas
1748 1311 1866 1346 perpe-

1119 1364 1191 1392 tuas
1196 1363 1355 1401 reguntur
1362 1363 1393 1391 et
1400 1357 1632 1401 gubernantur,
1640 1366 1714 1389 cum
1723 1355 1866 1400 primum

1119 1411 1297 1445 abbatissae
1313 1416 1368 1444 aut
1387 1411 1468 1444 aliae
1486 1410 1667 1454 praefectae
1680 1409 1868 1444 huiusmodi

1120 1465 1268 1509 regimini
1287 1469 1318 1498 et
1336 1463 1604 1498 administrationi
1628 1463 1773 1507 ipsorum
1795 1473 1867 1497 mo-

1120 1520 1337 1553 nasteriorum
1356 1518 1521 1560 cesserint,
1543 1517 1637 1551 etiam
1653 1517 1739 1561 apud
1753 1516 1868 1551 Sedem

1121 1574 1246 1618 Apost.‚
1262 1574 1311 1607 vel
1330 1572 1544 1613 decesserint,
1568 1581 1747 1616 eorumque
1768 1571 1868 1605 abba-

1123 1629 1249 1662 tissatus
1260 1638 1316 1661 seu
1327 1627 1547 1672 praefecturas
1561 1636 1674 1659 vacare
1685 1625 1867 1669 contigerit,

1122 1682 1300 1715 abbatissae
1326 1686 1381 1715 aut
1400 1680 1481 1714 aliae
1515 1679 1696 1723 praefectae
1714 1689 1781 1712 non
1799 1689 1869 1712 am-

1123 1736 1208 1780 plius
1227 1740 1403 1779 perpetuae
1427 1744 1484 1767 seu
1517 1733 1555 1766 ad
1587 1732 1698 1774 vitam,
1731 1742 1870 1776 quarum

1124 1800 1243 1824 nomen
1263 1800 1300 1822 ac
1309 1788 1440 1822 titulum
1460 1798 1497 1821 ex
1516 1797 1603 1820 nunc
1618 1792 1716 1830 prout
1731 1791 1870 1828 extunc,

1124 1843 1299 1888 apostolica
1336 1841 1538 1881 auctoritate,
1573 1851 1610 1873 ex
1646 1845 1734 1873 certa
1762 1845 1872 1873 nostra

1125 1897 1259 1931 seientia
1278 1897 1380 1939 deque
1401 1894 1594 1939 apostolicae
1614 1894 1781 1938 potestatis
1801 1894 1872 1938 ple-

1126 1952 1282 1991 nitudine,
1320 1957 1431 1984 tenore
1465 1948 1696 1993 praesentium,
1714 1952 1873 1991 perpetuo

1128 2005 1344 2049 extinguimus
1368 2009 1398 2037 et
1426 2002 1603 2041 abolemus,
1629 2000 1683 2033 sed
1702 1999 1876 2033 triennales

1128 2065 1252 2092 tantum
1273 2070 1290 2092 a
1309 2062 1466 2092 conventu
1488 2054 1746 2098 uniuscuiusque
1766 2064 1876 2087 mona-

1128 2113 1216 2146 sterii
1241 2119 1271 2146 et
1305 2112 1382 2145 alias
1406 2111 1493 2144 iuxta
1519 2109 1649 2143 decreta
1681 2107 1876 2141 sacrosancti

1130 2167 1258 2201 concilii
1287 2165 1464 2199 Tridentini
1498 2169 1529 2197 et
1562 2163 1723 2206 regularia
1743 2171 1877 2195 suorum

1130 2220 1285 2254 Ordinum
1307 2220 1452 2253 instituta
1473 2218 1634 2261 eligantur
1648 2221 1677 2249 et
1690 2214 1879 2259 praefician-

1132 2281 1195 2315 tur,
1222 2284 1305 2317 quae
1334 2272 1553 2317 postmodum,
1585 2271 1694 2314 elapso
1722 2267 1876 2309 triennio,

1133 2328 1198 2360 suis
1217 2327 1328 2361 officiis
1345 2326 1544 2371 perfunctae,
1560 2333 1696 2367 praeesse
1720 2322 1876 2362 desinant,

1133 2381 1286 2425 omnique
1305 2390 1439 2424 prorsus
1458 2383 1589 2411 careant
1612 2376 1815 2415 auctoritate,
1841 2384 1880 2407 ao

1134 2441 1152 2464 a
1173 2430 1327 2473 regimine
1346 2435 1377 2463 et
1396 2426 1674 2462 administratione
1694 2421 1879 2458 monasterii

1136 2490 1193 2523 per
1215 2479 1400 2518 triennium,
1421 2488 1439 2510 a
1463 2476 1514 2509 die
1539 2474 1649 2507 finitae
1677 2471 1882 2506 admInistra-

1137 2529 1232 2562 tionis
1251 2526 1484 2571 inchoandum,
1505 2524 1702 2561 abstineant3
1723 2532 1788 2565 quo
1815 2520 1880 2552 ela-

1138 2589 1207 2621 pso,
1229 2583 1350 2611 servata
1365 2575 1477 2610 eadem
1488 2574 1592 2607 forma
1606 2570 1733 2605 concilii
1750 2568 1882 2602 Triden-

1140 2629 1209 2669 tini,
1233 2628 1348 2661 iterum
1369 2631 1395 2659 et
1418 2623 1538 2669 pluries
1558 2621 1631 2665 eligi
1651 2619 1782 2665 possint.

1929 805 2005 833 Abba!

1195 874 1200 879 ι
1688 872 1694 878 ι
1873 838 1994 875 maritalium
2012 822 2014 875 Ι

1115 874 1230 916 ductis,
1252 873 1313 907 hac
1331 878 1441 907 nostra
1462 878 1616 917 perpetuo
1636 873 1771 906 valitura
1786 870 1988 923 con-ffifflgff
2012 877 2014 920 l

1116 928 1280 962 stitutione
1312 926 1482 961 statuimus
1511 932 1541 960 et
1565 925 1752 960 ordinamus
1774 926 1862 971 quod
1875 929 1958 958 santur,
1994 924 2014 953 ΛΙ

1116 982 1155 1015 de
1174 987 1291 1022 cetero,
1311 981 1478 1026 perpetuis
1497 980 1615 1014 futuris
1642 979 1861 1024 temporibus,
1875 961 2015 1021 {ssffi'nssmss

1876 1028 1900 1048 et
1913 1022 1999 1048 concil}

1876 1055 1967 1079 «1οηὶἰηί-
1989 1066 1996 1073 v
2014 1052 2015 1067 ¹
