2059 3228
86 272 137 298 An.
151 271 179 297 C.
198 271 265 298 1572

330 270 370 306 ⁶28
867 288 1049 314 nummum
1074 290 1227 315 ROMANUM
1827 288 1880 316 An.
1892 284 1923 313 c.
1937 283 2008 312 1572

286 334 369 375 diei,
393 337 540 380 suspendi
580 347 627 371 vei
664 340 929 374 excommunicari
970 353 1032 375 non
1064 343 1138 376 tiam
1161 344 1382 386 praedecessor
1405 351 1527 388 noster,
1552 348 1646 381 victui
1680 360 1805 394 quoque

285 389 404 431 possint
421 400 477 433 per
494 391 612 423 litteras
629 392 814 434 apostolicas
831 403 894 426 non
911 394 1026 428 facien·
1061 402 1091 429 et
1122 398 1359 430 necessitatibus
1383 399 1524 442 ipsarum
1548 402 1728 445 prospicere
1751 415 1804 437 cu-

118 1339 245 1362 Exordium.

116 1882 267 1902 'tridentinum

218 1916 246 1928 Ή
266 1881 402 1929 ,(18ῐηίΠί
426 1882 598 1922 decretum,
624 1891 686 1924 quo
711 1881 895 1913 constitutio
928 1881 1024 1913 felicis

174 1942 184 1954 ²
201 1943 206 1954 ¹
223 1942 244 1955 ³⁰
260 1935 508 1968 ·rccordationis
532 1934 681 1967 Bonisacii
707 1934 807 1976 Papae
832 1934 909 1973 l'lll,
935 1944 1026 1975 prae-

86 1967 139 1981 ναῖε
155 1963 214 1981 iubet
230 1962 250 1983 -2,

286 446 332 474 tes
356 442 478 485 plenam
503 448 534 475 et
558 454 734 486 expressam
758 455 794 478 ac
819 445 855 478 de
881 447 974 479 verbo
993 447 1030 479 ad

286 494 416 526 verbum
438 495 475 527 de
492 495 613 528 indulto
627 496 808 531 huiusmodi
826 499 1029 532 mentionem.

328 548 440 580 Datum
472 548 589 581 Romae
619 550 704 592 apud
735 550 765 584 S.
797 552 941 591 Petrum,
973 552 1030 584 sub

285 601 402 633 annulo
445 600 610 634 piscatoris
654 602 704 635 die
747 613 813 636 xxii
852 603 1029 636 decembris

286 663 426 693 nntxxn,
451 653 653 696 pontificatus
676 655 776 688 nostri
801 666 886 688 anno
909 665 930 688 1.

320 716 379 742 Dat.
398 716 441 742 die
459 715 494 742 22
510 717 609 745 decem.
631 717 707 752 1572„
726 718 824 753 pontif.
845 725 915 744 anno
936 726 955 745 1.

619 869 695 902 XIll.

284 971 461 1005 Declaratio
489 973 573 1006 circa
603 974 809 1016 eleemosynas
839 971 1031 1005 monialibus

327 1026 524 1058 servantibus
547 1026 729 1059 clausuram
747 1025 956 1069 praestandas
982 1027 1001 1056 ¹.

333 1140 471 1177 Gregorius
492 1141 631 1177 episcopus
651 1149 745 1170 servus
765 1148 899 1169 servorum
922 1140 976 1173 Dei,

438 1190 471 1219 ad
492 1193 643 1226 perpetuam
663 1190 702 1219 rei
723 1189 882 1218 memoriam.

327 1298 390 1333 Deo
414 1299 512 1333 sacris
527 1298 714 1342 virginibus,
732 1307 822 1341 quae,
838 1295 1028 1339 contemptis

284 1351 439 1386 illecebris
452 1352 577 1392 saeculi,
591 1351 705 1384 divinis
722 1360 754 1383 se
767 1349 926 1392 obsequiis
940 1358 1029 1381 man-

285 1404 441 1448 ciparunt,
455 1404 681 1449 aequissimum
697 1408 743 1436 est
766 1402 935 1446 praecipua
953 1413 1028 1446 qua-

284 1456 357 1489 dam
381 1467 399 1489 a
415 1457 507 1490 nobis
519 1468 554 1490 ac
567 1456 719 1499 singulari
734 1456 943 1489 sollicitudine
956 1465 1027 1498 pro-

283 1511 401 1551 videri,
425 1515 493 1543 tum
517 1515 549 1543 ut
575 1511 614 1543 ab
637 1509 682 1542 eis
706 1509 827 1548 omnia,
853 1518 933 1552 quae
957 1518 1027 1540 san-

283 1571 369 1600 ctum
393 1566 534 1609 ipsarum
558 1563 754 1607 propositum
779 1561 933 1605 impedire
957 1571 1027 1604 pos-

282 1624 362 1660 sent,
386 1622 617 1657 removeantur,
641 1621 708 1648 tum
736 1614 831 1648 etiam
856 1619 890 1646 ut
915 1613 969 1653 eis,
994 1613 1026 1644 in

281 1674 368 1706 cultu
383 1672 436 1705 Dei
453 1677 536 1705 caste
549 1681 584 1703 ac
598 1669 742 1711 religiose
756 1666 1026 1711 permanentibus,

280 1736 361 1768 quae
385 1725 425 1757 ad
448 1724 565 1756 victum
578 1721 756 1755 necessaria
773 1725 856 1761 sunt,
870 1718 1025 1753 submini-

280 1782 431 1811 strentur.

323 1830 338 1873 5
361 1829 392 1863 1.
417 1829 453 1862 Et
466 1829 603 1872 quidem,
621 1828 701 1872 posti
719 1828 799 1861 sacri
813 1827 938 1860 concilii
957 1827 1027 1859 Tri-

280 1988 452 2022 deeessoris
475 1988 585 2028 nostri,
610 1998 690 2030 quae
707 1986 815 2028 incipit
834 1986 1023 2025 periculoso,

279 2046 459 2081 renovatur,
472 2040 645 2084 prohibens
669 2050 708 2072 ne
732 2045 785 2071 aut
811 2038 885 2081 ipsis
903 2038 1025 2070 monia-

279 2095 360 2128 libus
383 2106 419 2127 ex
443 2092 643 2127 monasteriis
667 2092 731 2125 suis
754 2091 872 2133 egredi,
887 2096 939 2123 aut
960 2091 1022 2131 ulli,

279 2148 507 2190 cuiuscumque
531 2156 621 2179 sexus
645 2149 698 2177 aut
721 2143 852 2183 ordinis,
870 2154 1024 2187 personae

279 2201 319 2233 ad
332 2211 384 2233 eas
401 2200 524 2243 ingredi
537 2199 638 2239 liceat,
652 2202 680 2231 et
695 2202 858 2241 praeterea
871 2197 1024 2230 universis

279 2253 433 2296 episcopis
446 2251 638 2295 praecipitur
654 2256 687 2284 ut
705 2251 738 2283 in
755 2251 902 2283 omnibus
916 2261 1024 2283 mona-

279 2305 384 2338 steriis
397 2305 455 2337 sibi
469 2304 626 2344 subiectis,
636 2303 808 2343 ordinaria,
822 2303 855 2334 in
868 2303 937 2335 aliis
950 2314 1024 2336 vero

267 2357 368 2390 ⁴Sedis
384 2358 488 2399 Apost.
506 2356 692 2389 auctoritate
712 2357 890 2388 clausuram
907 2356 1022 2388 sancti-

280 2410 477 2450 monialium,
494 2410 547 2442 ubi
571 2410 694 2449 violata,
707 2408 875 2452 diligenter
888 2409 1023 2450 restitui,

281 2465 335 2497 uhi
348 2474 420 2496 vero
434 2463 592 2503 inviolata,
609 2461 788 2495 conservari
805 2462 939 2495 maxime
953 2472 1024 2505 pro-

1061 449 1159 491 piens,
1173 460 1244 482 cum
1268 451 1431 493 superiora
1454 452 1506 486 illa
1530 455 1733 497 approbasset
1758 462 1806 490 at-

1060 512 1119 544 que
1154 502 1348 543 innovasset,
1374 504 1546 548 eademque
1570 517 1675 541 omnia
1708 510 1806 544 etiam

1060 552 1091 584 in
1110 553 1298 587 monialibus
1315 565 1589 602 quarumcumque
1606 561 1805 605 militiarum,

1059 605 1152 638 etiam
1177 607 1487 652 Hierosolymitanae,
1512 612 1721 658 omnibusque
1735 615 1805 650 aliis

1061 658 1151 691 tacite
1183 660 1230 691 vel
1253 670 1396 703 expresse
1421 663 1617 706 Religionem
1640 667 1804 710 professis,

1060 721 1258 755 quocumque
1290 724 1418 749 nomine
1449 723 1672 762 censerentur,
1700 721 1804 754 locum

1061 763 1177 796 habere
1201 765 1397 808 decrevisset,
1409 778 1449 801 ne
1473 769 1542 803 illae
1566 770 1735 815 quiequam
1751 773 1802 807 de-

1061 817 1202 849 trimenti
1226 817 1260 850 in
1284 821 1522 856 necessitatibus
1545 824 1610 857 suis
1633 825 1692 859 hac
1715 837 1800 861 occa-

1061 868 1147 902 sione
1171 875 1364 913 paterentur,
1382 874 1477 907 etiam
1489 877 1649 920 praecepit
1664 878 1804 912 locorum

1061 922 1230 956 ordinariis
1253 930 1284 957 et
1307 926 1523 968 superioribus
1547 934 1712 971 earum‚ut
1727 930 1798 964 fide-

1061 974 1137 1006 lium
1149 977 1361 1021 eleemosynas
1373 989 1430 1022 per
1437 990 1602 1014 conversas
1611 992 1674 1014 non
1684 983 1797 1025 profes·

1061 1038 1110 1060 sas
1122 1029 1168 1061 vel
1180 1030 1334 1072 professas
1351 1031 1488 1074 quidem,
1502 1034 1556 1066 sed
1569 1035 1679 1067 aetatis
1692 1036 1801 1069 saltem

1061 1082 1270 1125 quadraginta
1293 1094 1448 1117 annorum
1473 1091 1504 1118 et
1524 1086 1711 1129 iampridem
1728 1098 1795 1120 con·

1060 1145 1174 1176 versas,
1198 1146 1278 1179 quae
1300 1137 1334 1169 in
1358 1137 1502 1170 domibus
1525 1139 1692 1181 contiguis,
1716 1145 1800 1172 extra

1060 1193 1165 1221 tamen
1182 1190 1419 1230 monasterium,
1432 1191 1593 1234 degerent,
1610 1192 1802 1234 colligendas

1058 1248 1214 1283 curarent,
1224 1242 1267 1275 ita
1279 1247 1384 1275 tamen
1398 1248 1430 1275 ut
1448 1240 1626 1286 prafflictae
1636 1254 1802 1277 conversae

1058 1305 1160 1338 neque
1184 1296 1360 1329 clausuram
1377 1296 1510 1329 aliarum
1527 1296 1723 1337 monialium,
1740 1296 1802 1329 nisi

1058 1348 1089 1380 in
1113 1348 1237 1381 casibus
1260 1348 1438 1392 permissis,
1463 1349 1719 1391 ingrederentur,
1744 1358 1803 1381 nec

1056 1411 1092 1433 ex
1116 1401 1176 1434 illis
1200 1401 1275 1444 ipsis
1299 1401 1550 1434 habitationibus
1574 1401 1637 1434 suis
1661 1402 1700 1434 ad
1725 1402 1801 1434 tales

1057 1454 1265 1497 eleemosynas
1282 1455 1482 1497 colligendas,
1496 1455 1563 1488 sine
1581 1455 1736 1498 permissu
1748 1465 1800 1488 or-

1057 1505 1254 1539 dinariorum
1278 1512 1331 1539 aut
1347 1507 1547 1550 superiorum
1561 1518 1700 1548 suorum,
1714 1507 1800 1541 exire

1056 1564 1190 1602 possent.
1215 1559 1303 1598 Quod
1326 1560 1351 1592 si
1376 1570 1414 1592 ne
1439 1560 1499 1593 hoc
1512 1560 1640 1603 quidem
1657 1560 1799 1593 sufficere

1056 1612 1232 1653 videretur,
1257 1612 1340 1645 idem
1368 1613 1441 1645 Pius
1464 1614 1686 1656 praedecessor
1708 1623 1800 1646 man-

1056 1667 1139 1700 davit
1169 1667 1245 1710 ipsis
1272 1667 1443 1700 ordinariis
1468 1673 1498 1701 et
1522 1669 1739 1712 superioribus
1762 1674 1799 1702 ut

1056 1719 1221 1763 negocium
1251 1719 1360 1762 dai·th
1393 1720 1550 1763 aliquibus
1573 1721 1716 1764 personis
1739 1721 1800 1764 piis

1056 1773 1131 1805 tales
1159 1772 1368 1815 eleemosynas
1393 1773 1576 1815 colligendi,
1601 1775 1724 1818 aliaque
1747 1785 1798 1807 ar-

1055 1824 1172 1856 bitratu
1195 1833 1251 1856 suo
1274 1824 1500 1867 prospicerent,
1526 1835 1606 1868 quae
1631 1825 1670 1858 ad
1694 1826 1798 1859 suble-

1055 1877 1186 1910 vandam
1211 1877 1396 1910 monialium
1422 1877 1561 1920 inopiam
1586 1877 1733 1921 expedire
1750 1878 1798 1911 iu·

1054 1931 1205 1964 dicarent.

1096 1984 1111 2027 §
1135 1983 1162 2016 ⁶2.
1188 1983 1264 2017 Cum
1287 1988 1403 2023 autem,
1417 1983 1496 2016 sicut
1513 1983 1700 2026 accepimus,
1719 1984 1797 2016 mul-

1054 2042 1103 2070 tae
1119 2036 1280 2076 moniales,
1292 2036 1387 2068 etiam
1405 2047 1485 2078 quae
1499 2036 1670 2069 Tertiariae
1683 2047 1797 2070 vocan-

1053 2094 1122 2129 tur,
1146 2088 1204 2120 sub
1234 2087 1364 2120 solemni
1393 2087 1565 2129 Religionis
1589 2092 1660 2120 voto
1684 2098 1796 2131 perpe-

1054 2147 1169 2185 tuaque
1192 2141 1334 2174 clausura
1347 2140 1505 2182 degentes,
1523 2139 1664 2182 aliaeque
1681 2140 1796 2173 talibus

1053 2195 1165 2228 litteris
1187 2193 1432 2237 comprehensae
1455 2198 1486 2225 et
1509 2193 1542 2224 in
1566 2192 1634 2235 ipsa
1651 2192 1798 2225 clausura

1052 2252 1280 2291 permanentes,
1305 2246 1412 2278 multis
1435 2250 1598 2288 praeterea
1626 2245 1664 2277 ad
1688 2255 1721 2278 se
1744 2256 1796 2278 su-

1053 2300 1233 2335 stentandas
1245 2299 1429 2333 necessariis
1446 2303 1568 2341 egeant,
1583 2309 1685 2341 neque
1698 2309 1798 2341 usque

1053 2356 1093 2388 ad
1123 2355 1183 2387 hoc
1213 2359 1336 2396 tempus
1366 2353 1428 2385 ullo
1459 2351 1625 2384 sufficienti
1657 2351 1799 2384 remedio

1053 2418 1163 2441 earum
1186 2405 1422 2439 necessitatibus
1446 2405 1632 2437 subventum
1650 2404 1698 2437 sit.
1715 2404 1797 2442 Quin

1054 2461 1148 2493 etiam
1172 2459 1250 2492 aliae
1263 2458 1433 2491 Tertiariae
1457 2458 1535 2489 citra
1548 2458 1645 2489 ullum
1658 2458 1796 2490 solemne

282 2523 409 2559 curent,
434 2518 504 2561 piae
528 2517 697 2550 memoriae
725 2516 798 2549 Pius
820 2516 903 2559 Papa
928 2516 968 2555 V,
993 2514 1115 2549 c--huc
1146 2523 1244 2556 usque
1272 2517 1377 2544 votum
1409 2511 1529 2550 vivant,
1555 2521 1635 2553 quae
1659 2511 1697 2542 ad
1722 2521 1794 2543 suas

319 2612 326 2628 Ι
349 2610 388 2635 Ad
408 2611 487 2641 haec,
512 2609 571 2634 vide
590 2609 672 2634 etiam
691 2609 733 2634 Pii
754 2611 777 2634 V
796 2610 1024 2636 constitutionem

282 2653 344 2678 xiii,
362 2645 454 2677 Circa,
462 2647 525 2670 tom.
539 2652 588 2675 vu,
605 2652 667 2676 pag.
679 2644 739 2670 447.
752 2644 768 2670 2
781 2644 897 2671 Concilii
911 2645 1024 2671 Triden-
1037 2643 1041 2679 l

1054 2576 1220 2600 suorumve
1243 2565 1351 2597 domos
1375 2563 1557 2605 neutiquam
1574 2563 1731 2595 rediturae
1745 2573 1795 2595 es-

1053 2625 1137 2659 sent,
1162 2618 1216 2651 sed
1240 2617 1296 2650 sub
1320 2616 1448 2649 solemni
1478 2614 1647 2658 Religionis
1670 2620 1741 2647 voto
1765 2619 1796 2647 et

282 2681 335 2706 tini
353 2680 492 2706 decretum
513 2678 587 2705 istud
606 2679 687 2705 habes
707 2680 735 2705 in
754 2688 820 2706 sess.
840 2688 906 2712 xxv,
925 2688 981 2713 cap.
997 2689 1022 2708 v.
1052 2673 1194 2705 clausura
1211 2669 1378 2714 praedictis
1397 2673 1629 2712 permanerent,
1643 2668 1667 2701 si
1684 2679 1794 2702 earum

1851 1982 1920 2004 Causa
1932 1983 2001 2004 huius

1810 2010 1970 2031 constitutionis
1974 2024 1980 2032 .
