2059 3228
53 215 166 276 &iffi

151 1623 309 1657 subiicere
329 1628 359 1656 et
378 1623 553 1666 applicare,
571 1627 625 1655 aut
636 1622 812 1666 mancipari
823 1633 897 1666 pro-

152 1687 277 1717 curare,
298 1687 358 1709 nec
377 1676 535 1709 beneficia
552 1676 782 1716 ecclesiastica,
795 1687 896 1719 quae-

153 1740 292 1774 cumque
303 1730 350 1763 vel
361 1729 610 1773 qualiacumque
623 1730 697 1770 sint,
712 1729 805 1762 ctiam
819 1729 895 1762 siin-

151 1783 257 1827 pHcia,
273 1788 328 1816 aut
346 1783 517 1826 pensiones
536 1793 594 1816 seu
613 1793 895 1827 quorumcumque

151 1836 315 1869 fructuum
325 1836 374 1869 vel
385 1836 506 1868 iurium
518 1836 761 1875 reservationes,
777 1846 836 1868 nec
853 1836 897 1869 of-

150 1887 234 1930 ficia,
247 1889 343 1922 etiam
363 1889 539 1922 saecularia
554 1893 585 1921 et
603 1889 789 1931 quorumvis
803 1888 896 1922 Ordi-

150 1952 228 1975 num
237 1941 411 1985 regularia,
423 1942 568 1986 recipere
580 1947 610 1975 et
624 1942 776 1982 retinere,
792 1952 896 1985 neque

151 1995 275 2028 scholas
306 2000 429 2036 tenere,
460 2001 514 2028 aut
548 2005 665 2038 pueros
690 1995 896 2028 instruendos

150 2047 307 2091 accipere,
334 2058 394 2081 nec
415 2048 510 2081 etiam
531 2048 747 2082 confessiones
767 2048 892 2088 audire,

151 2106 349 2134 sacramenta
383 2101 577 2142 ministrare,
609 2107 665 2134 aut
694 2102 893 2144 praedicare,

151 2153 215 2186 sive
235 2153 331 2186 etiam
355 2154 587 2198 perfunctorie,
608 2155 803 2191 nullalenus„
818 2166 895 2187 *uus-

150 2216 247 2249 quam
271 2217 308 2239 ac
338 2208 491 2250 nuspiam
519 2206 655 2241 debeant
679 2213 734 2240 aut
758 2207 893 2251 possint,

150 2259 210 2291 sub
230 2259 332 2302 iisque
352 2260 475 2303 poenis,
496 2261 671 2304 apostolica
691 2261 893 2301 auctoritate,

133 2314 261 2345 :tenore
286 2313 517 2356 praesentium,
541 2314 746 2348 decernimus
779 2325 816 2348 ac
840 2315 895 2347 de-

112 2370 118 2375 “
152 2365 322 2399 ιᾱΙαι-ῑιτῐιυεὁ

194 2418 210 2461 ἓ
234 2417 264 2451 7.
282 2417 411 2451 Necnon
437 2418 567 2459 eisdem,
588 2425 652 2452 tam
673 2421 896 2452 ecclesiasticis

937 1623 1105 1663 hactenus,
1129 1627 1354 1665 praeterquam
1390 1626 1495 1653 tamen
1531 1621 1562 1652 in
1597 1620 1682 1652 dieto

937 1676 1129 1710 Cartusiensi
1141 1675 1269 1715 Ordine,
1287 1679 1446 1718 receptos,
1469 1675 1564 1707 etiam
1587 1673 1682 1706 silia-

937 1729 1039 1762 bitum
1060 1740 1118 1773 per
1137 1728 1329 1772 recipientes
1348 1726 1464 1769 gestari
1485 1727 1612 1759 solitum
1627 1736 1681 1757 su-

938 1782 1110 1826 sceperint,
1133 1787 1163 1815 et
1182 1782 1414 1825 professionem
1442 1790 1500 1823 per
1530 1779 1683 1822 ipsosmet

937 1836 1040 1869 emitti
1057 1840 1255 1875 consuetam,
1269 1834 1445 1872 emiserint,
1468 1833 1569 1866 eidem
1592 1842 1683 1873 prae-

937 1889 1042 1933 posito
1062 1889 1203 1932 generali
1219 1889 1267 1920 vel
1284 1887 1474 1930 deputandis
1495 1883 1679 1917 huiusmodi

937 1942 967 1976 id
992 1942 1191 1986 petentibus,
1219 1941 1321 1973 statim
1358 1951 1388 1972 et
1421 1940 1540 1981 absque
1574 1937 1682 1980 aliquo

937 1996 1051 2028 iudicis
1084 1995 1263 2027 ministerio
1296 1999 1350 2026 aut
1381 1991 1509 2025 lieentia
1538 1991 1679 2033 capitum

937 2049 1090 2083 Ordinum
1105 2059 1283 2091 eorumque
1295 2047 1496 2090 superiorum
1508 2048 1680 2087 expectata,

937 2108 967 2135 et
986 2103 1071 2146 quod
1097 2100 1385 2134 excoinmunicatio
1411 2104 1440 2131 et
1468 2108 1590 2140 poenae
1618 2097 1680 2128 hu-

937 2155 1075 2189 iusmodi
1092 2161 1202 2188 contra
1223 2155 1308 2198 ipsos
1328 2152 1518 2194 recipientes
1537 2150 1583 2181 vel
1605 2150 1680 2182 reti-

937 2215 1060 2250 nentes,
1079 2214 1133 2241 aut
1144 2218 1286 2250 egressos
1308 2217 1344 2238 ac
1364 2206 1473 2237 dautes
1494 2203 1678 2244 consilium,

937 2266 1090 2300 auxilium
1106 2267 1152 2298 vel
1169 2266 1307 2297 favorem
1319 2263 1468 2301 inflictae,
1483 2262 1609 2294 veniant
1628 2261 1682 2293 de-

755 241 929 265 cnncomus
962 243 1016 266 xm
1050 243 1094 266 er.
1583 230 1646 263 5303
1699 224 1745 248 Μ·
1775 222 1802 246 ⁴⁴⁷*
1827 219 1890 245 ''³⁷‘’

163 293 294 340 possint,
316 299 347 327 et
377 293 468 327 aliter
494 293 573 326 farta
593 293 751 328 absolutio
773 304 835 326 nou
857 300 902 326 te-
944 294 1068 333 sitinus,
1084 293 1330 337 protectoribus,
1353 292 1511 336 capitibus
1529 291 1686 333 generali—
1707 305 1772 323 amn.
1794 303 1890 326 Religio-

159 353 252 387 nem,
281 347 470 380 subtrahere
494 353 548 380 aut
574 347 680 386 exire,
710 358 769 380 nec
802 358 834 380 se
864 346 902 379 ad
944 346 1003 379 bus
1023 347 1159 389 aliisque
1183 346 1404 389 superiorilms
1428 352 1458 378 et
1483 345 1687 389 particulari-
1708 338 1767 383 5318,
1804 336 1890 354 mmm*

159 400 344 445 quempiam
373 399 493 439 alium,
534 400 630 433 etiam
667 400 901 433 Cartusiensem
943 400 1014 440 bus,
1042 411 1081 432 ne
1099 400 1283 443 quempiam
1310 411 1344 431 cx
1371 400 1453 432 dicta
1474 398 1630 431 Societate
1656 399 1688 430 in

158 453 307 488 Ordinem
329 453 526 494 huiusmodi,
550 453 796 496 praemissarum
818 453 902 485 litte·
944 453 1090 497 partibus
1106 459 1194 485 extra
1210 453 1369 495 Europam
1387 453 1635 485 consistentibus
1650 452 1687 485 ad

157 516 266 540 rarum
285 512 339 539 aut
359 507 499 540 cuiusvis
519 512 629 540 contra
646 507 774 539 illarum
795 505 901 548 dispo·
943 516 1056 539 eorum
1086 506 1237 539 Ordinem
1264 517 1319 537 seu
1353 511 1527 537 conventus
1553 510 1606 537 aut
1630 506 1687 538 do-

157 559 305 594 sitionem
326 560 446 593 obtenti
463 566 492 593 rt
511 560 624 593 adicto
645 558 826 604 praeposito
844 568 899 601 gc-
943 569 1012 592 mos
1036 559 1195 602 quaslibet
1218 564 1452 595 transeuntem,
1475 560 1594 601 absque
1620 569 1687 601 spe-

157 611 258 646 ncrali
300 622 364 646 non
406 612 575 657 approbz‘iti
618 612 732 645 indulti
777 611 899 653 vigore,
943 612 1078 645 cialibus
1104 611 1277 655 praepositi
1310 612 1468 654 generalis
1498 623 1552 643 seu
1588 612 1688 655 ‹lepu-

157 664 328 699 transl'erre
345 666 461 699 audeat
480 677 536 699 seu
552 670 753 710 praesumat,
772 664 827 697 scd
844 663 899 707 qui
943 666 1113 698 tandorum
1128 665 1313 698 huiusmodi
1327 664 1593 697 testimonialibus
1608 665 1687 697 litle-

155 719 194 753 ad
213 719 293 753 alios
306 718 454 759 Ordines,
474 724 698 762 praeterquam
719 717 900 750 Cartusien-
942 718 1003 759 ris,
1028 719 1118 751 nullo
1153 718 1241 757 iure,
1275 719 1364 750 nullo
1404 719 1572 750 saurtioris
1608 718 1687 750 ritae

154 782 232 813 sem,
255 772 287 805 in
311 782 515 815 quacumque
540 772 626 804 orbis
653 777 741 814 parte
772 771 812 803 ab
834 771 900 813 ipsa
942 782 1041 815 penso
1065 777 1120 805 aut
1149 771 1359 811 conscientia,
1387 772 1539 814 nullaque
1577 783 1687 804 neees-

153 824 308 859 Societate
337 826 491 858 hactenus
517 836 549 858 se
582 825 830 865 transtulerunt,
860 825 899 857 ad
941 825 1040 858 sitatis
1060 836 1167 864 causa,
1188 825 1334 868 recipere
1354 824 1402 856 vel
1419 824 1570 861 relinere,
1592 825 1686 856 etiam

140 878 240 917 Villam
255 888 299 919 se,
316 883 346 912 et
356 883 526 922 postquam
548 877 660 910 moniti
683 877 814 917 fuerint,
836 883 898 910 sta—
941 878 1057 910 virtute
1088 878 1322 920 cuiuscumque
1351 876 1470 919 gratiae
1505 887 1601 918 super
1625 877 1686 909 lioc

152 932 295 973 tim,su}›
315 931 435 965 eisdem
449 930 569 975 poenis,
591 931 679 964 nulla
695 931 898 963 excusatione
941 931 986 964 eis
1005 930 1187 974 specialiter
1211 941 1228 962 a
1253 930 1332 962 Sede
1357 929 1509 972 praefata,
1532 929 1590 961 sub
1614 929 1686 972 qui-

152 991 207 1019 aut
230 985 424 1018 infirmitatis
443 984 490 1017 vel
509 995 597 1017 mora
617 989 671 1017 aut
687 984 803 1017 forensi
821 994 898 1017 con·
940 984 1046 1017 husvis
1070 983 1222 1017 clausulis
1246 988 1276 1015 et
1300 982 1437 1015 decretis
1457 993 1493 1015 ac
1517 983 1685 1024 derogato-

151 1038 293 1072 tentione
318 1049 375 1071 seu
410 1037 625 1081 appellatione
657 1037 843 1077 interiectis,
866 1048 898 1070 se
940 1037 1062 1070 riarum
1104 1036 1330 1079 derogatoriis‚
1371 1035 1429 1068 nisi
1468 1035 1684 1078 praesentium

151 1092 306 1125 reducere
330 1097 361 1124 et
381 1092 585 1135 superiorum
606 1090 799 1124 correctioni
825 1091 898 1123 sub-
940 1091 1074 1123 litterar.
1098 1098 1245 1133 expressa
1265 1090 1319 1122 fiat
1341 1088 1472 1128 mentio,
1496 1099 1683 1127 concessae,

152 1145 227 1178 dere
257 1149 446 1184 teneantur·,
483 1144 633 1188 quodque
662 1144 816 1187 professio
842 1155 899 1187 per
939 1149 1102 1183 attentent,
1123 1143 1181 1175 sub
1202 1143 1315 1175 similis
1346 1141 1686 1175 excommunicationis

152 1208 207 1232 eos
226 1198 301 1231 alibi
322 1209 419 1243 quam
445 1198 477 1230 in
502 1197 586 1230 dicta
606 1197 762 1230 Societate
783 1197 898 1230 emissa
939 1208 997 1240 per
1017 1207 1083 1236 eos,
1105 1207 1141 1229 ac
1166 1202 1228 1229 tam
1255 1195 1331 1238 ipsis
1356 1206 1452 1237 quain
1487 1195 1579 1227 dictis
1604 1196 1685 1227 ell'u-

151 1251 273 1284 nullius
291 1251 332 1284 sit
351 1250 505 1284 momenti
530 1261 591 1283 nec
613 1250 747 1291 vinculi,
769 1255 797 1282 et
819 1250 898 1282 inte—
939 1250 1100 1292 gientibus
1124 1250 1291 1289 auxilium,
1325 1248 1495 1281 consilium
1520 1249 1568 1281 vel
1598 1249 1684 1280 favo-

151 1305 212 1340 rim
222 1304 298 1338 dicti
308 1304 561 1348 effugientesaut
572 1303 689 1348 egressi
700 1304 897 1347 nullispror-
939 1314 1019 1343 rem,
1042 1303 1171 1347 publice
1190 1303 1238 1335 vel
1267 1303 1405 1342 occulte,
1427 1302 1547 1334 directe
1567 1302 1613 1333 vel
1635 1301 1684 1333 in-

150 1367 204 1392 Sus
216 1357 508 1391 ecclesiasticorum
528 1362 583 1390 aut
598 1357 813 1390 saecularium
833 1356 897 1389 sive
939 1357 1071 1397 directe,
1091 1357 1213 1395 dautes,
1236 1356 1305 1399 ipso
1325 1355 1407 1387 sacto
1433 1360 1462 1387 et
1482 1355 1602 1397 absque
1622 1354 1684 1386 alia

149 1411 429 1456 patriarcharum,
458 1409 649 1454 primatum,
683 1409 897 1453 archiepisco·
938 1410 1067 1443 illarum
1093 1409 1319 1447 declaratione,
1344 1408 1604 1452 promulgatione
1629 1413 1685 1440 aut

150 1474 266 1508 porum
281 1464 329 1498 vel
341 1464 569 1508 episcoporum
585 1464 896 1506 autimperatorum,
938 1463 1185 1496 denunciatione
1205 1462 1360 1501 facienda,
1381 1461 1585 1494 incurrendis
1605 1471 1682 1505 poe*

151 1523 276 1561 regum,
291 1516 424 1557 ducum,
446 1516 628 1560 principum
645 1517 693 1549 vel
710 1521 894 1559 magnatum
938 1516 999 1557 nis,
1016 1516 1211 1549 inhibemus.

151 1581 432 1614 quorumcumque
452 1570 588 1603 servitiis
599 1570 646 1603 vel
663 1570 851 1602 assistentiis
864 1580 896 1603 se
981 1570 996 1613 ἓ
1021 1569 1051 1602 8.
1070 1570 1265 1607 Mandantes,
1288 1568 1346 1601 sub
1367 1567 1485 1600 eisdem
1503 1567 1628 1611 poenis,
1647 1572 1683 1599 ut
1707 1577 1841 1623 misfflnssmu
1856 1577 1888 1596 ‹n-

937 2324 1118 2363 clarandae,
1141 2328 1195 2355 aut
1224 2321 1368 2365 quolibet
1393 2319 1454 2352 alio
1481 2319 1680 2361 cxcogitabili
1704 2355 1709 2361 ι

937 2386 1102 2426 praetextu
1119 2386 1273 2419 cessante,
1286 2378 1410 2411 tradere
1426 2382 1455 2409 et
1475 2377 1679 2419 consignare,

937 2439 1025 2473 acin
1047 2445 1196 2472 eventum
1228 2437 1257 2469 in
1282 2446 1378 2480 quem
1409 2435 1454 2467 sic
1475 2446 1616 2478 egressos
1641 2435 1680 2467 ad

937 2499 1016 2531 alios
1042 2502 1216 2530 conventus
1240 2495 1286 2527 vel
1318 2495 1430 2526 domos
1465 2498 1682 2536 transportare

937 2556 1071 2589 fecerint
1095 2559 1149 2587 aut
1173 2551 1389 2597 permiserint,
1411 2551 1476 2584 suis
1496 2551 1642 2594 expensis
1653 2556 1683 2583 et

38 2479 85 2506 ,1,
102 2488 140 2508 eos
152 2475 249 2510 quam
269 2466 488 2499 saecularibus
501 2468 656 2510 personis,
676 2468 796 2507 aliisve,
815 2479 896 2510 qua-

27 2517 142 2569 ·f‘glmffi
153 2514 200 2548 vis
219 2514 388 2558 dignitate,
408 2515 509 2558 gradu
542 2521 572 2548 et
599 2516 721 2549 honore
753 2516 896 2559 praeful-

22 2577 140 2600 ,οηιιῑωιῑψ
153 2563 312 2606 gentibus,
336 2565 394 2597 sub
410 2564 574 2607 ingressus
594 2564 761 2604 ecclesiae;
775 2575 812 2597 ac
825 2564 896 2608 qui·
924 2588 927 2592 -

35 2606 141 2634 '‘¹¹⁸¹“'⁰⁵
153 2611 258 2647 busvis
277 2613 434 2646 Ordinum
450 2613 648 2653 eorumdem,
669 2614 763 2646 etiam
784 2614 895 2647 Cartu-

33 2639 46 2658 ι.
58 2635 104 2661 iesu
119 2639 140 2661 in
231 2661 256 2692 B
276 2663 296 2692 Η
327 2662 350 2693 R
743 2662 760 2692 d
938 2613 1102 2658 periculis,
1124 2622 1179 2644 eos
1194 2610 1360 2653 requirere
1380 2615 1411 2642 et
1431 2609 1611 2648 restituere,
1629 2608 1683 2640 da-

46 2674 55 2684 ·
258 2673 273 2692 u
293 2684 303 2691 η.
353 2673 403 2692 οηι.
432 2663 485 2692 Vol.
507 2663 575 2692 vm.
743 2663 749 2672 ⁸
763 2663 780 2691 ¹.)
