2059 3228
161 258 213 284 An.
233 256 261 283 C.
283 259 349 284 1579
406 257 468 290 958
941 267 1123 292 numanum

360 320 502 362 pluribus
527 320 642 352 abhinc
678 319 771 352 annis
793 319 903 353 eodem
933 319 965 352 in
989 319 1103 351 Ordine

360 373 487 404 inolevit
505 399 512 411 ,
541 372 624 415 quod
649 372 681 404 in
705 378 867 415 posterum
905 372 1003 405 abbas
1027 372 1104 405 San-

359 432 482 457 ctorum
507 425 648 463 Quatuor
660 425 890 459 Coronatorum
907 426 1054 458 similiter
1066 425 1103 457 de

361 478 459 515 l'rbe,
486 478 539 521 qui
564 478 650 510 nudo
677 483 802 511 tantum
825 479 953 511 nomine
977 478 1102 518 utitur,

359 531 433 562 dum
459 531 491 563 in
515 531 667 563 aedificiis
690 531 793 564 dictae
819 531 968 564 ecclesiae
992 531 1104 564 trium-

359 594 419 625 que
434 584 696 617 monasteriorum
712 584 786 617 dicti
805 584 931 617 Ordinis
945 584 1029 616 haud
1042 588 1104 616 sta—

359 642 409 668 tus
433 643 460 669 et
485 637 620 669 essentia
656 637 810 680 regularis
841 638 923 669 illius
963 637 1103 669 instituta

358 689 477 729 suerit,
502 701 610 723 verum
634 691 851 733 superioribus
875 691 966 723 annis
984 718 991 730 ‚
1016 690 1103 723 brevi

357 749 481 776 tantum
502 750 650 787 tempore,
668 744 839 784 cardinale,
857 743 910 786 qui
928 743 1031 776 eidem
1055 753 1104 775 ec-

357 797 468 830 clcsiae
504 803 578 830 tunc
610 803 769 841 prtem-at,
809 808 845 830 ac
868 797 957 829 cuius
997 796 1105 828 titulus

357 849 570 883 cardinalatus
609 849 692 882 dicta
731 850 860 882 ecclesia
900 855 973 881 tunc
1010 853 1104 889 erat,

358 903 584 944 permittente,
613 903 731 946 aliquot
767 903 914 935 monachi
943 902 1104 936 Camaldu-

357 956 458 987 lenses
482 966 580 998 prope
603 956 720 988 dictam
738 955 903 988 ecclesiam
917 955 1103 988 Sanctorum

357 1007 498 1046 Quatuor
514 1008 775 1048 inhabitaverint,
793 1019 850 1041 nec
867 1009 950 1052 apud
968 1019 1038 1042 eam
1055 1019 1104 1042 ec-

356 1061 481 1093 clesiam
513 1061 708 1101 resederint,
734 1066 768 1094 ut
791 1061 864 1094 inde
895 1062 1017 1105 aliquos
1040 1062 1104 1094 fru-

356 1120 425 1148 ctus
449 1115 675 1158 perceperint,
700 1125 739 1147 ne
763 1124 905 1158 unquam
942 1114 1079 1157 eligatur
1096 1142 1104 1155 ‚

356 1178 501 1211 expresse
525 1167 744 1210 prohibemus.

401 1222 416 1264 ξ
440 1221 470 1254 6.
494 1222 536 1254 Ae
566 1221 641 1253 dum
666 1220 812 1263 regimini
849 1226 880 1254 et
903 1221 1104 1254 administra-

358 1274 436 1308 tioni
462 1273 644 1307 monasterii
674 1273 780 1306 Sancti
805 1273 963 1317 Hyppoliti
987 1274 1105 1307 Faven-

357 1327 424 1368 tin.‚
449 1337 506 1370 pro
532 1332 672 1368 tempore
696 1326 765 1359 eius
797 1326 924 1360 Ordinis
948 1327 1103 1369 generalis

354 1386 476 1424 praeest,
501 1379 640 1422 dumque
664 1379 730 1412 vice
754 1380 911 1422 generalis
935 1380 1045 1413 eodem
1069 1380 1101 1413 in

354 1432 548 1466 monasterio
585 1432 730 1475 fungitur
747 1459 755 1472 ‚
780 1433 898 1465 nullam
936 1443 1044 1466 vocem
1068 1433 1102 1465 in

353 1487 492 1530 capitulo
516 1486 655 1529 generali
679 1486 747 1519 eius
775 1485 922 1527 Ordinis,
938 1491 1102 1529 tamquam

354 1542 431 1574 dicti
449 1540 633 1574 monasterii
652 1539 755 1572 Sancti
770 1539 927 1583 Hyppoliti
943 1540 1100 1583 abbatem,

353 1595 413 1628 sibi
437 1594 598 1627 vindicare
622 1594 735 1633 valere,
759 1603 868 1626 verum
893 1594 932 1626 ad
959 1594 1101 1627 eiusdem

355 1649 509 1692 generalis
532 1647 701 1680 arbitrium
725 1646 845 1679 ibidem
861 1646 936 1690 poni
960 1652 989 1679 et
1014 1657 1101 1679 amo·

355 1703 419 1735 veri
443 1711 533 1745 posse
557 1700 763 1733 declaramus.

398 1756 412 1798 ᾖ
436 1755 465 1787 7.
489 1754 628 1793 Necnon,
646 1762 708 1795 quo
733 1757 838 1785 certus
869 1753 1098 1786 monachorum

153 1803 385 1850 ιεῖξῖᾒξζῖῗὴῗῖζθῐ
402 1807 621 1841 ministrorum
645 1816 806 1845 numerus,
824 1804 907 1837 inter
923 1815 1002 1847 quos
1025 1816 1099 1838 con-

152 1858 541 1903 ?,ssssssb‘g‘mg'ssg‘r’ff‘ventualitas
563 1858 681 1892 servari
705 1857 812 1901 possit,
835 1857 869 1889 in
900 1859 1098 1893 monasteriis

355 1915 429 1947 dicti
448 1913 574 1946 Ordinis
598 1912 709 1951 alatur,
731 1910 913 1953 pauciorem
930 1921 1098 1944 numerum

352 1967 519 2001 duodecim
544 1964 708 1999 monachis
743 1963 861 1996 eisdem
885 1963 918 1995 in
941 1970 1099 1997 monaste-

351 2021 407 2054 riis
431 2018 630 2053 educandum
653 2027 717 2050 non
740 2026 808 2049 esse
831 2025 1021 2055 censemus;
1046 2016 1097 2057 id,

350 2074 375 2105 si
401 2083 491 2106 secus
514 2070 679 2110 evenerit,
703 2079 740 2101 ac
765 2068 796 2101 in
818 2069 1017 2101 monasteriis
1042 2070 1099 2102 rni-

350 2135 410 2158 nor
433 2133 586 2157 numerus
610 2121 774 2155 duodecim
805 2120 970 2153 monachis
993 2121 1097 2163 fuerit,

350 2189 389 2211 ne
414 2177 651 2215 conventuales,
676 2185 755 2218 quos
779 2175 962 2217 appellant,
989 2186 1098 2208 mona-

351 2231 435 2270 chos,
461 2229 515 2273 qui
539 2238 671 2262 numero
695 2227 757 2260 duo
781 2232 864 2266 sunt,
887 2232 918 2259 et
942 2227 981 2259 ad
1005 2238 1097 2269 gene-

350 2284 414 2316 rale
449 2282 621 2325 capitulum
646 2280 823 2318 accedunt,
855 2289 949 2312 causa
984 2280 1097 2312 certio-

352 2336 442 2368 randi
485 2335 658 2377 capitulum
697 2333 735 2366 de
774 2337 858 2365 statu
899 2332 1094 2375 singulorum

351 2388 614 2420 monasteriorum
637 2414 644 2427 ‚
684 2386 800 2429 eligere
840 2385 960 2429 possint
998 2387 1096 2419 inter-

351 2431 495 2470 di‹·inius;
520 2442 554 2463 ac
579 2432 756 2474 generalem
782 2440 838 2473 pro
857 2436 996 2473 tempore
1020 2431 1092 2463 dicti

351 2475 485 2514 Ordinis,
511 2475 600 2508 cuius
625 2485 738 2507 munus
764 2474 893 2506 triennii
922 2474 1023 2516 spatio
1040 2475 1094 2507 ab-

351 2519 505 2556 solvitur,
542 2519 635 2552 tertio
673 2519 740 2551 eius
780 2518 982 2560 magistratus
1010 2528 1094 2551 anno

351 2562 524 2604 syndicatui
565 2563 699 2595 duorum
736 2562 965 2595 monachorum
994 2568 1094 2596 aetate

353 2606 558 2644 graviorum,
599 2607 651 2649 qui
682 2606 719 2637 ad
745 2606 776 2638 id
814 2616 871 2649 per
907 2606 1093 2639 diffinitores

351 2650 395 2681 clc
408 2650 437 2681 ·ti
463 2650 587 2690 suerint,
606 2650 766 2682 subiacere
786 2650 900 2683 debere
917 2650 1092 2683 statuimus.

195 1275 231 1295 ’(Ὶί
244 1276 312 1296 abbae
327 1276 349 1296 S.

156 1302 348 1327 Hyppoiitivueom

156 1335 199 1348 nan
222 1330 303 1348 habeat
325 1330 348 1348 ln

155 1356 251 1377 mnitulo
280 1361 348 1380 geue-

154 1382 204 1403 mli.

1148 267 1300 291 ROMANUM

1175 319 1190 362 g
1214 319 1243 352 8.
1267 320 1311 352 Ac
1335 324 1494 363 postremo
1518 320 1556 353 de
1581 319 1739 364 probitate
1759 323 1791 351 et
1806 328 1882 361 pru-

1133 371 1239 404 dentia
1263 372 1367 406 dilecti
1392 372 1449 405 filii
1473 373 1600 406 Antonii
1626 374 1663 406 de
1687 372 1768 412 Pisa,
1797 381 1882 405 nunc

1134 423 1232 466 ipsius
1268 425 1395 459 Ordinis
1434 427 1590 469 generalis
1607 454 1614 467 ‚
1649 425 1824 469 plurimum
1847 424 1882 457 in

1133 476 1265 510 Domino
1278 478 1536 520 confidentes‚ut,
1549 479 1607 512 hac
1624 479 1690 512 vice
1707 478 1880 518 dumtaxat,

1133 530 1157 565 si
1171 541 1250 574 opus
1262 533 1357 565 fuerit
1374 533 1470 577 idque
1485 533 1631 576 expedire
1649 532 1693 566 illi
1709 531 1882 572 videbitur,

1133 595 1243 618 omnes
1281 585 1356 618 dicti
1381 585 1509 619 Ordinis
1546 586 1732 619 diffinitores
1763 585 1880 628 eligere

1134 637 1243 677 valeat,
1266 638 1446 671 facultatem
1470 639 1686 682 impartimur-3
1711 649 1747 672 ac
1770 637 1880 671 omnia

1133 693 1164 720 et
1186 689 1320 731 singula,
1338 701 1420 733 quae
1434 691 1582 733 prudenti
1599 697 1630 724 et
1646 697 1771 724 maturo
1795 690 1878 723 iudi-

1134 740 1183 774 cio
1195 741 1299 775 dilecti
1312 743 1368 776 filii
1391 744 1491 777 nostri
1504 744 1674 778 Ptolomaei
1691 744 1774 777 tituli
1799 744 1877 777 San-

1134 798 1202 827 ctae
1218 795 1359 838 Agathae
1376 797 1550 840 presbyteri
1567 797 1736 830 cardinalis
1747 797 1879 830 Comen-

1134 846 1176 880 sis
1198 849 1384 892 nuncupati,
1407 850 1483 883 dicti
1507 849 1635 883 Ordinis
1650 850 1735 893 apud
1750 860 1808 883 nos
1824 850 1879 884 Se-

1134 901 1269 945 demque
1281 903 1491 946 Apostolicam
1508 903 1707 946 protectoris,
1731 903 1771 936 ad
1794 903 1878 936 eius-

1134 954 1205 988 dem
1242 955 1368 990 Ordinis
1406 956 1662 990 reformationem
1701 961 1818 989 statuta
1847 961 1880 990 et

1133 1008 1280 1041 ordinata
1302 1014 1401 1050 sunt,
1425 1009 1603 1052 quibusque
1642 1009 1711 1043 eius
1747 1008 1878 1053 propria

1135 1071 1231 1093 manu
1246 1061 1330 1095 idem
1342 1062 1539 1095 Ptolomaeus
1555 1062 1725 1095 cardinalis
1741 1061 1879 1095 subseri-

1134 1113 1206 1156 psit,
1229 1124 1365 1157 quorum
1389 1121 1523 1156 tenoreS,
1548 1126 1584 1148 ac
1607 1116 1632 1148 si
1658 1115 1697 1148 de
1718 1115 1814 1149 verbo
1837 1114 1878 1148 ad

1133 1167 1264 1199 verbum
1298 1167 1516 1202 insererentur
1549 1167 1770 1212 praesentibus
1785 1194 1796 1209 ‚
1818 1177 1879 1211 pro

1133 1220 1285 1262 expressis
1301 1230 1338 1254 ac
1353 1221 1391 1254 de
1408 1221 1503 1254 verbo
1530 1221 1570 1254 ad
1595 1221 1725 1254 verbum
1749 1220 1878 1254 insertis

1134 1272 1311 1314 habemus,
1335 1274 1548 1317 approbamus
1581 1279 1612 1307 et
1648 1274 1876 1307 confirmamus

1133 1336 1168 1358 ac
1183 1325 1358 1368 praesentis
1373 1326 1482 1369 scripti
1498 1327 1675 1369 patrocinio
1697 1327 1876 1360 communi-

1133 1388 1201 1410 mus
1218 1404 1227 1418 ,
1254 1388 1426 1421 omnesque
1459 1384 1491 1412 et
1514 1379 1655 1422 singulos
1692 1385 1758 1414 tam
1794 1379 1875 1414 iuris

1131 1441 1226 1475 quam
1249 1431 1323 1464 facti
1346 1431 1494 1473 defectus,
1518 1432 1542 1465 si
1568 1432 1622 1476 qui
1645 1433 1752 1466 forsan
1775 1432 1874 1466 inter-

1130 1484 1273 1518 venerint
1295 1484 1329 1517 in
1351 1484 1481 1526 eisdem,
1505 1486 1703 1529 supplemus;
1725 1495 1877 1529 praesen-

1131 1542 1239 1581 tesque
1261 1547 1299 1570 ac
1322 1537 1357 1569 in
1380 1537 1472 1570 dictis
1500 1537 1625 1570 statutis
1647 1542 1679 1570 et
1701 1537 1875 1571 ordinatio-

1130 1591 1223 1623 nibus
1247 1595 1393 1623 contenta
1406 1601 1463 1634 per
1486 1601 1702 1635 quoscumque
1725 1591 1802 1625 dicti
1817 1591 1874 1626 Or-

1129 1644 1213 1677 dinis
1236 1643 1407 1677 monachos
1430 1649 1461 1677 et
1483 1644 1674 1687 professores
1690 1671 1699 1685 ‚
1723 1654 1875 1688 quacum-

1129 1707 1189 1740 que
1213 1696 1366 1738 dignitate
1389 1696 1558 1740 praeditos,
1568 1697 1730 1730 observari
1746 1697 1873 1740 debere,

1129 1754 1157 1781 et
1182 1749 1220 1781 ad
1244 1749 1276 1782 id
1299 1760 1357 1793 per
1394 1749 1605 1793 privationem
1639 1751 1817 1785 officiorum
1841 1756 1874 1786 et

1129 1803 1321 1846 dignitatum
1335 1831 1343 1845 ‚
1368 1815 1449 1847 quae
1473 1805 1640 1846 obtinent,
1663 1816 1700 1838 ac
1723 1804 1875 1838 inhabili-

1129 1856 1202 1890 tatis
1214 1857 1253 1889 ad
1271 1857 1322 1889 illa
1338 1863 1369 1890 et
1385 1857 1446 1889 alia
1462 1857 1495 1889 in
1512 1862 1674 1901 posterum
1689 1857 1873 1899 obtinenda,

1129 1922 1164 1943 ac
1187 1910 1315 1943 demum
1339 1910 1481 1942 censuris
1503 1915 1535 1942 et
1558 1909 1668 1953 poenis
1685 1910 1874 1945 eeclesiasti-

1128 1962 1172 1996 cis
1196 1962 1265 2005 cogi
1290 1967 1321 1995 et
1345 1962 1488 2005 compelli
1506 1972 1607 2005 posse,
1621 1962 1729 2006 sicque
1752 1968 1783 1997 et
1806 1974 1873 1998 non

1128 2016 1228 2056 aliter,
1248 2026 1305 2059 per
1328 2025 1542 2058 quoscumque
1558 2015 1678 2049 iudices
1692 2017 1873 2052 ordinarios

1128 2075 1158 2102 et
1181 2069 1350 2111 delegatos,
1373 2079 1409 2100 ac
1433 2073 1559 2101 sanctae
1590 2069 1749 2103 Romanae
1769 2069 1873 2104 Eccle-

1128 2123 1191 2155 siae
1214 2122 1400 2162 cardinales,
1424 2121 1564 2165 dictique
1583 2121 1708 2155 Ordinis
1718 2132 1778 2166 pro
1793 2127 1872 2156 tem-

1129 2186 1203 2219 pore
1229 2175 1395 2208 existentes
1423 2179 1871 2218 protectores,causarumque

1127 2228 1235 2261 Palatii
1260 2227 1427 2270 Apostolici
1460 2227 1621 2260 auditores
1637 2254 1646 2268 ,
1680 2227 1803 2260 sublata
1825 2225 1872 2260 eis

1126 2287 1154 2314 et
1176 2291 1286 2315 eorum
1310 2281 1437 2314 cuilibet
1463 2280 1571 2324 quavis
1595 2280 1685 2313 aliter
1708 2279 1870 2312 iudicandi

1125 2341 1155 2368 et
1179 2335 1407 2378 interpretandi
1439 2334 1584 2366 facultate
1607 2338 1637 2366 et
1661 2332 1848 2366 auctoritate
1862 2358 1870 2373 ,

1126 2389 1242 2431 ubique
1267 2387 1399 2421 iudicari
1425 2392 1453 2419 ct
1480 2386 1609 2419 diffiniri
1635 2386 1760 2424 debere;
1777 2383 1868 2417 acir-

1126 2441 1220 2473 ritum
1237 2447 1268 2473 et
1285 2440 1379 2472 inane
1396 2439 1605 2479 decernimus,
1623 2439 1648 2471 si
1665 2449 1754 2471 secus
1774 2447 1870 2481 super

1126 2494 1173 2527 his
1197 2503 1215 2525 a
1239 2503 1410 2536 quoquam,
1428 2492 1538 2535 quavis
1554 2491 1750 2530 auctoritate,
1768 2490 1868 2524 scien-

1125 2551 1170 2578 ter
1193 2546 1240 2578 vel
1264 2545 1463 2587 ignoranter,
1479 2544 1648 2587 contigerit
1664 2541 1823 2577 attentari.

1165 2597 1234 2641 59.
1258 2597 1411 2635 Quocirca
1449 2597 1681 2630 venerabilibus
1715 2597 1866 2631 fratribus

1125 2650 1325 2683 Maceratensi
1346 2656 1376 2682 et
1399 2650 1548 2683 Amerino
1565 2650 1730 2694 episcopis,
1748 2656 1777 2684 et
1791 2651 1867 2684 dilc-

1918 0 2025 116 Ἴ.

1979 124 2006 157 t?

1894 255 1948 283 An„
1965 255 1995 286 G.
2007 259 2021 286 1

1925 314 2010 338 orm

1890 341 1971 362 utto:-
1980 348 2001 364 ι

1891 369 1933 389 nli
1945 366 2020 396 οΙΙριι

1935 2614 2000 2636 81er

1876 2644 1970 2668 depunu-
