2059 3228
93 236 146 266 An.
165 234 193 262 c.
213 234 280 261 1576
334 231 396 264 140

290 300 346 334 tes,
370 293 429 326 illis
452 291 527 324 alias
544 290 576 322 in
593 299 649 322 suo
665 288 779 321 robore
802 287 1030 331 permansuris,
1060 287 1159 319 dre-tec
1184 284 1328 328 Spinolae
1346 311 1354 324 ,
1389 283 1421 316 in
1460 288 1594 328 utraque
1634 284 1804 328 Signatura

290 346 349 379 hac
373 345 438 377 vice
463 344 630 381 dumtaxat,
655 333 830 384 specialiter
843 346 871 374 et
886 350 1031 383 expresse
1061 342 1166 369 nostra
1205 335 1411 369 referendarii
1455 336 1617 379 dictaeque
1658 337 1805 371 Gamerae

293 399 489 441 derogamus,
513 395 686 438 ceterisque
710 394 878 427 contrariis
903 394 1031 437 quibus·
1061 389 1164 421 clerici
1188 388 1423 431 praesiedentis‚
1437 389 1528 422 nobis
1542 390 1661 423 affatim
1674 401 1802 434 perspe-

294 460 438 493 cunmug,
1063 441 1129 481 ctis,
1154 441 1325 484 plurimum
1351 442 1383 473 in
1407 441 1539 475 Domino
1569 443 1700 485 confisi,
1735 454 1806 487 spe-

337 503 352 544 g
375 502 403 534 6,
428 500 669 544 Cetei-umqum
692 500 817 533 difficile
840 500 919 532 soret
942 508 1034 541 prae-
1064 499 1230 537 rantesque
1253 505 1299 535 ea,
1324 505 1404 537 quae
1427 495 1495 528 eius
1517 507 1610 530 curae
1634 497 1806 531 demanda-

151 560 396 588 rfflestmn-gontes
420 554 538 586 littei-as
561 553 600 586 ad
623 553 746 596 singula
770 563 911 596 quaeque
948 552 1035 589 loca,
1064 546 1210 587 verimus,
1235 547 1321 580 omni
1351 558 1423 580 cum
1451 548 1542 581 laude
1577 554 1739 591 gesturum
1777 553 1810 586 et.

101 597 234 617 ⁵'””p¹⁰“¹¹⁰
296 608 348 640 ubi
374 617 498 639 necesse
510 606 614 647 fuerit,
627 606 751 647 deferri,
763 607 906 639 volumus
919 610 948 637 et
961 613 1035 646 apo·
1066 605 1267 633 executurum
1284 600 1360 640 so're;
1374 605 1463 633 motu
1475 600 1568 633 simili
1581 604 1645 640 elc.;
1662 601 1807 633 eumdem

295 659 403 692 stolica
419 658 605 691 auctoritate
625 659 823 691 decernimus
839 657 923 700 quod
950 662 1037 688 tran·
1066 652 1220 686 Andream
1236 679 1246 695 ,
1269 653 1493 686 frumentariae
1526 664 1668 687 annonae
1709 654 1808 686 almae

295 715 420 754 sumpto
454 711 667 754 praesentium
702 712 877 744 littei-arum
895 738 902 751 ‚
936 710 1038 753 sigillo
1067 705 1160 738 Urbis
1176 710 1207 738 et
1223 706 1336 749 reliqui
1354 706 1456 739 Status
1476 706 1575 739 nostri
1602 705 1807 739 Ecclesiastici

295 764 427 796 alicuius
446 763 578 807 praelati
604 764 803 797 ecclesiastici
828 763 950 796 munito
973 789 980 803 ‚
1007 767 1037 794 et
1069 759 1246 800 generalem
1270 759 1479 801 praefectum,
1496 758 1535 791 ad
1551 763 1694 791 nostrum
1716 763 1744 791 et
1762 758 1809 791 di-

297 826 394 848 manu
417 815 531 848 notarii
554 815 671 858 publici
703 816 878 859 subscripto
893 842 900 855 ‚
927 815 1036 847 eadem
1069 815 1136 842 ctae
1160 810 1246 843 Sedis
1262 811 1514 854 beneplacitum,
1535 822 1606 843 cum
1624 811 1809 852 honoribus,

296 870 384 910 fides,
408 874 471 902 tam
497 869 529 900 in
553 869 669 901 iudicio
693 879 787 911 quam
811 874 896 900 extra
934 867 1012 899 ittiid
1030 893 1038 907 ‚
1069 862 1217 895 oneribus
1233 890 1241 903 ,
1265 863 1464 896 facultatibus
1488 869 1518 897 et
1541 864 1782 897 auctoritatibus
1799 891 1808 905 ,

298 922 417 965 ubique
438 923 578 954 locorum
602 922 788 954 adhiheatur
804 948 812 962 ‚
851 932 931 964 quae
966 919 1041 963 ipsis
1071 915 1296 957 iurisdictione,
1312 916 1494 960 privilegiis,
1512 917 1761 960 exemptionibus
1776 921 1808 950 et

297 974 505 1017 originalibus
528 975 639 1007 litteris
663 975 875 1015 adhiberetur,
891 974 916 1006 si
935 974 1040 1006 forent
1071 969 1295 1011 praerogativis
1319 969 1416 1002 solitis
1440 974 1470 1002 et
1493 970 1661 1010 consuetis,
1686 980 1722 1002 ac
1735 969 1810 1002 dile-

299 1027 456 1059 exhibitae
480 1027 527 1059 vet
549 1032 702 1060 ostensae,
1071 1026 1120 1054 cto
1144 1021 1207 1054 filio
1230 1027 1337 1055 nostro
1361 1022 1483 1055 Caesari
1517 1022 1697 1063 Brumano,
1735 1026 1812 1054 tunc

343 1078 455 1111 Datum
479 1079 595 1112 Romae
618 1080 702 1122 apud
725 1080 873 1113 Sanctum
897 1080 1043 1119 Petrum,
1072 1074 1211 1108 eiusdem
1234 1075 1380 1108 Gamerae
1403 1075 1517 1108 clerico
1554 1074 1747 1118 praesidenti
1781 1078 1813 1106 et

301 1131 360 1163 sub
375 1132 492 1164 annulo
508 1131 684 1173 Piscatoris,
706 1132 756 1165 die
771 1142 871 1165 xxvnt
888 1130 1042 1164 februarii
1073 1128 1172 1161 dictae
1196 1139 1339 1161 annonae
1363 1139 1464 1172 nuper
1486 1128 1657 1171 praesecto,
1689 1132 1718 1160 et
1742 1125 1812 1169 qui-

871 235 1052 260 BULLARIUM
1070 234 1223 258 ROMANUM

176 1767 277 1788 Exordium

138 2130 254 2155 Depntstio
262 2130 305 2149 An·

119 2158 185 2177 rii-eae
208 2158 308 2181 Spinotae

119 2184 221 2210 praefecti
240 2189 309 2202 auno-

120 2216 171 2233 1136,
181 2215 230 2229 eum
240 2210 308 2229 tacul-

119 2238 202 2257 tatibus
226 2240 248 2256 et.
267 2237 309 2260 pri-

121 2263 207 2286 vilegiis
218 2268 309 2282 consue-

119 2291 163 2314 tis',
180 2294 200 2308 et
214 2291 308 2308 maxime

120 2316 274 2340 tuti-ascriptis.

302 1194 451 1225 MDLxxvt,
475 1185 677 1227 pontificatus
701 1186 798 1218 nostri
823 1195 906 1217 anno
929 1193 973 1217 iv.

337 1237 402 1264 Dat.
420 1238 464 1264 die
481 1240 515 1265 28
533 1238 602 1265 febr.
622 1241 698 1272 1576,
715 1239 814 1273 pontif.
833 1247 904 1265 anno
922 1247 958 1264 1v.

645 1388 716 1421 le.

307 1485 488 1522 ‚Iuris-dictio
502 1488 529 1518 at
545 1485 709 1526 facultates
725 1485 878 1526 praefecti
902 1493 1048 1516 annonae
1077 1500 1184 1532 dinam
1208 1499 1380 1540 hucusque,
1405 1497 1442 1530 de
1467 1507 1547 1529 novo
1571 1494 1816 1534 consffluimus,
1860 1524 1869 1532 ⁴

378 1537 467 1570 Urbis
482 1540 508 1570 et
524 1538 618 1569 totius
634 1537 739 1570 Status
755 1537 972 1570 Ecclesc'ttstici.

376 1625 513 1661 Gregorius
534 1627 604 1662 Papa
623 1626 681 1662 ΧΙΙΙ,
706 1629 772 1653 mutu
795 1627 904 1662 proprio,
926 1629 976 1654 etc.

352 1707 437 1741 Inter
459 1713 577 1741 ceteras
594 1708 757 1751 pastoralis
773 1708 867 1740 oflicii
882 1708 979 1740 nostri
998 1719 1051 1739 cu-

308 1772 372 1802 ras,
389 1761 504 1804 quibus
520 1760 643 1792 assidue
667 1760 856 1803 premimur,
882 1760 989 1793 libenti
1015 1761 1051 1791 il—

311 1815 373 1847 lam
396 1813 535 1846 sovemus
558 1812 675 1852 animo,
699 1823 755 1855 per
779 1823 872 1855 quam
905 1813 937 1844 in
963 1812 1052 1845 Statu

310 1870 418 1898 nostro
440 1865 655 1899 Ecclesiastico
693 1875 820 1898 annona
858 1870 885 1897 et
929 1866 1053 1898 abunde

312 1917 447 1951 inveniri
464 1923 494 1950 et
511 1918 671 1951 communi
688 1918 797 1951 haberi
821 1919 926 1961 precio
946 1919 1053 1962 possit,

312 1971 475 2015 nostrique
498 1982 534 2004 ex
550 1971 610 2005 hoc
625 1971 753 2012 subditi,
778 1971 881 2014 quoad
898 1971 965 2004 fieri
984 1983 1055 2015 pos-

313 2026 363 2066 sit,
387 2025 596 2059 subleventur.

356 2078 370 2120 ἓ
393 2077 423 2110 i.
447 2077 559 2118 Quare,
584 2077 747 2120 cupientes
772 2077 928 2120 insignem
945 2078 1053 2120 probi-

318 2136 378 2163 tate
403 2135 433 2165 et
456 2130 649 2174 experientia
672 2130 784 2170 virum,
809 2129 873 2172 qui,
897 2135 991 2172 prout
1008 2141 1057 2162 res

318 2185 490 2227 expostulat
513 2184 590 2227 ipsa,
603 2193 660 2216 nos
673 2183 768 2223 adire,
783 2182 932 2225 quotidie,
945 2188 1058 2214 cuncta

319 2236 358 2269 ad
374 2246 533 2270 annonam
550 2235 731 2268 huiusmodi
758 2234 949 2277 pertinentia
967 2236 1058 2267 colla-

319 2295 418 2330 turus,
435 2289 599 2322 commode
615 2289 722 2333 possit,
738 2288 776 2321 de
799 2287 983 2320 dilectorum
1013 2292 1059 2319 ta-

323 2351 394 2374 men
418 2342 554 2374 filiorum
576 2342 711 2375 Gamerae
734 2346 848 2374 nostrae
877 2340 1061 2383 Apostolicae

323 2395 508 2428 clericorum
531 2395 779 2438 praesidentium
810 2404 943 2426 numero
978 2393 1063 2426 iuxta

322 2446 485 2489 antiquam
517 2448 667 2480 hactenus
701 2448 898 2480 observatam
932 2456 1063 2480 consue-

323 2501 476 2541 tudinem,
493 2501 671 2544 praeficere3
689 2512 724 2534 ac
742 2501 779 2534 de
800 2500 871 2540 tide,
895 2499 1062 2542 probitate,

325 2553 515 2596 integritate,
533 2555 698 2596 prudentia
717 2560 745 2587 et
763 2553 927 2597 multiplici
956 2563 1062 2585 rerum

325 2605 535 2648 gerendarum
559 2607 749 2650 experientia
773 2606 876 2640 dilecti
911 2605 968 2639 filii
1003 2606 1064 2639 An-

1060 1597 1068 1753 —a-——a—

1074 1181 1178 1213 busvis
1208 1181 1276 1214 aliis
1313 1182 1352 1213 ad
1390 1181 1571 1214 huiusmodi
1599 1181 1813 1224 praefecturae

1075 1234 1212 1267 officium
1236 1238 1378 1267 annonae
1390 1234 1542 1266 hactenus
1564 1232 1720 1276 deputatis
1736 1241 1814 1275 quo·

1077 1287 1243 1319 modolibet
1262 1287 1294 1319 in
1311 1287 1396 1319 hunc
1422 1297 1521 1329 usque
1544 1286 1625 1319 diem
1650 1284 1814 1326 concessis,

1076 1339 1244 1382 apostolica
1260 1339 1456 1379 auctoritate,
1470 1339 1582 1371 harum
1592 1337 1671 1370 serie
1681 1364 1689 1378 ‚
1701 1345 1815 1380 appro-

1078 1393 1186 1426 bantes
1202 1399 1231 1426 et
1249 1393 1449 1432 ratificantes,
1462 1391 1569 1424 omnia
1592 1395 1622 1423 et
1646 1398 1816 1433 quaecum-

1078 1457 1138 1489 que
1161 1456 1218 1488 per
1241 1456 1312 1478 eum
1337 1445 1488 1477 hactenus
1512 1448 1610 1486 gesta,
1626 1442 1707 1475 facta
1719 1446 1750 1474 et
1764 1451 1817 1474 or-

1077 1551 1207 1584 facimus
1230 1555 1258 1583 et
1283 1551 1478 1593 deputamus.

1120 1605 1134 1647 g
1157 1604 1186 1636 2.
1208 1604 1320 1636 Dantes
1343 1602 1387 1635 illi
1410 1602 1444 1634 in
1466 1600 1647 1645 praemissis
1669 1599 1818 1649 omnibus

1077 1663 1107 1691 et
1130 1656 1261 1699 singulis
1284 1656 1408 1699 plenam
1431 1655 1611 1687 facultatem
1633 1657 1662 1685 et
1680 1651 1816 1685 auctori-

1080 1715 1182 1749 tatem,
1208 1714 1271 1741 tam
1295 1708 1328 1740 in
1352 1707 1491 1750 praefata
1514 1707 1596 1739 alma
1615 1706 1696 1739 Urbe
1719 1706 1883 1749 quam⁸⁸²²
1898 1703 1994 1751 '‘gmif'
2027 1705 2049 1747 42}

1081 1762 1242 1806 quibusvis
1264 1760 1333 1793 aliis
1357 1760 1447 1792 nobis
1470 1765 1501 1792 et
1524 1759 1554 1792 S.
1578 1759 1614 1791 R.
1637 1758 1670 1791 Ε.
1683 1757 1819 1790 mediate

1081 1817 1128 1849 vel
1144 1814 1323 1848 immediate
1346 1812 1494 1845 subiectis
1509 1811 1691 1855 provinciis,
1714 1810 1823 1843 civita-

1083 1869 1175 1907 tibus,
1199 1866 1322 1911 oppidis
1345 1871 1376 1898 et
1398 1865 1483 1906 locis,
1508 1865 1666 1897 frumenta
1681 1874 1718 1896 ac
1734 1864 1821 1906 legu-

1083 1921 1178 1961 mina,
1202 1919 1338 1953 cuiusvis
1362 1917 1487 1961 generis
1510 1927 1565 1949 seu
1577 1915 1704 1958 speciei,
1722 1926 1822 1949 anno-

1085 1973 1169 2006 tandi
1193 1978 1224 2006 et
1247 1970 1456 2011 describendi,
1480 1981 1536 2003 seu
1560 1969 1706 2002 annotari
1723 1974 1754 2002 et
1768 1969 1823 2002 de-

1084 2026 1178 2059 scribi
1202 2024 1360 2063 faciendi3
1385 2034 1420 2056 ac
1445 2022 1606 2055 universas
1630 2026 1659 2055 et
1684 2021 1824 2064 singulas

1084 2079 1248 2122 utriusque
1272 2087 1362 2111 sexus
1385 2085 1543 2119 personas,
1561 2074 1698 2107 cuiusvis
1713 2078 1823 2115 status,

1086 2133 1212 2175 gradus,
1236 2129 1366 2170 ordinis,
1390 2127 1552 2171 dignitatis
1569 2132 1600 2160 et
1616 2127 1826 2171 praeeminen-

1089 2187 1148 2219 tiae
1171 2185 1336 2217 existentes
1352 2208 1360 2223 ,
1385 2181 1487 2213 eidem
1517 2180 1546 2213 S.
1573 2180 1608 2213 R.
1633 2180 1665 2212 E.
1690 2180 1826 2214 mediate

1088 2239 1134 2271 vel
1157 2236 1337 2269 immediate
1361 2234 1527 2274 subieetas,
1551 2239 1615 2266 tam
1640 2234 1830 2267 ecclesiasti-

1089 2302 1140 2324 cas
1164 2301 1258 2333 quam
1282 2288 1478 2327 saeculares,
1507 2286 1601 2319 etiam
1626 2286 1652 2318 si
1675 2296 1829 2329 personae

1091 2335 1264 2368 saeculares
1287 2331 1468 2365 huiusmodi
1485 2330 1596 2371 ducali,
1621 2329 1828 2363 marchionali

1092 2385 1118 2411 et
1144 2378 1268 2411 comitis
1290 2377 1337 2409 vel
1360 2376 1420 2408 alia
1444 2374 1556 2407 maiori
1570 2401 1579 2415 ‚
1602 2373 1829 2407 ecclesiasticae

1093 2433 1174 2462 vcro,
1199 2420 1377 2465 episcopali,
1402 2418 1676 2462 archiepiscopali,
1696 2417 1831 2460 patriar-

1093 2467 1172 2499 chali
1191 2467 1197 2482 ¹
1216 2466 1263 2498 vel
1279 2465 1339 2497 alia
1356 2463 1467 2496 maiori
1485 2462 1637 2505 dignitate
1654 2472 1708 2494 seu
1725 2460 1832 2502 digni-

1095 2511 1209 2543 tatibus
1225 2509 1449 2552 praefulgeant,
1467 2518 1502 2539 ac
1518 2506 1613 2539 etiarn
1637 2505 1662 2538 si
1687 2504 1832 2537 cardina-

1094 2555 1172 2586 latus
1188 2554 1360 2595 sungantur
1372 2552 1502 2592 honore,
1522 2551 1570 2583 vel
1585 2549 1679 2582 etiam
1696 2548 1832 2582 maiores

1129 2617 1142 2641 1
1164 2615 1279 2641 Cherub.
1298 2615 1376 2641 addit
1391 2615 1546 2647 primatiali
1563 2613 1599 2644 (ιι.
1618 2610 1663 2643 a).

1830 1597 1927 1619 Foenttn
1939 1601 2006 1622 vogen
2026 1595 2031 1611 t

1826 1625 1849 1645 di
1868 1629 1997 1649 quoacumq
2017 1620 2032 1657 Δ

1825 1652 1854 1671 ad
1860 1649 1994 1670 nodfieandn
2001 1657 2029 1672 1

1826 1683 1901 1697 eornm
1916 1677 2010 1696 frumen
2029 1696 2030 1699 Δ
2046 1698 2047 1702 ¹
