<?xml version="1.0" encoding="UTF-8"?>
<!DOCTYPE html PUBLIC "-//W3C//DTD XHTML 1.0 Transitional//EN"
    "http://www.w3.org/TR/xhtml1/DTD/xhtml1-transitional.dtd">
<html xmlns="http://www.w3.org/1999/xhtml" xml:lang="en" lang="en">
 <head>
  <title>
</title>
<meta http-equiv="Content-Type" content="text/html;charset=utf-8" />
  <meta name='ocr-system' content='tesseract 3.04.00' />
  <meta name='ocr-capabilities' content='ocr_page ocr_carea ocr_par ocr_line ocrx_word'/>
</head>
<body>
  <div class='ocr_page' id='page_1' title='image "./bullarumdiplomat08cath_0770.png"; bbox 0 0 2059 3228; ppageno 0'>
   <div class='ocr_carea' id='block_1_1' title="bbox 108 283 287 314">
    <p class='ocr_par' dir='ltr' id='par_1_1' title="bbox 108 283 287 314">
     <span class='ocr_line' id='line_1_1' title="bbox 108 283 287 314; baseline 0.011 -3"><span class='ocrx_word' id='word_1_1' title='bbox 108 283 149 312; x_wconf 85' lang='lat' dir='ltr'>Au</span> <span class='ocrx_word' id='word_1_2' title='bbox 177 284 204 313; x_wconf 94' lang='lat' dir='ltr'>C.</span> <span class='ocrx_word' id='word_1_3' title='bbox 219 285 287 314; x_wconf 65' lang='lat'><strong>15:³6</strong></span> 
     </span>
    </p>
   </div>
   <div class='ocr_carea' id='block_1_2' title="bbox 347 277 406 310">
    <p class='ocr_par' dir='ltr' id='par_1_2' title="bbox 347 277 406 310">
     <span class='ocr_line' id='line_1_2' title="bbox 347 277 406 310; baseline 0 0"><span class='ocrx_word' id='word_1_4' title='bbox 347 277 406 310; x_wconf 52' lang='lat'>7³1</span> 
     </span>
    </p>
   </div>
   <div class='ocr_carea' id='block_1_3' title="bbox 369 278 1264 312">
    <p class='ocr_par' dir='ltr' id='par_1_3' title="bbox 369 278 1264 312">
     <span class='ocr_line' id='line_1_3' title="bbox 369 278 1264 312; baseline 0 -1"><span class='ocrx_word' id='word_1_5' title='bbox 369 292 410 312; x_wconf 52' lang='lat' dir='ltr'>a»</span> <span class='ocrx_word' id='word_1_6' title='bbox 915 285 1095 311; x_wconf 69' lang='lat' dir='ltr'>mmmmm</span> <span class='ocrx_word' id='word_1_7' title='bbox 1112 278 1264 311; x_wconf 70' lang='lat' dir='ltr'>nomnen</span> 
     </span>
    </p>
   </div>
   <div class='ocr_carea' id='block_1_4' title="bbox 302 337 1054 596">
    <p class='ocr_par' dir='ltr' id='par_1_4' title="bbox 302 337 1054 543">
     <span class='ocr_line' id='line_1_4' title="bbox 304 337 1054 382; baseline 0.001 -11"><span class='ocrx_word' id='word_1_8' title='bbox 304 339 427 372; x_wconf 83' lang='lat' dir='ltr'>idoneis</span> <span class='ocrx_word' id='word_1_9' title='bbox 452 337 598 382; x_wconf 77' lang='lat' dir='ltr'>personis</span> <span class='ocrx_word' id='word_1_10' title='bbox 627 338 850 379; x_wconf 68' lang='lat' dir='ltr'>conserantur,</span> <span class='ocrx_word' id='word_1_11' title='bbox 885 339 1054 373; x_wconf 85' lang='lat' dir='ltr'>obstacula</span> 
     </span>
     <span class='ocr_line' id='line_1_5' title="bbox 303 392 1052 435; baseline 0.004 -12"><span class='ocrx_word' id='word_1_12' title='bbox 303 402 471 435; x_wconf 84' lang='lat' dir='ltr'>quaequae</span> <span class='ocrx_word' id='word_1_13' title='bbox 492 392 565 424; x_wconf 71' lang='lat' dir='ltr'>ltine</span> <span class='ocrx_word' id='word_1_14' title='bbox 587 392 820 432; x_wconf 78' lang='lat' dir='ltr'>submovendo,</span> <span class='ocrx_word' id='word_1_15' title='bbox 843 402 880 425; x_wconf 90' lang='lat' dir='ltr'>ac</span> <span class='ocrx_word' id='word_1_16' title='bbox 899 392 978 425; x_wconf 87' lang='lat' dir='ltr'>alias</span> <span class='ocrx_word' id='word_1_17' title='bbox 997 393 1052 426; x_wconf 88' lang='lat' dir='ltr'>de-</span> 
     </span>
     <span class='ocr_line' id='line_1_6' title="bbox 303 444 1051 490; baseline 0.004 -14"><span class='ocrx_word' id='word_1_18' title='bbox 303 456 399 488; x_wconf 77' lang='lat' dir='ltr'>super</span> <span class='ocrx_word' id='word_1_19' title='bbox 418 444 630 488; x_wconf 85' lang='lat' dir='ltr'>disponendo,</span> <span class='ocrx_word' id='word_1_20' title='bbox 658 450 758 488; x_wconf 83' lang='lat' dir='ltr'>prout</span> <span class='ocrx_word' id='word_1_21' title='bbox 783 445 1000 490; x_wconf 79' lang='lat' dir='ltr'>conspicimus</span> <span class='ocrx_word' id='word_1_22' title='bbox 1019 446 1051 479; x_wconf 92' lang='lat' dir='ltr'>in</span> 
     </span>
     <span class='ocr_line' id='line_1_7' title="bbox 302 498 811 543; baseline 0.004 -13"><span class='ocrx_word' id='word_1_23' title='bbox 302 498 436 530; x_wconf 76' lang='lat' dir='ltr'>Domino</span> <span class='ocrx_word' id='word_1_24' title='bbox 457 498 630 532; x_wconf 85' lang='lat' dir='ltr'>salubriter</span> <span class='ocrx_word' id='word_1_25' title='bbox 650 499 811 543; x_wconf 83' lang='lat' dir='ltr'>expedire.</span> 
     </span>
    </p>

    <p class='ocr_par' dir='ltr' id='par_1_5' title="bbox 345 552 1052 596">
     <span class='ocr_line' id='line_1_8' title="bbox 345 552 1052 596; baseline 0.006 -13"><span class='ocrx_word' id='word_1_26' title='bbox 345 552 359 591; x_wconf 51' lang='lat' dir='ltr'>,S</span> <span class='ocrx_word' id='word_1_27' title='bbox 386 552 417 584; x_wconf 58' lang='lat'>¹1.</span> <span class='ocrx_word' id='word_1_28' title='bbox 445 552 555 596; x_wconf 79' lang='lat' dir='ltr'>Nuper</span> <span class='ocrx_word' id='word_1_29' title='bbox 580 552 738 596; x_wconf 82' lang='lat' dir='ltr'>siquidem</span> <span class='ocrx_word' id='word_1_30' title='bbox 767 553 807 586; x_wconf 92' lang='lat' dir='ltr'>ad</span> <span class='ocrx_word' id='word_1_31' title='bbox 835 564 893 587; x_wconf 90' lang='lat' dir='ltr'>nos</span> <span class='ocrx_word' id='word_1_32' title='bbox 913 554 1052 587; x_wconf 87' lang='lat' dir='ltr'>relatum</span> 
     </span>
    </p>
   </div>
   <div class='ocr_carea' id='block_1_5' title="bbox 243 604 1052 648">
    <p class='ocr_par' dir='ltr' id='par_1_6' title="bbox 243 604 1052 648">
     <span class='ocr_line' id='line_1_9' title="bbox 243 604 1052 648; baseline 0.004 -12"><span class='ocrx_word' id='word_1_33' title='bbox 243 619 251 631; x_wconf 74' lang='lat' dir='ltr'>r</span> <span class='ocrx_word' id='word_1_34' title='bbox 283 604 359 637; x_wconf 33' lang='lat' dir='ltr'>*suit</span> <span class='ocrx_word' id='word_1_35' title='bbox 382 605 481 648; x_wconf 81' lang='lat' dir='ltr'>quod,</span> <span class='ocrx_word' id='word_1_36' title='bbox 505 616 578 638; x_wconf 79' lang='lat' dir='ltr'>cum</span> <span class='ocrx_word' id='word_1_37' title='bbox 601 606 631 638; x_wconf 87' lang='lat' dir='ltr'>in</span> <span class='ocrx_word' id='word_1_38' title='bbox 653 606 836 640; x_wconf 77' lang='lat' dir='ltr'>civitatibus</span> <span class='ocrx_word' id='word_1_39' title='bbox 856 612 888 641; x_wconf 85' lang='lat' dir='ltr'>et</span> <span class='ocrx_word' id='word_1_40' title='bbox 898 607 1052 641; x_wconf 86' lang='lat' dir='ltr'>dioecesi-</span> 
     </span>
    </p>
   </div>
   <div class='ocr_carea' id='block_1_6' title="bbox 298 656 1060 2712">
    <p class='ocr_par' dir='ltr' id='par_1_7' title="bbox 298 656 1060 2712">
     <span class='ocr_line' id='line_1_10' title="bbox 301 656 1051 702; baseline 0.007 -13"><span class='ocrx_word' id='word_1_41' title='bbox 301 658 360 690; x_wconf 81' lang='lat' dir='ltr'>bus</span> <span class='ocrx_word' id='word_1_42' title='bbox 388 656 617 702; x_wconf 80' lang='lat' dir='ltr'>Calaguritana</span> <span class='ocrx_word' id='word_1_43' title='bbox 636 665 667 692; x_wconf 84' lang='lat' dir='ltr'>et</span> <span class='ocrx_word' id='word_1_44' title='bbox 687 660 885 693; x_wconf 82' lang='lat' dir='ltr'>Calc-eatensi</span> <span class='ocrx_word' id='word_1_45' title='bbox 915 661 1051 694; x_wconf 83' lang='lat' dir='ltr'>invicem</span> 
     </span>
     <span class='ocr_line' id='line_1_11' title="bbox 301 712 1051 757; baseline 0.007 -14"><span class='ocrx_word' id='word_1_46' title='bbox 301 722 357 744; x_wconf 79' lang='lat' dir='ltr'>seu</span> <span class='ocrx_word' id='word_1_47' title='bbox 378 712 456 745; x_wconf 84' lang='lat' dir='ltr'>alias</span> <span class='ocrx_word' id='word_1_48' title='bbox 471 718 631 757; x_wconf 87' lang='lat' dir='ltr'>perpetuo</span> <span class='ocrx_word' id='word_1_49' title='bbox 643 713 754 755; x_wconf 86' lang='lat' dir='ltr'>unitis,</span> <span class='ocrx_word' id='word_1_50' title='bbox 776 719 894 747; x_wconf 87' lang='lat' dir='ltr'>cuncta</span> <span class='ocrx_word' id='word_1_51' title='bbox 914 715 979 748; x_wconf 83' lang='lat' dir='ltr'>sere</span> <span class='ocrx_word' id='word_1_52' title='bbox 995 715 1051 749; x_wconf 88' lang='lat' dir='ltr'>be-</span> 
     </span>
     <span class='ocr_line' id='line_1_12' title="bbox 300 765 1052 812; baseline 0.005 -15"><span class='ocrx_word' id='word_1_53' title='bbox 300 765 415 798; x_wconf 79' lang='lat' dir='ltr'>neficia</span> <span class='ocrx_word' id='word_1_54' title='bbox 449 766 687 808; x_wconf 86' lang='lat' dir='ltr'>ecclesiastica,</span> <span class='ocrx_word' id='word_1_55' title='bbox 723 773 786 801; x_wconf 87' lang='lat' dir='ltr'>tam</span> <span class='ocrx_word' id='word_1_56' title='bbox 822 768 854 800; x_wconf 89' lang='lat' dir='ltr'>in</span> <span class='ocrx_word' id='word_1_57' title='bbox 882 768 1052 812; x_wconf 87' lang='lat' dir='ltr'>receptivis</span> 
     </span>
     <span class='ocr_line' id='line_1_13' title="bbox 300 820 1052 866; baseline 0.007 -16"><span class='ocrx_word' id='word_1_58' title='bbox 300 830 397 861; x_wconf 86' lang='lat' dir='ltr'>quam</span> <span class='ocrx_word' id='word_1_59' title='bbox 418 820 596 853; x_wconf 87' lang='lat' dir='ltr'>numeratis</span> <span class='ocrx_word' id='word_1_60' title='bbox 617 821 1052 866; x_wconf 84' lang='lat' dir='ltr'>eeclesiisnuncupatiscon-</span> 
     </span>
     <span class='ocr_line' id='line_1_14' title="bbox 299 872 1050 916; baseline 0.007 -12"><span class='ocrx_word' id='word_1_61' title='bbox 299 872 464 914; x_wconf 70' lang='lat' dir='ltr'>sistentia,</span> <span class='ocrx_word' id='word_1_62' title='bbox 496 879 552 906; x_wconf 85' lang='lat' dir='ltr'>aut</span> <span class='ocrx_word' id='word_1_63' title='bbox 578 874 708 907; x_wconf 87' lang='lat' dir='ltr'>illorum</span> <span class='ocrx_word' id='word_1_64' title='bbox 734 875 912 916; x_wconf 86' lang='lat' dir='ltr'>fructuum,</span> <span class='ocrx_word' id='word_1_65' title='bbox 941 876 1050 909; x_wconf 82' lang='lat' dir='ltr'>reddi-</span> 
     </span>
     <span class='ocr_line' id='line_1_15' title="bbox 300 928 1049 972; baseline 0.007 -15"><span class='ocrx_word' id='word_1_66' title='bbox 300 931 391 958; x_wconf 84' lang='lat' dir='ltr'>tuum</span> <span class='ocrx_word' id='word_1_67' title='bbox 422 931 454 959; x_wconf 86' lang='lat' dir='ltr'>ct</span> <span class='ocrx_word' id='word_1_68' title='bbox 486 933 700 970; x_wconf 76' lang='lat' dir='ltr'>proventuum</span> <span class='ocrx_word' id='word_1_69' title='bbox 735 928 1049 972; x_wconf 88' lang='lat' dir='ltr'>supercrescentium</span> 
     </span>
     <span class='ocr_line' id='line_1_16' title="bbox 299 980 1052 1026; baseline 0.005 -15"><span class='ocrx_word' id='word_1_70' title='bbox 299 984 406 1012; x_wconf 85' lang='lat' dir='ltr'>certae</span> <span class='ocrx_word' id='word_1_71' title='bbox 428 980 592 1023; x_wconf 71' lang='lat' dir='ltr'>portiones</span> <span class='ocrx_word' id='word_1_72' title='bbox 613 981 738 1015; x_wconf 79' lang='lat' dir='ltr'>clericis</span> <span class='ocrx_word' id='word_1_73' title='bbox 754 982 828 1015; x_wconf 86' lang='lat' dir='ltr'>filiis</span> <span class='ocrx_word' id='word_1_74' title='bbox 844 982 1052 1026; x_wconf 86' lang='lat' dir='ltr'>patrimonia-</span> 
     </span>
     <span class='ocr_line' id='line_1_17' title="bbox 299 1032 1051 1078; baseline 0.005 -14"><span class='ocrx_word' id='word_1_75' title='bbox 299 1032 384 1066; x_wconf 87' lang='lat' dir='ltr'>libus</span> <span class='ocrx_word' id='word_1_76' title='bbox 403 1044 459 1066; x_wconf 91' lang='lat' dir='ltr'>seu</span> <span class='ocrx_word' id='word_1_77' title='bbox 480 1035 692 1075; x_wconf 81' lang='lat' dir='ltr'>naturalibus,</span> <span class='ocrx_word' id='word_1_78' title='bbox 709 1046 849 1078; x_wconf 85' lang='lat' dir='ltr'>quorum</span> <span class='ocrx_word' id='word_1_79' title='bbox 865 1035 1051 1078; x_wconf 88' lang='lat' dir='ltr'>scilicetpa-</span> 
     </span>
     <span class='ocr_line' id='line_1_18' title="bbox 300 1089 1053 1133; baseline 0.007 -16"><span class='ocrx_word' id='word_1_80' title='bbox 300 1090 349 1117; x_wconf 84' lang='lat' dir='ltr'>ter</span> <span class='ocrx_word' id='word_1_81' title='bbox 361 1091 418 1119; x_wconf 87' lang='lat' dir='ltr'>aut</span> <span class='ocrx_word' id='word_1_82' title='bbox 438 1093 552 1127; x_wconf 80' lang='lat' dir='ltr'>mater,</span> <span class='ocrx_word' id='word_1_83' title='bbox 570 1098 646 1121; x_wconf 77' lang='lat' dir='ltr'>avus</span> <span class='ocrx_word' id='word_1_84' title='bbox 665 1089 713 1121; x_wconf 75' lang='lat' dir='ltr'>vel</span> <span class='ocrx_word' id='word_1_85' title='bbox 734 1089 813 1129; x_wconf 76' lang='lat' dir='ltr'>axia,</span> <span class='ocrx_word' id='word_1_86' title='bbox 835 1094 891 1122; x_wconf 83' lang='lat' dir='ltr'>aut</span> <span class='ocrx_word' id='word_1_87' title='bbox 913 1099 1053 1133; x_wconf 73' lang='lat' dir='ltr'>proavus</span> 
     </span>
     <span class='ocr_line' id='line_1_19' title="bbox 298 1139 1051 1183; baseline 0.008 -13"><span class='ocrx_word' id='word_1_88' title='bbox 298 1139 346 1171; x_wconf 75' lang='lat' dir='ltr'>xel</span> <span class='ocrx_word' id='word_1_89' title='bbox 367 1140 516 1183; x_wconf 74' lang='lat' dir='ltr'>proavia,</span> <span class='ocrx_word' id='word_1_90' title='bbox 556 1142 667 1174; x_wconf 86' lang='lat' dir='ltr'>saltem</span> <span class='ocrx_word' id='word_1_91' title='bbox 703 1142 894 1175; x_wconf 87' lang='lat' dir='ltr'>continuato</span> <span class='ocrx_word' id='word_1_92' title='bbox 932 1143 1051 1176; x_wconf 87' lang='lat' dir='ltr'>decen-</span> 
     </span>
     <span class='ocr_line' id='line_1_20' title="bbox 306 1193 1051 1230; baseline 0.005 -5"><span class='ocrx_word' id='word_1_93' title='bbox 306 1193 373 1230; x_wconf 85' lang='lat' dir='ltr'>nio,</span> <span class='ocrx_word' id='word_1_94' title='bbox 402 1193 435 1225; x_wconf 93' lang='lat' dir='ltr'>in</span> <span class='ocrx_word' id='word_1_95' title='bbox 479 1193 607 1227; x_wconf 82' lang='lat' dir='ltr'>civitate</span> <span class='ocrx_word' id='word_1_96' title='bbox 633 1195 682 1227; x_wconf 81' lang='lat' dir='ltr'>vel</span> <span class='ocrx_word' id='word_1_97' title='bbox 712 1195 784 1228; x_wconf 89' lang='lat' dir='ltr'>loco</span> <span class='ocrx_word' id='word_1_98' title='bbox 809 1194 953 1228; x_wconf 86' lang='lat' dir='ltr'>benificii</span> <span class='ocrx_word' id='word_1_99' title='bbox 987 1196 1051 1229; x_wconf 82' lang='lat' dir='ltr'>sive</span> 
     </span>
     <span class='ocr_line' id='line_1_21' title="bbox 300 1246 1050 1289; baseline 0.005 -11"><span class='ocrx_word' id='word_1_100' title='bbox 300 1246 456 1280; x_wconf 82' lang='lat' dir='ltr'>ecclesiae</span> <span class='ocrx_word' id='word_1_101' title='bbox 493 1247 720 1289; x_wconf 85' lang='lat' dir='ltr'>habitaverint,</span> <span class='ocrx_word' id='word_1_102' title='bbox 757 1253 788 1281; x_wconf 87' lang='lat' dir='ltr'>et</span> <span class='ocrx_word' id='word_1_103' title='bbox 822 1249 977 1282; x_wconf 83' lang='lat' dir='ltr'>ecclesiae</span> <span class='ocrx_word' id='word_1_104' title='bbox 1001 1250 1050 1283; x_wconf 80' lang='lat' dir='ltr'>vel</span> 
     </span>
     <span class='ocr_line' id='line_1_22' title="bbox 299 1300 1051 1346; baseline 0.004 -14"><span class='ocrx_word' id='word_1_105' title='bbox 299 1300 447 1333; x_wconf 85' lang='lat' dir='ltr'>ecclesiis</span> <span class='ocrx_word' id='word_1_106' title='bbox 485 1301 698 1342; x_wconf 84' lang='lat' dir='ltr'>huiusmodi,</span> <span class='ocrx_word' id='word_1_107' title='bbox 721 1301 753 1334; x_wconf 90' lang='lat' dir='ltr'>in</span> <span class='ocrx_word' id='word_1_108' title='bbox 786 1312 851 1345; x_wconf 90' lang='lat' dir='ltr'>qua</span> <span class='ocrx_word' id='word_1_109' title='bbox 883 1302 933 1335; x_wconf 81' lang='lat' dir='ltr'>vel</span> <span class='ocrx_word' id='word_1_110' title='bbox 977 1303 1051 1346; x_wconf 88' lang='lat' dir='ltr'>qui-</span> 
     </span>
     <span class='ocr_line' id='line_1_23' title="bbox 299 1353 1052 1400; baseline 0.007 -15"><span class='ocrx_word' id='word_1_111' title='bbox 299 1353 361 1386; x_wconf 84' lang='lat' dir='ltr'>bus</span> <span class='ocrx_word' id='word_1_112' title='bbox 381 1354 538 1387; x_wconf 84' lang='lat' dir='ltr'>beneficia</span> <span class='ocrx_word' id='word_1_113' title='bbox 560 1355 754 1397; x_wconf 84' lang='lat' dir='ltr'>consistunt,</span> <span class='ocrx_word' id='word_1_114' title='bbox 777 1357 890 1389; x_wconf 89' lang='lat' dir='ltr'>saltem</span> <span class='ocrx_word' id='word_1_115' title='bbox 918 1367 978 1400; x_wconf 91' lang='lat' dir='ltr'>per</span> <span class='ocrx_word' id='word_1_116' title='bbox 998 1357 1052 1390; x_wconf 86' lang='lat' dir='ltr'>de-</span> 
     </span>
     <span class='ocr_line' id='line_1_24' title="bbox 300 1407 1053 1451; baseline 0.005 -12"><span class='ocrx_word' id='word_1_117' title='bbox 300 1407 453 1440; x_wconf 85' lang='lat' dir='ltr'>cennium</span> <span class='ocrx_word' id='word_1_118' title='bbox 481 1408 622 1442; x_wconf 85' lang='lat' dir='ltr'>decimas</span> <span class='ocrx_word' id='word_1_119' title='bbox 651 1409 816 1451; x_wconf 80' lang='lat' dir='ltr'>solverint,</span> <span class='ocrx_word' id='word_1_120' title='bbox 838 1415 895 1443; x_wconf 86' lang='lat' dir='ltr'>aut</span> <span class='ocrx_word' id='word_1_121' title='bbox 914 1410 997 1443; x_wconf 86' lang='lat' dir='ltr'>natis</span> <span class='ocrx_word' id='word_1_122' title='bbox 1021 1416 1053 1444; x_wconf 88' lang='lat' dir='ltr'>et</span> 
     </span>
     <span class='ocr_line' id='line_1_25' title="bbox 300 1460 1052 1508; baseline 0.007 -16"><span class='ocrx_word' id='word_1_123' title='bbox 300 1460 470 1504; x_wconf 86' lang='lat' dir='ltr'>baptizatis</span> <span class='ocrx_word' id='word_1_124' title='bbox 493 1462 525 1494; x_wconf 91' lang='lat' dir='ltr'>in</span> <span class='ocrx_word' id='word_1_125' title='bbox 546 1462 601 1495; x_wconf 89' lang='lat' dir='ltr'>illo</span> <span class='ocrx_word' id='word_1_126' title='bbox 624 1463 708 1503; x_wconf 86' lang='lat' dir='ltr'>loco,</span> <span class='ocrx_word' id='word_1_127' title='bbox 733 1463 913 1496; x_wconf 84' lang='lat' dir='ltr'>viventibus</span> <span class='ocrx_word' id='word_1_128' title='bbox 935 1463 979 1496; x_wconf 89' lang='lat' dir='ltr'>ihi</span> <span class='ocrx_word' id='word_1_129' title='bbox 999 1475 1052 1508; x_wconf 86' lang='lat' dir='ltr'>pa·</span> 
     </span>
     <span class='ocr_line' id='line_1_26' title="bbox 300 1516 1052 1560; baseline 0.005 -13"><span class='ocrx_word' id='word_1_130' title='bbox 300 1519 347 1547; x_wconf 89' lang='lat' dir='ltr'>tre</span> <span class='ocrx_word' id='word_1_131' title='bbox 378 1520 410 1547; x_wconf 85' lang='lat' dir='ltr'>ct</span> <span class='ocrx_word' id='word_1_132' title='bbox 437 1521 551 1555; x_wconf 89' lang='lat' dir='ltr'>matre,</span> <span class='ocrx_word' id='word_1_133' title='bbox 577 1522 739 1560; x_wconf 77' lang='lat' dir='ltr'>tamquam</span> <span class='ocrx_word' id='word_1_134' title='bbox 761 1516 873 1550; x_wconf 84' lang='lat' dir='ltr'>vicinis</span> <span class='ocrx_word' id='word_1_135' title='bbox 897 1517 1052 1551; x_wconf 86' lang='lat' dir='ltr'>ecclesiae</span> 
     </span>
     <span class='ocr_line' id='line_1_27' title="bbox 299 1568 1053 1610; baseline 0.005 -10"><span class='ocrx_word' id='word_1_136' title='bbox 299 1568 349 1600; x_wconf 80' lang='lat' dir='ltr'>vel</span> <span class='ocrx_word' id='word_1_137' title='bbox 369 1568 514 1602; x_wconf 85' lang='lat' dir='ltr'>ecclesiis</span> <span class='ocrx_word' id='word_1_138' title='bbox 534 1569 734 1610; x_wconf 89' lang='lat' dir='ltr'>huiusmodi,</span> <span class='ocrx_word' id='word_1_139' title='bbox 747 1570 834 1604; x_wconf 86' lang='lat' dir='ltr'>iuxta</span> <span class='ocrx_word' id='word_1_140' title='bbox 851 1571 1053 1604; x_wconf 88' lang='lat' dir='ltr'>constitutio-</span> 
     </span>
     <span class='ocr_line' id='line_1_28' title="bbox 299 1622 1050 1665; baseline 0.007 -12"><span class='ocrx_word' id='word_1_141' title='bbox 299 1631 356 1654; x_wconf 90' lang='lat' dir='ltr'>nes</span> <span class='ocrx_word' id='word_1_142' title='bbox 371 1622 547 1665; x_wconf 74' lang='lat' dir='ltr'>synodales,</span> <span class='ocrx_word' id='word_1_143' title='bbox 560 1623 700 1656; x_wconf 83' lang='lat' dir='ltr'>conferri</span> <span class='ocrx_word' id='word_1_144' title='bbox 709 1624 756 1656; x_wconf 84' lang='lat' dir='ltr'>vel</span> <span class='ocrx_word' id='word_1_145' title='bbox 767 1624 901 1658; x_wconf 83' lang='lat' dir='ltr'>concedi</span> <span class='ocrx_word' id='word_1_146' title='bbox 913 1625 1050 1665; x_wconf 74' lang='lat' dir='ltr'>soleant,</span> 
     </span>
     <span class='ocr_line' id='line_1_29' title="bbox 300 1674 1052 1720; baseline 0.007 -14"><span class='ocrx_word' id='word_1_147' title='bbox 300 1685 337 1707; x_wconf 85' lang='lat' dir='ltr'>ac</span> <span class='ocrx_word' id='word_1_148' title='bbox 359 1674 391 1706; x_wconf 90' lang='lat' dir='ltr'>in</span> <span class='ocrx_word' id='word_1_149' title='bbox 412 1675 568 1717; x_wconf 84' lang='lat' dir='ltr'>ecclesiis,</span> <span class='ocrx_word' id='word_1_150' title='bbox 591 1676 624 1708; x_wconf 95' lang='lat' dir='ltr'>in</span> <span class='ocrx_word' id='word_1_151' title='bbox 645 1677 763 1720; x_wconf 87' lang='lat' dir='ltr'>quihus</span> <span class='ocrx_word' id='word_1_152' title='bbox 793 1683 900 1711; x_wconf 89' lang='lat' dir='ltr'>certus</span> <span class='ocrx_word' id='word_1_153' title='bbox 928 1677 1052 1712; x_wconf 86' lang='lat' dir='ltr'>benefi-</span> 
     </span>
     <span class='ocr_line' id='line_1_30' title="bbox 301 1729 1052 1775; baseline 0.005 -14"><span class='ocrx_word' id='word_1_154' title='bbox 301 1729 459 1762; x_wconf 85' lang='lat' dir='ltr'>ciatorum</span> <span class='ocrx_word' id='word_1_155' title='bbox 480 1740 637 1763; x_wconf 89' lang='lat' dir='ltr'>numerus</span> <span class='ocrx_word' id='word_1_156' title='bbox 654 1731 771 1772; x_wconf 88' lang='lat' dir='ltr'>existit,</span> <span class='ocrx_word' id='word_1_157' title='bbox 793 1743 875 1775; x_wconf 88' lang='lat' dir='ltr'>quae</span> <span class='ocrx_word' id='word_1_158' title='bbox 899 1743 1052 1765; x_wconf 87' lang='lat' dir='ltr'>numera-</span> 
     </span>
     <span class='ocr_line' id='line_1_31' title="bbox 300 1782 1054 1830; baseline 0.007 -16"><span class='ocrx_word' id='word_1_159' title='bbox 300 1787 350 1815; x_wconf 88' lang='lat' dir='ltr'>tae</span> <span class='ocrx_word' id='word_1_160' title='bbox 363 1782 528 1825; x_wconf 90' lang='lat' dir='ltr'>dicuntur,</span> <span class='ocrx_word' id='word_1_161' title='bbox 539 1784 577 1816; x_wconf 87' lang='lat' dir='ltr'>ad</span> <span class='ocrx_word' id='word_1_162' title='bbox 586 1784 743 1818; x_wconf 84' lang='lat' dir='ltr'>beneficia</span> <span class='ocrx_word' id='word_1_163' title='bbox 754 1785 941 1819; x_wconf 87' lang='lat' dir='ltr'>huiusmodi</span> <span class='ocrx_word' id='word_1_164' title='bbox 961 1797 1054 1830; x_wconf 86' lang='lat' dir='ltr'>prae-</span> 
     </span>
     <span class='ocr_line' id='line_1_32' title="bbox 302 1836 1052 1882; baseline 0.005 -14"><span class='ocrx_word' id='word_1_165' title='bbox 302 1836 439 1869; x_wconf 86' lang='lat' dir='ltr'>sentatio</span> <span class='ocrx_word' id='word_1_166' title='bbox 464 1837 527 1870; x_wconf 75' lang='lat' dir='ltr'>sive</span> <span class='ocrx_word' id='word_1_167' title='bbox 557 1838 672 1871; x_wconf 88' lang='lat' dir='ltr'>electio</span> <span class='ocrx_word' id='word_1_168' title='bbox 697 1849 854 1882; x_wconf 85' lang='lat' dir='ltr'>personae</span> <span class='ocrx_word' id='word_1_169' title='bbox 875 1850 912 1872; x_wconf 84' lang='lat' dir='ltr'>ex</span> <span class='ocrx_word' id='word_1_170' title='bbox 932 1839 1052 1872; x_wconf 84' lang='lat' dir='ltr'>eisdem</span> 
     </span>
     <span class='ocr_line' id='line_1_33' title="bbox 304 1889 1054 1934; baseline 0.007 -13"><span class='ocrx_word' id='word_1_171' title='bbox 304 1889 376 1922; x_wconf 77' lang='lat' dir='ltr'>siliis</span> <span class='ocrx_word' id='word_1_172' title='bbox 396 1891 679 1934; x_wconf 78' lang='lat' dir='ltr'>patrimonialibus</span> <span class='ocrx_word' id='word_1_173' title='bbox 707 1892 746 1924; x_wconf 90' lang='lat' dir='ltr'>ad</span> <span class='ocrx_word' id='word_1_174' title='bbox 768 1893 897 1926; x_wconf 84' lang='lat' dir='ltr'>eosdem</span> <span class='ocrx_word' id='word_1_175' title='bbox 918 1893 1054 1926; x_wconf 66' lang='lat' dir='ltr'>clericos</span> 
     </span>
     <span class='ocr_line' id='line_1_34' title="bbox 304 1942 1053 1990; baseline 0.007 -15"><span class='ocrx_word' id='word_1_176' title='bbox 304 1942 334 1975; x_wconf 89' lang='lat' dir='ltr'>in</span> <span class='ocrx_word' id='word_1_177' title='bbox 355 1943 467 1976; x_wconf 87' lang='lat' dir='ltr'>eadem</span> <span class='ocrx_word' id='word_1_178' title='bbox 488 1944 622 1977; x_wconf 80' lang='lat' dir='ltr'>ecclesia</span> <span class='ocrx_word' id='word_1_179' title='bbox 642 1946 851 1979; x_wconf 85' lang='lat' dir='ltr'>beneficiatos</span> <span class='ocrx_word' id='word_1_180' title='bbox 871 1952 1005 1990; x_wconf 79' lang='lat' dir='ltr'>spectat,</span> <span class='ocrx_word' id='word_1_181' title='bbox 1024 1953 1053 1979; x_wconf 77' lang='lat' dir='ltr'>et</span> 
     </span>
     <span class='ocr_line' id='line_1_35' title="bbox 303 1996 1055 2040; baseline 0.009 -13"><span class='ocrx_word' id='word_1_182' title='bbox 303 1996 334 2028; x_wconf 91' lang='lat' dir='ltr'>in</span> <span class='ocrx_word' id='word_1_183' title='bbox 351 1997 514 2040; x_wconf 82' lang='lat' dir='ltr'>aliquibus</span> <span class='ocrx_word' id='word_1_184' title='bbox 531 2009 569 2031; x_wconf 82' lang='lat' dir='ltr'>ex</span> <span class='ocrx_word' id='word_1_185' title='bbox 592 1999 769 2032; x_wconf 87' lang='lat' dir='ltr'>numeratis</span> <span class='ocrx_word' id='word_1_186' title='bbox 791 2006 822 2033; x_wconf 79' lang='lat' dir='ltr'>et</span> <span class='ocrx_word' id='word_1_187' title='bbox 841 2000 946 2033; x_wconf 78' lang='lat' dir='ltr'>forsan</span> <span class='ocrx_word' id='word_1_188' title='bbox 967 2011 1055 2034; x_wconf 84' lang='lat' dir='ltr'>rece-</span> 
     </span>
     <span class='ocr_line' id='line_1_36' title="bbox 304 2050 1056 2097; baseline 0.005 -14"><span class='ocrx_word' id='word_1_189' title='bbox 304 2050 395 2093; x_wconf 74' lang='lat' dir='ltr'>ptivis</span> <span class='ocrx_word' id='word_1_190' title='bbox 413 2051 557 2085; x_wconf 84' lang='lat' dir='ltr'>ecelesiis</span> <span class='ocrx_word' id='word_1_191' title='bbox 573 2052 757 2096; x_wconf 67' lang='lat' dir='ltr'>praedictis,</span> <span class='ocrx_word' id='word_1_192' title='bbox 780 2053 835 2096; x_wconf 86' lang='lat' dir='ltr'>qui</span> <span class='ocrx_word' id='word_1_193' title='bbox 855 2053 961 2097; x_wconf 88' lang='lat' dir='ltr'>primo</span> <span class='ocrx_word' id='word_1_194' title='bbox 981 2065 1056 2087; x_wconf 89' lang='lat' dir='ltr'>can·</span> 
     </span>
     <span class='ocr_line' id='line_1_37' title="bbox 304 2103 1054 2147; baseline 0.005 -12"><span class='ocrx_word' id='word_1_195' title='bbox 304 2103 381 2135; x_wconf 83' lang='lat' dir='ltr'>tabit</span> <span class='ocrx_word' id='word_1_196' title='bbox 406 2103 587 2147; x_wconf 81' lang='lat' dir='ltr'>epistolam,</span> <span class='ocrx_word' id='word_1_197' title='bbox 619 2106 819 2147; x_wconf 71' lang='lat' dir='ltr'>evangelium</span> <span class='ocrx_word' id='word_1_198' title='bbox 841 2111 892 2138; x_wconf 90' lang='lat' dir='ltr'>aut</span> <span class='ocrx_word' id='word_1_199' title='bbox 925 2106 1054 2139; x_wconf 78' lang='lat' dir='ltr'>missam</span> 
     </span>
     <span class='ocr_line' id='line_1_38' title="bbox 304 2157 1055 2204; baseline 0.007 -16"><span class='ocrx_word' id='word_1_200' title='bbox 304 2157 525 2190; x_wconf 78' lang='lat' dir='ltr'>admittendus</span> <span class='ocrx_word' id='word_1_201' title='bbox 543 2158 604 2198; x_wconf 83' lang='lat' dir='ltr'>sit;</span> <span class='ocrx_word' id='word_1_202' title='bbox 623 2158 782 2192; x_wconf 77' lang='lat' dir='ltr'>institutio</span> <span class='ocrx_word' id='word_1_203' title='bbox 802 2170 877 2193; x_wconf 75' lang='lat' dir='ltr'>xero</span> <span class='ocrx_word' id='word_1_204' title='bbox 898 2170 1055 2204; x_wconf 80' lang='lat' dir='ltr'>personae</span> 
     </span>
     <span class='ocr_line' id='line_1_39' title="bbox 305 2209 1055 2253; baseline 0.007 -12"><span class='ocrx_word' id='word_1_205' title='bbox 305 2209 349 2242; x_wconf 52' lang='lat' dir='ltr'>sic</span> <span class='ocrx_word' id='word_1_206' title='bbox 366 2216 589 2253; x_wconf 71' lang='lat' dir='ltr'>praesentatae</span> <span class='ocrx_word' id='word_1_207' title='bbox 605 2212 667 2244; x_wconf 67' lang='lat' dir='ltr'>sive</span> <span class='ocrx_word' id='word_1_208' title='bbox 681 2213 800 2245; x_wconf 75' lang='lat' dir='ltr'>electae</span> <span class='ocrx_word' id='word_1_209' title='bbox 812 2223 866 2245; x_wconf 77' lang='lat' dir='ltr'>seu</span> <span class='ocrx_word' id='word_1_210' title='bbox 883 2213 1055 2246; x_wconf 85' lang='lat' dir='ltr'>admitten-</span> 
     </span>
     <span class='ocr_line' id='line_1_40' title="bbox 307 2263 1056 2309; baseline 0.009 -16"><span class='ocrx_word' id='word_1_211' title='bbox 307 2263 364 2295; x_wconf 80' lang='lat' dir='ltr'>‹lae</span> <span class='ocrx_word' id='word_1_212' title='bbox 375 2264 414 2295; x_wconf 86' lang='lat' dir='ltr'>ad</span> <span class='ocrx_word' id='word_1_213' title='bbox 433 2263 493 2296; x_wconf 84' lang='lat' dir='ltr'>loci</span> <span class='ocrx_word' id='word_1_214' title='bbox 514 2265 714 2298; x_wconf 86' lang='lat' dir='ltr'>ordinarium</span> <span class='ocrx_word' id='word_1_215' title='bbox 731 2266 908 2309; x_wconf 86' lang='lat' dir='ltr'>pertineat;</span> <span class='ocrx_word' id='word_1_216' title='bbox 922 2266 953 2299; x_wconf 91' lang='lat' dir='ltr'>in</span> <span class='ocrx_word' id='word_1_217' title='bbox 972 2277 1056 2300; x_wconf 76' lang='lat' dir='ltr'>rece-</span> 
     </span>
     <span class='ocr_line' id='line_1_41' title="bbox 309 2317 1056 2364; baseline 0.008 -17"><span class='ocrx_word' id='word_1_218' title='bbox 309 2317 398 2359; x_wconf 75' lang='lat' dir='ltr'>ptivis</span> <span class='ocrx_word' id='word_1_219' title='bbox 426 2323 532 2350; x_wconf 88' lang='lat' dir='ltr'>autem</span> <span class='ocrx_word' id='word_1_220' title='bbox 562 2329 621 2362; x_wconf 89' lang='lat' dir='ltr'>per</span> <span class='ocrx_word' id='word_1_221' title='bbox 641 2319 860 2364; x_wconf 79' lang='lat' dir='ltr'>receptionem</span> <span class='ocrx_word' id='word_1_222' title='bbox 882 2319 1056 2353; x_wconf 77' lang='lat' dir='ltr'>beneficia-</span> 
     </span>
     <span class='ocr_line' id='line_1_42' title="bbox 310 2371 1056 2416; baseline 0.009 -17"><span class='ocrx_word' id='word_1_223' title='bbox 310 2376 426 2410; x_wconf 80' lang='lat' dir='ltr'>torum,</span> <span class='ocrx_word' id='word_1_224' title='bbox 450 2371 503 2412; x_wconf 80' lang='lat' dir='ltr'>qui</span> <span class='ocrx_word' id='word_1_225' title='bbox 536 2371 660 2415; x_wconf 76' lang='lat' dir='ltr'>integra</span> <span class='ocrx_word' id='word_1_226' title='bbox 690 2373 855 2416; x_wconf 82' lang='lat' dir='ltr'>possident</span> <span class='ocrx_word' id='word_1_227' title='bbox 887 2373 1056 2414; x_wconf 78' lang='lat' dir='ltr'>beneficia,</span> 
     </span>
     <span class='ocr_line' id='line_1_43' title="bbox 309 2423 1054 2467; baseline 0.009 -14"><span class='ocrx_word' id='word_1_228' title='bbox 309 2423 397 2455; x_wconf 84' lang='lat' dir='ltr'>nulla</span> <span class='ocrx_word' id='word_1_229' title='bbox 422 2435 480 2467; x_wconf 90' lang='lat' dir='ltr'>per</span> <span class='ocrx_word' id='word_1_230' title='bbox 504 2425 704 2458; x_wconf 84' lang='lat' dir='ltr'>ordinarium</span> <span class='ocrx_word' id='word_1_231' title='bbox 732 2427 812 2460; x_wconf 87' lang='lat' dir='ltr'>sacta</span> <span class='ocrx_word' id='word_1_232' title='bbox 840 2426 1054 2467; x_wconf 86' lang='lat' dir='ltr'>institutione,</span> 
     </span>
     <span class='ocr_line' id='line_1_44' title="bbox 310 2471 1057 2519; baseline 0.011 -18"><span class='ocrx_word' id='word_1_233' title='bbox 310 2471 407 2514; x_wconf 78' lang='lat' dir='ltr'>recipi</span> <span class='ocrx_word' id='word_1_234' title='bbox 434 2475 670 2514; x_wconf 80' lang='lat' dir='ltr'>consueverint3</span> <span class='ocrx_word' id='word_1_235' title='bbox 693 2476 777 2508; x_wconf 84' lang='lat' dir='ltr'>unde</span> <span class='ocrx_word' id='word_1_236' title='bbox 795 2476 853 2519; x_wconf 86' lang='lat' dir='ltr'>ipsi</span> <span class='ocrx_word' id='word_1_237' title='bbox 876 2476 983 2509; x_wconf 78' lang='lat' dir='ltr'>clerici</span> <span class='ocrx_word' id='word_1_238' title='bbox 1004 2476 1057 2508; x_wconf 85' lang='lat' dir='ltr'>be-</span> 
     </span>
     <span class='ocr_line' id='line_1_45' title="bbox 311 2519 1055 2568; baseline 0.011 -19"><span class='ocrx_word' id='word_1_239' title='bbox 311 2519 460 2561; x_wconf 76' lang='lat' dir='ltr'>uelieiati,</span> <span class='ocrx_word' id='word_1_240' title='bbox 480 2523 547 2565; x_wconf 89' lang='lat' dir='ltr'>qui,</span> <span class='ocrx_word' id='word_1_241' title='bbox 572 2529 605 2556; x_wconf 91' lang='lat' dir='ltr'>ut</span> <span class='ocrx_word' id='word_1_242' title='bbox 625 2525 818 2567; x_wconf 72' lang='lat' dir='ltr'>praefertur,</span> <span class='ocrx_word' id='word_1_243' title='bbox 842 2525 980 2568; x_wconf 75' lang='lat' dir='ltr'>eligendi</span> <span class='ocrx_word' id='word_1_244' title='bbox 1001 2535 1055 2557; x_wconf 88' lang='lat' dir='ltr'>scu</span> 
     </span>
     <span class='ocr_line' id='line_1_46' title="bbox 315 2571 1057 2619; baseline 0.008 -20"><span class='ocrx_word' id='word_1_245' title='bbox 315 2571 538 2619; x_wconf 74' lang='lat' dir='ltr'>praesentandi</span> <span class='ocrx_word' id='word_1_246' title='bbox 561 2572 610 2605; x_wconf 83' lang='lat' dir='ltr'>ius</span> <span class='ocrx_word' id='word_1_247' title='bbox 633 2573 765 2611; x_wconf 83' lang='lat' dir='ltr'>liabent,</span> <span class='ocrx_word' id='word_1_248' title='bbox 785 2573 1057 2617; x_wconf 86' lang='lat' dir='ltr'>plerumquc,Dei</span> 
     </span>
     <span class='ocr_line' id='line_1_47' title="bbox 316 2621 1056 2662; baseline 0.011 -16"><span class='ocrx_word' id='word_1_249' title='bbox 316 2622 428 2649; x_wconf 82' lang='lat' dir='ltr'>timore</span> <span class='ocrx_word' id='word_1_250' title='bbox 449 2621 639 2662; x_wconf 81' lang='lat' dir='ltr'>postposito,</span> <span class='ocrx_word' id='word_1_251' title='bbox 662 2632 698 2655; x_wconf 91' lang='lat' dir='ltr'>ac</span> <span class='ocrx_word' id='word_1_252' title='bbox 723 2633 854 2655; x_wconf 85' lang='lat' dir='ltr'>suorum</span> <span class='ocrx_word' id='word_1_253' title='bbox 881 2623 1056 2656; x_wconf 80' lang='lat' dir='ltr'>secundum</span> 
     </span>
     <span class='ocr_line' id='line_1_48' title="bbox 314 2668 1060 2712; baseline 0.012 -15"><span class='ocrx_word' id='word_1_254' title='bbox 314 2674 442 2698; x_wconf 68' lang='lat' dir='ltr'>carnem</span> <span class='ocrx_word' id='word_1_255' title='bbox 460 2668 730 2712; x_wconf 78' lang='lat' dir='ltr'>propinquorum,</span> <span class='ocrx_word' id='word_1_256' title='bbox 751 2671 894 2704; x_wconf 76' lang='lat' dir='ltr'>atliuium</span> <span class='ocrx_word' id='word_1_257' title='bbox 916 2677 969 2704; x_wconf 85' lang='lat' dir='ltr'>aut</span> <span class='ocrx_word' id='word_1_258' title='bbox 987 2682 1060 2705; x_wconf 89' lang='lat' dir='ltr'>con-</span> 
     </span>
    </p>
   </div>
   <div class='ocr_carea' id='block_1_7' title="bbox 1091 338 1879 2719">
    <p class='ocr_par' dir='ltr' id='par_1_8' title="bbox 1091 338 1879 2719">
     <span class='ocr_line' id='line_1_49' title="bbox 1093 338 1842 384; baseline 0.007 -12"><span class='ocrx_word' id='word_1_259' title='bbox 1093 339 1346 382; x_wconf 83' lang='lat' dir='ltr'>sanguineorum</span> <span class='ocrx_word' id='word_1_260' title='bbox 1367 338 1576 384; x_wconf 81' lang='lat' dir='ltr'>praecipuam</span> <span class='ocrx_word' id='word_1_261' title='bbox 1596 339 1755 375; x_wconf 84' lang='lat' dir='ltr'>rationem</span> <span class='ocrx_word' id='word_1_262' title='bbox 1785 342 1842 377; x_wconf 88' lang='lat' dir='ltr'>ha-</span> 
     </span>
     <span class='ocr_line' id='line_1_50' title="bbox 1092 392 1841 439; baseline 0.007 -13"><span class='ocrx_word' id='word_1_263' title='bbox 1092 392 1216 434; x_wconf 85' lang='lat' dir='ltr'>bentes,</span> <span class='ocrx_word' id='word_1_264' title='bbox 1239 393 1396 437; x_wconf 85' lang='lat' dir='ltr'>neglectis</span> <span class='ocrx_word' id='word_1_265' title='bbox 1415 398 1473 427; x_wconf 86' lang='lat' dir='ltr'>aut</span> <span class='ocrx_word' id='word_1_266' title='bbox 1492 393 1629 438; x_wconf 79' lang='lat' dir='ltr'>repulsis</span> <span class='ocrx_word' id='word_1_267' title='bbox 1648 396 1748 439; x_wconf 84' lang='lat' dir='ltr'>magis</span> <span class='ocrx_word' id='word_1_268' title='bbox 1771 396 1841 431; x_wconf 90' lang='lat' dir='ltr'>ido-</span> 
     </span>
     <span class='ocr_line' id='line_1_51' title="bbox 1092 446 1842 487; baseline 0.005 -8"><span class='ocrx_word' id='word_1_269' title='bbox 1092 446 1174 486; x_wconf 83' lang='lat' dir='ltr'>neis,</span> <span class='ocrx_word' id='word_1_270' title='bbox 1196 457 1234 480; x_wconf 85' lang='lat' dir='ltr'>ac</span> <span class='ocrx_word' id='word_1_271' title='bbox 1253 446 1412 487; x_wconf 87' lang='lat' dir='ltr'>doctrina,</span> <span class='ocrx_word' id='word_1_272' title='bbox 1432 446 1578 480; x_wconf 87' lang='lat' dir='ltr'>moribus</span> <span class='ocrx_word' id='word_1_273' title='bbox 1598 451 1630 480; x_wconf 85' lang='lat' dir='ltr'>et</span> <span class='ocrx_word' id='word_1_274' title='bbox 1640 447 1757 483; x_wconf 78' lang='lat' dir='ltr'>virtute</span> <span class='ocrx_word' id='word_1_275' title='bbox 1767 460 1842 483; x_wconf 87' lang='lat' dir='ltr'>con-</span> 
     </span>
     <span class='ocr_line' id='line_1_52' title="bbox 1093 499 1842 544; baseline 0.005 -12"><span class='ocrx_word' id='word_1_276' title='bbox 1093 499 1227 543; x_wconf 86' lang='lat' dir='ltr'>spicuis,</span> <span class='ocrx_word' id='word_1_277' title='bbox 1241 499 1500 542; x_wconf 80' lang='lat' dir='ltr'>consanguineos</span> <span class='ocrx_word' id='word_1_278' title='bbox 1516 505 1544 533; x_wconf 89' lang='lat' dir='ltr'>et</span> <span class='ocrx_word' id='word_1_279' title='bbox 1555 500 1758 544; x_wconf 85' lang='lat' dir='ltr'>propinquos</span> <span class='ocrx_word' id='word_1_280' title='bbox 1767 513 1842 536; x_wconf 90' lang='lat' dir='ltr'>suos</span> 
     </span>
     <span class='ocr_line' id='line_1_53' title="bbox 1093 552 1842 596; baseline 0.005 -11"><span class='ocrx_word' id='word_1_281' title='bbox 1093 552 1239 586; x_wconf 90' lang='lat' dir='ltr'>etminus</span> <span class='ocrx_word' id='word_1_282' title='bbox 1246 553 1380 593; x_wconf 88' lang='lat' dir='ltr'>habiles,</span> <span class='ocrx_word' id='word_1_283' title='bbox 1391 553 1536 586; x_wconf 86' lang='lat' dir='ltr'>indoctos</span> <span class='ocrx_word' id='word_1_284' title='bbox 1548 558 1580 586; x_wconf 86' lang='lat' dir='ltr'>et</span> <span class='ocrx_word' id='word_1_285' title='bbox 1590 552 1736 596; x_wconf 83' lang='lat' dir='ltr'>indignos</span> <span class='ocrx_word' id='word_1_286' title='bbox 1745 555 1842 589; x_wconf 82' lang='lat' dir='ltr'>autin</span> 
     </span>
     <span class='ocr_line' id='line_1_54' title="bbox 1094 605 1842 650; baseline 0.004 -12"><span class='ocrx_word' id='word_1_287' title='bbox 1094 605 1211 649; x_wconf 89' lang='lat' dir='ltr'>puerili</span> <span class='ocrx_word' id='word_1_288' title='bbox 1221 611 1314 639; x_wconf 81' lang='lat' dir='ltr'>aetate</span> <span class='ocrx_word' id='word_1_289' title='bbox 1323 617 1570 650; x_wconf 83' lang='lat' dir='ltr'>nonnumquam</span> <span class='ocrx_word' id='word_1_290' title='bbox 1580 607 1772 641; x_wconf 84' lang='lat' dir='ltr'>constitutos</span> <span class='ocrx_word' id='word_1_291' title='bbox 1783 608 1842 642; x_wconf 85' lang='lat' dir='ltr'>eli-</span> 
     </span>
     <span class='ocr_line' id='line_1_55' title="bbox 1092 659 1843 704; baseline 0.004 -13"><span class='ocrx_word' id='word_1_292' title='bbox 1092 663 1172 702; x_wconf 79' lang='lat' dir='ltr'>gunt</span> <span class='ocrx_word' id='word_1_293' title='bbox 1191 664 1289 703; x_wconf 86' lang='lat' dir='ltr'>atque</span> <span class='ocrx_word' id='word_1_294' title='bbox 1305 664 1527 704; x_wconf 80' lang='lat' dir='ltr'>praesentant,</span> <span class='ocrx_word' id='word_1_295' title='bbox 1550 659 1726 693; x_wconf 84' lang='lat' dir='ltr'>admittunt</span> <span class='ocrx_word' id='word_1_296' title='bbox 1734 661 1782 693; x_wconf 91' lang='lat' dir='ltr'>vel</span> <span class='ocrx_word' id='word_1_297' title='bbox 1793 671 1843 694; x_wconf 90' lang='lat' dir='ltr'>re-</span> 
     </span>
     <span class='ocr_line' id='line_1_56' title="bbox 1092 712 1844 757; baseline 0.001 -11"><span class='ocrx_word' id='word_1_298' title='bbox 1092 712 1228 756; x_wconf 77' lang='lat' dir='ltr'>cipiunt3</span> <span class='ocrx_word' id='word_1_299' title='bbox 1256 723 1352 757; x_wconf 86' lang='lat' dir='ltr'>saepe</span> <span class='ocrx_word' id='word_1_300' title='bbox 1373 713 1467 746; x_wconf 87' lang='lat' dir='ltr'>etiam</span> <span class='ocrx_word' id='word_1_301' title='bbox 1496 713 1527 745; x_wconf 89' lang='lat' dir='ltr'>in</span> <span class='ocrx_word' id='word_1_302' title='bbox 1548 713 1721 756; x_wconf 83' lang='lat' dir='ltr'>praedictis</span> <span class='ocrx_word' id='word_1_303' title='bbox 1741 713 1844 747; x_wconf 86' lang='lat' dir='ltr'>eccle-</span> 
     </span>
     <span class='ocr_line' id='line_1_57' title="bbox 1091 766 1842 810; baseline 0.003 -11"><span class='ocrx_word' id='word_1_304' title='bbox 1091 766 1147 799; x_wconf 86' lang='lat' dir='ltr'>siis</span> <span class='ocrx_word' id='word_1_305' title='bbox 1166 767 1338 810; x_wconf 75' lang='lat' dir='ltr'>receptivis</span> <span class='ocrx_word' id='word_1_306' title='bbox 1353 777 1455 800; x_wconf 90' lang='lat' dir='ltr'>unum</span> <span class='ocrx_word' id='word_1_307' title='bbox 1471 766 1666 799; x_wconf 86' lang='lat' dir='ltr'>beneficium</span> <span class='ocrx_word' id='word_1_308' title='bbox 1684 766 1717 800; x_wconf 92' lang='lat' dir='ltr'>in</span> <span class='ocrx_word' id='word_1_309' title='bbox 1733 767 1842 810; x_wconf 84' lang='lat' dir='ltr'>plures</span> 
     </span>
     <span class='ocr_line' id='line_1_58' title="bbox 1091 814 1879 864; baseline 0.003 -12"><span class='ocrx_word' id='word_1_310' title='bbox 1091 819 1268 863; x_wconf 82' lang='lat' dir='ltr'>portiones,</span> <span class='ocrx_word' id='word_1_311' title='bbox 1290 830 1428 864; x_wconf 87' lang='lat' dir='ltr'>quarum</span> <span class='ocrx_word' id='word_1_312' title='bbox 1457 819 1601 863; x_wconf 83' lang='lat' dir='ltr'>singulae</span> <span class='ocrx_word' id='word_1_313' title='bbox 1621 820 1757 863; x_wconf 83' lang='lat' dir='ltr'>singulis</span> <span class='ocrx_word' id='word_1_314' title='bbox 1776 821 1841 854; x_wconf 83' lang='lat' dir='ltr'>cle·</span> <span class='ocrx_word' id='word_1_315' title='bbox 1876 814 1879 817; x_wconf 62' lang='grc'><strong>’</strong></span> 
     </span>
     <span class='ocr_line' id='line_1_59' title="bbox 1092 872 1843 918; baseline 0.001 -12"><span class='ocrx_word' id='word_1_316' title='bbox 1092 872 1180 918; x_wconf 84' lang='lat' dir='ltr'>ricis,</span> <span class='ocrx_word' id='word_1_317' title='bbox 1201 879 1237 906; x_wconf 90' lang='lat' dir='ltr'>ut</span> <span class='ocrx_word' id='word_1_318' title='bbox 1257 873 1435 918; x_wconf 89' lang='lat' dir='ltr'>plurimum</span> <span class='ocrx_word' id='word_1_319' title='bbox 1461 873 1710 916; x_wconf 81' lang='lat' dir='ltr'>consanguineis</span> <span class='ocrx_word' id='word_1_320' title='bbox 1732 874 1782 908; x_wconf 89' lang='lat' dir='ltr'>vel</span> <span class='ocrx_word' id='word_1_321' title='bbox 1806 880 1843 907; x_wconf 79' lang='lat' dir='ltr'>a-‘</span> 
     </span>
     <span class='ocr_line' id='line_1_60' title="bbox 1091 926 1841 961; baseline 0 -1"><span class='ocrx_word' id='word_1_322' title='bbox 1091 926 1185 960; x_wconf 86' lang='lat' dir='ltr'>micis</span> <span class='ocrx_word' id='word_1_323' title='bbox 1204 937 1241 960; x_wconf 85' lang='lat' dir='ltr'>ea</span> <span class='ocrx_word' id='word_1_324' title='bbox 1264 927 1445 960; x_wconf 88' lang='lat' dir='ltr'>intentione</span> <span class='ocrx_word' id='word_1_325' title='bbox 1465 927 1677 960; x_wconf 84' lang='lat' dir='ltr'>conseruntur</span> <span class='ocrx_word' id='word_1_326' title='bbox 1695 927 1744 960; x_wconf 91' lang='lat' dir='ltr'>vel</span> <span class='ocrx_word' id='word_1_327' title='bbox 1763 927 1841 961; x_wconf 88' lang='lat' dir='ltr'>assi-</span> 
     </span>
     <span class='ocr_line' id='line_1_61' title="bbox 1091 980 1841 1024; baseline 0.003 -11"><span class='ocrx_word' id='word_1_328' title='bbox 1091 985 1241 1023; x_wconf 80' lang='lat' dir='ltr'>gnantur,</span> <span class='ocrx_word' id='word_1_329' title='bbox 1261 986 1297 1013; x_wconf 90' lang='lat' dir='ltr'>ut</span> <span class='ocrx_word' id='word_1_330' title='bbox 1317 980 1480 1024; x_wconf 83' lang='lat' dir='ltr'>deinceps,</span> <span class='ocrx_word' id='word_1_331' title='bbox 1501 985 1693 1014; x_wconf 85' lang='lat' dir='ltr'>occurrente</span> <span class='ocrx_word' id='word_1_332' title='bbox 1713 980 1776 1014; x_wconf 81' lang='lat' dir='ltr'>alia</span> <span class='ocrx_word' id='word_1_333' title='bbox 1787 992 1841 1015; x_wconf 85' lang='lat' dir='ltr'>va-</span> 
     </span>
     <span class='ocr_line' id='line_1_62' title="bbox 1092 1033 1842 1078; baseline 0.001 -11"><span class='ocrx_word' id='word_1_334' title='bbox 1092 1033 1230 1076; x_wconf 86' lang='lat' dir='ltr'>catione,</span> <span class='ocrx_word' id='word_1_335' title='bbox 1252 1034 1286 1076; x_wconf 84' lang='lat' dir='ltr'>ii,</span> <span class='ocrx_word' id='word_1_336' title='bbox 1309 1035 1363 1077; x_wconf 89' lang='lat' dir='ltr'>qui</span> <span class='ocrx_word' id='word_1_337' title='bbox 1384 1035 1548 1078; x_wconf 83' lang='lat' dir='ltr'>portiones</span> <span class='ocrx_word' id='word_1_338' title='bbox 1567 1034 1611 1067; x_wconf 90' lang='lat' dir='ltr'>sic</span> <span class='ocrx_word' id='word_1_339' title='bbox 1624 1033 1774 1068; x_wconf 80' lang='lat' dir='ltr'>disse-ctas</span> <span class='ocrx_word' id='word_1_340' title='bbox 1784 1034 1842 1068; x_wconf 89' lang='lat' dir='ltr'>ob-</span> 
     </span>
     <span class='ocr_line' id='line_1_63' title="bbox 1092 1087 1852 1132; baseline 0.001 -12"><span class='ocrx_word' id='word_1_341' title='bbox 1092 1087 1351 1131; x_wconf 75' lang='lat' dir='ltr'>tinent‚integras</span> <span class='ocrx_word' id='word_1_342' title='bbox 1363 1087 1852 1132; x_wconf 31' lang='lat' dir='ltr'>accipiant,cete1·isnonamicis*</span> 
     </span>
     <span class='ocr_line' id='line_1_64' title="bbox 1092 1133 1842 1185; baseline 0.001 -11"><span class='ocrx_word' id='word_1_343' title='bbox 1092 1133 1198 1184; x_wconf 81' lang='lat' dir='ltr'>neque</span> <span class='ocrx_word' id='word_1_344' title='bbox 1208 1141 1454 1185; x_wconf 78' lang='lat' dir='ltr'>consanguineis</span> <span class='ocrx_word' id='word_1_345' title='bbox 1465 1141 1613 1181; x_wconf 87' lang='lat' dir='ltr'>exclusis,</span> <span class='ocrx_word' id='word_1_346' title='bbox 1623 1141 1784 1175; x_wconf 85' lang='lat' dir='ltr'>dissecant</span> <span class='ocrx_word' id='word_1_347' title='bbox 1793 1146 1842 1175; x_wconf 84' lang='lat' dir='ltr'>at-</span> 
     </span>
     <span class='ocr_line' id='line_1_65' title="bbox 1092 1194 1844 1238; baseline 0.001 -11"><span class='ocrx_word' id='word_1_348' title='bbox 1092 1204 1156 1237; x_wconf 89' lang='lat' dir='ltr'>que</span> <span class='ocrx_word' id='word_1_349' title='bbox 1175 1194 1333 1235; x_wconf 86' lang='lat' dir='ltr'>dividunt,</span> <span class='ocrx_word' id='word_1_350' title='bbox 1357 1195 1485 1227; x_wconf 88' lang='lat' dir='ltr'>eosdem</span> <span class='ocrx_word' id='word_1_351' title='bbox 1503 1194 1588 1227; x_wconf 87' lang='lat' dir='ltr'>filios</span> <span class='ocrx_word' id='word_1_352' title='bbox 1602 1195 1844 1238; x_wconf 86' lang='lat' dir='ltr'>patrimoniales</span> 
     </span>
     <span class='ocr_line' id='line_1_66' title="bbox 1092 1243 1844 1282; baseline 0.003 -2"><span class='ocrx_word' id='word_1_353' title='bbox 1092 1243 1129 1280; x_wconf 78' lang='lat' dir='ltr'>ac</span> <span class='ocrx_word' id='word_1_354' title='bbox 1137 1248 1299 1280; x_wconf 84' lang='lat' dir='ltr'>naturales</span> <span class='ocrx_word' id='word_1_355' title='bbox 1307 1248 1345 1281; x_wconf 87' lang='lat' dir='ltr'>ad</span> <span class='ocrx_word' id='word_1_356' title='bbox 1355 1248 1519 1281; x_wconf 86' lang='lat' dir='ltr'>fructuum</span> <span class='ocrx_word' id='word_1_357' title='bbox 1528 1247 1710 1281; x_wconf 86' lang='lat' dir='ltr'>vacantium</span> <span class='ocrx_word' id='word_1_358' title='bbox 1720 1248 1784 1282; x_wconf 88' lang='lat' dir='ltr'>sive</span> <span class='ocrx_word' id='word_1_359' title='bbox 1791 1259 1844 1282; x_wconf 89' lang='lat' dir='ltr'>su-</span> 
     </span>
     <span class='ocr_line' id='line_1_67' title="bbox 1092 1301 1842 1346; baseline 0.001 -12"><span class='ocrx_word' id='word_1_360' title='bbox 1092 1311 1151 1344; x_wconf 86' lang='lat' dir='ltr'>per</span> <span class='ocrx_word' id='word_1_361' title='bbox 1170 1301 1422 1334; x_wconf 79' lang='lat' dir='ltr'>excrescentium</span> <span class='ocrx_word' id='word_1_362' title='bbox 1448 1301 1635 1335; x_wconf 87' lang='lat' dir='ltr'>huiusmodi</span> <span class='ocrx_word' id='word_1_363' title='bbox 1660 1301 1842 1346; x_wconf 87' lang='lat' dir='ltr'>perceptio—</span> 
     </span>
     <span class='ocr_line' id='line_1_68' title="bbox 1092 1354 1844 1399; baseline 0.003 -13"><span class='ocrx_word' id='word_1_364' title='bbox 1092 1364 1165 1387; x_wconf 84' lang='lat' dir='ltr'>nem</span> <span class='ocrx_word' id='word_1_365' title='bbox 1175 1360 1205 1388; x_wconf 89' lang='lat' dir='ltr'>et</span> <span class='ocrx_word' id='word_1_366' title='bbox 1213 1354 1564 1398; x_wconf 84' lang='lat' dir='ltr'>possessionem,insci0</span> <span class='ocrx_word' id='word_1_367' title='bbox 1573 1360 1668 1398; x_wconf 85' lang='lat' dir='ltr'>atque</span> <span class='ocrx_word' id='word_1_368' title='bbox 1678 1354 1844 1399; x_wconf 82' lang='lat' dir='ltr'>irrequisi-</span> 
     </span>
     <span class='ocr_line' id='line_1_69' title="bbox 1093 1408 1841 1453; baseline 0.001 -12"><span class='ocrx_word' id='word_1_369' title='bbox 1093 1413 1125 1441; x_wconf 90' lang='lat' dir='ltr'>to</span> <span class='ocrx_word' id='word_1_370' title='bbox 1135 1408 1198 1441; x_wconf 90' lang='lat' dir='ltr'>loci</span> <span class='ocrx_word' id='word_1_371' title='bbox 1210 1408 1385 1448; x_wconf 85' lang='lat' dir='ltr'>ordinario,</span> <span class='ocrx_word' id='word_1_372' title='bbox 1394 1408 1594 1442; x_wconf 78' lang='lat' dir='ltr'>admittendo</span> <span class='ocrx_word' id='word_1_373' title='bbox 1606 1408 1841 1453; x_wconf 83' lang='lat' dir='ltr'>etrecipiendo,</span> 
     </span>
     <span class='ocr_line' id='line_1_70' title="bbox 1093 1461 1842 1506; baseline 0.001 -12"><span class='ocrx_word' id='word_1_374' title='bbox 1093 1461 1237 1505; x_wconf 87' lang='lat' dir='ltr'>aliasque</span> <span class='ocrx_word' id='word_1_375' title='bbox 1264 1462 1441 1506; x_wconf 88' lang='lat' dir='ltr'>pactiones,</span> <span class='ocrx_word' id='word_1_376' title='bbox 1467 1463 1548 1495; x_wconf 88' lang='lat' dir='ltr'>alter</span> <span class='ocrx_word' id='word_1_377' title='bbox 1571 1462 1670 1495; x_wconf 70' lang='lat' dir='ltr'>alteriv</span> <span class='ocrx_word' id='word_1_378' title='bbox 1698 1463 1842 1506; x_wconf 86' lang='lat' dir='ltr'>compla-</span> 
     </span>
     <span class='ocr_line' id='line_1_71' title="bbox 1093 1515 1842 1556; baseline 0.001 -8"><span class='ocrx_word' id='word_1_379' title='bbox 1093 1515 1208 1556; x_wconf 89' lang='lat' dir='ltr'>cendo,</span> <span class='ocrx_word' id='word_1_380' title='bbox 1240 1515 1374 1549; x_wconf 88' lang='lat' dir='ltr'>omnino</span> <span class='ocrx_word' id='word_1_381' title='bbox 1403 1516 1533 1549; x_wconf 84' lang='lat' dir='ltr'>illicitas</span> <span class='ocrx_word' id='word_1_382' title='bbox 1564 1523 1595 1550; x_wconf 85' lang='lat' dir='ltr'>ct</span> <span class='ocrx_word' id='word_1_383' title='bbox 1620 1516 1842 1550; x_wconf 81' lang='lat' dir='ltr'>detestabilem</span> 
     </span>
     <span class='ocr_line' id='line_1_72' title="bbox 1094 1568 1844 1614; baseline 0.003 -13"><span class='ocrx_word' id='word_1_384' title='bbox 1094 1568 1251 1602; x_wconf 86' lang='lat' dir='ltr'>simoniae</span> <span class='ocrx_word' id='word_1_385' title='bbox 1265 1570 1371 1602; x_wconf 84' lang='lat' dir='ltr'>labem</span> <span class='ocrx_word' id='word_1_386' title='bbox 1392 1570 1588 1610; x_wconf 81' lang='lat' dir='ltr'>redolentes,</span> <span class='ocrx_word' id='word_1_387' title='bbox 1611 1575 1665 1603; x_wconf 83' lang='lat' dir='ltr'>aut</span> <span class='ocrx_word' id='word_1_388' title='bbox 1681 1580 1844 1614; x_wconf 86' lang='lat' dir='ltr'>quaepro-</span> 
     </span>
     <span class='ocr_line' id='line_1_73' title="bbox 1094 1622 1843 1656; baseline 0.001 -1"><span class='ocrx_word' id='word_1_389' title='bbox 1094 1622 1228 1655; x_wconf 83' lang='lat' dir='ltr'>bibitam</span> <span class='ocrx_word' id='word_1_390' title='bbox 1249 1622 1496 1656; x_wconf 86' lang='lat' dir='ltr'>haereditariam</span> <span class='ocrx_word' id='word_1_391' title='bbox 1513 1622 1544 1655; x_wconf 89' lang='lat' dir='ltr'>iu</span> <span class='ocrx_word' id='word_1_392' title='bbox 1562 1622 1727 1656; x_wconf 82' lang='lat' dir='ltr'>beneficiis</span> <span class='ocrx_word' id='word_1_393' title='bbox 1739 1623 1843 1656; x_wconf 88' lang='lat' dir='ltr'>eccle-</span> 
     </span>
     <span class='ocr_line' id='line_1_74' title="bbox 1093 1675 1840 1720; baseline 0.001 -12"><span class='ocrx_word' id='word_1_394' title='bbox 1093 1675 1229 1709; x_wconf 86' lang='lat' dir='ltr'>siasticis</span> <span class='ocrx_word' id='word_1_395' title='bbox 1249 1676 1486 1709; x_wconf 89' lang='lat' dir='ltr'>successionem</span> <span class='ocrx_word' id='word_1_396' title='bbox 1517 1676 1657 1720; x_wconf 85' lang='lat' dir='ltr'>sapiunt,</span> <span class='ocrx_word' id='word_1_397' title='bbox 1686 1675 1840 1717; x_wconf 80' lang='lat' dir='ltr'>ineund03</span> 
     </span>
     <span class='ocr_line' id='line_1_75' title="bbox 1094 1728 1842 1773; baseline 0.001 -12"><span class='ocrx_word' id='word_1_398' title='bbox 1094 1729 1221 1773; x_wconf 88' lang='lat' dir='ltr'>aliaque</span> <span class='ocrx_word' id='word_1_399' title='bbox 1243 1730 1437 1773; x_wconf 84' lang='lat' dir='ltr'>quamplura</span> <span class='ocrx_word' id='word_1_400' title='bbox 1460 1729 1599 1762; x_wconf 88' lang='lat' dir='ltr'>absurda</span> <span class='ocrx_word' id='word_1_401' title='bbox 1624 1735 1655 1763; x_wconf 85' lang='lat' dir='ltr'>et</span> <span class='ocrx_word' id='word_1_402' title='bbox 1679 1728 1765 1773; x_wconf 87' lang='lat' dir='ltr'>pravi</span> <span class='ocrx_word' id='word_1_403' title='bbox 1784 1729 1842 1762; x_wconf 88' lang='lat' dir='ltr'>ab·</span> 
     </span>
     <span class='ocr_line' id='line_1_76' title="bbox 1095 1782 1844 1825; baseline 0.001 -11"><span class='ocrx_word' id='word_1_404' title='bbox 1095 1792 1183 1823; x_wconf 64' lang='lat' dir='ltr'>urus,</span> <span class='ocrx_word' id='word_1_405' title='bbox 1205 1782 1313 1825; x_wconf 87' lang='lat' dir='ltr'>quoad</span> <span class='ocrx_word' id='word_1_406' title='bbox 1335 1783 1522 1825; x_wconf 84' lang='lat' dir='ltr'>praemissa,</span> <span class='ocrx_word' id='word_1_407' title='bbox 1545 1782 1759 1823; x_wconf 85' lang='lat' dir='ltr'>inoleverunt,</span> <span class='ocrx_word' id='word_1_408' title='bbox 1778 1792 1844 1815; x_wconf 90' lang='lat' dir='ltr'>non</span> 
     </span>
     <span class='ocr_line' id='line_1_77' title="bbox 1094 1835 1845 1878; baseline 0.001 -10"><span class='ocrx_word' id='word_1_409' title='bbox 1094 1835 1162 1868; x_wconf 85' lang='lat' dir='ltr'>sine</span> <span class='ocrx_word' id='word_1_410' title='bbox 1184 1846 1300 1878; x_wconf 76' lang='lat' dir='ltr'>magno</span> <span class='ocrx_word' id='word_1_411' title='bbox 1321 1835 1419 1869; x_wconf 81' lang='lat' dir='ltr'>divini</span> <span class='ocrx_word' id='word_1_412' title='bbox 1450 1836 1557 1869; x_wconf 85' lang='lat' dir='ltr'>cultus</span> <span class='ocrx_word' id='word_1_413' title='bbox 1579 1836 1785 1877; x_wconf 75' lang='lat' dir='ltr'>detrimento,</span> <span class='ocrx_word' id='word_1_414' title='bbox 1807 1846 1845 1869; x_wconf 83' lang='lat' dir='ltr'>ac</span> 
     </span>
     <span class='ocr_line' id='line_1_78' title="bbox 1094 1889 1845 1934; baseline 0 -12"><span class='ocrx_word' id='word_1_415' title='bbox 1094 1889 1274 1922; x_wconf 88' lang='lat' dir='ltr'>animarum</span> <span class='ocrx_word' id='word_1_416' title='bbox 1297 1889 1454 1933; x_wconf 85' lang='lat' dir='ltr'>periculo,</span> <span class='ocrx_word' id='word_1_417' title='bbox 1465 1895 1495 1922; x_wconf 89' lang='lat' dir='ltr'>et</span> <span class='ocrx_word' id='word_1_418' title='bbox 1515 1890 1665 1923; x_wconf 86' lang='lat' dir='ltr'>scandalo</span> <span class='ocrx_word' id='word_1_419' title='bbox 1685 1889 1845 1934; x_wconf 87' lang='lat' dir='ltr'>plurimo-</span> 
     </span>
     <span class='ocr_line' id='line_1_79' title="bbox 1094 1942 1846 1986; baseline 0 -11"><span class='ocrx_word' id='word_1_420' title='bbox 1094 1953 1180 1983; x_wconf 88' lang='lat' dir='ltr'>rum,</span> <span class='ocrx_word' id='word_1_421' title='bbox 1203 1954 1276 1975; x_wconf 89' lang='lat' dir='ltr'>cum</span> <span class='ocrx_word' id='word_1_422' title='bbox 1299 1943 1487 1986; x_wconf 86' lang='lat' dir='ltr'>praesertim</span> <span class='ocrx_word' id='word_1_423' title='bbox 1508 1942 1570 1976; x_wconf 90' lang='lat' dir='ltr'>loci</span> <span class='ocrx_word' id='word_1_424' title='bbox 1590 1942 1773 1976; x_wconf 80' lang='lat' dir='ltr'>ordinarius</span> <span class='ocrx_word' id='word_1_425' title='bbox 1790 1953 1846 1975; x_wconf 91' lang='lat' dir='ltr'>cu-</span> 
     </span>
     <span class='ocr_line' id='line_1_80' title="bbox 1096 1996 1844 2030; baseline 0.001 -2"><span class='ocrx_word' id='word_1_426' title='bbox 1096 2007 1162 2029; x_wconf 89' lang='lat' dir='ltr'>ram</span> <span class='ocrx_word' id='word_1_427' title='bbox 1179 1996 1360 2029; x_wconf 87' lang='lat' dir='ltr'>animarum</span> <span class='ocrx_word' id='word_1_428' title='bbox 1373 1996 1469 2029; x_wconf 88' lang='lat' dir='ltr'>alicui</span> <span class='ocrx_word' id='word_1_429' title='bbox 1491 2007 1527 2030; x_wconf 88' lang='lat' dir='ltr'>ex</span> <span class='ocrx_word' id='word_1_430' title='bbox 1546 1996 1732 2030; x_wconf 89' lang='lat' dir='ltr'>huiusmodi</span> <span class='ocrx_word' id='word_1_431' title='bbox 1747 1996 1844 2029; x_wconf 84' lang='lat' dir='ltr'>bene-</span> 
     </span>
     <span class='ocr_line' id='line_1_81' title="bbox 1095 2049 1844 2093; baseline 0 -11"><span class='ocrx_word' id='word_1_432' title='bbox 1095 2050 1212 2083; x_wconf 79' lang='lat' dir='ltr'>ficiatis</span> <span class='ocrx_word' id='word_1_433' title='bbox 1227 2049 1290 2083; x_wconf 82' lang='lat' dir='ltr'>‘suo</span> <span class='ocrx_word' id='word_1_434' title='bbox 1310 2050 1443 2083; x_wconf 81' lang='lat' dir='ltr'>arbitrio</span> <span class='ocrx_word' id='word_1_435' title='bbox 1464 2050 1634 2093; x_wconf 80' lang='lat' dir='ltr'>deligendo</span> <span class='ocrx_word' id='word_1_436' title='bbox 1650 2049 1844 2083; x_wconf 82' lang='lat' dir='ltr'>demandare</span> 
     </span>
     <span class='ocr_line' id='line_1_82' title="bbox 1096 2102 1844 2147; baseline -0.001 -11"><span class='ocrx_word' id='word_1_437' title='bbox 1096 2103 1135 2136; x_wconf 82' lang='lat' dir='ltr'>ad</span> <span class='ocrx_word' id='word_1_438' title='bbox 1160 2109 1287 2147; x_wconf 88' lang='lat' dir='ltr'>tempus</span> <span class='ocrx_word' id='word_1_439' title='bbox 1304 2103 1543 2137; x_wconf 83' lang='lat' dir='ltr'>consueveritet</span> <span class='ocrx_word' id='word_1_440' title='bbox 1558 2109 1718 2144; x_wconf 85' lang='lat' dir='ltr'>teneatur,</span> <span class='ocrx_word' id='word_1_441' title='bbox 1739 2102 1844 2136; x_wconf 85' lang='lat' dir='ltr'>nemi-</span> 
     </span>
     <span class='ocr_line' id='line_1_83' title="bbox 1096 2155 1844 2200; baseline 0 -11"><span class='ocrx_word' id='word_1_442' title='bbox 1096 2167 1168 2189; x_wconf 82' lang='lat' dir='ltr'>uem</span> <span class='ocrx_word' id='word_1_443' title='bbox 1191 2157 1352 2190; x_wconf 86' lang='lat' dir='ltr'>interdum</span> <span class='ocrx_word' id='word_1_444' title='bbox 1375 2156 1512 2200; x_wconf 86' lang='lat' dir='ltr'>reperiat</span> <span class='ocrx_word' id='word_1_445' title='bbox 1535 2157 1573 2190; x_wconf 76' lang='lat' dir='ltr'>aul</span> <span class='ocrx_word' id='word_1_446' title='bbox 1594 2157 1626 2189; x_wconf 86' lang='lat' dir='ltr'>id</span> <span class='ocrx_word' id='word_1_447' title='bbox 1643 2167 1760 2190; x_wconf 88' lang='lat' dir='ltr'>munus</span> <span class='ocrx_word' id='word_1_448' title='bbox 1773 2155 1844 2189; x_wconf 87' lang='lat' dir='ltr'>ido-</span> 
     </span>
     <span class='ocr_line' id='line_1_84' title="bbox 1097 2208 1844 2254; baseline 0 -13"><span class='ocrx_word' id='word_1_449' title='bbox 1097 2220 1206 2242; x_wconf 83' lang='lat' dir='ltr'>neum.</span> <span class='ocrx_word' id='word_1_450' title='bbox 1230 2209 1374 2253; x_wconf 84' lang='lat' dir='ltr'>Cumque</span> <span class='ocrx_word' id='word_1_451' title='bbox 1400 2216 1475 2242; x_wconf 85' lang='lat' dir='ltr'>tunc</span> <span class='ocrx_word' id='word_1_452' title='bbox 1506 2210 1674 2243; x_wconf 80' lang='lat' dir='ltr'>existentes</span> <span class='ocrx_word' id='word_1_453' title='bbox 1701 2208 1844 2254; x_wconf 81' lang='lat' dir='ltr'>episcopi</span> 
     </span>
     <span class='ocr_line' id='line_1_85' title="bbox 1096 2263 1846 2308; baseline -0.001 -11"><span class='ocrx_word' id='word_1_454' title='bbox 1096 2263 1323 2307; x_wconf 77' lang='lat' dir='ltr'>Calaguritani,</span> <span class='ocrx_word' id='word_1_455' title='bbox 1346 2270 1414 2308; x_wconf 83' lang='lat' dir='ltr'>post</span> <span class='ocrx_word' id='word_1_456' title='bbox 1438 2263 1565 2297; x_wconf 83' lang='lat' dir='ltr'>concilii</span> <span class='ocrx_word' id='word_1_457' title='bbox 1583 2263 1846 2297; x_wconf 79' lang='lat' dir='ltr'>Tridentinicon-</span> 
     </span>
     <span class='ocr_line' id='line_1_86' title="bbox 1097 2316 1844 2361; baseline 0 -12"><span class='ocrx_word' id='word_1_458' title='bbox 1097 2317 1327 2357; x_wconf 71' lang='lat' dir='ltr'>tii-mationem,</span> <span class='ocrx_word' id='word_1_459' title='bbox 1350 2317 1488 2350; x_wconf 85' lang='lat' dir='ltr'>decretis</span> <span class='ocrx_word' id='word_1_460' title='bbox 1512 2316 1613 2361; x_wconf 88' lang='lat' dir='ltr'>ipsius</span> <span class='ocrx_word' id='word_1_461' title='bbox 1640 2316 1768 2350; x_wconf 85' lang='lat' dir='ltr'>concilii</span> <span class='ocrx_word' id='word_1_462' title='bbox 1795 2316 1844 2349; x_wconf 91' lang='lat' dir='ltr'>in-</span> 
     </span>
     <span class='ocr_line' id='line_1_87' title="bbox 1097 2369 1844 2414; baseline 0 -11"><span class='ocrx_word' id='word_1_463' title='bbox 1097 2370 1273 2410; x_wconf 82' lang='lat' dir='ltr'>haerendo,</span> <span class='ocrx_word' id='word_1_464' title='bbox 1295 2376 1327 2403; x_wconf 89' lang='lat' dir='ltr'>ut</span> <span class='ocrx_word' id='word_1_465' title='bbox 1340 2370 1397 2414; x_wconf 84' lang='lat' dir='ltr'>ipsi</span> <span class='ocrx_word' id='word_1_466' title='bbox 1412 2370 1467 2402; x_wconf 81' lang='lat' dir='ltr'>filii</span> <span class='ocrx_word' id='word_1_467' title='bbox 1486 2369 1736 2414; x_wconf 59' lang='lat' dir='ltr'>patrimoniales</span> <span class='ocrx_word' id='word_1_468' title='bbox 1750 2380 1844 2413; x_wconf 86' lang='lat' dir='ltr'>prae-</span> 
     </span>
     <span class='ocr_line' id='line_1_88' title="bbox 1097 2422 1844 2469; baseline -0.001 -13"><span class='ocrx_word' id='word_1_469' title='bbox 1097 2424 1147 2456; x_wconf 81' lang='lat' dir='ltr'>vio</span> <span class='ocrx_word' id='word_1_470' title='bbox 1168 2424 1312 2457; x_wconf 83' lang='lat' dir='ltr'>examine</span> <span class='ocrx_word' id='word_1_471' title='bbox 1338 2422 1377 2455; x_wconf 88' lang='lat' dir='ltr'>ab</span> <span class='ocrx_word' id='word_1_472' title='bbox 1398 2423 1467 2466; x_wconf 88' lang='lat' dir='ltr'>ipso</span> <span class='ocrx_word' id='word_1_473' title='bbox 1496 2423 1648 2467; x_wconf 82' lang='lat' dir='ltr'>episcopo</span> <span class='ocrx_word' id='word_1_474' title='bbox 1673 2422 1758 2456; x_wconf 87' lang='lat' dir='ltr'>iuxta</span> <span class='ocrx_word' id='word_1_475' title='bbox 1779 2423 1844 2469; x_wconf 86' lang='lat' dir='ltr'>sor-</span> 
     </span>
     <span class='ocr_line' id='line_1_89' title="bbox 1098 2471 1846 2513; baseline 0 -9"><span class='ocrx_word' id='word_1_476' title='bbox 1098 2482 1182 2505; x_wconf 89' lang='lat' dir='ltr'>mam</span> <span class='ocrx_word' id='word_1_477' title='bbox 1203 2472 1277 2504; x_wconf 90' lang='lat' dir='ltr'>dicti</span> <span class='ocrx_word' id='word_1_478' title='bbox 1298 2471 1426 2504; x_wconf 88' lang='lat' dir='ltr'>concilii</span> <span class='ocrx_word' id='word_1_479' title='bbox 1446 2471 1607 2513; x_wconf 85' lang='lat' dir='ltr'>habendo,</span> <span class='ocrx_word' id='word_1_480' title='bbox 1629 2471 1667 2505; x_wconf 90' lang='lat' dir='ltr'>ad</span> <span class='ocrx_word' id='word_1_481' title='bbox 1688 2471 1846 2505; x_wconf 84' lang='lat' dir='ltr'>beneficia</span> 
     </span>
     <span class='ocr_line' id='line_1_90' title="bbox 1098 2519 1844 2564; baseline 0 -11"><span class='ocrx_word' id='word_1_482' title='bbox 1098 2520 1284 2554; x_wconf 84' lang='lat' dir='ltr'>huiusmodi</span> <span class='ocrx_word' id='word_1_483' title='bbox 1323 2520 1548 2564; x_wconf 83' lang='lat' dir='ltr'>reciperentur</span> <span class='ocrx_word' id='word_1_484' title='bbox 1578 2525 1609 2554; x_wconf 86' lang='lat' dir='ltr'>et</span> <span class='ocrx_word' id='word_1_485' title='bbox 1638 2519 1844 2554; x_wconf 82' lang='lat' dir='ltr'>admitteren—</span> 
     </span>
     <span class='ocr_line' id='line_1_91' title="bbox 1098 2567 1844 2613; baseline -0.003 -10"><span class='ocrx_word' id='word_1_486' title='bbox 1098 2576 1152 2603; x_wconf 90' lang='lat' dir='ltr'>tur</span> <span class='ocrx_word' id='word_1_487' title='bbox 1182 2571 1348 2609; x_wconf 87' lang='lat' dir='ltr'>instarent,</span> <span class='ocrx_word' id='word_1_488' title='bbox 1380 2570 1505 2613; x_wconf 84' lang='lat' dir='ltr'>ipsique</span> <span class='ocrx_word' id='word_1_489' title='bbox 1530 2568 1711 2602; x_wconf 84' lang='lat' dir='ltr'>beneficiati</span> <span class='ocrx_word' id='word_1_490' title='bbox 1735 2567 1768 2601; x_wconf 88' lang='lat' dir='ltr'>in</span> <span class='ocrx_word' id='word_1_491' title='bbox 1791 2578 1844 2601; x_wconf 87' lang='lat' dir='ltr'>ec-</span> 
     </span>
     <span class='ocr_line' id='line_1_92' title="bbox 1099 2616 1846 2663; baseline -0.005 -11"><span class='ocrx_word' id='word_1_492' title='bbox 1099 2619 1206 2652; x_wconf 76' lang='lat' dir='ltr'>clesiis</span> <span class='ocrx_word' id='word_1_493' title='bbox 1234 2619 1414 2663; x_wconf 76' lang='lat' dir='ltr'>receptixis,</span> <span class='ocrx_word' id='word_1_494' title='bbox 1437 2629 1469 2652; x_wconf 84' lang='lat' dir='ltr'>se</span> <span class='ocrx_word' id='word_1_495' title='bbox 1496 2618 1534 2651; x_wconf 88' lang='lat' dir='ltr'>ad</span> <span class='ocrx_word' id='word_1_496' title='bbox 1562 2617 1716 2651; x_wconf 73' lang='lat' dir='ltr'>beneficia</span> <span class='ocrx_word' id='word_1_497' title='bbox 1734 2616 1846 2649; x_wconf 86' lang='lat' dir='ltr'>huius-</span> 
     </span>
     <span class='ocr_line' id='line_1_93' title="bbox 1100 2664 1846 2719; baseline -0.003 -19"><span class='ocrx_word' id='word_1_498' title='bbox 1100 2667 1201 2713; x_wconf 77' lang='lat' dir='ltr'>modi,</span> <span class='ocrx_word' id='word_1_499' title='bbox 1212 2667 1520 2719; x_wconf 82' lang='lat' dir='ltr'>nullopraeccdente</span> <span class='ocrx_word' id='word_1_500' title='bbox 1534 2667 1690 2712; x_wconf 74' lang='lat' dir='ltr'>examine,</span> <span class='ocrx_word' id='word_1_501' title='bbox 1702 2664 1846 2709; x_wconf 82' lang='lat' dir='ltr'>recipere</span> 
     </span>
    </p>
   </div>
   <div class='ocr_carea' id='block_1_8' title="bbox 1845 0 2059 3228">
    <p class='ocr_par' dir='ltr' id='par_1_9' title="bbox 1845 0 2059 3228">
     <span class='ocr_line' id='line_1_94' title="bbox 1845 0 2059 3228; baseline 0 0"><span class='ocrx_word' id='word_1_502' title='bbox 1845 0 2059 3228; x_wconf 95' lang='lat' dir='ltr'> </span> 
     </span>
    </p>
   </div>
  </div>
 </body>
</html>
