2059 3228
111 235 163 265 An.
180 238 208 267 C.
228 239 293 268 1588

125 1147 262 1170 Prommtum.

98 1663 273 1683 confirmationis.

351 230 437 264 ‘teet

614 292 740 327 CXXlV.

308 374 521 417 Confirmatio
545 378 691 411 omnium
717 379 975 422 priuileqiorttm,
1004 382 1051 413 in-

348 427 524 465 dultorum..
546 429 828 473 indulgentiarum
847 436 875 464 et
903 444 1051 476 quarum-

348 490 490 533 cumque·
514 483 701 525 qratiarum
733 485 808 517 locis
841 486 884 518 ad
913 487 1050 519 sanctis—

345 533 466 566 simum
501 536 706 579 sepulchrum
744 538 941 571 donzinicum
980 550 1049 582 spe-

346 587 520 628 ctantium,
539 599 577 622 ae
600 589 660 622 illa
683 591 905 632 visitantibus,
927 603 1050 626 necnon

344 638 505 680 fratribus
536 641 672 675 Ordinis
708 643 851 685 fratrum
884 645 1050 678 Minorum

344 694 452 726 sancti
467 695 637 729 Francisci
659 697 696 729 de
717 696 929 731 Obseruantia
952 700 989 732 in
1013 700 1050 732 il-

345 745 538 789 lispartz'bus
550 748 734 792 deqentibus
742 752 1050 793 quomodolibetcon-

345 809 517 841 cessurum,
539 802 708 835 dummodo
722 804 788 837 sint
808 805 843 837 in
862 815 933 845 usu,
947 809 976 838 ct
995 806 1048 838 de-

343 853 439 886 cretis
465 855 596 888 concilii
621 855 808 889 Tridentini
839 867 904 890 non
932 858 1047 891 adver-

343 910 454 939 sentur
472 907 498 940 ¹.

337 997 434 1028 Sixtus
443 999 513 1036 Papa
521 1000 552 1034 V,
561 1001 595 1030 ad
610 1003 773 1038 perpetuam
789 1003 830 1032 rel
842 1005 1010 1033 memoriam.

342 1092 404 1126 Piis
432 1094 576 1128 fidelium
605 1096 698 1136 votis,
728 1108 764 1130 ex
784 1098 903 1141 quibus
923 1101 1046 1144 praeei-

296 1156 360 1189 pue
384 1147 676 1182 sacratissimorum
697 1151 844 1184 locorum
866 1155 1046 1188 veneratio-

296 1209 370 1232 nem
382 1205 411 1233 et
424 1200 607 1234 animarum
628 1203 765 1237 salutem
785 1206 957 1248 provenire
968 1218 1046 1240 con-

295 1252 462 1295 spicimus,
472 1254 609 1289 libenter
620 1257 806 1299 annuimus,
821 1264 852 1292 et
864 1259 929 1301 illa,
943 1271 1046 1303 quan-

294 1312 363 1338 tum
384 1317 458 1339 cum
487 1308 552 1341 Deo
576 1320 759 1353 possuian
785 1312 947 1346 favoribus
967 1325 1046 1358 apo-

1066 1124 1069 1153 l

896 242 1074 268 nuLLAmUM
1099 239 1247 268 norimus!

1094 295 1131 329 tis
1150 296 1266 329 annuis
1289 294 1341 340 pie
1361 295 1421 328 sibi
1440 306 1458 329 a
1485 297 1617 332 diversis
1635 300 1781 344 personis
1801 300 1833 333 in

1092 348 1237 392 partibus
1257 348 1494 392 Hispaniarum,
1528 350 1645 384 intuitu
1674 353 1834 387 dictorum

1092 401 1251 442 locorum,
1275 403 1426 445 erogatis,
1452 403 1598 443 adauxit,
1630 406 1833 445 exercuisset;

1092 454 1222 488 domum
1245 455 1284 488 ad
1305 456 1422 489 Urbem
1440 457 1654 500 personaliter
1668 459 1834 500 accedens,

1092 508 1174 541 facto
1195 519 1276 541 novo
1301 509 1350 542 sui
1374 509 1502 542 Ordinis
1521 510 1662 553 capitulo
1680 512 1835 553 generali,

1092 561 1151 593 fuit
1183 561 1216 594 in
1257 562 1441 595 huiusmodi
1474 563 1580 596 officio
1615 563 1835 605 confirmatum

1091 624 1231 658 cumque
1259 616 1467 659 postmodum
1487 616 1554 660 ipse
1575 616 1673 649 frater
1682 616 1838 650 Mattheus

1090 668 1213 711 aliquas
1232 669 1479 713 eleemosynasa
1504 669 1677 702 carissimis
1693 669 1725 702 in
1743 669 1836 702 Chri-

1090 727 1137 754 sto
1166 721 1241 755 filiis
1267 722 1384 755 nostris
1416 722 1588 765 Rodulplio
1616 723 1836 758 Romanorum

1090 777 1295 819 imperatore5
1310 786 1346 808 ao
1358 775 1506 819 Philippo
1517 776 1745 819 Hispaniarum
1760 786 1836 819 rege

1090 828 1250 862 catholico
1270 829 1333 862 iam
1354 830 1452 862 factas
1463 829 1640 872 collegerit,
1651 835 1682 862 et
1700 829 1764 863 Deo
1777 830 1834 862 ad-

1089 882 1228 922 iuvante,
1256 883 1296 915 ad
1325 883 1489 926 praedicta
1516 883 1587 916 loca
1607 883 1831 923 transmarina,

1089 940 1153 967 tam
1172 946 1232 979 pro
1251 947 1309 969 sua
1330 936 1512 975 devotione,
1534 947 1630 980 quam
1659 941 1694 969 ut
1720 946 1832 969 eorum

1088 987 1183 1021 statui
1203 995 1234 1022 et
1252 995 1424 1032 augmento
1439 989 1616 1033 provideat,
1635 1000 1668 1022 se
1682 999 1833 1033 persona-

1089 1042 1161 1075 liter
1181 1042 1339 1083 conferre,
1366 1054 1403 1076 ac
1429 1049 1616 1086 paramenta
1646 1043 1753 1086 magni
1778 1053 1831 1076 va-

1088 1095 1165 1128 loris
1184 1096 1224 1128 ad
1255 1096 1358 1140 ipsum
1393 1096 1601 1140 sepulchrum
1631 1096 1831 1129 dominicum

1088 1154 1306 1193 transportare
1317 1149 1470 1189 intendat,
1482 1149 1574 1182 nobis
1582 1150 1749 1183 humiliter
1757 1161 1832 1194 sup-

1088 1203 1200 1245 plicari
1216 1203 1302 1243 feeit,
1320 1209 1355 1236 ut
1378 1203 1522 1247 ipsorum
1542 1203 1831 1237 sacratissimorum

1089 1256 1232 1289 locorum
1261 1256 1463 1290 devotionem
1490 1257 1610 1289 nedum
1631 1266 1831 1297 conservare,

1087 1320 1197 1342 verum
1217 1309 1314 1342 etiam
1334 1310 1509 1353 adaugere,
1522 1321 1558 1343 ae
1570 1310 1831 1344 christifidelium

295 1359 415 1393 stolicis
439 1360 578 1405 benigne
603 1364 823 1403 confovemus,
845 1376 882 1399 ac
902 1366 1046 1410 singulos
1085 1362 1170 1395 dict-³1
1190 1363 1259 1395 1008
1272 1362 1482 1404 VlSifflssliUffl,
1501 1374 1628 1396 necnon
1648 1374 1830 1408 pauperum

294 1412 519 1448 christifideles
548 1416 588 1448 ad
617 1417 687 1450 toea
718 1418 903 1453 huiusmodi
933 1421 1067 1460 devote,
1085 1414 1286 1460 captivorum
1307 1414 1340 1449 in
1363 1416 1543 1450 infidelium
1564 1416 1713 1451 servitute
1738 1417 1771 1450 in
1792 1418 1830 1450 it-

293 1466 451 1500 visitanda
479 1468 689 1513 indulgentiis
713 1477 744 1504 et
763 1478 972 1516 peccatorum
992 1486 1045 1508 re·
1084 1468 1122 1501 liS
1135 1468 1279 1512 pssl'fibUS
1295 1469 1514 1512 detentorum,
1535 1470 1717 1504 animasum
1736 1473 1829 1506 Sflluti

294 1520 504 1555 missionibus
528 1522 712 1558 invitamus.

1084 1523 1264 1563 consulere,
1275 1523 1314 1556 de
1324 1523 1520 1567 benignitate
1535 1524 1712 1568 apostolica
1721 1525 1831 1569 digna-

338 1574 353 1617 ἓ
378 1575 409 1607 l.
436 1576 558 1620 Exponi
578 1578 740 1621 siquidem
764 1580 857 1613 nobis
872 1592 978 1627 nuper
997 1584 1044 1617 se·
1083 1587 1206 1610 femur·

124 1630 206 1651 ΜΝ
220 1630 282 1652 huius
294 1629 338 1662 cit
357 1629 493 1664 dilectus
512 1632 598 1666 filius
618 1634 716 1667 frater
727 1635 883 1669 Mattheus
901 1637 1043 1671 Salerni-

295 1687 397 1724 tanus,
417 1686 601 1728 provinciae
615 1687 757 1721 slacobi
773 1688 804 1722 in
815 1689 1042 1735 Compostella,

294 1736 421 1770 Ordinis
441 1740 576 1773 fratrum
596 1741 756 1775 Minorum
777 1743 817 1776 de
836 1743 1044 1780 Observantia

293 1798 555 1835 nuncupatorum
574 1795 768 1838 professore,
791 1798 877 1841 quod
890 1799 1043 1844 cumipse

293 1845 535 1880 commissarius
554 1854 586 1881 et
609 1856 804 1892 procurator
825 1854 985 1893 generalis
1012 1854 1043 1887 in

292 1898 444 1932 universo
470 1900 547 1934 orbe
575 1902 751 1936 christiano
780 1905 819 1937 ad
839 1905 1043 1950 recipiendas

294 1955 325 1983 et
353 1955 591 1997 recuperandas
615 1967 839 2000 quascumque
866 1959 1043 2005 eleemosy-

293 2014 360 2044 nas,
380 2010 444 2038 tam
464 2005 644 2041 ordinarias
654 2020 750 2053 quam
763 2011 1042 2054 extraordinarias,

293 2057 332 2089 ad
353 2059 592 2093 sanctissimum
609 2063 819 2104 sepulchrum
841 2063 1042 2100 dominicum

293 2116 322 2141 et
343 2110 405 2144 alia
425 2112 495 2145 loca
524 2119 634 2147 saneta
658 2116 874 2150 transmarina
894 2125 1042 2161 spectan-

291 2168 351 2203 tes,
373 2163 508 2208 illasque
528 2171 592 2199 tam
613 2168 809 2211 reparationi
830 2170 974 2214 ipsorum
995 2173 1043 2206 lo-

292 2226 418 2257 corum,
438 2229 536 2261 quam
548 2219 579 2252 in
591 2223 809 2256 sustentandis
827 2224 980 2258 fratribus
996 2225 1043 2259 di-

292 2270 332 2301 eti
359 2270 488 2304 Ordinis
512 2274 711 2317 pauperibus
742 2276 774 2309 in
803 2277 866 2310 illis
895 2279 1042 2322 partibus

291 2322 401 2356 «livino
429 2326 586 2369 obsequio
611 2326 846 2369 insistentibus,
867 2338 964 2374 prout
983 2342 1041 2365 ne-

293 2376 421 2408 cessitas
448 2378 601 2421 exigeret,
632 2381 841 2424 applicandas
870 2384 1041 2428 deputatus

293 2428 415 2469 fuisset,
428 2441 464 2463 ae
476 2432 620 2465 officium
631 2433 819 2468 huiusmodi
831 2437 933 2480 spatio
944 2438 1042 2471 trien-

294 2479 335 2511 nii
356 2482 402 2514 vel
420 2483 506 2516 circa
527 2495 592 2528 quo
610 2486 711 2520 dictas
727 2488 946 2534 eleemosynas
965 2502 1040 2534 per-

293 2537 404 2574 petuas
423 2540 450 2567 et
472 2537 652 2572 ordinarias
676 2539 708 2571 in
733 2541 916 2584 quingentis
941 2543 1039 2577 duca-

332 2622 339 2645 t
358 2618 398 2647 Ex
419 2621 530 2656 neg-eet.
548 2624 577 2653 in
591 2625 698 2655 Secret.
715 2628 858 2657 Brevium.

1062 1637 1067 1705 Ι

1123 1630 1141 1673 3}
1165 1630 1196 1663 02.
1219 1630 1281 1663 Nos
1305 1628 1410 1673 igitur,
1425 1629 1609 1663 huiusmodi
1623 1631 1830 1675 supplicatio-

1083 1684 1178 1717 nibus
1198 1683 1353 1724 inclinati,
1379 1685 1487 1717 onmia
1504 1690 1534 1717 et
1554 1685 1682 1728 singula
1701 1686 1830 1730 privile-

1082 1736 1144 1779 gia,
1171 1737 1405 1777 eoncessiones,
1428 1737 1607 1777 facultates,
1629 1738 1827 1778 indulta‚in-

1082 1790 1263 1833 dulgentias
1289 1796 1477 1834 ceterasque
1503 1790 1619 1834 gratias
1644 1792 1828 1835 spirituales

1082 1849 1113 1877 et
1131 1845 1327 1888 temporales
1338 1844 1459 1877 eisdem
1479 1845 1559 1877 loeis
1578 1855 1614 1877 ac
1635 1845 1688 1878 illa
1698 1845 1827 1878 visitans

1082 1897 1179 1937 tibus,
1202 1908 1327 1930 necnon
1357 1897 1432 1931 dicti
1451 1897 1579 1934 Ordinis
1598 1898 1777 1950 guardiano
1796 1903 1827 1931 et

1082 1951 1234 1983 fratribus
1258 1951 1290 1983 in
1312 1951 1374 1983 illis
1394 1951 1538 1995 partibus
1552 1951 1756 1993 degentibus,
1769 1963 1828 1996 per

1081 2015 1304 2048 quoscumque
1324 2005 1484 2038 Romanos
1503 2003 1674 2039 Pontifices
1693 2006 1826 2048 praede-

1082 2068 1224 2091 cessores
1250 2064 1387 2099 nostros,
1410 2069 1447 2091 ae
1476 2069 1534 2092 nos
1563 2065 1593 2092 et
1610 2059 1724 2092 Sedem
1740 2060 1825 2108 Apo-

1082 2111 1227 2144 stolicam
1247 2111 1279 2143 in
1295 2120 1414 2154 genere
1432 2112 1481 2144 vel
1498 2111 1530 2144 in
1548 2112 1654 2156 speeie
1672 2119 1724 2145 aut
1748 2113 1825 2145 alias

1082 2165 1325 2208 quomodolibet
1344 2175 1508 2205 concessa,
1529 2172 1686 2208 quatenus
1709 2166 1771 2199 sint
1795 2166 1825 2199 in

1082 2229 1154 2258 usn,
1183 2224 1214 2251 et
1237 2219 1375 2252 decretis
1403 2218 1532 2252 concilii
1556 2219 1732 2252 Tridentini
1761 2230 1824 2252 non

1081 2271 1299 2312 adversentur,
1313 2268 1489 2316 apostolica
1497 2274 1698 2310 auctoritate,
1716 2278 1825 2306 tenore.

1081 2325 1323 2369 praesentium,
1352 2332 1509 2370 perpetuo
1545 2326 1761 2371 approbamus
1795 2331 1826 2359 et

1081 2379 1322 2418 confirmamus,
1345 2390 1519 2422 omnesque
1536 2380 1718 2422 etsingulos
1738 2379 1824 2412 defe-

1081 2433 1162 2468 ctus,
1183 2428 1208 2460 si
1226 2428 1282 2472 qui
1302 2429 1531 2462 intervenerint
1550 2428 1581 2461 in
1602 2429 1734 2468 eisdem,
1754 2439 1825 2471 sup-

1080 2477 1217 2519 plemus.
1240 2477 1277 2510 Et
1293 2477 1426 2521 insuper
1441 2478 1605 2510 modernis
1624 2482 1655 2509 et
1673 2487 1731 2520 pro
1747 2481 1824 2529 tem·

1081 2535 1159 2568 pore
1183 2526 1392 2559 existentibus
1411 2526 1596 2569 guardianis
1615 2531 1823 2558 monasterio—

1082 2584 1151 2606 rum
1174 2580 1204 2607 et
1228 2575 1428 2618 regularium
1447 2573 1618 2609 domorum
1638 2574 1713 2607 dicti
1729 2572 1821 2606 Ordi—

1080 2623 1129 2656 nis
1148 2629 1178 2657 et
1198 2623 1268 2657 aliis
1292 2624 1511 2658 sacerdotibus
1529 2625 1569 2657 ab
1586 2623 1703 2657 eisdem
1724 2633 1823 2665 guar·

1990 1567 2007 1582 ΥΑ

1888 1638 1956 1660 Conni·
1968 1649 1969 1658 ¹
1985 1637 2003 1655 ¹'
2044 1634 2047 1659 l

1840 1670 1966 1691 indultorum
1984 1680 1987 1684 v
2000 1669 2003 1688 ἶ

1841 1702 1916 1733 quain
1935 1700 1990 1722 rub
2003 1701 2009 1707 '⁴
2043 1678 2047 1753 ¹i

1960 2345 2006 2678 ³:=·''r·'fflfflm
1974 2275 2009 2324 ,ἐζ
