2059 3228
22 0 125 183 ἴ

55 186 65 199 Ι

28 204 82 266 ᾗ,
93 229 122 261 G,
138 229 205 259 1572
1661 221 1724 257 507
1783 233 1834 260 An.
1854 233 1882 261 C⁴
1898 234 1964 262 1572

217 278 406 313 electionem
426 279 557 321 assumi,
586 280 680 324 eique
705 290 783 314 eura
815 280 970 314 immine·
1018 278 1091 312 bant
1120 290 1177 312 seu
1207 288 1385 325 spectarent
1415 290 1443 316 ct
1480 284 1679 328 pertinerent
1711 296 1767 328 pro

220 338 269 367 ret
288 333 482 374 animarum,
503 335 595 367 cuius
616 336 754 375 fructus,
772 335 918 368 redditus
938 339 969 368 ct
1019 338 1165 376 tempore
1186 346 1249 377 quo
1260 335 1303 368 illi
1319 337 1365 370 vel
1382 337 1445 370 illis
1460 337 1625 371 subiectae
1646 344 1764 378 essent,

218 393 390 432 proventus
429 388 560 431 triginta
596 388 796 422 ssorenorum
831 389 966 421 Romen.
1018 396 1141 418 :iernen
1166 387 1195 419 in
1217 388 1340 423 cix-itate
1361 396 1391 423 ct
1415 391 1516 434 patria
1537 391 1715 431 Leodiensi‚
1735 398 1766 426 ct

217 451 404 481 aureorum,
418 442 596 475 secundum
614 442 970 476 communemaestima-
1015 439 1169 473 comitatu
1189 442 1346 483 Lossensi‚
1370 450 1399 476 et
1415 445 1534 478 ducatu
1552 445 1761 486 Bullonicnsi,

217 495 348 535 tionem,
359 495 501 527 valorem
516 505 662 528 annuum
682 506 746 529 non
760 496 967 537 excederent,
1013 497 1043 525 ct
1067 492 1163 526 etiam
1184 493 1217 526 in
1234 495 1359 529 civitate
1373 498 1608 537 Cantici-acensi,
1620 503 1650 532 et
1662 499 1761 531 comi-

215 548 313 593 quod,
327 554 398 592 post
410 548 665 582 nominationem
685 549 873 583 huiusmodi
889 550 966 594 ipsis
1013 551 1079 579 tatu
1100 546 1337 589 Cameracensi,
1363 562 1399 583 ac
1424 551 1632 592 l‘rnnaecnsi,
1659 552 1763 584 Mara-

215 601 376 646 praelatis,
397 602 558 646 capitulis,
577 601 734 645 collegiis,
755 602 965 635 conventibus
1012 600 1112 639 ncnsi,
1129 606 1157 634 et
1180 601 1380 635 atrebatensi
1403 604 1582 637 civitatibus
1597 606 1762 638 etdioece-

214 661 245 689 et
264 656 410 700 personis
429 655 468 689 de
489 666 521 689 se
538 656 652 688 saetam
669 660 700 688 et
715 661 964 699 praesentatam,
1009 652 1109 694 sibus,
1132 659 1162 687 et
1178 654 1210 687 in
1231 655 1355 688 civitate
1376 657 1569 690 Traiectcnsi
1585 659 1761 692 consisten-

213 709 325 753 quovis
358 720 467 743 mense
500 709 678 753 apostolico
712 710 761 743 vel
799 710 963 744 ordinario
1009 706 1101 748 tium,
1124 707 1248 740 etiarnsi
1268 708 1369 751 aliqui
1390 715 1477 743 extra
1499 716 1599 743 terras
1625 718 1656 744 ct
1690 713 1759 746 toea

826 227 1002 252 GnEGomUs
1027 227 1081 250 xm
1105 228 1153 251 PP.

211 767 400 806 nuncupato
421 762 585 806 perpetuis
615 763 733 797 suturis
762 764 965 808 temporibus

211 826 323 848 vacare
348 816 562 858 contingeret,
585 816 719 860 ipseque
740 816 785 850 sic
814 817 963 851 nomina-

211 872 261 901 tus
281 878 339 912 per
358 878 391 901 se
411 869 459 902 vel
479 874 727 912 procuratorem
746 880 840 902 sunm
866 871 906 903 ad
931 871 962 903 id

209 921 249 954 ab
269 932 307 955 eo
324 922 509 966 specialiter
526 923 735 956 constitutum
756 924 840 957 insra
865 924 962 957 unius

209 974 329 1008 mensis
338 975 477 1019 spatium
488 969 621 1009 duceret
631 977 879 1020 acceptandum,
890 989 962 1022 pos-

208 1033 290 1069 sent,
310 1033 566 1073 tenerenturque
586 1036 617 1063 et
644 1030 800 1064 deberent
826 1032 960 1065 omnino

180 1127 183 1129 -
207 1081 389 1126 providere,
412 1081 605 1117 inhibitione
625 1089 656 1118 et
667 1085 961 1129 decretoopportu-

34 1251 80 1276 Att-
104 1251 191 1278 prtvtto-

30 1282 50 1304 i·
62 1288 75 1304 ι
85 1279 157 1305 Leone
171 1283 188 1305 x

207 1135 257 1170 nis
276 1137 417 1181 desuper
436 1137 604 1182 appositis.

250 1190 321 1234 5⁶2.
362 1190 400 1224 Et
429 1191 547 1224 deinde
582 1191 654 1236 piae
686 1191 861 1225 memoriae
895 1193 958 1226 Leo

205 1243 291 1287 Papa
311 1243 469 1284 decimus,
483 1244 579 1278 etiam
595 1245 825 1289 praedecessor
837 1252 957 1287 noster,

206 1296 351 1331 eiusdem
370 1297 576 1331 Maximiliani
588 1298 793 1342 imperatoris
805 1299 958 1333 etsimilis

205 1351 381 1385 memoriae
413 1351 518 1385 Caroli
545 1352 565 1386 V
586 1353 774 1386 eorumdem
793 1354 956 1387 Romano-

205 1415 278 1438 rum
304 1404 552 1449 imperatorum,
586 1412 661 1440 tunc
691 1407 888 1449 archiducis,
919 1419 955 1441 ac

204 1458 393 1502 Margaritae
413 1459 653 1493 archidueissae
682 1461 843 1501 Austriae,
879 1472 955 1495 nec-

203 1523 269 1546 non
301 1512 415 1546 decani
450 1519 481 1546 et
509 1514 669 1547 facultatis
696 1515 814 1547 artium
845 1515 955 1548 liuius-

204 1566 292 1599 modi
304 1566 597 1610 supplicationibus
609 1568 793 1609 inclinatus,
810 1580 866 1613 per
876 1569 954 1603 alias

204 1629 277 1652 suas
297 1619 431 1660 litteras,
458 1621 546 1664 quod
570 1621 713 1654 decanus
741 1623 787 1655 vel
814 1622 952 1656 rice-de-

204 1683 304 1706 canus
328 1683 388 1717 pro
408 1678 555 1717 tempore
582 1675 686 1708 dictae
716 1677 887 1716 facultatis,
914 1677 952 1710 de

203 1737 336 1760 assensu
369 1732 400 1760 et
418 1728 553 1761 consilio
578 1729 753 1772 rcceptoris
782 1735 808 1762 ct
837 1741 954 1774 procu-

201 1785 357 1821 ratorum,
374 1780 469 1814 etiam
490 1792 549 1825 pro
566 1787 721 1824 tempore,
738 1788 878 1826 quatuor
898 1794 952 1816 na-

201 1834 327 1868 tionum
350 1834 496 1868 eiusdem
517 1835 688 1876 facultatis,
715 1847 773 1879 per
793 1847 825 1869 sc
844 1837 891 1870 vel
911 1837 952 1870 ad

199 1887 232 1921 id
247 1887 287 1921 ab
307 1887 363 1928 eis,
383 1888 424 1921 ob
445 1898 559 1922 eorum
579 1889 768 1930 absentiam,
789 1890 837 1921 vel
859 1890 948 1931 alias,

199 1951 240 1975 ne
248 1940 486 1974 nominationes
501 1941 704 1981 differentur,
716 1943 950 1983 ubstituendos,

199 1995 465 2038 praesentandus,
484 2006 540 2029 seu
561 1995 691 2029 maioris
708 1996 807 2040 partis
821 2008 950 2031 corum-

201 2049 284 2090 dem,
298 2054 406 2092 posset
425 2049 559 2093 singulis
579 2050 690 2083 decem
712 2051 817 2091 annis,
840 2062 857 2084 a
878 2052 951 2085 data

201 2101 378 2135 litterarum
388 2103 504 2136 Leonis
514 2104 950 2147 praedecessorishuiusmodi

201 2156 438 2200 computandis,
461 2157 720 2201 quibuscumque
730 2159 886 2201 collegiis,
901 2171 952 2193 ca-

201 2209 314 2254 pitulis
340 2215 372 2243 et
397 2211 609 2244 conventibus
642 2212 762 2251 semel,
802 2213 952 2256 ltn‘aelatis

202 2273 297 2308 vero.
309 2263 529 2305 collatoribus,
569 2265 790 2298 collatricibus
822 2271 852 2298 et
882 2266 951 2299 aliis

202 2315 420 2359 singularibus
438 2318 585 2361 personis
605 2319 797 2352 habentibus
818 2319 952 2363 disposi-

203 2368 323 2402 tionem
349 2368 445 2401 ctiam
474 2371 745 2414 qualemcumque
776 2373 950 2405 beneficio-

204 2428 277 2451 rum
308 2417 355 2450 vel
379 2418 561 2452 officiorum
592 2420 884 2453 ecclesiasticorum
920 2422 951 2454 in

203 2466 299 2499 dictis
325 2466 423 2512 terris
441 2467 626 2510 temporalis
651 2469 784 2500 dominii
813 2469 952 2501 Maximi-

203 2515 279 2548 liani
306 2521 336 2548 et
368 2515 473 2548 Caroli
508 2516 740 2559 imperatorum
773 2518 951 2560 praedicto-

204 2574 288 2604 rum,
311 2574 367 2597 seu
392 2575 474 2607 quae
495 2564 612 2597 eisdem
639 2566 686 2597 vcl
720 2566 810 2598 alteri
838 2577 949 2599 corum

204 2618 258 2646 aut
281 2612 433 2656 legitimis
453 2613 596 2657 ipsorum
613 2614 805 2648 haeredibus
826 2621 949 2657 specta-

1007 761 1173 803 pracdicta
1192 761 1300 795 sedem
1323 768 1353 794 et
1370 764 1755 807 residentiamhaberent,

1006 819 1036 846 et
1056 825 1262 858 quacumque
1274 815 1513 859 praefulgercnt
1528 818 1696 862 dignitate,
1710 821 1755 853 bis

1005 879 1063 901 seu
1088 869 1215 902 duabus
1235 868 1396 902 distinctis
1416 870 1549 911 vicibus,
1572 873 1647 914 rita,
1666 885 1754 917 prac-

1004 921 1109 955 latura
1129 922 1452 956 etadministrationc
1473 935 1584 957 corum
1606 926 1752 967 durante,

1005 986 1107 1008 unum
1124 987 1161 1009 ex
1181 976 1276 1009 dictis
1302 977 1461 1019 magistris
1481 978 1513 1010 in
1538 979 1673 1019 artibus,
1700 981 1754 1023 qui

1003 1028 1083 1061 inibi
1104 1029 1137 1062 in
1157 1029 1308 1062 facultate
1321 1030 1486 1073 praedicta
1499 1034 1754 1077 scxannislcgis-

1002 1088 1047 1115 set
1069 1094 1125 1117 seu
1145 1084 1288 1124 rexisset,
1307 1084 1355 1117 vel
1372 1085 1412 1117 ob
1432 1084 1753 1120 doctrinaecminen-

1001 1135 1077 1168 tiam
1103 1137 1143 1169 ad
1163 1136 1345 1170 docendam
1366 1136 1504 1180 logicam
1517 1144 1569 1171 aut
1588 1140 1752 1184 physicam

1000 1189 1180 1223 Aristotelis
1211 1190 1383 1232 admissus,
1409 1201 1463 1224 seu
1495 1192 1527 1224 in
1554 1192 1608 1225 illa
1639 1204 1751 1227 novem

1000 1243 1093 1276 annis
1112 1249 1281 1287 promotus
1302 1249 1332 1277 et
1351 1245 1526 1288 graduatns
1546 1248 1640 1287 t'oret,
1662 1253 1694 1281 et
1713 1249 1751 1281 de

1001 1296 1086 1329 illius
1106 1297 1240 1331 consilio
1260 1304 1343 1331 essct
1361 1299 1409 1331 vel
1430 1298 1604 1342 aliquando
1626 1300 1747 1342 fuisset,

1000 1350 1107 1393 etqui,
1131 1361 1188 1394 pro
1198 1361 1235 1384 ea
1256 1351 1360 1394 prima
1380 1351 1446 1385 vice
1459 1352 1634 1393 dumtaxat,
1653 1355 1748 1387 etiam

999 1402 1082 1435 ultra
1107 1404 1291 1446 octuaginta
1312 1404 1452 1438 florenos
1472 1406 1542 1438 auri
1563 1407 1601 1440 de
1616 1408 1748 1442 Camcra

998 1455 1119 1489 similes
1139 1458 1305 1491 annuatim
1335 1458 1487 1497 liaberet3
1510 1460 1591 1493 alius
1611 1472 1684 1494 reio
1710 1464 1747 1495 ‹le

998 1515 1106 1543 cetero
1137 1511 1221 1544 ultra
1254 1511 1357 1544 dictos
1391 1514 1575 1556 octuaginta
1608 1515 1747 1549 florenos

996 1565 1067 1598 auri
1088 1565 1126 1598 tle
1147 1566 1281 1598 (lamera
1301 1567 1421 1599 similes
1442 1568 1657 1609 nonhalnjnct,
1677 1582 1746 1613 pei-

997 1621 1102 1664 pctuis
1123 1622 1239 1655 suturis
1251 1623 1451 1666 temporibus
1467 1624 1646 1663 nominare,
1665 1626 1746 1668 ips-:-

995 1685 1057 1718 quc
1084 1675 1268 1710 nominatus
1295 1678 1524 1721 quodcumque
1551 1679 1743 1712 bem-licium

995 1738 1051 1761 seu
1076 1729 1219 1763 officium
1240 1731 1507 1771 ecclesiasticum,
1530 1734 1742 1766 curnem-arel

995 1782 1063 1816 sine
1093 1795 1184 1825 cura,
1216 1785 1248 1818 in
1281 1786 1373 1818 dictis
1404 1786 1517 1819 litteris
1542 1797 1739 1830 expressum,

994 1836 1099 1870 cidem
1127 1838 1331 1883 dispositioni
1372 1840 1565 1883 apostolicae
1600 1851 1742 1873 reserva-

994 1890 1079 1924 tione
1099 1893 1241 1935 generali
1263 1893 1295 1926 in
1316 1904 1450 1937 corpore
1467 1894 1546 1926 iuris
1558 1894 1665 1927 clausa
1678 1906 1741 1927 non

994 1946 1207 1981 reservatum,
1230 1942 1323 1975 cuius
1355 1945 1498 1982 l'rnctus,
1535 1943 1679 1976 redditus
1712 1950 1742 1977 et

994 2000 1168 2037 proventus
1200 1996 1363 2038 sexaginta
1395 1997 1591 2029 florenorum
1612 1997 1681 2029 auri
1703 1998 1742 2030 de

993 2047 1126 2081 Camera
1154 2049 1324 2088 similium,
1347 2050 1499 2082 oneribus
1519 2050 1676 2089 deductis,
1700 2051 1742 2084 ita

993 2103 1080 2145 quod
1097 2114 1134 2135 ex
1154 2103 1209 2135 illo
1230 2103 1296 2146 ipsc
1326 2104 1510 2136 nominatus
1541 2104 1742 2137 commodius

993 2161 1241 2196 sustentaretur,
1276 2158 1416 2190 valorem
1444 2168 1586 2189 annuum
1626 2169 1740 2190 sccun-

993 2210 1070 2242 dum
1091 2211 1346 2244 aestimationem
1364 2211 1559 2254 praedit-tam
1582 2222 1743 2245 nonen-c-

993 2264 1116 2303 derent,
1137 2264 1248 2308 quovis
1269 2264 1362 2296 ctiam
1386 2275 1494 2296 mense
1506 2265 1683 2308 apostolico
1696 2266 1741 2298 vel

994 2317 1159 2350 ordinario
1171 2323 1338 2361 acceptare
1351 2318 1480 2352 valeret·⁸
1499 2328 1557 2351 nec
1576 2318 1621 2351 sic
1637 2319 1742 2352 nomi-

994 2377 1087 2403 natus
1115 2375 1279 2403 teneretur
1295 2371 1530 2403 manantium-s
1558 2371 1741 2405 huiusmtjnli

995 2420 1236 2453 communicare
1262 2420 1434 2463 capitulis,
1466 2420 1610 2462 collegiis
1628 2447 1636 2460 ,
1665 2433 1743 2454 cen-

993 2469 1150 2504 x'entibus,
1177 2468 1338 2511 praelatis,
1361 2469 1580 2505 cottatoritnis,
1600 2470 1742 2502 collatri-

995 2517 1084 2549 cibus
1104 2518 1151 2549 rel
1173 2517 1389 2559 singularibus
1411 2517 1554 2560 personis
1572 2518 1743 2561 praedit-tis

993 2578 1049 2601 seu
1062 2566 1158 2599 alicui
1173 2576 1296 2605 eorum,
1314 2572 1381 2603 aut,
1402 2572 1470 2608 post
1489 2567 1741 2610 accctittationem

993 2618 1107 2649 factam
1128 2615 1166 2648 dc
1199 2615 1355 2648 beneficio
1388 2626 1442 2647 seu
1472 2615 1577 2649 otlicio
1599 2621 1738 2655 vacante,
