2059 3228
326 239 405 275 1078

274 303 315 334 lix
340 298 482 341 Collegio
506 293 710 332 Germanico,
731 290 807 324 447.

275 355 317 386 Ex
339 352 446 385 debito
467 346 648 387 ministerii,
674 344 750 378 328.

273 407 316 439 Ex
341 405 446 438 debito
466 399 635 447 pastoralis
654 397 751 432 officii
767 397 807 430 ad
827 405 876 436 ea,
895 393 970 428 394.

273 459 316 492 Ex
336 457 445 491 debito
465 452 632 499 pastoralis
651 451 750 485 officii
767 449 870 490 nobis,
890 447 966 482 947.

273 511 376 556 Exigit
395 506 624 547 incumbentis,
646 504 753 545 1017.v

272 563 388 598 Eximia
402 590 409 603 ,
435 572 546 606 quam,
567 559 644 594 218.

273 618 316 650 Ex
338 614 537 650 incumbenti
560 640 567 654 ‚
591 639 598 647 .
617 638 624 645 .
647 611 803 650 animum,
828 607 904 642 135.

273 670 314 703 Ex
334 667 533 702 incumbenti
556 692 563 699 .
589 692 595 698 .
621 692 627 699 .
650 663 859 699 intendimus.
874 660 950 695 193.

273 723 315 755 Ex
335 720 473 756 iniuncti
491 719 598 759 nobis,
619 716 696 751 426.

273 776 315 808 Ex
334 774 480 808 iniuncto
499 772 606 813 nobss,
628 770 703 805 174.

271 829 317 861 Ex
336 827 438 861 nostri
457 825 638 871 pastoralis,
660 823 714 857 64.

272 881 316 914 Ex
335 879 488 914 omnibus
505 877 709 916 christianae,
723 874 798 910 669.

275 933 399 978 Exponi
417 931 510 966 nohis
528 930 643 971 fecisti,
670 928 747 963 186.

274 985 398 1031 Exponi
421 985 517 1019 nohis
545 983 631 1032 fecit,
652 982 728 1017 382.

273 1039 398 1084 Exponi
418 1038 512 1072 nobis
529 1047 635 1081 nuper
653 1034 769 1077 fecisti,
789 1032 865 1068 390.

271 1093 395 1138 Exponi
418 1092 512 1126 nobis
534 1101 640 1136 nuper
658 1089 735 1123 fecit
752 1116 759 1122 .
775 1115 782 1121 .
800 1115 807 1122 .
832 1086 919 1131 quod
943 1086 1021 1118 Ara-

315 1146 443 1191 gomae,
464 1145 520 1179 49.

272 1199 395 1244 Exponi
414 1199 508 1232 nohis
526 1208 632 1242 nuper
647 1196 724 1230 fecit
735 1196 834 1240 quod,
847 1194 934 1234 licet,
944 1191 1021 1225 129,

272 1253 396 1298 Exponi
416 1252 509 1286 nobis
528 1261 634 1295 nuper
652 1249 740 1290 fecit,
756 1275 763 1282 .
781 1276 788 1282 .
806 1275 812 1281 .
834 1247 922 1292 quod
937 1245 1023 1291 prin-

317 1307 452 1350 cipatus,
472 1305 526 1339 19.

272 1359 396 1404 Exponi
416 1358 510 1392 nobis
528 1367 634 1401 nuper
652 1356 796 1395 fuerunt,
818 1353 894 1388 299.

272 1411 424 1456 Exposcit
442 1411 587 1445 debitum
598 1408 768 1454 pastoralis
779 1407 892 1448 officii,
909 1406 975 1446 cui,
989 1406 1020 1439 1.

274 1465 428 1510 Exposcit
441 1464 542 1498 debit.
562 1468 682 1508 pastor.
698 1461 810 1503 officii,
828 1460 929 1505 quod,
944 1459 1021 1493 404.

272 1518 424 1563 Exposcit
442 1517 610 1562 pastoralis
630 1515 729 1550 officii
749 1526 838 1556 cura,
859 1513 933 1548 132.

273 1572 423 1615 Exposcit
436 1570 605 1615 pastoralis
624 1568 724 1603 officii
748 1579 879 1609 munus,
901 1567 978 1601 429.

272 1624 460 1669 Expositum
480 1624 574 1658 nohis
591 1633 708 1666 nuper,
727 1621 802 1656 721.

273 1679 318 1712 Ex
342 1687 502 1722 supernae
518 1675 750 1721 dispositionis,
772 1673 847 1708 630.

641 1783 664 1816 F

276 1890 366 1925 Fidei
386 1889 574 1930 constantia,
591 1888 668 1923 602.

278 1943 438 1977 Fidelium
460 1942 551 1984 votis,
572 1941 649 1976 719.

276 1996 421 2030 Firmum
445 1996 490 2030 ita
508 1996 697 2040 quicquam,
719 1993 784 2028 399

639 2101 666 2134 G

280 2208 443 2242 Gavi-lusae
461 2212 494 2242 et
506 2216 636 2252 semper
654 2205 805 2250 Virginis,
826 2204 902 2240 858.

640 2313 668 2347 H

282 2414 350 2448 Hoc
367 2415 470 2449 nostri
492 2414 712 2460 pontificatus,
730 2412 807 2450 585.

283 2463 385 2497 Hodie
408 2475 426 2497 a
444 2463 550 2504 nobis,
568 2462 667 2498 1013.

284 2510 431 2545 Humana
449 2512 508 2553 sic,
527 2511 605 2546 475.

284 2559 423 2592 Humani
442 2560 580 2603 generis,
601 2559 677 2595 169.
737 2585 741 2588 -

285 2606 433 2642 Ilurnano
453 2608 502 2642 vix
521 2608 653 2647 iudicio.
673 2608 750 2643 434.

898 233 1045 262 BULLAnu
1070 230 1188 257 nomm

1431 280 1442 313 1

1063 389 1223 422 Immensa
1245 387 1366 421 aeterni
1385 387 1452 427 Dei,
1472 385 1548 420 985.

1063 442 1222 475 lmmensa
1239 441 1296 474 Dei
1310 440 1527 481 Providentia,
1548 439 1625 474 480.

1062 495 1221 528 Immensa
1248 493 1304 527 Dei
1333 493 1548 538 providentia,
1563 518 1570 526 .
1589 519 1596 526 .
1616 519 1623 525 .
1646 502 1720 526 cum
1739 519 1747 527 .
1770 518 1778 527 .
1793 514 1809 532 η

1108 547 1354 588 monasterium,
1374 546 1451 581 465.
1598 546 1600 548 ’

1063 601 1222 634 Immensa
1239 601 1296 634 Dei
1321 599 1535 642 Providentia,
1553 626 1560 633 .
1576 625 1583 632 .
1599 625 1606 634 .
1629 610 1705 633 cum
1719 626 1726 632 .
1742 625 1750 633 .
1770 625 1777 633 .
1802 625 1810 633 .

1107 654 1283 695 Prioratus,
1303 653 1380 687 469.

1064 707 1223 741 immensa
1244 707 1301 741 Dei
1327 706 1544 751 providentia,
1569 731 1576 739 .
1594 732 1601 740 .
1617 732 1624 739 .

1107 760 1267 801 rissimus,
1293 759 1371 794 444.

1064 813 1235 855 immensa,
1256 813 1381 847 divinae
1400 812 1590 857 sapientiae,
1611 812 1688 846 654.

1065 867 1097 899 ln
1115 867 1316 911 Apostolicae
1339 867 1501 911 dignitatis
1521 866 1675 907 culmine,
1691 865 1766 900 151.

1065 919 1098 951 ln
1117 919 1319 963 Apostolicae
1339 920 1428 954 Sedis
1443 920 1587 964 specula,
1607 918 1685 954 159.

1064 972 1098 1004 In
1119 972 1201 1005 coeli
1222 972 1353 1014 throno,
1375 973 1451 1007 592.

1065 1025 1099 1057 ln
1119 1025 1285 1059 communi
1307 1026 1490 1071 pastoralis,
1509 1025 1585 1060 233.

1064 1078 1190 1112 Inducti
1210 1078 1339 1118 eximia,
1360 1078 1437 1113 347.

1064 1132 1098 1165 In
1115 1132 1258 1166 ecclesiis
1276 1133 1480 1177 praesertim,
1501 1131 1578 1166 358.

1064 1185 1239 1219 Iness'abilis
1258 1186 1397 1227 divinae,
1418 1185 1493 1220 978.

1064 1240 1100 1272 In
1119 1240 1270 1273 omnihus
1288 1239 1396 1280 rebus,
1412 1238 1489 1273 916.

1065 1294 1100 1327 In
1119 1294 1306 1338 praeecelsa,
1327 1293 1404 1327 505.

1065 1347 1100 1380 ln
1115 1352 1320 1380 sacrosancto
1338 1346 1374 1380 B.
1395 1345 1494 1387 Petri,
1515 1343 1592 1379 902.

1065 1399 1099 1432 In
1118 1400 1250 1444 specula
1269 1409 1452 1443 supremae,
1474 1397 1550 1432 191.

1066 1453 1099 1485 ln
1119 1452 1250 1486 sublimi
1269 1452 1304 1485 B.
1326 1452 1426 1492 Petri,
1447 1451 1523 1486 961.

1065 1506 1100 1538 ln
1120 1505 1388 1550 supereminenti,
1403 1494 1721 1549 Apostolicae'sortis,
1734 1503 1812 1539 519.

1065 1559 1100 1592 ln
1120 1558 1374 1603 supereminenti
1398 1557 1575 1600 militantis,
1597 1556 1674 1592 124.

1066 1613 1099 1646 ln
1118 1611 1374 1657 supereminenti
1393 1611 1495 1652 Sedis,
1517 1609 1593 1645 537.

1065 1666 1101 1699 ln
1119 1676 1262 1710 superna
1281 1664 1460 1706 militantis,
1477 1663 1554 1698 736.

1065 1720 1101 1754 In
1120 1724 1208 1753 tanta
1226 1729 1351 1760 rerum,
1373 1717 1427 1752 39.

1065 1772 1284 1817 Intelligentes
1301 1782 1409 1815 quam,
1429 1769 1505 1805 733.

1067 1827 1279 1860 Intemeratae
1301 1824 1423 1866 matris,
1445 1823 1521 1858 591.

1066 1880 1153 1913 Inter
1171 1877 1375 1923 apostolicas,
1395 1875 1471 1918 489,

1066 1933 1153 1966 Inter
1168 1938 1291 1966 ceteras
1315 1941 1420 1972 curas,
1441 1929 1518 1964 287.

1068 1987 1153 2019 [nter
1170 1991 1293 2019 ceteras
1311 1983 1493 2029 pastoralis,
1510 1982 1587 2017 140.

1067 2039 1153 2073 Inter
1171 2044 1295 2073 ceteras
1317 2048 1413 2082 quae,
1434 2036 1490 2070 11.

1067 2093 1153 2127 Inter
1170 2091 1373 2136 gravissimas
1391 2089 1572 2135 pastoralis,
1593 2088 1671 2124 386.

1067 2146 1153 2179 Inter
1175 2144 1371 2189 multiplices
1389 2142 1502 2184 animi,
1522 2141 1600 2176 491.

1069 2199 1154 2232 Inter
1171 2196 1367 2242 multiplices
1390 2196 1497 2236 nobis,
1517 2194 1594 2229 196.

1068 2252 1154 2286 Inter
1172 2251 1275 2285 varias
1294 2260 1401 2291 curas,
1423 2248 1500 2282 578.

1068 2306 1155 2340 Inter
1169 2304 1273 2338 varias
1291 2308 1323 2337 et
1345 2301 1550 2346 multiplices,
1569 2298 1647 2335 758.

1069 2358 1277 2398 Invictorum‚
1295 2355 1372 2390 690.

1069 2411 1174 2452 Iustis,
1196 2409 1228 2444 3.

1656 716 1732 740 sane
1755 705 1811 740 Ca-

1429 2483 1454 2516 L

1070 2552 1292 2589 Laboriosam,
1314 2551 1389 2586 484.

1071 2606 1254 2642 Laudabilis
1272 2605 1374 2644 Sedis,
1397 2603 1472 2640 624.
