<?xml version="1.0" encoding="UTF-8"?>
<!DOCTYPE html PUBLIC "-//W3C//DTD XHTML 1.0 Transitional//EN"
    "http://www.w3.org/TR/xhtml1/DTD/xhtml1-transitional.dtd">
<html xmlns="http://www.w3.org/1999/xhtml" xml:lang="en" lang="en">
 <head>
  <title>
</title>
<meta http-equiv="Content-Type" content="text/html;charset=utf-8" />
  <meta name='ocr-system' content='tesseract 3.04.00' />
  <meta name='ocr-capabilities' content='ocr_page ocr_carea ocr_par ocr_line ocrx_word'/>
</head>
<body>
  <div class='ocr_page' id='page_1' title='image "./bullarumdiplomat08cath_0606.png"; bbox 0 0 2059 3228; ppageno 0'>
   <div class='ocr_carea' id='block_1_1' title="bbox 90 188 271 219">
    <p class='ocr_par' dir='ltr' id='par_1_1' title="bbox 90 188 271 219">
     <span class='ocr_line' id='line_1_1' title="bbox 90 188 271 219; baseline 0.022 -4"><span class='ocrx_word' id='word_1_1' title='bbox 90 188 141 215; x_wconf 79' lang='lat' dir='ltr'>An.</span> <span class='ocrx_word' id='word_1_2' title='bbox 160 189 187 218; x_wconf 90' lang='lat' dir='ltr'>C.</span> <span class='ocrx_word' id='word_1_3' title='bbox 206 189 271 219; x_wconf 74' lang='lat'>1585</span> 
     </span>
    </p>
   </div>
   <div class='ocr_carea' id='block_1_2' title="bbox 87 839 269 892">
    <p class='ocr_par' dir='ltr' id='par_1_2' title="bbox 87 839 269 892">
     <span class='ocr_line' id='line_1_2' title="bbox 114 839 269 861; baseline -0.026 0"><span class='ocrx_word' id='word_1_4' title='bbox 114 839 209 861; x_wconf 74' lang='lat' dir='ltr'>clausula</span> <span class='ocrx_word' id='word_1_5' title='bbox 219 840 269 858; x_wconf 75' lang='lat' dir='ltr'>sub-</span> 
     </span>
     <span class='ocr_line' id='line_1_3' title="bbox 87 870 186 892; baseline -0.02 0"><span class='ocrx_word' id='word_1_6' title='bbox 87 870 130 892; x_wconf 75' lang='lat' dir='ltr'>lna</span> <span class='ocrx_word' id='word_1_7' title='bbox 144 873 186 891; x_wconf 71' lang='lat' dir='ltr'>etc.</span> 
     </span>
    </p>
   </div>
   <div class='ocr_carea' id='block_1_3' title="bbox 89 1317 273 1401">
    <p class='ocr_par' dir='ltr' id='par_1_3' title="bbox 89 1317 273 1401">
     <span class='ocr_line' id='line_1_4' title="bbox 135 1317 273 1339; baseline 0 -1"><span class='ocrx_word' id='word_1_8' title='bbox 135 1317 273 1339; x_wconf 77' lang='lat' dir='ltr'>Bxecutorum</span> 
     </span>
     <span class='ocr_line' id='line_1_5' title="bbox 89 1348 272 1370; baseline 0 -1"><span class='ocrx_word' id='word_1_9' title='bbox 89 1349 199 1369; x_wconf 61' lang='lat' dir='ltr'>«tumninio</span> <span class='ocrx_word' id='word_1_10' title='bbox 208 1352 229 1370; x_wconf 83' lang='lat' dir='ltr'>et.</span> <span class='ocrx_word' id='word_1_11' title='bbox 239 1348 272 1369; x_wconf 72' lang='lat' dir='ltr'>{a-</span> 
     </span>
     <span class='ocr_line' id='line_1_6' title="bbox 90 1381 187 1401; baseline 0 0"><span class='ocrx_word' id='word_1_12' title='bbox 90 1381 187 1401; x_wconf 69' lang='lat' dir='ltr'>cultates.</span> 
     </span>
    </p>
   </div>
   <div class='ocr_carea' id='block_1_4' title="bbox 330 181 395 216">
    <p class='ocr_par' dir='ltr' id='par_1_4' title="bbox 330 181 395 216">
     <span class='ocr_line' id='line_1_7' title="bbox 330 181 395 216; baseline 0 0"><span class='ocrx_word' id='word_1_13' title='bbox 330 181 395 216; x_wconf 77' lang='lat'>590</span> 
     </span>
    </p>
   </div>
   <div class='ocr_carea' id='block_1_5' title="bbox 284 241 1039 2615">
    <p class='ocr_par' dir='ltr' id='par_1_5' title="bbox 286 241 1031 754">
     <span class='ocr_line' id='line_1_8' title="bbox 287 241 1031 285; baseline 0 -9"><span class='ocrx_word' id='word_1_14' title='bbox 287 243 481 282; x_wconf 75' lang='lat' dir='ltr'>evitandum,</span> <span class='ocrx_word' id='word_1_15' title='bbox 506 241 546 274; x_wconf 80' lang='lat' dir='ltr'>de</span> <span class='ocrx_word' id='word_1_16' title='bbox 568 251 633 284; x_wconf 88' lang='lat' dir='ltr'>quo</span> <span class='ocrx_word' id='word_1_17' title='bbox 654 245 761 274; x_wconf 88' lang='lat' dir='ltr'>tamen</span> <span class='ocrx_word' id='word_1_18' title='bbox 796 251 854 285; x_wconf 90' lang='lat' dir='ltr'>per</span> <span class='ocrx_word' id='word_1_19' title='bbox 872 241 1031 285; x_wconf 87' lang='lat' dir='ltr'>legitimas</span> 
     </span>
     <span class='ocr_line' id='line_1_9' title="bbox 287 294 1030 339; baseline 0.001 -12"><span class='ocrx_word' id='word_1_20' title='bbox 287 294 491 339; x_wconf 77' lang='lat' dir='ltr'>probationes</span> <span class='ocrx_word' id='word_1_21' title='bbox 516 294 632 327; x_wconf 88' lang='lat' dir='ltr'>docere</span> <span class='ocrx_word' id='word_1_22' title='bbox 665 298 824 335; x_wconf 89' lang='lat' dir='ltr'>teneatur,</span> <span class='ocrx_word' id='word_1_23' title='bbox 847 294 893 328; x_wconf 90' lang='lat' dir='ltr'>eis</span> <span class='ocrx_word' id='word_1_24' title='bbox 916 305 1030 339; x_wconf 91' lang='lat' dir='ltr'>recep-</span> 
     </span>
     <span class='ocr_line' id='line_1_10' title="bbox 288 346 1030 393; baseline 0 -12"><span class='ocrx_word' id='word_1_25' title='bbox 288 355 354 382; x_wconf 86' lang='lat' dir='ltr'>tum</span> <span class='ocrx_word' id='word_1_26' title='bbox 374 347 510 387; x_wconf 78' lang='lat' dir='ltr'>dedisse,</span> <span class='ocrx_word' id='word_1_27' title='bbox 531 347 596 380; x_wconf 88' lang='lat' dir='ltr'>sive</span> <span class='ocrx_word' id='word_1_28' title='bbox 614 346 734 380; x_wconf 90' lang='lat' dir='ltr'>victum</span> <span class='ocrx_word' id='word_1_29' title='bbox 758 352 789 380; x_wconf 92' lang='lat' dir='ltr'>et</span> <span class='ocrx_word' id='word_1_30' title='bbox 813 348 875 381; x_wconf 88' lang='lat' dir='ltr'>alia</span> <span class='ocrx_word' id='word_1_31' title='bbox 893 349 1030 393; x_wconf 90' lang='lat' dir='ltr'>praesti-</span> 
     </span>
     <span class='ocr_line' id='line_1_11' title="bbox 287 400 1028 445; baseline 0.001 -11"><span class='ocrx_word' id='word_1_32' title='bbox 287 402 361 435; x_wconf 89' lang='lat' dir='ltr'>tisse</span> <span class='ocrx_word' id='word_1_33' title='bbox 397 400 586 441; x_wconf 84' lang='lat' dir='ltr'>asseruerit,</span> <span class='ocrx_word' id='word_1_34' title='bbox 631 411 836 445; x_wconf 82' lang='lat' dir='ltr'>nequaquam</span> <span class='ocrx_word' id='word_1_35' title='bbox 871 402 1028 442; x_wconf 88' lang='lat' dir='ltr'>excusari,</span> 
     </span>
     <span class='ocr_line' id='line_1_12' title="bbox 287 454 1031 499; baseline 0 -11"><span class='ocrx_word' id='word_1_36' title='bbox 287 455 360 494; x_wconf 93' lang='lat' dir='ltr'>nisi,</span> <span class='ocrx_word' id='word_1_37' title='bbox 386 454 629 498; x_wconf 83' lang='lat' dir='ltr'>quamprimum</span> <span class='ocrx_word' id='word_1_38' title='bbox 655 465 688 488; x_wconf 91' lang='lat' dir='ltr'>se</span> <span class='ocrx_word' id='word_1_39' title='bbox 708 454 876 499; x_wconf 78' lang='lat' dir='ltr'>subripere</span> <span class='ocrx_word' id='word_1_40' title='bbox 896 456 943 488; x_wconf 93' lang='lat' dir='ltr'>vel</span> <span class='ocrx_word' id='word_1_41' title='bbox 967 455 1031 488; x_wconf 86' lang='lat' dir='ltr'>alio</span> 
     </span>
     <span class='ocr_line' id='line_1_13' title="bbox 288 507 1031 553; baseline 0.003 -13"><span class='ocrx_word' id='word_1_42' title='bbox 288 507 502 540; x_wconf 87' lang='lat' dir='ltr'>transmittere</span> <span class='ocrx_word' id='word_1_43' title='bbox 541 507 692 551; x_wconf 89' lang='lat' dir='ltr'>potuerit,</span> <span class='ocrx_word' id='word_1_44' title='bbox 731 508 820 541; x_wconf 91' lang='lat' dir='ltr'>nulla</span> <span class='ocrx_word' id='word_1_45' title='bbox 844 507 1031 553; x_wconf 83' lang='lat' dir='ltr'>interposita</span> 
     </span>
     <span class='ocr_line' id='line_1_14' title="bbox 288 560 1029 601; baseline 0.001 -7"><span class='ocrx_word' id='word_1_46' title='bbox 288 572 388 601; x_wconf 88' lang='lat' dir='ltr'>mora,</span> <span class='ocrx_word' id='word_1_47' title='bbox 414 560 454 594; x_wconf 92' lang='lat' dir='ltr'>de</span> <span class='ocrx_word' id='word_1_48' title='bbox 481 560 616 594; x_wconf 85' lang='lat' dir='ltr'>transitu</span> <span class='ocrx_word' id='word_1_49' title='bbox 645 561 694 594; x_wconf 86' lang='lat' dir='ltr'>vel</span> <span class='ocrx_word' id='word_1_50' title='bbox 714 561 849 595; x_wconf 88' lang='lat' dir='ltr'>statione</span> <span class='ocrx_word' id='word_1_51' title='bbox 870 562 1029 595; x_wconf 87' lang='lat' dir='ltr'>dictorum</span> 
     </span>
     <span class='ocr_line' id='line_1_15' title="bbox 286 613 1030 648; baseline 0.003 -2"><span class='ocrx_word' id='word_1_52' title='bbox 286 614 542 648; x_wconf 80' lang='lat' dir='ltr'>facinorosorum</span> <span class='ocrx_word' id='word_1_53' title='bbox 562 613 730 647; x_wconf 89' lang='lat' dir='ltr'>hominum</span> <span class='ocrx_word' id='word_1_54' title='bbox 754 614 895 648; x_wconf 87' lang='lat' dir='ltr'>vicinum</span> <span class='ocrx_word' id='word_1_55' title='bbox 922 616 1030 648; x_wconf 89' lang='lat' dir='ltr'>locum</span> 
     </span>
     <span class='ocr_line' id='line_1_16' title="bbox 286 667 1030 711; baseline 0.003 -11"><span class='ocrx_word' id='word_1_56' title='bbox 286 667 437 711; x_wconf 85' lang='lat' dir='ltr'>illiusque</span> <span class='ocrx_word' id='word_1_57' title='bbox 457 667 662 711; x_wconf 80' lang='lat' dir='ltr'>magistratus</span> <span class='ocrx_word' id='word_1_58' title='bbox 682 673 712 702; x_wconf 92' lang='lat' dir='ltr'>et</span> <span class='ocrx_word' id='word_1_59' title='bbox 736 667 889 702; x_wconf 85' lang='lat' dir='ltr'>officiales</span> <span class='ocrx_word' id='word_1_60' title='bbox 913 669 1030 702; x_wconf 90' lang='lat' dir='ltr'>certio-</span> 
     </span>
     <span class='ocr_line' id='line_1_17' title="bbox 286 721 413 754; baseline -0.008 0"><span class='ocrx_word' id='word_1_61' title='bbox 286 721 413 754; x_wconf 91' lang='lat' dir='ltr'>raverit.</span> 
     </span>
    </p>

    <p class='ocr_par' dir='ltr' id='par_1_6' title="bbox 284 773 1033 1244">
     <span class='ocr_line' id='line_1_18' title="bbox 328 773 1028 818; baseline 0.003 -12"><span class='ocrx_word' id='word_1_62' title='bbox 328 774 343 818; x_wconf 64' lang='grc' dir='ltr'><strong>ἓ</strong></span> <span class='ocrx_word' id='word_1_63' title='bbox 363 773 416 808; x_wconf 76' lang='lat'>15.</span> <span class='ocrx_word' id='word_1_64' title='bbox 439 773 556 818; x_wconf 86' lang='lat' dir='ltr'>Sicque</span> <span class='ocrx_word' id='word_1_65' title='bbox 576 785 634 818; x_wconf 92' lang='lat' dir='ltr'>per</span> <span class='ocrx_word' id='word_1_66' title='bbox 653 784 877 818; x_wconf 90' lang='lat' dir='ltr'>quoscumque</span> <span class='ocrx_word' id='word_1_67' title='bbox 892 774 1028 816; x_wconf 90' lang='lat' dir='ltr'>iudices,</span> 
     </span>
     <span class='ocr_line' id='line_1_19' title="bbox 285 827 1030 871; baseline 0.003 -11"><span class='ocrx_word' id='word_1_68' title='bbox 285 827 466 861; x_wconf 91' lang='lat' dir='ltr'>ordinarios</span> <span class='ocrx_word' id='word_1_69' title='bbox 487 833 518 861; x_wconf 89' lang='lat' dir='ltr'>et</span> <span class='ocrx_word' id='word_1_70' title='bbox 545 827 720 871; x_wconf 76' lang='lat' dir='ltr'>delegatos,</span> <span class='ocrx_word' id='word_1_71' title='bbox 755 828 865 871; x_wconf 85' lang='lat' dir='ltr'>quavis</span> <span class='ocrx_word' id='word_1_72' title='bbox 889 828 1030 862; x_wconf 87' lang='lat' dir='ltr'>auctori-</span> 
     </span>
     <span class='ocr_line' id='line_1_20' title="bbox 285 881 1032 924; baseline 0.001 -10"><span class='ocrx_word' id='word_1_73' title='bbox 285 886 348 914; x_wconf 89' lang='lat' dir='ltr'>tate</span> <span class='ocrx_word' id='word_1_74' title='bbox 372 882 552 924; x_wconf 80' lang='lat' dir='ltr'>fungentes,</span> <span class='ocrx_word' id='word_1_75' title='bbox 579 882 703 914; x_wconf 88' lang='lat' dir='ltr'>sublata</span> <span class='ocrx_word' id='word_1_76' title='bbox 723 881 769 915; x_wconf 91' lang='lat' dir='ltr'>eis</span> <span class='ocrx_word' id='word_1_77' title='bbox 789 886 820 915; x_wconf 90' lang='lat' dir='ltr'>et</span> <span class='ocrx_word' id='word_1_78' title='bbox 839 892 954 915; x_wconf 89' lang='lat' dir='ltr'>eorum</span> <span class='ocrx_word' id='word_1_79' title='bbox 967 882 1032 915; x_wconf 90' lang='lat' dir='ltr'>cui-</span> 
     </span>
     <span class='ocr_line' id='line_1_21' title="bbox 284 933 1033 979; baseline 0.003 -12"><span class='ocrx_word' id='word_1_80' title='bbox 284 934 362 967; x_wconf 86' lang='lat' dir='ltr'>libet</span> <span class='ocrx_word' id='word_1_81' title='bbox 385 934 495 978; x_wconf 88' lang='lat' dir='ltr'>quavis</span> <span class='ocrx_word' id='word_1_82' title='bbox 515 934 608 968; x_wconf 90' lang='lat' dir='ltr'>aliter</span> <span class='ocrx_word' id='word_1_83' title='bbox 639 934 801 968; x_wconf 90' lang='lat' dir='ltr'>iudicandi</span> <span class='ocrx_word' id='word_1_84' title='bbox 827 940 858 968; x_wconf 93' lang='lat' dir='ltr'>et</span> <span class='ocrx_word' id='word_1_85' title='bbox 876 933 1033 979; x_wconf 85' lang='lat' dir='ltr'>interpre-</span> 
     </span>
     <span class='ocr_line' id='line_1_22' title="bbox 285 987 1031 1031; baseline 0.001 -12"><span class='ocrx_word' id='word_1_86' title='bbox 285 987 374 1020; x_wconf 87' lang='lat' dir='ltr'>tandi</span> <span class='ocrx_word' id='word_1_87' title='bbox 394 988 544 1021; x_wconf 79' lang='lat' dir='ltr'>facultate</span> <span class='ocrx_word' id='word_1_88' title='bbox 564 993 596 1021; x_wconf 87' lang='lat' dir='ltr'>et</span> <span class='ocrx_word' id='word_1_89' title='bbox 614 987 818 1028; x_wconf 87' lang='lat' dir='ltr'>auctoritate,</span> <span class='ocrx_word' id='word_1_90' title='bbox 840 987 960 1031; x_wconf 90' lang='lat' dir='ltr'>ubique</span> <span class='ocrx_word' id='word_1_91' title='bbox 981 988 1031 1021; x_wconf 93' lang='lat' dir='ltr'>iu-</span> 
     </span>
     <span class='ocr_line' id='line_1_23' title="bbox 286 1040 1031 1082; baseline 0.001 -9"><span class='ocrx_word' id='word_1_92' title='bbox 286 1040 386 1074; x_wconf 87' lang='lat' dir='ltr'>dicari</span> <span class='ocrx_word' id='word_1_93' title='bbox 405 1046 437 1074; x_wconf 91' lang='lat' dir='ltr'>et</span> <span class='ocrx_word' id='word_1_94' title='bbox 456 1041 583 1074; x_wconf 85' lang='lat' dir='ltr'>definiri</span> <span class='ocrx_word' id='word_1_95' title='bbox 600 1041 734 1082; x_wconf 75' lang='lat' dir='ltr'>debere,</span> <span class='ocrx_word' id='word_1_96' title='bbox 756 1051 883 1074; x_wconf 82' lang='lat' dir='ltr'>necnon</span> <span class='ocrx_word' id='word_1_97' title='bbox 904 1041 1031 1075; x_wconf 91' lang='lat' dir='ltr'>irritum</span> 
     </span>
     <span class='ocr_line' id='line_1_24' title="bbox 287 1094 1033 1139; baseline 0.001 -12"><span class='ocrx_word' id='word_1_98' title='bbox 287 1099 317 1127; x_wconf 91' lang='lat' dir='ltr'>et</span> <span class='ocrx_word' id='word_1_99' title='bbox 337 1094 432 1128; x_wconf 91' lang='lat' dir='ltr'>inane</span> <span class='ocrx_word' id='word_1_100' title='bbox 452 1095 609 1138; x_wconf 88' lang='lat' dir='ltr'>quicquid</span> <span class='ocrx_word' id='word_1_101' title='bbox 629 1105 721 1128; x_wconf 88' lang='lat' dir='ltr'>secus</span> <span class='ocrx_word' id='word_1_102' title='bbox 741 1105 839 1138; x_wconf 90' lang='lat' dir='ltr'>super</span> <span class='ocrx_word' id='word_1_103' title='bbox 857 1095 936 1128; x_wconf 90' lang='lat' dir='ltr'>hisa</span> <span class='ocrx_word' id='word_1_104' title='bbox 953 1105 1033 1139; x_wconf 90' lang='lat' dir='ltr'>quo-</span> 
     </span>
     <span class='ocr_line' id='line_1_25' title="bbox 287 1147 1032 1191; baseline 0.001 -11"><span class='ocrx_word' id='word_1_105' title='bbox 287 1157 396 1190; x_wconf 87' lang='lat' dir='ltr'>quam,</span> <span class='ocrx_word' id='word_1_106' title='bbox 427 1148 538 1191; x_wconf 88' lang='lat' dir='ltr'>quavis</span> <span class='ocrx_word' id='word_1_107' title='bbox 573 1148 776 1187; x_wconf 85' lang='lat' dir='ltr'>auctoritate,</span> <span class='ocrx_word' id='word_1_108' title='bbox 813 1147 951 1182; x_wconf 83' lang='lat' dir='ltr'>scienter</span> <span class='ocrx_word' id='word_1_109' title='bbox 983 1149 1032 1181; x_wconf 90' lang='lat' dir='ltr'>vel</span> 
     </span>
     <span class='ocr_line' id='line_1_26' title="bbox 287 1199 854 1244; baseline 0.004 -12"><span class='ocrx_word' id='word_1_110' title='bbox 287 1199 485 1243; x_wconf 81' lang='lat' dir='ltr'>ignoranter,</span> <span class='ocrx_word' id='word_1_111' title='bbox 508 1201 677 1244; x_wconf 80' lang='lat' dir='ltr'>contigerit</span> <span class='ocrx_word' id='word_1_112' title='bbox 694 1200 854 1234; x_wconf 86' lang='lat' dir='ltr'>attentari.</span> 
     </span>
    </p>

    <p class='ocr_par' dir='ltr' id='par_1_7' title="bbox 287 1254 1039 2615">
     <span class='ocr_line' id='line_1_27' title="bbox 329 1254 1033 1299; baseline 0.001 -12"><span class='ocrx_word' id='word_1_113' title='bbox 329 1254 422 1298; x_wconf 59' lang='lat'>§46</span> <span class='ocrx_word' id='word_1_114' title='bbox 449 1255 486 1287; x_wconf 84' lang='lat' dir='ltr'>Et</span> <span class='ocrx_word' id='word_1_115' title='bbox 520 1255 750 1296; x_wconf 83' lang='lat' dir='ltr'>nihilominus,</span> <span class='ocrx_word' id='word_1_116' title='bbox 784 1260 821 1288; x_wconf 92' lang='lat' dir='ltr'>ut</span> <span class='ocrx_word' id='word_1_117' title='bbox 858 1255 1033 1299; x_wconf 88' lang='lat' dir='ltr'>praemissa</span> 
     </span>
     <span class='ocr_line' id='line_1_28' title="bbox 287 1308 1034 1352; baseline 0.003 -12"><span class='ocrx_word' id='word_1_118' title='bbox 287 1318 381 1340; x_wconf 90' lang='lat' dir='ltr'>suum</span> <span class='ocrx_word' id='word_1_119' title='bbox 407 1308 552 1341; x_wconf 89' lang='lat' dir='ltr'>debitum</span> <span class='ocrx_word' id='word_1_120' title='bbox 586 1309 698 1352; x_wconf 89' lang='lat' dir='ltr'>(prout</span> <span class='ocrx_word' id='word_1_121' title='bbox 730 1318 767 1341; x_wconf 89' lang='lat' dir='ltr'>ex</span> <span class='ocrx_word' id='word_1_122' title='bbox 792 1308 905 1342; x_wconf 88' lang='lat' dir='ltr'>intimo</span> <span class='ocrx_word' id='word_1_123' title='bbox 926 1308 1034 1342; x_wconf 85' lang='lat' dir='ltr'>cordis</span> 
     </span>
     <span class='ocr_line' id='line_1_29' title="bbox 288 1361 1035 1406; baseline 0.001 -11"><span class='ocrx_word' id='word_1_124' title='bbox 288 1361 388 1395; x_wconf 85' lang='lat' dir='ltr'>nostri</span> <span class='ocrx_word' id='word_1_125' title='bbox 407 1362 542 1395; x_wconf 81' lang='lat' dir='ltr'>affectus</span> <span class='ocrx_word' id='word_1_126' title='bbox 576 1362 776 1406; x_wconf 83' lang='lat' dir='ltr'>exoptamus)</span> <span class='ocrx_word' id='word_1_127' title='bbox 796 1369 1035 1406; x_wconf 86' lang='lat' dir='ltr'>consequantur</span> 
     </span>
     <span class='ocr_line' id='line_1_30' title="bbox 289 1415 1030 1455; baseline 0.001 -7"><span class='ocrx_word' id='word_1_128' title='bbox 289 1415 451 1455; x_wconf 80' lang='lat' dir='ltr'>effectum,</span> <span class='ocrx_word' id='word_1_129' title='bbox 474 1415 600 1449; x_wconf 87' lang='lat' dir='ltr'>dilectis</span> <span class='ocrx_word' id='word_1_130' title='bbox 619 1416 694 1449; x_wconf 85' lang='lat' dir='ltr'>siliis</span> <span class='ocrx_word' id='word_1_131' title='bbox 713 1416 857 1449; x_wconf 89' lang='lat' dir='ltr'>eiusdem</span> <span class='ocrx_word' id='word_1_132' title='bbox 881 1416 912 1449; x_wconf 91' lang='lat' dir='ltr'>S.</span> <span class='ocrx_word' id='word_1_133' title='bbox 939 1416 975 1449; x_wconf 83' lang='lat' dir='ltr'>R.</span> <span class='ocrx_word' id='word_1_134' title='bbox 995 1416 1030 1449; x_wconf 83' lang='lat' dir='ltr'>E.</span> 
     </span>
     <span class='ocr_line' id='line_1_31' title="bbox 289 1469 1034 1512; baseline 0.003 -11"><span class='ocrx_word' id='word_1_135' title='bbox 289 1469 481 1508; x_wconf 82' lang='lat' dir='ltr'>camerario,</span> <span class='ocrx_word' id='word_1_136' title='bbox 502 1469 595 1502; x_wconf 87' lang='lat' dir='ltr'>Urbis</span> <span class='ocrx_word' id='word_1_137' title='bbox 618 1470 839 1512; x_wconf 80' lang='lat' dir='ltr'>gubernatori,</span> <span class='ocrx_word' id='word_1_138' title='bbox 864 1481 1034 1504; x_wconf 86' lang='lat' dir='ltr'>causarum</span> 
     </span>
     <span class='ocr_line' id='line_1_32' title="bbox 289 1521 1034 1567; baseline 0.001 -11"><span class='ocrx_word' id='word_1_139' title='bbox 289 1521 403 1556; x_wconf 88' lang='lat' dir='ltr'>Curiae</span> <span class='ocrx_word' id='word_1_140' title='bbox 422 1522 574 1556; x_wconf 86' lang='lat' dir='ltr'>Gamerae</span> <span class='ocrx_word' id='word_1_141' title='bbox 595 1523 777 1566; x_wconf 84' lang='lat' dir='ltr'>praedictae</span> <span class='ocrx_word' id='word_1_142' title='bbox 809 1524 951 1567; x_wconf 82' lang='lat' dir='ltr'>generali</span> <span class='ocrx_word' id='word_1_143' title='bbox 976 1535 1034 1557; x_wconf 89' lang='lat' dir='ltr'>au-</span> 
     </span>
     <span class='ocr_line' id='line_1_33' title="bbox 289 1575 1033 1620; baseline 0.003 -12"><span class='ocrx_word' id='word_1_144' title='bbox 289 1575 398 1616; x_wconf 92' lang='lat' dir='ltr'>ditori,</span> <span class='ocrx_word' id='word_1_145' title='bbox 425 1586 552 1609; x_wconf 90' lang='lat' dir='ltr'>necnon</span> <span class='ocrx_word' id='word_1_146' title='bbox 585 1577 822 1620; x_wconf 75' lang='lat' dir='ltr'>provinciarum</span> <span class='ocrx_word' id='word_1_147' title='bbox 850 1583 1033 1610; x_wconf 72' lang='lat' dir='ltr'>nostrarum</span> 
     </span>
     <span class='ocr_line' id='line_1_34' title="bbox 289 1628 1033 1674; baseline 0.003 -12"><span class='ocrx_word' id='word_1_148' title='bbox 289 1628 412 1672; x_wconf 88' lang='lat' dir='ltr'>legatis,</span> <span class='ocrx_word' id='word_1_149' title='bbox 434 1630 473 1663; x_wconf 91' lang='lat' dir='ltr'>de</span> <span class='ocrx_word' id='word_1_150' title='bbox 490 1629 610 1673; x_wconf 89' lang='lat' dir='ltr'>quibus</span> <span class='ocrx_word' id='word_1_151' title='bbox 630 1631 807 1674; x_wconf 89' lang='lat' dir='ltr'>plurimum</span> <span class='ocrx_word' id='word_1_152' title='bbox 828 1631 1033 1672; x_wconf 85' lang='lat' dir='ltr'>confidimus,</span> 
     </span>
     <span class='ocr_line' id='line_1_35' title="bbox 291 1683 1037 1728; baseline 0.003 -12"><span class='ocrx_word' id='word_1_153' title='bbox 291 1694 328 1716; x_wconf 88' lang='lat' dir='ltr'>ac</span> <span class='ocrx_word' id='word_1_154' title='bbox 352 1683 535 1727; x_wconf 76' lang='lat' dir='ltr'>vicelegatis</span> <span class='ocrx_word' id='word_1_155' title='bbox 554 1690 587 1718; x_wconf 89' lang='lat' dir='ltr'>et</span> <span class='ocrx_word' id='word_1_156' title='bbox 610 1685 823 1728; x_wconf 86' lang='lat' dir='ltr'>praesidibus,</span> <span class='ocrx_word' id='word_1_157' title='bbox 859 1685 1037 1718; x_wconf 87' lang='lat' dir='ltr'>civitatum-</span> 
     </span>
     <span class='ocr_line' id='line_1_36' title="bbox 289 1737 1034 1782; baseline 0.004 -13"><span class='ocrx_word' id='word_1_158' title='bbox 289 1747 352 1780; x_wconf 86' lang='lat' dir='ltr'>que</span> <span class='ocrx_word' id='word_1_159' title='bbox 385 1742 416 1770; x_wconf 89' lang='lat' dir='ltr'>et</span> <span class='ocrx_word' id='word_1_160' title='bbox 443 1737 582 1771; x_wconf 89' lang='lat' dir='ltr'>aliorum</span> <span class='ocrx_word' id='word_1_161' title='bbox 607 1738 756 1772; x_wconf 88' lang='lat' dir='ltr'>locorum</span> <span class='ocrx_word' id='word_1_162' title='bbox 791 1738 1034 1782; x_wconf 89' lang='lat' dir='ltr'>praedictorum</span> 
     </span>
     <span class='ocr_line' id='line_1_37' title="bbox 289 1790 1036 1832; baseline 0.003 -9"><span class='ocrx_word' id='word_1_163' title='bbox 289 1790 470 1824; x_wconf 88' lang='lat' dir='ltr'>rectoribus</span> <span class='ocrx_word' id='word_1_164' title='bbox 490 1797 521 1824; x_wconf 90' lang='lat' dir='ltr'>et</span> <span class='ocrx_word' id='word_1_165' title='bbox 534 1791 738 1832; x_wconf 76' lang='lat' dir='ltr'>officialibus,</span> <span class='ocrx_word' id='word_1_166' title='bbox 759 1803 795 1825; x_wconf 85' lang='lat' dir='ltr'>ac</span> <span class='ocrx_word' id='word_1_167' title='bbox 806 1792 920 1826; x_wconf 84' lang='lat' dir='ltr'>ceteris</span> <span class='ocrx_word' id='word_1_168' title='bbox 933 1792 1036 1825; x_wconf 90' lang='lat' dir='ltr'>omni-</span> 
     </span>
     <span class='ocr_line' id='line_1_38' title="bbox 289 1843 1035 1887; baseline 0.003 -11"><span class='ocrx_word' id='word_1_169' title='bbox 289 1843 348 1876; x_wconf 91' lang='lat' dir='ltr'>bus</span> <span class='ocrx_word' id='word_1_170' title='bbox 372 1843 573 1887; x_wconf 85' lang='lat' dir='ltr'>singularum</span> <span class='ocrx_word' id='word_1_171' title='bbox 594 1845 859 1878; x_wconf 87' lang='lat' dir='ltr'>constitutionum</span> <span class='ocrx_word' id='word_1_172' title='bbox 889 1851 919 1878; x_wconf 91' lang='lat' dir='ltr'>et</span> <span class='ocrx_word' id='word_1_173' title='bbox 951 1846 1035 1879; x_wconf 91' lang='lat' dir='ltr'>litte-</span> 
     </span>
     <span class='ocr_line' id='line_1_39' title="bbox 290 1898 1036 1941; baseline 0.001 -11"><span class='ocrx_word' id='word_1_174' title='bbox 290 1907 400 1930; x_wconf 88' lang='lat' dir='ltr'>rarum</span> <span class='ocrx_word' id='word_1_175' title='bbox 424 1898 664 1941; x_wconf 82' lang='lat' dir='ltr'>praedictarum</span> <span class='ocrx_word' id='word_1_176' title='bbox 686 1899 924 1939; x_wconf 77' lang='lat' dir='ltr'>executoribus,</span> <span class='ocrx_word' id='word_1_177' title='bbox 947 1899 1036 1932; x_wconf 86' lang='lat' dir='ltr'>simi-</span> 
     </span>
     <span class='ocr_line' id='line_1_40' title="bbox 290 1951 1037 1993; baseline 0.003 -9"><span class='ocrx_word' id='word_1_178' title='bbox 290 1951 364 1984; x_wconf 91' lang='lat' dir='ltr'>liter</span> <span class='ocrx_word' id='word_1_179' title='bbox 398 1951 431 1984; x_wconf 95' lang='lat' dir='ltr'>in</span> <span class='ocrx_word' id='word_1_180' title='bbox 463 1952 579 1985; x_wconf 89' lang='lat' dir='ltr'>virtute</span> <span class='ocrx_word' id='word_1_181' title='bbox 604 1959 732 1986; x_wconf 81' lang='lat' dir='ltr'>sanctae</span> <span class='ocrx_word' id='word_1_182' title='bbox 757 1953 973 1993; x_wconf 86' lang='lat' dir='ltr'>obedientiae,</span> <span class='ocrx_word' id='word_1_183' title='bbox 1000 1964 1037 1987; x_wconf 89' lang='lat' dir='ltr'>ac</span> 
     </span>
     <span class='ocr_line' id='line_1_41' title="bbox 290 2004 1037 2050; baseline 0.004 -14"><span class='ocrx_word' id='word_1_184' title='bbox 290 2004 349 2037; x_wconf 84' lang='lat' dir='ltr'>sub</span> <span class='ocrx_word' id='word_1_185' title='bbox 388 2004 619 2048; x_wconf 83' lang='lat' dir='ltr'>indignationis</span> <span class='ocrx_word' id='word_1_186' title='bbox 655 2012 783 2039; x_wconf 87' lang='lat' dir='ltr'>nostrae</span> <span class='ocrx_word' id='word_1_187' title='bbox 825 2016 941 2050; x_wconf 88' lang='lat' dir='ltr'>poena,</span> <span class='ocrx_word' id='word_1_188' title='bbox 978 2017 1037 2050; x_wconf 89' lang='lat' dir='ltr'>per</span> 
     </span>
     <span class='ocr_line' id='line_1_42' title="bbox 290 2058 1037 2104; baseline 0.001 -13"><span class='ocrx_word' id='word_1_189' title='bbox 290 2058 468 2101; x_wconf 86' lang='lat' dir='ltr'>apostolica</span> <span class='ocrx_word' id='word_1_190' title='bbox 487 2059 606 2104; x_wconf 88' lang='lat' dir='ltr'>scripta</span> <span class='ocrx_word' id='word_1_191' title='bbox 626 2059 817 2092; x_wconf 84' lang='lat' dir='ltr'>mandamus</span> <span class='ocrx_word' id='word_1_192' title='bbox 836 2065 881 2100; x_wconf 89' lang='lat' dir='ltr'>ut,</span> <span class='ocrx_word' id='word_1_193' title='bbox 902 2059 1037 2103; x_wconf 87' lang='lat' dir='ltr'>quisque</span> 
     </span>
     <span class='ocr_line' id='line_1_43' title="bbox 291 2112 1037 2156; baseline 0.003 -13"><span class='ocrx_word' id='word_1_194' title='bbox 291 2122 349 2154; x_wconf 89' lang='lat' dir='ltr'>pro</span> <span class='ocrx_word' id='word_1_195' title='bbox 374 2122 419 2152; x_wconf 90' lang='lat' dir='ltr'>se,</span> <span class='ocrx_word' id='word_1_196' title='bbox 441 2112 481 2146; x_wconf 88' lang='lat' dir='ltr'>ad</span> <span class='ocrx_word' id='word_1_197' title='bbox 506 2112 725 2146; x_wconf 86' lang='lat' dir='ltr'>omnimodam</span> <span class='ocrx_word' id='word_1_198' title='bbox 746 2113 965 2156; x_wconf 88' lang='lat' dir='ltr'>praesentium</span> <span class='ocrx_word' id='word_1_199' title='bbox 1001 2124 1037 2146; x_wconf 87' lang='lat' dir='ltr'>ac</span> 
     </span>
     <span class='ocr_line' id='line_1_44' title="bbox 291 2164 1036 2200; baseline 0.004 -4"><span class='ocrx_word' id='word_1_200' title='bbox 291 2164 427 2197; x_wconf 83' lang='lat' dir='ltr'>aliarum</span> <span class='ocrx_word' id='word_1_201' title='bbox 464 2165 645 2200; x_wconf 89' lang='lat' dir='ltr'>litterarum</span> <span class='ocrx_word' id='word_1_202' title='bbox 690 2172 745 2200; x_wconf 72' lang='lat' dir='ltr'>et·</span> <span class='ocrx_word' id='word_1_203' title='bbox 771 2166 1036 2200; x_wconf 83' lang='lat' dir='ltr'>constitutionum</span> 
     </span>
     <span class='ocr_line' id='line_1_45' title="bbox 292 2213 1037 2264; baseline 0.003 -15"><span class='ocrx_word' id='word_1_204' title='bbox 292 2213 542 2260; x_wconf 81' lang='lat' dir='ltr'>praedictarum,</span> <span class='ocrx_word' id='word_1_205' title='bbox 561 2230 688 2253; x_wconf 91' lang='lat' dir='ltr'>necnon</span> <span class='ocrx_word' id='word_1_206' title='bbox 700 2230 878 2264; x_wconf 88' lang='lat' dir='ltr'>poenarum</span> <span class='ocrx_word' id='word_1_207' title='bbox 893 2219 1037 2252; x_wconf 91' lang='lat' dir='ltr'>omnium</span> 
     </span>
     <span class='ocr_line' id='line_1_46' title="bbox 293 2270 1037 2306; baseline 0.005 -4"><span class='ocrx_word' id='word_1_208' title='bbox 293 2270 324 2302; x_wconf 89' lang='lat' dir='ltr'>in</span> <span class='ocrx_word' id='word_1_209' title='bbox 344 2270 389 2303; x_wconf 88' lang='lat' dir='ltr'>eis</span> <span class='ocrx_word' id='word_1_210' title='bbox 413 2277 639 2306; x_wconf 85' lang='lat' dir='ltr'>contentarum</span> <span class='ocrx_word' id='word_1_211' title='bbox 661 2273 883 2306; x_wconf 87' lang='lat' dir='ltr'>executionem</span> <span class='ocrx_word' id='word_1_212' title='bbox 903 2272 1037 2306; x_wconf 90' lang='lat' dir='ltr'>omnino</span> 
     </span>
     <span class='ocr_line' id='line_1_47' title="bbox 293 2325 1039 2366; baseline 0.003 -10"><span class='ocrx_word' id='word_1_213' title='bbox 293 2325 516 2366; x_wconf 86' lang='lat' dir='ltr'>procedentes,</span> <span class='ocrx_word' id='word_1_214' title='bbox 548 2326 618 2359; x_wconf 89' lang='lat' dir='ltr'>illas</span> <span class='ocrx_word' id='word_1_215' title='bbox 653 2337 765 2360; x_wconf 91' lang='lat' dir='ltr'>omnes</span> <span class='ocrx_word' id='word_1_216' title='bbox 790 2331 821 2360; x_wconf 90' lang='lat' dir='ltr'>et</span> <span class='ocrx_word' id='word_1_217' title='bbox 845 2326 877 2359; x_wconf 94' lang='lat' dir='ltr'>in</span> <span class='ocrx_word' id='word_1_218' title='bbox 898 2327 943 2360; x_wconf 93' lang='lat' dir='ltr'>eis</span> <span class='ocrx_word' id='word_1_219' title='bbox 963 2336 1039 2359; x_wconf 89' lang='lat' dir='ltr'>con-</span> 
     </span>
     <span class='ocr_line' id='line_1_48' title="bbox 293 2375 1035 2420; baseline 0.007 -16"><span class='ocrx_word' id='word_1_220' title='bbox 293 2378 378 2405; x_wconf 85' lang='lat' dir='ltr'>tenta</span> <span class='ocrx_word' id='word_1_221' title='bbox 411 2384 650 2418; x_wconf 85' lang='lat' dir='ltr'>quaecumque,</span> <span class='ocrx_word' id='word_1_222' title='bbox 676 2386 804 2420; x_wconf 86' lang='lat' dir='ltr'>semper</span> <span class='ocrx_word' id='word_1_223' title='bbox 837 2381 867 2409; x_wconf 92' lang='lat' dir='ltr'>et</span> <span class='ocrx_word' id='word_1_224' title='bbox 902 2375 1035 2419; x_wconf 85' lang='lat' dir='ltr'>ubique,</span> 
     </span>
     <span class='ocr_line' id='line_1_49' title="bbox 293 2423 1037 2468; baseline 0.004 -14"><span class='ocrx_word' id='word_1_225' title='bbox 293 2431 351 2464; x_wconf 85' lang='lat' dir='ltr'>per</span> <span class='ocrx_word' id='word_1_226' title='bbox 370 2423 477 2455; x_wconf 88' lang='lat' dir='ltr'>omnia</span> <span class='ocrx_word' id='word_1_227' title='bbox 509 2424 579 2456; x_wconf 90' lang='lat' dir='ltr'>loca</span> <span class='ocrx_word' id='word_1_228' title='bbox 603 2424 779 2468; x_wconf 87' lang='lat' dir='ltr'>praedicta,</span> <span class='ocrx_word' id='word_1_229' title='bbox 811 2435 848 2458; x_wconf 87' lang='lat' dir='ltr'>ac</span> <span class='ocrx_word' id='word_1_230' title='bbox 873 2424 912 2456; x_wconf 91' lang='lat' dir='ltr'>ab</span> <span class='ocrx_word' id='word_1_231' title='bbox 933 2425 1037 2457; x_wconf 91' lang='lat' dir='ltr'>omni-</span> 
     </span>
     <span class='ocr_line' id='line_1_50' title="bbox 293 2469 1039 2516; baseline 0.007 -15"><span class='ocrx_word' id='word_1_232' title='bbox 293 2469 352 2502; x_wconf 90' lang='lat' dir='ltr'>bus</span> <span class='ocrx_word' id='word_1_233' title='bbox 370 2470 430 2515; x_wconf 75' lang='lat' dir='ltr'>sub</span> <span class='ocrx_word' id='word_1_234' title='bbox 453 2471 516 2504; x_wconf 88' lang='lat' dir='ltr'>illis</span> <span class='ocrx_word' id='word_1_235' title='bbox 541 2473 782 2516; x_wconf 81' lang='lat' dir='ltr'>comprehensis</span> <span class='ocrx_word' id='word_1_236' title='bbox 813 2472 1039 2506; x_wconf 83' lang='lat' dir='ltr'>inviolabiliter</span> 
     </span>
     <span class='ocr_line' id='line_1_51' title="bbox 293 2518 1037 2566; baseline 0.007 -16"><span class='ocrx_word' id='word_1_237' title='bbox 293 2518 465 2552; x_wconf 90' lang='lat' dir='ltr'>observari.</span> <span class='ocrx_word' id='word_1_238' title='bbox 489 2520 708 2564; x_wconf 86' lang='lat' dir='ltr'>Capitalesque</span> <span class='ocrx_word' id='word_1_239' title='bbox 741 2522 915 2555; x_wconf 89' lang='lat' dir='ltr'>sententias</span> <span class='ocrx_word' id='word_1_240' title='bbox 943 2532 1037 2566; x_wconf 86' lang='lat' dir='ltr'>prae-</span> 
     </span>
     <span class='ocr_line' id='line_1_52' title="bbox 294 2567 1038 2615; baseline 0.005 -15"><span class='ocrx_word' id='word_1_241' title='bbox 294 2567 396 2601; x_wconf 89' lang='lat' dir='ltr'>dictas</span> <span class='ocrx_word' id='word_1_242' title='bbox 415 2578 433 2601; x_wconf 91' lang='lat' dir='ltr'>a</span> <span class='ocrx_word' id='word_1_243' title='bbox 452 2568 590 2603; x_wconf 88' lang='lat' dir='ltr'>iustitiae</span> <span class='ocrx_word' id='word_1_244' title='bbox 611 2570 776 2612; x_wconf 88' lang='lat' dir='ltr'>ministris,</span> <span class='ocrx_word' id='word_1_245' title='bbox 797 2572 918 2615; x_wconf 85' lang='lat' dir='ltr'>absque</span> <span class='ocrx_word' id='word_1_246' title='bbox 938 2571 1038 2604; x_wconf 87' lang='lat' dir='ltr'>alicu-</span> 
     </span>
    </p>
   </div>
   <div class='ocr_carea' id='block_1_6' title="bbox 871 188 1219 214">
    <p class='ocr_par' dir='ltr' id='par_1_8' title="bbox 871 188 1219 214">
     <span class='ocr_line' id='line_1_53' title="bbox 871 188 1219 214; baseline 0 -1"><span class='ocrx_word' id='word_1_247' title='bbox 871 188 1050 214; x_wconf 74' lang='lat' dir='ltr'><strong>BULLARIUM</strong></span> <span class='ocrx_word' id='word_1_248' title='bbox 1069 188 1219 214; x_wconf 65' lang='lat' dir='ltr'><strong>ROMANUM</strong></span> 
     </span>
    </p>
   </div>
   <div class='ocr_carea' id='block_1_7' title="bbox 1955 52 1989 80">
    <p class='ocr_par' dir='ltr' id='par_1_9' title="bbox 1955 52 1989 80">
     <span class='ocr_line' id='line_1_54' title="bbox 1955 52 1989 80; baseline 0 -3"><span class='ocrx_word' id='word_1_249' title='bbox 1955 52 1989 80; x_wconf 58' lang='grc'>,6,</span> 
     </span>
    </p>
   </div>
   <div class='ocr_carea' id='block_1_8' title="bbox 1070 183 2013 2317">
    <p class='ocr_par' dir='ltr' id='par_1_10' title="bbox 1070 183 2007 658">
     <span class='ocr_line' id='line_1_55' title="bbox 1822 183 2007 221; baseline 0.022 -4"><span class='ocrx_word' id='word_1_250' title='bbox 1822 183 1880 218; x_wconf 61' lang='grc' dir='ltr'>λιι.</span> <span class='ocrx_word' id='word_1_251' title='bbox 1897 188 1927 218; x_wconf 83' lang='lat' dir='ltr'>C.</span> <span class='ocrx_word' id='word_1_252' title='bbox 1943 185 2007 221; x_wconf 66' lang='lat'>15⁸⁸</span> 
     </span>
     <span class='ocr_line' id='line_1_56' title="bbox 1071 236 1990 287; baseline 0.001 -13"><span class='ocrx_word' id='word_1_253' title='bbox 1071 241 1120 275; x_wconf 88' lang='lat' dir='ltr'>ius</span> <span class='ocrx_word' id='word_1_254' title='bbox 1139 236 1384 284; x_wconf 79' lang='lat' dir='ltr'>irregularitatis</span> <span class='ocrx_word' id='word_1_255' title='bbox 1403 239 1547 282; x_wconf 83' lang='lat' dir='ltr'>incursu,</span> <span class='ocrx_word' id='word_1_256' title='bbox 1575 242 1687 287; x_wconf 83' lang='lat' dir='ltr'>exequi</span> <span class='ocrx_word' id='word_1_257' title='bbox 1721 251 1814 278; x_wconf 85' lang='lat' dir='ltr'>man·</span> <span class='ocrx_word' id='word_1_258' title='bbox 1988 246 1990 248; x_wconf 77' lang='grc'>’</span> 
     </span>
     <span class='ocr_line' id='line_1_57' title="bbox 1070 293 1814 340; baseline 0.003 -13"><span class='ocrx_word' id='word_1_259' title='bbox 1070 295 1147 327; x_wconf 87' lang='lat' dir='ltr'>dent</span> <span class='ocrx_word' id='word_1_260' title='bbox 1166 299 1197 327; x_wconf 89' lang='lat' dir='ltr'>et</span> <span class='ocrx_word' id='word_1_261' title='bbox 1215 293 1347 335; x_wconf 86' lang='lat' dir='ltr'>faciant;</span> <span class='ocrx_word' id='word_1_262' title='bbox 1364 305 1418 335; x_wconf 89' lang='lat' dir='ltr'>ac,</span> <span class='ocrx_word' id='word_1_263' title='bbox 1437 305 1496 338; x_wconf 89' lang='lat' dir='ltr'>pro</span> <span class='ocrx_word' id='word_1_264' title='bbox 1516 295 1703 329; x_wconf 87' lang='lat' dir='ltr'>executione</span> <span class='ocrx_word' id='word_1_265' title='bbox 1735 306 1814 340; x_wconf 92' lang='lat' dir='ltr'>poe-</span> 
     </span>
     <span class='ocr_line' id='line_1_58' title="bbox 1070 347 1813 392; baseline 0.003 -12"><span class='ocrx_word' id='word_1_266' title='bbox 1070 358 1187 380; x_wconf 89' lang='lat' dir='ltr'>narum</span> <span class='ocrx_word' id='word_1_267' title='bbox 1207 347 1483 392; x_wconf 88' lang='lat' dir='ltr'>pecuniariarum,</span> <span class='ocrx_word' id='word_1_268' title='bbox 1501 353 1612 381; x_wconf 90' lang='lat' dir='ltr'>contra</span> <span class='ocrx_word' id='word_1_269' title='bbox 1631 347 1813 382; x_wconf 89' lang='lat' dir='ltr'>communi-</span> 
     </span>
     <span class='ocr_line' id='line_1_59' title="bbox 1071 400 1816 445; baseline 0.001 -12"><span class='ocrx_word' id='word_1_270' title='bbox 1071 405 1163 441; x_wconf 89' lang='lat' dir='ltr'>tates,</span> <span class='ocrx_word' id='word_1_271' title='bbox 1185 400 1417 441; x_wconf 88' lang='lat' dir='ltr'>universitates,</span> <span class='ocrx_word' id='word_1_272' title='bbox 1442 400 1590 434; x_wconf 91' lang='lat' dir='ltr'>dominos</span> <span class='ocrx_word' id='word_1_273' title='bbox 1621 402 1816 445; x_wconf 88' lang='lat' dir='ltr'>temporales</span> 
     </span>
     <span class='ocr_line' id='line_1_60' title="bbox 1071 453 1815 498; baseline 0.003 -12"><span class='ocrx_word' id='word_1_274' title='bbox 1071 459 1101 486; x_wconf 87' lang='lat' dir='ltr'>ct</span> <span class='ocrx_word' id='word_1_275' title='bbox 1120 453 1200 487; x_wconf 88' lang='lat' dir='ltr'>alios</span> <span class='ocrx_word' id='word_1_276' title='bbox 1219 453 1410 498; x_wconf 87' lang='lat' dir='ltr'>praedictos,</span> <span class='ocrx_word' id='word_1_277' title='bbox 1427 459 1559 498; x_wconf 88' lang='lat' dir='ltr'>propter</span> <span class='ocrx_word' id='word_1_278' title='bbox 1579 464 1690 487; x_wconf 87' lang='lat' dir='ltr'>eorum</span> <span class='ocrx_word' id='word_1_279' title='bbox 1702 454 1815 488; x_wconf 88' lang='lat' dir='ltr'>inobe-</span> 
     </span>
     <span class='ocr_line' id='line_1_61' title="bbox 1071 506 1816 551; baseline 0.001 -12"><span class='ocrx_word' id='word_1_280' title='bbox 1071 506 1236 549; x_wconf 90' lang='lat' dir='ltr'>dientiam,</span> <span class='ocrx_word' id='word_1_281' title='bbox 1258 508 1450 551; x_wconf 89' lang='lat' dir='ltr'>represalias</span> <span class='ocrx_word' id='word_1_282' title='bbox 1463 507 1653 547; x_wconf 87' lang='lat' dir='ltr'>concedant,</span> <span class='ocrx_word' id='word_1_283' title='bbox 1670 507 1816 541; x_wconf 87' lang='lat' dir='ltr'>realiter-</span> 
     </span>
     <span class='ocr_line' id='line_1_62' title="bbox 1071 561 1817 606; baseline 0 -12"><span class='ocrx_word' id='word_1_284' title='bbox 1071 572 1133 606; x_wconf 89' lang='lat' dir='ltr'>que</span> <span class='ocrx_word' id='word_1_285' title='bbox 1154 567 1183 595; x_wconf 89' lang='lat' dir='ltr'>et</span> <span class='ocrx_word' id='word_1_286' title='bbox 1203 561 1468 595; x_wconf 89' lang='lat' dir='ltr'>irremissibiliter</span> <span class='ocrx_word' id='word_1_287' title='bbox 1486 561 1587 595; x_wconf 84' lang='lat' dir='ltr'>dictas</span> <span class='ocrx_word' id='word_1_288' title='bbox 1619 570 1740 605; x_wconf 91' lang='lat' dir='ltr'>poenas</span> <span class='ocrx_word' id='word_1_289' title='bbox 1763 571 1817 605; x_wconf 86' lang='lat' dir='ltr'>pe-</span> 
     </span>
     <span class='ocr_line' id='line_1_63' title="bbox 1071 614 1390 658; baseline 0 -10"><span class='ocrx_word' id='word_1_290' title='bbox 1071 614 1232 648; x_wconf 88' lang='lat' dir='ltr'>cuniarias</span> <span class='ocrx_word' id='word_1_291' title='bbox 1251 614 1390 658; x_wconf 84' lang='lat' dir='ltr'>exigant.</span> 
     </span>
    </p>

    <p class='ocr_par' dir='ltr' id='par_1_11' title="bbox 1071 666 1820 1299">
     <span class='ocr_line' id='line_1_64' title="bbox 1115 666 1815 712; baseline -0.001 -11"><span class='ocrx_word' id='word_1_292' title='bbox 1115 669 1130 712; x_wconf 72' lang='lat'>§</span> <span class='ocrx_word' id='word_1_293' title='bbox 1150 668 1202 701; x_wconf 76' lang='lat'>17.</span> <span class='ocrx_word' id='word_1_294' title='bbox 1226 668 1295 701; x_wconf 92' lang='lat' dir='ltr'>Non</span> <span class='ocrx_word' id='word_1_295' title='bbox 1319 666 1520 701; x_wconf 88' lang='lat' dir='ltr'>obstantibus</span> <span class='ocrx_word' id='word_1_296' title='bbox 1545 666 1815 709; x_wconf 88' lang='lat' dir='ltr'>fideicommissis,</span> 
     </span>
     <span class='ocr_line' id='line_1_65' title="bbox 1073 719 1818 762; baseline 0 -9"><span class='ocrx_word' id='word_1_297' title='bbox 1073 720 1278 761; x_wconf 82' lang='lat' dir='ltr'>investituris,</span> <span class='ocrx_word' id='word_1_298' title='bbox 1315 719 1590 762; x_wconf 88' lang='lat' dir='ltr'>concessionibus,</span> <span class='ocrx_word' id='word_1_299' title='bbox 1617 719 1818 753; x_wconf 86' lang='lat' dir='ltr'>substitutio-</span> 
     </span>
     <span class='ocr_line' id='line_1_66' title="bbox 1072 773 1819 818; baseline -0.001 -11"><span class='ocrx_word' id='word_1_300' title='bbox 1072 774 1179 816; x_wconf 89' lang='lat' dir='ltr'>nibus,</span> <span class='ocrx_word' id='word_1_301' title='bbox 1211 773 1408 807; x_wconf 87' lang='lat' dir='ltr'>testamentis</span> <span class='ocrx_word' id='word_1_302' title='bbox 1439 779 1470 807; x_wconf 92' lang='lat' dir='ltr'>et</span> <span class='ocrx_word' id='word_1_303' title='bbox 1503 773 1575 807; x_wconf 90' lang='lat' dir='ltr'>aliis</span> <span class='ocrx_word' id='word_1_304' title='bbox 1599 773 1819 818; x_wconf 87' lang='lat' dir='ltr'>dispositioni-</span> 
     </span>
     <span class='ocr_line' id='line_1_67' title="bbox 1072 826 1820 871; baseline -0.003 -10"><span class='ocrx_word' id='word_1_305' title='bbox 1072 829 1148 869; x_wconf 87' lang='lat' dir='ltr'>bus,</span> <span class='ocrx_word' id='word_1_306' title='bbox 1181 837 1310 860; x_wconf 90' lang='lat' dir='ltr'>necnon</span> <span class='ocrx_word' id='word_1_307' title='bbox 1344 826 1532 870; x_wconf 84' lang='lat' dir='ltr'>privilegiis,</span> <span class='ocrx_word' id='word_1_308' title='bbox 1561 826 1820 871; x_wconf 86' lang='lat' dir='ltr'>exemptionibus</span> 
     </span>
     <span class='ocr_line' id='line_1_68' title="bbox 1071 879 1820 925; baseline -0.001 -11"><span class='ocrx_word' id='word_1_309' title='bbox 1071 892 1108 914; x_wconf 87' lang='lat' dir='ltr'>ac</span> <span class='ocrx_word' id='word_1_310' title='bbox 1128 881 1199 914; x_wconf 88' lang='lat' dir='ltr'>aliis</span> <span class='ocrx_word' id='word_1_311' title='bbox 1220 879 1416 925; x_wconf 88' lang='lat' dir='ltr'>praemissis,</span> <span class='ocrx_word' id='word_1_312' title='bbox 1443 890 1584 924; x_wconf 90' lang='lat' dir='ltr'>quorum</span> <span class='ocrx_word' id='word_1_313' title='bbox 1604 880 1750 913; x_wconf 90' lang='lat' dir='ltr'>omnium</span> <span class='ocrx_word' id='word_1_314' title='bbox 1771 885 1820 913; x_wconf 86' lang='lat' dir='ltr'>te-</span> 
     </span>
     <span class='ocr_line' id='line_1_69' title="bbox 1072 933 1819 976; baseline -0.003 -8"><span class='ocrx_word' id='word_1_315' title='bbox 1072 945 1179 976; x_wconf 80' lang='lat' dir='ltr'>nores,</span> <span class='ocrx_word' id='word_1_316' title='bbox 1203 945 1240 967; x_wconf 89' lang='lat' dir='ltr'>ae</span> <span class='ocrx_word' id='word_1_317' title='bbox 1265 934 1290 967; x_wconf 90' lang='lat' dir='ltr'>si</span> <span class='ocrx_word' id='word_1_318' title='bbox 1311 934 1350 967; x_wconf 91' lang='lat' dir='ltr'>de</span> <span class='ocrx_word' id='word_1_319' title='bbox 1370 933 1466 967; x_wconf 92' lang='lat' dir='ltr'>verbo</span> <span class='ocrx_word' id='word_1_320' title='bbox 1491 934 1530 967; x_wconf 89' lang='lat' dir='ltr'>ad</span> <span class='ocrx_word' id='word_1_321' title='bbox 1563 934 1708 974; x_wconf 90' lang='lat' dir='ltr'>verbum,</span> <span class='ocrx_word' id='word_1_322' title='bbox 1739 933 1819 966; x_wconf 91' lang='lat' dir='ltr'>nihil</span> 
     </span>
     <span class='ocr_line' id='line_1_70' title="bbox 1073 986 1820 1032; baseline -0.001 -10"><span class='ocrx_word' id='word_1_323' title='bbox 1073 988 1200 1032; x_wconf 87' lang='lat' dir='ltr'>penitus</span> <span class='ocrx_word' id='word_1_324' title='bbox 1233 987 1364 1028; x_wconf 73' lang='lat' dir='ltr'>omisso,</span> <span class='ocrx_word' id='word_1_325' title='bbox 1391 992 1422 1021; x_wconf 91' lang='lat' dir='ltr'>et</span> <span class='ocrx_word' id='word_1_326' title='bbox 1444 987 1549 1021; x_wconf 89' lang='lat' dir='ltr'>sorma</span> <span class='ocrx_word' id='word_1_327' title='bbox 1568 987 1601 1020; x_wconf 93' lang='lat' dir='ltr'>in</span> <span class='ocrx_word' id='word_1_328' title='bbox 1620 986 1683 1019; x_wconf 89' lang='lat' dir='ltr'>illis</span> <span class='ocrx_word' id='word_1_329' title='bbox 1702 987 1820 1021; x_wconf 89' lang='lat' dir='ltr'>tradita</span> 
     </span>
     <span class='ocr_line' id='line_1_71' title="bbox 1072 1040 1817 1085; baseline -0.003 -10"><span class='ocrx_word' id='word_1_330' title='bbox 1072 1041 1251 1081; x_wconf 86' lang='lat' dir='ltr'>observata,</span> <span class='ocrx_word' id='word_1_331' title='bbox 1291 1040 1403 1074; x_wconf 88' lang='lat' dir='ltr'>inserti</span> <span class='ocrx_word' id='word_1_332' title='bbox 1439 1040 1545 1074; x_wconf 89' lang='lat' dir='ltr'>sorent</span> <span class='ocrx_word' id='word_1_333' title='bbox 1580 1041 1817 1085; x_wconf 85' lang='lat' dir='ltr'>praesentibus,</span> 
     </span>
     <span class='ocr_line' id='line_1_72' title="bbox 1072 1092 1818 1139; baseline -0.001 -11"><span class='ocrx_word' id='word_1_334' title='bbox 1072 1095 1186 1128; x_wconf 90' lang='lat' dir='ltr'>haberi</span> <span class='ocrx_word' id='word_1_335' title='bbox 1207 1092 1357 1128; x_wconf 90' lang='lat' dir='ltr'>volumus</span> <span class='ocrx_word' id='word_1_336' title='bbox 1376 1104 1435 1139; x_wconf 89' lang='lat' dir='ltr'>pro</span> <span class='ocrx_word' id='word_1_337' title='bbox 1455 1094 1614 1138; x_wconf 89' lang='lat' dir='ltr'>expressis</span> <span class='ocrx_word' id='word_1_338' title='bbox 1634 1099 1663 1127; x_wconf 91' lang='lat' dir='ltr'>et</span> <span class='ocrx_word' id='word_1_339' title='bbox 1677 1094 1818 1137; x_wconf 84' lang='lat' dir='ltr'>insertis;</span> 
     </span>
     <span class='ocr_line' id='line_1_73' title="bbox 1073 1147 1820 1192; baseline 0 -11"><span class='ocrx_word' id='word_1_340' title='bbox 1073 1159 1198 1181; x_wconf 89' lang='lat' dir='ltr'>necnon</span> <span class='ocrx_word' id='word_1_341' title='bbox 1219 1147 1382 1189; x_wconf 88' lang='lat' dir='ltr'>omnibus,</span> <span class='ocrx_word' id='word_1_342' title='bbox 1403 1159 1486 1192; x_wconf 89' lang='lat' dir='ltr'>quae</span> <span class='ocrx_word' id='word_1_343' title='bbox 1505 1147 1539 1180; x_wconf 89' lang='lat' dir='ltr'>in</span> <span class='ocrx_word' id='word_1_344' title='bbox 1557 1147 1692 1191; x_wconf 84' lang='lat' dir='ltr'>singulis</span> <span class='ocrx_word' id='word_1_345' title='bbox 1707 1147 1820 1182; x_wconf 91' lang='lat' dir='ltr'>litteris</span> 
     </span>
     <span class='ocr_line' id='line_1_74' title="bbox 1072 1201 1816 1246; baseline 0 -11"><span class='ocrx_word' id='word_1_346' title='bbox 1072 1201 1243 1246; x_wconf 89' lang='lat' dir='ltr'>praedictis</span> <span class='ocrx_word' id='word_1_347' title='bbox 1274 1211 1463 1235; x_wconf 88' lang='lat' dir='ltr'>concessum</span> <span class='ocrx_word' id='word_1_348' title='bbox 1493 1206 1541 1234; x_wconf 85' lang='lat' dir='ltr'>est</span> <span class='ocrx_word' id='word_1_349' title='bbox 1574 1212 1639 1234; x_wconf 91' lang='lat' dir='ltr'>non</span> <span class='ocrx_word' id='word_1_350' title='bbox 1672 1202 1816 1243; x_wconf 87' lang='lat' dir='ltr'>obstare,</span> 
     </span>
     <span class='ocr_line' id='line_1_75' title="bbox 1074 1255 1729 1299; baseline -0.002 -10"><span class='ocrx_word' id='word_1_351' title='bbox 1074 1256 1253 1299; x_wconf 88' lang='lat' dir='ltr'>ceterisque</span> <span class='ocrx_word' id='word_1_352' title='bbox 1273 1255 1443 1289; x_wconf 87' lang='lat' dir='ltr'>contrariis</span> <span class='ocrx_word' id='word_1_353' title='bbox 1456 1255 1729 1299; x_wconf 86' lang='lat' dir='ltr'>quibuscumque.</span> 
     </span>
    </p>

    <p class='ocr_par' dir='ltr' id='par_1_12' title="bbox 1073 1308 2013 2317">
     <span class='ocr_line' id='line_1_76' title="bbox 1117 1308 1821 1353; baseline -0.001 -10"><span class='ocrx_word' id='word_1_354' title='bbox 1117 1310 1132 1353; x_wconf 63' lang='grc' dir='ltr'><strong>ἓ</strong></span> <span class='ocrx_word' id='word_1_355' title='bbox 1156 1309 1209 1343; x_wconf 79' lang='grc'>18.</span> <span class='ocrx_word' id='word_1_356' title='bbox 1236 1309 1397 1352; x_wconf 90' lang='lat' dir='ltr'>Rogamus</span> <span class='ocrx_word' id='word_1_357' title='bbox 1427 1318 1558 1353; x_wconf 90' lang='lat' dir='ltr'>quoque</span> <span class='ocrx_word' id='word_1_358' title='bbox 1587 1314 1618 1342; x_wconf 90' lang='lat' dir='ltr'>et</span> <span class='ocrx_word' id='word_1_359' title='bbox 1648 1308 1821 1342; x_wconf 86' lang='lat' dir='ltr'>hortamur</span> 
     </span>
     <span class='ocr_line' id='line_1_77' title="bbox 1074 1362 2009 1408; baseline -0.001 -11"><span class='ocrx_word' id='word_1_360' title='bbox 1074 1369 1193 1397; x_wconf 86' lang='lat' dir='ltr'>attente</span> <span class='ocrx_word' id='word_1_361' title='bbox 1221 1363 1253 1396; x_wconf 91' lang='lat' dir='ltr'>in</span> <span class='ocrx_word' id='word_1_362' title='bbox 1286 1362 1423 1396; x_wconf 92' lang='lat' dir='ltr'>Domino</span> <span class='ocrx_word' id='word_1_363' title='bbox 1465 1372 1577 1395; x_wconf 91' lang='lat' dir='ltr'>omnes</span> <span class='ocrx_word' id='word_1_364' title='bbox 1610 1368 1641 1396; x_wconf 91' lang='lat' dir='ltr'>et</span> <span class='ocrx_word' id='word_1_365' title='bbox 1677 1362 1820 1406; x_wconf 85' lang='lat' dir='ltr'>singulos</span> <span class='ocrx_word' id='word_1_366' title='bbox 1832 1381 2009 1408; x_wconf 62' lang='lat' dir='ltr'>summanum-</span> 
     </span>
     <span class='ocr_line' id='line_1_78' title="bbox 1073 1415 2012 1466; baseline -0.001 -16"><span class='ocrx_word' id='word_1_367' title='bbox 1073 1427 1313 1461; x_wconf 82' lang='lat' dir='ltr'>quamcumque</span> <span class='ocrx_word' id='word_1_368' title='bbox 1334 1415 1589 1449; x_wconf 87' lang='lat' dir='ltr'>iurisdictionem</span> <span class='ocrx_word' id='word_1_369' title='bbox 1607 1417 1817 1460; x_wconf 89' lang='lat' dir='ltr'>temporalem</span> <span class='ocrx_word' id='word_1_370' title='bbox 1831 1416 2012 1466; x_wconf 56' lang='lat' dir='ltr'>ffi&#39;ffim&#39;ifflffi</span> 
     </span>
     <span class='ocr_line' id='line_1_79' title="bbox 1074 1468 2008 1513; baseline -0.002 -9"><span class='ocrx_word' id='word_1_371' title='bbox 1074 1477 1161 1504; x_wconf 84' lang='lat' dir='ltr'>extra</span> <span class='ocrx_word' id='word_1_372' title='bbox 1181 1470 1305 1504; x_wconf 87' lang='lat' dir='ltr'>Statum</span> <span class='ocrx_word' id='word_1_373' title='bbox 1329 1468 1591 1503; x_wconf 86' lang='lat' dir='ltr'>Ecclesiasticum</span> <span class='ocrx_word' id='word_1_374' title='bbox 1616 1469 1817 1513; x_wconf 88' lang='lat' dir='ltr'>praedictum</span> <span class='ocrx_word' id='word_1_375' title='bbox 1832 1472 2008 1497; x_wconf 60' lang='lat' dir='ltr'>cuonem-mi</span> 
     </span>
     <span class='ocr_line' id='line_1_80' title="bbox 1075 1507 2010 1567; baseline -0.001 -9"><span class='ocrx_word' id='word_1_376' title='bbox 1075 1529 1272 1564; x_wconf 86' lang='lat' dir='ltr'>exercentes,</span> <span class='ocrx_word' id='word_1_377' title='bbox 1294 1523 1391 1557; x_wconf 89' lang='lat' dir='ltr'>etiam</span> <span class='ocrx_word' id='word_1_378' title='bbox 1411 1522 1511 1567; x_wconf 83' lang='lat' dir='ltr'>regia,</span> <span class='ocrx_word' id='word_1_379' title='bbox 1542 1523 1648 1556; x_wconf 81' lang='lat' dir='ltr'>ducali</span> <span class='ocrx_word' id='word_1_380' title='bbox 1676 1524 1725 1556; x_wconf 73' lang='lat' dir='ltr'>vel</span> <span class='ocrx_word' id='word_1_381' title='bbox 1757 1524 1819 1557; x_wconf 88' lang='lat' dir='ltr'>alia</span> <span class='ocrx_word' id='word_1_382' title='bbox 1833 1507 2010 1562; x_wconf 39' lang='lat' dir='ltr'>iisnfisffliffl</span> 
     </span>
     <span class='ocr_line' id='line_1_81' title="bbox 1074 1569 2013 1622; baseline -0.002 -11"><span class='ocrx_word' id='word_1_383' title='bbox 1074 1588 1281 1622; x_wconf 88' lang='lat' dir='ltr'>quacumque</span> <span class='ocrx_word' id='word_1_384' title='bbox 1318 1576 1481 1610; x_wconf 82' lang='lat' dir='ltr'>mundana</span> <span class='ocrx_word' id='word_1_385' title='bbox 1519 1577 1567 1610; x_wconf 94' lang='lat' dir='ltr'>vel</span> <span class='ocrx_word' id='word_1_386' title='bbox 1604 1577 1819 1610; x_wconf 86' lang='lat' dir='ltr'>ecclesiastica</span> <span class='ocrx_word' id='word_1_387' title='bbox 1833 1569 1969 1622; x_wconf 52' lang='lat' dir='ltr'>{ssssffi&#39;ffn‘</span> <span class='ocrx_word' id='word_1_388' title='bbox 1987 1569 2013 1591; x_wconf 62' lang='lat'>⁰⁵</span> 
     </span>
     <span class='ocr_line' id='line_1_82' title="bbox 1075 1629 1822 1675; baseline -0.004 -10"><span class='ocrx_word' id='word_1_389' title='bbox 1075 1631 1277 1672; x_wconf 85' lang='lat' dir='ltr'>auctoritate,</span> <span class='ocrx_word' id='word_1_390' title='bbox 1313 1629 1540 1675; x_wconf 87' lang='lat' dir='ltr'>superioritate</span> <span class='ocrx_word' id='word_1_391' title='bbox 1572 1635 1604 1663; x_wconf 91' lang='lat' dir='ltr'>et</span> <span class='ocrx_word' id='word_1_392' title='bbox 1633 1630 1822 1664; x_wconf 83' lang='lat' dir='ltr'>excellentia</span> 
     </span>
     <span class='ocr_line' id='line_1_83' title="bbox 1076 1683 1822 1729; baseline -0.004 -10"><span class='ocrx_word' id='word_1_393' title='bbox 1076 1686 1244 1729; x_wconf 78' lang='lat' dir='ltr'>fulgentes,</span> <span class='ocrx_word' id='word_1_394' title='bbox 1270 1684 1379 1725; x_wconf 82' lang='lat' dir='ltr'>velint,</span> <span class='ocrx_word' id='word_1_395' title='bbox 1403 1694 1461 1728; x_wconf 89' lang='lat' dir='ltr'>pro</span> <span class='ocrx_word' id='word_1_396' title='bbox 1481 1695 1539 1717; x_wconf 87' lang='lat' dir='ltr'>sua</span> <span class='ocrx_word' id='word_1_397' title='bbox 1557 1683 1590 1716; x_wconf 91' lang='lat' dir='ltr'>in</span> <span class='ocrx_word' id='word_1_398' title='bbox 1610 1694 1669 1717; x_wconf 93' lang='lat' dir='ltr'>nos</span> <span class='ocrx_word' id='word_1_399' title='bbox 1693 1689 1724 1717; x_wconf 90' lang='lat' dir='ltr'>et</span> <span class='ocrx_word' id='word_1_400' title='bbox 1738 1684 1822 1717; x_wconf 90' lang='lat' dir='ltr'>hanc</span> 
     </span>
     <span class='ocr_line' id='line_1_84' title="bbox 1075 1736 1822 1781; baseline -0.001 -9"><span class='ocrx_word' id='word_1_401' title='bbox 1075 1744 1217 1772; x_wconf 87' lang='lat' dir='ltr'>sanctam</span> <span class='ocrx_word' id='word_1_402' title='bbox 1239 1737 1354 1772; x_wconf 89' lang='lat' dir='ltr'>Sedem</span> <span class='ocrx_word' id='word_1_403' title='bbox 1371 1737 1587 1781; x_wconf 88' lang='lat' dir='ltr'>Apostolicam</span> <span class='ocrx_word' id='word_1_404' title='bbox 1603 1736 1772 1771; x_wconf 83' lang='lat' dir='ltr'>devotione</span> <span class='ocrx_word' id='word_1_405' title='bbox 1791 1743 1822 1771; x_wconf 86' lang='lat' dir='ltr'>et</span> 
     </span>
     <span class='ocr_line' id='line_1_85' title="bbox 1076 1790 1823 1835; baseline -0.001 -10"><span class='ocrx_word' id='word_1_406' title='bbox 1076 1791 1277 1825; x_wconf 84' lang='lat' dir='ltr'>observantia</span> <span class='ocrx_word' id='word_1_407' title='bbox 1296 1791 1409 1834; x_wconf 89' lang='lat' dir='ltr'>reique</span> <span class='ocrx_word' id='word_1_408' title='bbox 1429 1790 1530 1835; x_wconf 91' lang='lat' dir='ltr'>ipsius</span> <span class='ocrx_word' id='word_1_409' title='bbox 1554 1790 1727 1834; x_wconf 88' lang='lat' dir='ltr'>acquitate,</span> <span class='ocrx_word' id='word_1_410' title='bbox 1749 1801 1823 1834; x_wconf 88' lang='lat' dir='ltr'>pro-</span> 
     </span>
     <span class='ocr_line' id='line_1_86' title="bbox 1077 1842 1822 1889; baseline -0.004 -10"><span class='ocrx_word' id='word_1_411' title='bbox 1077 1846 1182 1879; x_wconf 82' lang='lat' dir='ltr'>videre</span> <span class='ocrx_word' id='word_1_412' title='bbox 1202 1856 1242 1879; x_wconf 92' lang='lat' dir='ltr'>ne</span> <span class='ocrx_word' id='word_1_413' title='bbox 1262 1845 1396 1889; x_wconf 88' lang='lat' dir='ltr'>posthac</span> <span class='ocrx_word' id='word_1_414' title='bbox 1415 1844 1448 1877; x_wconf 90' lang='lat' dir='ltr'>in</span> <span class='ocrx_word' id='word_1_415' title='bbox 1468 1842 1651 1888; x_wconf 84' lang='lat' dir='ltr'>provinciis,</span> <span class='ocrx_word' id='word_1_416' title='bbox 1671 1843 1822 1877; x_wconf 90' lang='lat' dir='ltr'>dominiis</span> 
     </span>
     <span class='ocr_line' id='line_1_87' title="bbox 1077 1897 1824 1942; baseline -0.003 -9"><span class='ocrx_word' id='word_1_417' title='bbox 1077 1906 1107 1933; x_wconf 91' lang='lat' dir='ltr'>et</span> <span class='ocrx_word' id='word_1_418' title='bbox 1127 1899 1206 1933; x_wconf 85' lang='lat' dir='ltr'>locis</span> <span class='ocrx_word' id='word_1_419' title='bbox 1227 1899 1291 1932; x_wconf 90' lang='lat' dir='ltr'>suis</span> <span class='ocrx_word' id='word_1_420' title='bbox 1316 1898 1568 1942; x_wconf 88' lang='lat' dir='ltr'>perduelliones,</span> <span class='ocrx_word' id='word_1_421' title='bbox 1590 1897 1771 1931; x_wconf 86' lang='lat' dir='ltr'>homicidae</span> <span class='ocrx_word' id='word_1_422' title='bbox 1791 1902 1824 1931; x_wconf 81' lang='lat' dir='ltr'>et</span> 
     </span>
     <span class='ocr_line' id='line_1_88' title="bbox 1076 1950 1823 1996; baseline -0.003 -10"><span class='ocrx_word' id='word_1_423' title='bbox 1076 1953 1129 1986; x_wconf 89' lang='lat' dir='ltr'>alii</span> <span class='ocrx_word' id='word_1_424' title='bbox 1149 1952 1322 1986; x_wconf 81' lang='lat' dir='ltr'>facinorosi</span> <span class='ocrx_word' id='word_1_425' title='bbox 1343 1951 1498 1996; x_wconf 86' lang='lat' dir='ltr'>praedicti</span> <span class='ocrx_word' id='word_1_426' title='bbox 1529 1951 1596 1984; x_wconf 91' lang='lat' dir='ltr'>ullo</span> <span class='ocrx_word' id='word_1_427' title='bbox 1622 1951 1718 1984; x_wconf 89' lang='lat' dir='ltr'>modo</span> <span class='ocrx_word' id='word_1_428' title='bbox 1742 1950 1823 1984; x_wconf 88' lang='lat' dir='ltr'>reci-</span> 
     </span>
     <span class='ocr_line' id='line_1_89' title="bbox 1077 2004 1820 2051; baseline -0.001 -12"><span class='ocrx_word' id='word_1_429' title='bbox 1077 2006 1219 2051; x_wconf 86' lang='lat' dir='ltr'>piantur,</span> <span class='ocrx_word' id='word_1_430' title='bbox 1242 2010 1468 2039; x_wconf 89' lang='lat' dir='ltr'>assecurentur</span> <span class='ocrx_word' id='word_1_431' title='bbox 1487 2005 1535 2037; x_wconf 84' lang='lat' dir='ltr'>vel</span> <span class='ocrx_word' id='word_1_432' title='bbox 1556 2004 1615 2037; x_wconf 89' lang='lat' dir='ltr'>tuti</span> <span class='ocrx_word' id='word_1_433' title='bbox 1630 2004 1820 2045; x_wconf 88' lang='lat' dir='ltr'>reddantur;</span> 
     </span>
     <span class='ocr_line' id='line_1_90' title="bbox 1077 2057 1824 2103; baseline -0.003 -11"><span class='ocrx_word' id='word_1_434' title='bbox 1077 2059 1238 2103; x_wconf 85' lang='lat' dir='ltr'>quinimo,</span> <span class='ocrx_word' id='word_1_435' title='bbox 1263 2059 1289 2092; x_wconf 88' lang='lat' dir='ltr'>si</span> <span class='ocrx_word' id='word_1_436' title='bbox 1316 2059 1403 2103; x_wconf 89' lang='lat' dir='ltr'>ipsos</span> <span class='ocrx_word' id='word_1_437' title='bbox 1429 2058 1468 2090; x_wconf 89' lang='lat' dir='ltr'>ad</span> <span class='ocrx_word' id='word_1_438' title='bbox 1502 2058 1556 2090; x_wconf 93' lang='lat' dir='ltr'>illa</span> <span class='ocrx_word' id='word_1_439' title='bbox 1580 2057 1744 2091; x_wconf 85' lang='lat' dir='ltr'>declinare</span> <span class='ocrx_word' id='word_1_440' title='bbox 1768 2062 1824 2090; x_wconf 87' lang='lat' dir='ltr'>aut</span> 
     </span>
     <span class='ocr_line' id='line_1_91' title="bbox 1077 2111 1821 2157; baseline -0.003 -12"><span class='ocrx_word' id='word_1_441' title='bbox 1077 2113 1197 2146; x_wconf 89' lang='lat' dir='ltr'>ibidem</span> <span class='ocrx_word' id='word_1_442' title='bbox 1232 2112 1370 2157; x_wconf 87' lang='lat' dir='ltr'>reperiri</span> <span class='ocrx_word' id='word_1_443' title='bbox 1399 2111 1580 2155; x_wconf 84' lang='lat' dir='ltr'>contigerit,</span> <span class='ocrx_word' id='word_1_444' title='bbox 1601 2121 1659 2155; x_wconf 89' lang='lat' dir='ltr'>per</span> <span class='ocrx_word' id='word_1_445' title='bbox 1676 2121 1751 2144; x_wconf 89' lang='lat' dir='ltr'>suos</span> <span class='ocrx_word' id='word_1_446' title='bbox 1771 2111 1821 2144; x_wconf 91' lang='lat' dir='ltr'>iu-</span> 
     </span>
     <span class='ocr_line' id='line_1_92' title="bbox 1078 2163 1823 2218; baseline -0.004 -18"><span class='ocrx_word' id='word_1_447' title='bbox 1078 2166 1181 2200; x_wconf 83' lang='lat' dir='ltr'>stitiae</span> <span class='ocrx_word' id='word_1_448' title='bbox 1207 2167 1371 2199; x_wconf 90' lang='lat' dir='ltr'>ministros</span> <span class='ocrx_word' id='word_1_449' title='bbox 1403 2170 1451 2218; x_wconf 66' lang='lat' dir='ltr'>et.</span> <span class='ocrx_word' id='word_1_450' title='bbox 1467 2170 1654 2198; x_wconf 81' lang='lat' dir='ltr'>executores</span> <span class='ocrx_word' id='word_1_451' title='bbox 1687 2163 1758 2208; x_wconf 88' lang='lat' dir='ltr'>capi</span> <span class='ocrx_word' id='word_1_452' title='bbox 1792 2169 1823 2197; x_wconf 93' lang='lat' dir='ltr'>et</span> 
     </span>
     <span class='ocr_line' id='line_1_93' title="bbox 1077 2217 2008 2264; baseline -0.003 -12"><span class='ocrx_word' id='word_1_453' title='bbox 1077 2219 1288 2264; x_wconf 87' lang='lat' dir='ltr'>apprehendi,</span> <span class='ocrx_word' id='word_1_454' title='bbox 1310 2230 1347 2252; x_wconf 86' lang='lat' dir='ltr'>ac</span> <span class='ocrx_word' id='word_1_455' title='bbox 1367 2218 1406 2251; x_wconf 89' lang='lat' dir='ltr'>ad</span> <span class='ocrx_word' id='word_1_456' title='bbox 1431 2218 1593 2262; x_wconf 85' lang='lat' dir='ltr'>praesides</span> <span class='ocrx_word' id='word_1_457' title='bbox 1612 2222 1643 2251; x_wconf 89' lang='lat' dir='ltr'>et</span> <span class='ocrx_word' id='word_1_458' title='bbox 1661 2217 1822 2260; x_wconf 85' lang='lat' dir='ltr'>guberna·</span> <span class='ocrx_word' id='word_1_459' title='bbox 2002 2220 2008 2234; x_wconf 65' lang='lat'><em>¹</em></span> 
     </span>
     <span class='ocr_line' id='line_1_94' title="bbox 1078 2272 1823 2317; baseline -0.003 -11"><span class='ocrx_word' id='word_1_460' title='bbox 1078 2278 1162 2306; x_wconf 87' lang='lat' dir='ltr'>tores</span> <span class='ocrx_word' id='word_1_461' title='bbox 1186 2272 1424 2317; x_wconf 89' lang='lat' dir='ltr'>provinciarum</span> <span class='ocrx_word' id='word_1_462' title='bbox 1458 2278 1489 2305; x_wconf 90' lang='lat' dir='ltr'>et</span> <span class='ocrx_word' id='word_1_463' title='bbox 1516 2272 1663 2305; x_wconf 90' lang='lat' dir='ltr'>locorum</span> <span class='ocrx_word' id='word_1_464' title='bbox 1698 2277 1823 2304; x_wconf 89' lang='lat' dir='ltr'>nostro-</span> 
     </span>
    </p>
   </div>
   <div class='ocr_carea' id='block_1_9' title="bbox 1078 2324 2013 2612">
    <p class='ocr_par' dir='ltr' id='par_1_13' title="bbox 1078 2324 2013 2612">
     <span class='ocr_line' id='line_1_95' title="bbox 1079 2324 1820 2370; baseline -0.003 -12"><span class='ocrx_word' id='word_1_465' title='bbox 1079 2337 1162 2367; x_wconf 91' lang='lat' dir='ltr'>rum,</span> <span class='ocrx_word' id='word_1_466' title='bbox 1200 2326 1285 2360; x_wconf 91' lang='lat' dir='ltr'>unde</span> <span class='ocrx_word' id='word_1_467' title='bbox 1319 2325 1379 2370; x_wconf 89' lang='lat' dir='ltr'>ipsi</span> <span class='ocrx_word' id='word_1_468' title='bbox 1410 2325 1567 2369; x_wconf 82' lang='lat' dir='ltr'>originem</span> <span class='ocrx_word' id='word_1_469' title='bbox 1602 2324 1756 2357; x_wconf 88' lang='lat' dir='ltr'>traxerint</span> <span class='ocrx_word' id='word_1_470' title='bbox 1773 2324 1820 2357; x_wconf 84' lang='lat' dir='ltr'>vel</span> 
     </span>
     <span class='ocr_line' id='line_1_96' title="bbox 1078 2371 1822 2414; baseline -0.004 -7"><span class='ocrx_word' id='word_1_471' title='bbox 1078 2375 1231 2408; x_wconf 81' lang='lat' dir='ltr'>delictum</span> <span class='ocrx_word' id='word_1_472' title='bbox 1252 2373 1485 2414; x_wconf 89' lang='lat' dir='ltr'>commiserint,</span> <span class='ocrx_word' id='word_1_473' title='bbox 1506 2373 1610 2407; x_wconf 88' lang='lat' dir='ltr'>libere</span> <span class='ocrx_word' id='word_1_474' title='bbox 1634 2371 1771 2406; x_wconf 89' lang='lat' dir='ltr'>conduci</span> <span class='ocrx_word' id='word_1_475' title='bbox 1792 2377 1822 2405; x_wconf 83' lang='lat' dir='ltr'>ct</span> 
     </span>
     <span class='ocr_line' id='line_1_97' title="bbox 1078 2421 2013 2467; baseline -0.001 -11"><span class='ocrx_word' id='word_1_476' title='bbox 1078 2424 1210 2462; x_wconf 85' lang='lat' dir='ltr'>remitti,</span> <span class='ocrx_word' id='word_1_477' title='bbox 1245 2423 1353 2467; x_wconf 87' lang='lat' dir='ltr'>eisquc</span> <span class='ocrx_word' id='word_1_478' title='bbox 1392 2422 1575 2465; x_wconf 85' lang='lat' dir='ltr'>consignari</span> <span class='ocrx_word' id='word_1_479' title='bbox 1605 2421 1757 2454; x_wconf 84' lang='lat' dir='ltr'>mandent</span> <span class='ocrx_word' id='word_1_480' title='bbox 1792 2425 1823 2454; x_wconf 89' lang='lat' dir='ltr'>et</span> <span class='ocrx_word' id='word_1_481' title='bbox 1996 2440 2013 2458; x_wconf 65' lang='grc' dir='ltr'>ι.</span> 
     </span>
     <span class='ocr_line' id='line_1_98' title="bbox 1080 2470 1818 2516; baseline -0.003 -12"><span class='ocrx_word' id='word_1_482' title='bbox 1080 2478 1268 2516; x_wconf 87' lang='lat' dir='ltr'>procurent.</span> <span class='ocrx_word' id='word_1_483' title='bbox 1290 2473 1333 2505; x_wconf 88' lang='lat' dir='ltr'>Ac</span> <span class='ocrx_word' id='word_1_484' title='bbox 1366 2480 1589 2515; x_wconf 88' lang='lat' dir='ltr'>quoscumque</span> <span class='ocrx_word' id='word_1_485' title='bbox 1617 2470 1719 2503; x_wconf 89' lang='lat' dir='ltr'>salvos</span> <span class='ocrx_word' id='word_1_486' title='bbox 1739 2480 1818 2503; x_wconf 89' lang='lat' dir='ltr'>con-</span> 
     </span>
     <span class='ocr_line' id='line_1_99' title="bbox 1079 2519 1821 2554; baseline -0.004 -1"><span class='ocrx_word' id='word_1_487' title='bbox 1079 2522 1194 2554; x_wconf 84' lang='lat' dir='ltr'>ductus</span> <span class='ocrx_word' id='word_1_488' title='bbox 1227 2526 1257 2553; x_wconf 87' lang='lat' dir='ltr'>et</span> <span class='ocrx_word' id='word_1_489' title='bbox 1291 2520 1368 2553; x_wconf 88' lang='lat' dir='ltr'>alias</span> <span class='ocrx_word' id='word_1_490' title='bbox 1398 2519 1654 2553; x_wconf 82' lang='lat' dir='ltr'>assecurationes</span> <span class='ocrx_word' id='word_1_491' title='bbox 1674 2522 1821 2551; x_wconf 82' lang='lat' dir='ltr'>revocent</span> 
     </span>
     <span class='ocr_line' id='line_1_100' title="bbox 1079 2565 1822 2612; baseline -0.004 -10"><span class='ocrx_word' id='word_1_492' title='bbox 1079 2575 1109 2602; x_wconf 84' lang='lat' dir='ltr'>ct</span> <span class='ocrx_word' id='word_1_493' title='bbox 1142 2569 1321 2610; x_wconf 87' lang='lat' dir='ltr'>annullent,</span> <span class='ocrx_word' id='word_1_494' title='bbox 1355 2573 1451 2612; x_wconf 84' lang='lat' dir='ltr'>prout</span> <span class='ocrx_word' id='word_1_495' title='bbox 1477 2578 1536 2602; x_wconf 88' lang='lat' dir='ltr'>uos</span> <span class='ocrx_word' id='word_1_496' title='bbox 1563 2567 1630 2601; x_wconf 89' lang='lat' dir='ltr'>vice</span> <span class='ocrx_word' id='word_1_497' title='bbox 1658 2576 1747 2600; x_wconf 86' lang='lat' dir='ltr'>versa</span> <span class='ocrx_word' id='word_1_498' title='bbox 1777 2565 1822 2599; x_wconf 90' lang='lat' dir='ltr'>id-</span> 
     </span>
    </p>
   </div>
   <div class='ocr_carea' id='block_1_10' title="bbox 1833 673 2011 732">
    <p class='ocr_par' dir='ltr' id='par_1_14' title="bbox 1833 673 2011 732">
     <span class='ocr_line' id='line_1_101' title="bbox 1858 673 2011 703; baseline 0.013 -7"><span class='ocrx_word' id='word_1_499' title='bbox 1858 673 1967 698; x_wconf 63' lang='lat' dir='ltr'>otauniae</span> <span class='ocrx_word' id='word_1_500' title='bbox 1974 675 2011 703; x_wconf 58' lang='lat'>&#39;10-</span> 
     </span>
     <span class='ocr_line' id='line_1_102' title="bbox 1833 707 1960 732; baseline 0.008 -6"><span class='ocrx_word' id='word_1_501' title='bbox 1833 707 1960 732; x_wconf 69' lang='lat' dir='ltr'>rogatorum.</span> 
     </span>
    </p>
   </div>
   <div class='ocr_carea' id='block_1_11' title="bbox 1834 1319 2011 1378">
    <p class='ocr_par' dir='ltr' id='par_1_15' title="bbox 1834 1307 2011 1378">
     <span class='ocr_line' id='line_1_103' title="bbox 1886 1319 2010 1342; baseline 0.016 -1"><span class='ocrx_word' id='word_1_502' title='bbox 1886 1319 1980 1342; x_wconf 75' lang='lat' dir='ltr'>Hortatio</span> <span class='ocrx_word' id='word_1_503' title='bbox 1985 1319 2010 1342; x_wconf 76' lang='grc' dir='ltr'>ιιΙ</span> 
     </span>
     <span class='ocr_line' id='line_1_104' title="bbox 1834 1351 2011 1378; baseline 0.011 -6"><span class='ocrx_word' id='word_1_504' title='bbox 1834 1351 1942 1378; x_wconf 78' lang='lat' dir='ltr'>principes</span> <span class='ocrx_word' id='word_1_505' title='bbox 1953 1352 2011 1374; x_wconf 63' lang='lat' dir='ltr'>uua</span> 
     </span>
    </p>
   </div>
   <div class='ocr_carea' id='block_1_12' title="bbox 2057 2438 2059 3100">
    <p class='ocr_par' dir='ltr' id='par_1_16' title="bbox 2057 2438 2059 3100">
     <span class='ocr_line' id='line_1_105' title="bbox 2057 2438 2059 3100; baseline 0 0"><span class='ocrx_word' id='word_1_506' title='bbox 2057 2438 2059 3100; x_wconf 95' lang='lat' dir='ltr'> </span> 
     </span>
    </p>
   </div>
   <div class='ocr_carea' id='block_1_13' title="bbox 2033 0 2059 3228">
    <p class='ocr_par' dir='ltr' id='par_1_17' title="bbox 2033 0 2059 3228">
     <span class='ocr_line' id='line_1_106' title="bbox 2033 0 2059 3228; baseline 0 0"><span class='ocrx_word' id='word_1_507' title='bbox 2033 0 2059 3228; x_wconf 95' lang='lat' dir='ltr'> </span> 
     </span>
    </p>
   </div>
  </div>
 </body>
</html>
