2059 3228
791 251 965 277 annuemus
988 252 1043 276 xm
1067 252 1113 275 Pl‘.

183 301 423 346 dispositiones,
445 305 508 337 sive
533 305 728 349 temporales
760 305 823 339 sive
858 315 931 349 per-

183 360 312 400 petuae,
339 359 452 391 autad
474 358 534 391 hoc
564 358 713 391 mandata
745 358 930 402 apostolica,

183 409 242 443 sub
261 421 467 455 quacumque
484 412 586 446 forma
607 418 637 446 et
660 412 930 456 quibuscumque,

182 462 278 496 etiam
297 464 330 497 S.
354 465 388 498 R.
413 465 448 498 E.
487 466 705 498 cardinalibus
725 476 762 499 ac
780 466 838 508 piis
853 464 930 498 locis

181 527 389 561 quocumque
410 519 578 563 privilegio
595 519 743 559 suffultis,
759 520 852 559 sacta,
868 529 929 562 pu-

181 569 294 604 blicari
322 572 462 606 debeant
497 584 571 607 cum
596 573 709 606 litteris
745 572 930 616 apestolicis

180 624 320 668 desuper
348 626 515 666 consectis,
542 627 625 659 intra
649 637 702 659 sex
735 636 873 665 menses,
905 625 927 657 si

180 676 373 711 beneficium
409 679 489 712 citra
530 683 654 713 montes
694 679 805 718 fuerit3
845 679 930 711 ultra

179 740 267 771 vero,
290 731 375 765 intra
399 743 526 773 novem,
560 744 578 766 a
603 733 676 765 data
713 732 930 765 concessionis

179 784 313 827 gratiae,
335 796 400 819 non
425 791 533 819 autem
554 798 571 819 a
591 786 641 819 dic
667 785 808 829 praestiti
834 796 931 829 super

180 847 217 872 ea
236 839 660 880 consensus,numerandos,
675 839 770 872 etiam
781 839 806 872 si
820 844 929 883 postea

180 886 346 925 concessio
378 893 498 936 gratiae
536 892 721 925 huiusmodi
755 903 793 925 ex
821 892 930 936 quavis

180 955 288 986 causa,
311 946 800 990 diversisque'subsequentibus
834 946 927 985 datis,

179 1009 217 1032 ac
236 999 505 1044 quotiescumque
526 1006 557 1032 et.
576 1000 690 1043 quovis
711 1000 806 1033 modo
827 999 929 1033 resor-

181 1057 265 1086 mata
283 1059 316 1086 et
335 1053 437 1086 valida
457 1053 583 1086 reddita
612 1054 722 1092 suerit,
755 1053 930 1096 pluresque

180 1111 212 1139 et
234 1111 395 1150 quotquot
420 1107 452 1140 in
473 1108 571 1139 alium
585 1108 633 1139 vel
654 1107 733 1140 alios
755 1107 927 1145 cessiones,

180 1169 218 1193 ac
236 1159 331 1193 etiam
358 1160 390 1192 in
415 1160 743 1204 ipsummetprimum
764 1160 930 1203 resignan—

181 1218 244 1246 tem
265 1213 313 1246 vel
328 1213 493 1247 cedentem
512 1214 772 1252 retrocessiones,
791 1214 929 1246 termino

180 1266 347 1310 praedicto
367 1267 513 1300 nondum
534 1268 653 1310 elapso,
675 1267 927 1307 intercesserint,

181 1319 224 1352 ita
256 1325 291 1353 ut
314 1319 430 1353 unicus
455 1320 620 1353 dumtaxat
644 1323 800 1353 terminus
829 1320 932 1353 omni-

182 1372 243 1406 bus
262 1372 311 1406 his
331 1373 519 1407 successivis
540 1374 740 1407 cessionibus
761 1384 798 1406 ac
826 1379 930 1407 retro-

181 1426 381 1460 cessionibus
404 1427 567 1467 decurrat,
598 1433 633 1459 ut
657 1427 713 1470 qui
748 1432 931 1470 postremus

181 1480 316 1524 gratiam
342 1480 505 1521 habuerit,
532 1481 787 1524 publicationem
816 1481 930 1514 huius-

183 1533 270 1567 modi
295 1534 411 1574 facere,
435 1540 605 1577 ceteraque
636 1535 744 1567 omnia
765 1535 817 1568 bic
838 1546 930 1579 prae-

182 1587 555 1632 scriptaintraeumdem
574 1588 747 1622 terminum
769 1595 931 1632 praestare

183 1646 342 1675 teneatur.

226 1694 291 1737 ἐξ).
314 1695 386 1739 Ipsa
415 1701 524 1728 autem
556 1696 734 1739 publicatio
759 1696 792 1728 in
823 1697 931 1730 cathe-

63 1776 72 1783 ,
107 1778 113 1784 ,
158 1748 264 1793 ζόνειΙί
284 1749 527 1782 etinbenefieii
561 1749 697 1782 ecclesia
712 1750 761 1782 vel
775 1750 930 1791 eeclesiis,

159 1821 169 1825 -
183 1801 209 1834 si
230 1802 261 1834 in
282 1801 431 1846 pluribus
450 1802 529 1835 illud
550 1802 600 1842 sit,
624 1802 678 1835 fiat
698 1803 829 1846 ubique,
857 1804 932 1836 dum

184 1856 336 1899 frequens
355 1856 495 1899 populus
519 1856 559 1888 ad
584 1856 755 1889 missarum
776 1857 934 1890 solemnia

185 1909 383 1949 convenerit;
400 1909 503 1952 palam
524 1909 675 1942 omnibus
696 1910 821 1943 litterae.
855 1921 933 1954 apo-

184 1962 315 1995 stolicae
335 1963 518 2006 praedictae
530 1973 681 1996 earumve
695 1970 932 2008 transumptum

185 2015 407 2049 authenticum
430 2016 629 2055 exhiheatur;
660 2016 813 2060 claraque
834 2024 862 2050 et
885 2018 933 2051 in-

186 2069 343 2112 telligibili
356 2079 431 2102 voce
444 2070 619 2112 resignatio
636 2080 692 2102 seu
711 2070 813 2103 cessio
825 2071 936 2104 huius-

187 2122 288 2158 modi,
316 2133 351 2155 ac
377 2122 523 2155 beneficii
544 2123 681 2166 qualitas
710 2129 740 2156 et
764 2124 933 2165 invocatio,

187 2175 381 2219 nominaque
407 2181 437 2209 et
464 2176 657 2218 cognomina
673 2177 864 2220 resignantis
880 2188 935 2211 seu

187 2229 342 2269 cedentis,
369 2239 406 2262 ac
426 2230 512 2262 illius
534 2231 566 2262 in
591 2231 684 2263 cuius
704 2231 844 2263 savorem
866 2242 937 2274 gra-

188 2281 231 2314 tia
253 2281 440 2315 huiusmodi
466 2283 548 2316 sacta
572 2290 630 2323 est,
666 2285 934 2327 pronuncientur,

189 2335 231 2368 ita
253 2341 282 2367 ut
315 2335 394 2367 haec
425 2336 534 2368 omnia
562 2336 687 2379 possint.
717 2338 756 2370 ad
792 2337 936 2370 notitiam

189 2388 335 2421 omnium
361 2388 404 2420 ihi
418 2388 620 2421 existentium
642 2390 939 2435 verisimiliterper-

189 2436 308 2472 venire:
335 2436 520 2480 scriptoque
541 2437 579 2470 de
599 2438 648 2470 liis
668 2439 819 2472 omnibus
832 2447 938 2472 exem-

191 2489 244 2528 pto
269 2485 396 2524 collato,
422 2485 518 2517 valvis
538 2485 695 2519 dictarum
727 2488 938 2521 ecclesiarum

191 2533 319 2566 affixum
342 2534 555 2577 relinquatur.
579 2534 609 2567 Si
631 2546 706 2568 vero
731 2536 867 2570 ecclesia
882 2537 939 2571 b‘e—

191 2581 298 2614 neficii
325 2582 441 2614 ruralis
472 2581 510 2614 sit
535 2588 588 2614 aut
620 2585 740 2627 popilio
767 2593 939 2620 conventu-

191 2641 254 2673 que
275 2637 394 2673 careat,
417 2641 454 2664 eo
481 2641 556 2665 casu
579 2632 609 2665 in
636 2634 824 2677 parochiali,
858 2635 939 2669 intra

1616 241 1679 274 45³5

972 304 1066 338 cuius
1087 304 1258 347 parochiae
1274 305 1390 338 limites
1401 303 1596 338 beneficium
1618 303 1724 348 ipsum

972 357 1127 394 consistit,
1149 363 1180 389 et
1200 358 1231 390 in
1257 359 1432 391 ‹jathedrali
1454 357 1607 398 ecclesia;
1628 359 1677 392 vel
1698 357 1725 391 si

972 411 1062 444 locus
1087 411 1171 443 hello
1196 422 1253 445 seu
1284 419 1369 455 peste
1404 413 1512 445 aliisve
1548 412 1724 446 manifestis

972 464 1125 508 periculis
1145 464 1320 502 subiaceat,
1346 472 1420 499 tunt¹
1443 467 1473 499 in
1499 466 1645 510 proxima
1665 478 1722 511 pa-

971 518 1107 551 rochiali
1132 529 1168 551 ac
1193 519 1289 552 etiam
1312 521 1340 552 in
1364 521 1538 553 cathedrali
1572 521 1721 562 ecclesia,

971 572 1019 604 vel
1044 572 1069 604 si
1088 571 1192 605 aditus
1223 573 1261 606 ad
1298 573 1366 605 illas
1399 580 1450 606 aut
1479 574 1632 607 utramvis
1661 574 1722 607 rni-

971 626 1057 657 nime
1074 626 1112 658 sit
1134 637 1280 665 securus,
1317 627 1346 659 in
1380 628 1442 660 alia
1477 628 1651 661 cathedrali
1672 628 1721 661 vel

971 679 1150 722 parochiali
1165 680 1323 719 viciniori,
1339 681 1556 724 ptj=rienlorum
1571 682 1720 723 immuni,

972 733 1150 776 publicatio
1170 733 1357 767 huiusmodi
1380 740 1562 778 peragatur.

1015 786 1029 827 ᾗ
1062 786 1094 819 3.
1127 787 1153 819 Is
1182 796 1311 830 quoque
1349 787 1379 818 iu
1406 798 1501 829 quem
1527 787 1652 831 disponi
1673 789 1722 822 vel

973 840 1118 872 mandari
1140 840 1178 873 de
1198 840 1369 880 beneficio,
1388 841 1482 873 etiam
1505 841 1655 881 litigiose,
1675 843 1722 875 vel

971 893 1011 925 ab
1023 894 1197 927 accedente
1206 905 1269 926 non
1279 905 1436 938 possesso,
1450 894 1721 939 sanuarumque

973 946 1075 979 forma
1095 947 1276 990 contigerit,
1307 948 1542 991 possessionem
1573 948 1721 981 beneficii

972 998 1056 1032 intra
1085 1000 1207 1033 dictum
1246 1006 1385 1044 tempus,
1412 1000 1519 1042 vigore
1544 1001 1721 1034 littera-:uni

971 1053 1222 1096 apostolicarum
1243 1054 1384 1096 desuper
1409 1055 1644 1090 confectarum.
1664 1066 1723 1089 nec

972 1106 1049 1138 alias
1069 1108 1314 1151 apprehendere
1339 1108 1466 1147 debeat:
1493 1114 1521 1140 et
1544 1109 1569 1140 si
1591 1114 1724 1152 propter

972 1159 1060 1192 litem
1081 1166 1135 1192 aut,
1154 1161 1242 1193 alind
1258 1161 1435 1203 legitimum
1454 1161 1721 1205 impedimentum

972 1213 1164 1256 nequiverit,
1185 1215 1296 1247 saltem
1308 1215 1631 1256 litterasapostolicas
1648 1227 1721 1249 cum

972 1276 1082 1298 earum
1117 1268 1349 1311 publicatione,
1372 1269 1397 1301 si
1427 1275 1506 1302 tunc
1534 1270 1617 1302 sacta
1648 1270 1719 1310 erit,

972 1319 1070 1352 iudici
1091 1331 1146 1353 scu
1173 1322 1336 1355 executori
1362 1322 1504 1363 illarum,
1528 1323 1575 1356 vel
1593 1323 1663 1355 aliis
1684 1324 1722 1356 ad

973 1383 1053 1416 quos
1076 1375 1223 1417 pertinet,
1246 1386 1304 1419 per
1333 1387 1365 1409 se
1399 1378 1446 1409 vel
1478 1383 1723 1420 procuratorem

972 1437 1066 1459 suum
1082 1428 1275 1471 legitimum,
1296 1430 1379 1462 intra
1394 1430 1480 1463 idem
1495 1436 1621 1474 tempus
1632 1441 1724 1474 prae-

972 1485 1110 1521 sentare,
1138 1486 1168 1515 et
1188 1484 1273 1526 apud
1295 1483 1387 1515 illum
1407 1485 1454 1517 vel
1481 1484 1553 1517 illos
1582 1496 1640 1528 pro
1674 1485 1723 1529 ip-

972 1546 1080 1567 sarum
1102 1536 1282 1569 litterarum
1318 1538 1508 1571 executione
1535 1539 1665 1579 instare,
1693 1544 1723 1571 et

973 1590 1208 1632 possessionem
1243 1583 1448 1624 huiusmodi'
1473 1592 1629 1626 instanter
1670 1603 1724 1636 pe-

975 1647 1040 1675 tere
1060 1648 1218 1676 teneatur.

1018 1696 1078 1739 gli.
1102 1697 1266 1735 Ceterum,
1291 1699 1405 1731 modus
1426 1705 1457 1731 et
1474 1700 1576 1733 forma
1597 1701 1649 1733 hic
1664 1706 1725 1734 tra-

975 1749 1040 1782 dita
1060 1760 1188 1794 semper
1213 1757 1242 1783 et
1267 1752 1387 1795 ubique
1418 1753 1531 1786 debeat
1548 1755 1722 1795 observari,

976 1813 1034 1836 nee.
1055 1804 1117 1836 alia
1136 1805 1185 1836 vel
1211 1805 1432 1848 aequipollens
1459 1808 1526 1839 ullo
1552 1809 1648 1841 niodo
1668 1809 1724 1841 ad-

977 1857 1056 1889 mitti
1083 1857 1114 1890 in
1147 1858 1300 1891 omnibus
1329 1859 1514 1892 huiusmodi
1539 1861 1726 1904 resignatio-

976 1911 1084 1950 nibus,
1108 1912 1308 1945 cessionibus
1331 1919 1359 1945 et
1384 1915 1670 1948 retrocessionibus
1686 1917 1726 1948 de

976 1964 1401 2008 quibuscumqueecclesiis,
1415 1968 1629 2007 monasteriis,
1643 1969 1729 2012 prio-

977 2018 1111 2058 ratibus,
1140 2023 1204 2051 tam
1229 2019 1370 2052 virorum
1406 2032 1501 2063 quam
1540 2022 1726 2061 mulierum,

977 2070 1197 2113 dignitatibus,
1230 2073 1345 2105 officiis
1371 2080 1397 2106 et
1425 2074 1589 2107 beneficiis
1628 2078 1730 2111 eccle-

978 2125 1124 2165 siasticis,
1159 2126 1380 2159 saecularibus
1407 2133 1435 2159 et
1461 2130 1649 2170 quorumvis
1673 2131 1730 2165 Or-

978 2178 1104 2219 dinum,
1143 2179 1237 2212 etiam
1274 2181 1476 2221 militiarum,
1511 2183 1726 2225 regularibus,

978 2225 1241 2266 otiam'elcctivis
1268 2241 1295 2266 et
1324 2236 1539 2277 manualibus,
1571 2248 1608 2269 ac
1632 2238 1727 2272 etiam

979 2286 1018 2318 de
1049 2286 1118 2319 inre
1151 2292 1337 2330 patrmmtus
1363 2288 1520 2321 laicorum
1553 2289 1728 2325 illustrium

981 2344 1010 2371 et
1046 2339 1124 2371 alias
1157 2341 1465 2384 quom-§domimque
1504 2342 1727 2386 existentibus,

980 2392 1042 2425 sive
1064 2393 1218 2436 pas-ilicis,
1233 2395 1296 2427 sive
1311 2395 1341 2426 in
1356 2395 1506 2437 petitorio
1527 2397 1591 2430 sive
1608 2397 1639 2431 in
1661 2409 1730 2443 pos-

981 2443 1116 2474 sessorio
1142 2444 1299 2485 litigiosis,
1335 2443 1429 2475 etiam
1465 2445 1504 2478 de
1541 2447 1659 2489 quibus
1697 2449 1730 2481 in

982 2492 1172 2525 consistorio
1198 2499 1308 2525 nostro
1328 2493 1453 2536 disponi
1485 2498 1650 2531 eonmevit
1673 2509 1729 2532 seu

981 2539 1087 2581 debet,
1105 2552 1186 2583 quae
1207 2542 1342 2585 posthac
1360 2552 1394 2574 ex
1416 2553 1621 2589 quacumque
1635 2557 1731 2580 causa

981 2588 1069 2630 fient,
1093 2596 1119 2621 et
1148 2602 1204 2633 per
1228 2601 1286 2622 nos
1307 2601 1342 2623 ac
1363 2592 1545 2634 praedictos
1564 2605 1731 2630 suceesso-

984 2649 1046 2678 res,
1086 2645 1173 2671 extra
1203 2646 1307 2673 tamen
1333 2640 1453 2673 dietum
1490 2643 1727 2686 consistorium,

1739 249 1792 279 An.
1809 249 1838 279 C.
1857 251 1924 279 158u

1751 793 1873 815 nectat-atto
1882 794 1924 816 ch·-

1738 830 1762 846 ca
1799 825 1923 852 apprehen-

1738 857 1820 877 sionem
1836 861 1924 882 posses-

1736 887 1804 908 sionis
1838 887 1922 908 benefl-

1737 919 1818 939 ciorum
1832 920 1875 940 etc.

1754 1717 1826 1737 Forma
1841 1718 1924 1744 praedi-

1741 1751 1774 1767 rta
1789 1748 1869 1767 servari
1885 1748 1923 1768 ile-

1740 1778 1774 1798 bet
1790 1779 1811 1798 in
1826 1777 1923 1798 omnibus

1741 1809 1850 1830 beneficiis
1872 1814 1924 1834 spe·

1741 1841 1801 1861 since
1830 1843 1851 1860 et
1881 1845 1924 1859 non

1742 1878 1778 1898 per
1806 1869 1928 1898 aequipotn

1740 1903 1794 1923 leus.
