2059 3228
63 229 174 258 c.‘1576

184 299 252 323 vam
277 289 470 324 Sanctissimi
496 291 688 325 Sacramenti
713 292 751 325 de
776 303 868 324 mane
886 292 928 324 i'a-

183 343 321 383 ciendae,
339 344 448 377 devote
471 345 680 385 interfuerint,
697 350 727 378 et
746 345 787 377 ibi
806 345 873 388 pias
890 344 926 376 ad

182 396 278 429 Deum
310 406 417 439 preces
449 407 506 439 pro
538 404 663 430 sanctae
688 398 847 430 Romanae
871 397 925 428 Ec-

180 449 292 481 clesiae
305 449 501 489 exaltatione,
518 450 691 483 infidelium
710 458 924 487 conversione,

182 501 347 535 haeresum
367 502 585 545 extirpatione,
604 513 639 535 ae
657 502 826 535 concordia
843 501 926 532 inter

181 612 274 650 prout
301 607 472 651 unicuique
496 614 644 651 sug-geret
657 607 788 647 devotio,
807 606 923 639 ess'ude-

181 658 256 699 rint,
273 659 449 702 plenariam
467 661 609 693 omnium
633 664 833 703 peccatorum
851 661 920 691 stio-

180 722 251 744 rum
282 713 501 746 remissionem
525 719 556 746 et
580 711 823 754 indulgentiam,
848 720 922 752 apo-

179 763 288 796 stolica
311 765 499 798 auctoritate
516 793 524 806 ,
549 770 657 798 tenore
681 763 894 807 praesentium
916 789 923 802 ,

178 816 380 850 concedimus
403 823 431 851 et
450 818 630 860 elargimur,
649 816 869 860 praesentibus
885 815 923 847 ad

177 867 288 911 viginti
315 880 414 903 annos
439 871 600 903 dumtaxat
623 870 774 903 valituris.

221 921 236 963 ἓ
267 921 297 954 2.
330 923 477 955 Volumus
506 929 611 955 autem
644 923 738 966 quod,
768 922 793 954 si
822 921 922 954 dietae

35 978 114 999 modo
126 978 169 998 ³¹³⁸
180 974 370 1015 processioni
394 975 656 1008 interessentibus
675 975 780 1018 aliqua
797 974 858 1007 alia
874 974 922 1006 in—

34 1011 84 1054 f:-
125 1011 340 1070 ¹¹⁰¹'dulgentia
371 1027 403 1060 in
432 1033 620 1070 perpetuum
657 1029 703 1060 vel
734 1028 773 1060 ad
798 1032 919 1060 certum

179 1084 302 1123 tempus
337 1082 478 1114 nondum
509 1082 649 1124 elapsum
684 1081 836 1113 duratura
858 1091 921 1124 per

177 1142 235 1165 nos
264 1143 412 1166 concessa
441 1133 556 1174 suerit,
581 1141 762 1176 praesentes
798 1133 919 1165 litterae

165 1185 293 1218 *nullius
318 1186 379 1218 sint
405 1186 530 1219 roboris
555 1187 600 1218 vel
625 1186 786 1218 momenti.

177 1343 231 1376 ubi
248 1354 374 1378 necesse
389 1345 460 1386 erit,
477 1345 602 1385 deferri,
620 1345 818 1378 decernimus
835 1346 917 1388 quod

177 1396 384 1440 transumptis
407 1397 632 1440 praesentium,
658 1398 759 1440 sigillo
784 1398 916 1430 alieuius

173 1449 306 1492 praelati
341 1451 540 1483 ecelesiastici
577 1452 708 1484 munitis
725 1479 732 1493 ,
757 1457 783 1484 et
823 1463 915 1484 manu

173 1501 289 1534 notarii
314 1503 430 1545 publici
448 1504 644 1548 subscriptis,
661 1505 769 1537 eadem
787 1505 864 1537 tides
883 1517 915 1537 n-

173 1553 268 1596 bique
291 1555 492 1597 adhibeatur,
517 1567 598 1600 quae
616 1557 692 1600 ipsis
709 1558 915 1600 originalibus

161 1604 284 1639 -litteris
300 1608 516 1650 adhiberetur,
529 1610 554 1642 si
572 1610 672 1643 forent
692 1611 850 1644 exhibitae
869 1624 902 1644 vt·

164 1663 324 1695 ostensae.

213 1709 325 1744 Datum
350 1713 466 1747 Romae
492 1716 576 1758 apud
601 1716 751 1749 Sanctum
777 1719 915 1756 Petrum,

169 1762 229 1793 sut)
257 1765 373 1797 annulo
397 1766 574 1808 Piscatoris,
600 1768 651 1801 die
676 1769 913 1813 decimaquarta

171 1815 345 1850 decembris
357 1829 510 1859 MDLxxw,
518 1821 719 1863 pontificatus
726 1823 823 1855 nostri
832 1835 914 1856 anno

166 1869 290 1911 quinto.

204 1922 268 1949 Dat.
287 1923 332 1950 die
351 1926 384 1950 14
403 1925 461 1951 dee.
481 1927 557 1960 1576,
576 1928 676 1961 pontif.
695 1938 766 1955 anno
785 1940 809 1956 v.

488 2040 585 2074 LXIII.

169 2104 331 2140 Institutio
354 2111 472 2152 cnlleqii
490 2112 679 2146 Graecormn
696 2115 728 2147 in
752 2116 837 2157 Urbe,
851 2130 909 2161 pro

213 2150 404 2185 scholaribus
420 2155 559 2188 nacionis
583 2157 716 2190 Graecae
724 2161 777 2202 pie
789 2163 909 2194 alendis

212 2197 239 2224 et
262 2194 455 2230 instruendis
472 2226 479 2238 ,
504 2210 576 2232 eum
600 2212 783 2236 annuorum
806 2206 908 2238 reddi—

210 2240 302 2287 tuum
325 2240 536 2282 assz'ynatione
557 2248 584 2276 et
615 2246 814 2280 indultorum
838 2261 909 2282 con-

210 2291 352 2314 cessione.

212 2343 349 2379 Greqortus
372 2347 510 2382 Episcopus
530 2358 624 2379 servus
644 2360 778 2383 servorum
801 2358 854 2391 net,

317 2386 348 2412 ad
369 2390 519 2422 perpetuam
541 2390 579 2417 rei
601 2394 760 2421 memoriam.

210 2440 244 2473 In
261 2443 450 2484 apostolicae
468 2444 554 2478 Sedis
571 2449 704 2489 specula,
722 2450 906 2494 disponente

13 2493 131 2516 sooemium.
166 2492 309 2534 Domino,
326 2495 447 2528 meritis
464 2497 533 2530 licet
548 2498 732 2543 imparibus,
746 2505 905 2540 constituti

154 2545 206 2578 ‘ad
233 2546 452 2582 universarum
486 2552 628 2593 gentium
652 2556 905 2602 populorumque

166 2598 278 2632 Christi
309 2600 402 2635 tidem
433 2605 602 2638 colentium
639 2607 768 2641 salutem
792 2620 904 2652 procu-

780 241 958 265 Gur-:Gomus
975 241 1031 265 xttt
1050 242 1100 265 PP.

957 293 1098 333 randum,
1119 294 1162 326 ita
1180 304 1235 327 nos
1252 305 1317 329 esse
1334 297 1519 340 agnovimus
1535 298 1707 339 debitores,

957 349 1000 384 ut,
1036 355 1099 377 non
1124 346 1227 378 minus
1250 349 1341 390 longe
1364 361 1458 392 quam
1488 351 1572 384 iuxta
1596 351 1706 394 positis

956 397 1097 429 caritatis
1132 404 1162 431 et
1198 399 1378 441 vigilantiae
1409 408 1534 436 nostrae
1563 404 1701 437 studium

956 448 1200 492 impartientes,
1238 454 1321 495 quod
1356 455 1501 497 expedire
1537 466 1700 489 censemus

955 501 1118 546 bucusque
1143 514 1200 546 pro
1224 505 1344 537 viribus
1368 518 1570 550 exequamur.

181 555 368 588 christianos
385 555 546 599 Principes
563 555 755 588 confovenda
779 558 810 587 et
833 553 923 592 alias,
946 563 951 572 ·

1595 238 1658 271 159
1718 240 1770 266 Α11.
1790 240 1818 267 C.
1839 242 1905 267 1577

996 554 1010 597 g
1035 554 1065 587 l.
1082 555 1201 599 Itaque,
1219 568 1291 589 cum
1309 559 1473 592 christiani
1491 562 1577 595 orbis
1594 567 1699 605 partes
1708 574 1903 622 grffisstgnffiiss

955 607 1068 640 mentis
1091 614 1217 642 nostrae
1241 611 1340 643 oeulis
1355 613 1597 655 perlusa-annis,
1615 615 1860 651 intel·suhtimes‚sed
1872 631 1901 649 ,ιι

1706 659 1808 677 praesens
1823 655 1846 674 lu
1855 662 1901 676 rna-

954 658 1054 691 varias
1068 659 1181 692 horum
1199 666 1377 705 temporum
1394 675 1572 707 aerumnas,
1586 667 1697 711 ingens
1706 681 1826 701 ximasuni
1841 683 1902 701 caia-

1706 707 1780 726 mit-wite
1801 711 1822 727 et
1837 709 1899 731 igno-

953 712 1094 745 animum
1118 719 1261 747 nostrum
1279 716 1363 748 subit
1382 718 1544 751 miseratio
1561 720 1695 754 Graecae
1707 734 1786 757 famia,
1800 736 1844 753 eta
1858 735 1900 754 fide

1705 760 1812 779 catholica
1824 761 1896 781 devia·

954 763 1101 804 nationis,
1127 776 1206 808 quae
1231 767 1285 799 diu
1310 768 1383 801 olim
1405 769 1579 804 litterarum
1597 773 1764 806 scien-runt.

954 815 1133 859 tiarumque
1157 819 1347 853 eruditionis
1371 825 1567 863 praestantia
1592 831 1623 857 et
1640 826 1697 858 im-

953 867 1031 908 perii
1052 868 1156 901 floruit
1177 871 1378 914 sublimitate,
1396 881 1505 917 postea
1522 877 1698 912 Turcarum

953 919 1090 953 subiecta
1116 924 1283 965 tyrannidi,
1310 926 1349 958 ad
1373 932 1544 962 extremam
1575 931 1633 963 suit
1651 943 1698 964 re—

952 971 1042 1004 dacta
1065 974 1285 1018 calamitatem,
1310 984 1350 1020 et,
1364 982 1447 1023 quod
1473 983 1686 1018 miserrimum

951 1029 1005 1063 est,
1022 1035 1189 1068 corporum
1209 1031 1390 1065 servitutem
1408 1040 1513 1067 secuta
1530 1042 1576 1069 est
1593 1039 1691 1080 capti-

950 1075 1030 1109 vitas
1058 1079 1260 1122 animorum,
1286 1084 1360 1125 quia
1393 1085 1424 1117 in
1451 1091 1571 1120 tantam
1597 1091 1696 1123 scien-

951 1128 1064 1162 tiarum
1101 1133 1243 1165 omnium
1282 1135 1516 1178 ignorationem
1547 1142 1696 1176 Graeciae

950 1182 1054 1224 populi
1080 1184 1283 1227 devenerunt,
1309 1194 1344 1221 ut
1366 1191 1414 1223 vix
1438 1193 1517 1225 ullus
1542 1193 1625 1226 inter
1642 1206 1694 1228 eos

950 1236 1134 1278 reperiatur,
1153 1240 1205 1281 qui
1232 1240 1299 1273 illas
1323 1243 1466 1285 profiteri
1492 1251 1522 1278 et
1546 1247 1623 1279 alios
1641 1249 1694 1280 do-

876 1314 883 1323 ,
911 1319 917 1329 ‚
949 1299 1017 1321 cere
1042 1291 1153 1333 possit;
1178 1298 1271 1337 atque
1299 1296 1378 1328 adeo
1404 1307 1524 1339 omnes,
1550 1300 1603 1342 qui
1629 1301 1693 1344 epi-

949 1353 1124 1384 scoporum,
1149 1347 1403 1390 presbyterorum
1429 1351 1619 1395 alteriusque
1644 1364 1694 1386 (e-

948 1396 1110 1429 clesiastici
1136 1399 1259 1432 ordinis
1284 1401 1418 1442 gradum
1445 1403 1527 1436 inter
1544 1415 1596 1436 eos
1614 1406 1693 1438 obti-

948 1453 1030 1486 nent,
1056 1449 1244 1484 foedissimis
1263 1452 1464 1494 ignorantiae
1482 1457 1623 1490 tenebris
1640 1458 1694 1490 ob-

946 1500 1054 1541 voluti,
1080 1512 1186 1535 sacrae
1212 1504 1392 1548 theologiae
1418 1508 1511 1541 rudes
1528 1536 1536 1549 ,
1563 1511 1694 1544 catholi-

946 1564 1052 1586 corum
1078 1555 1261 1597 dogmatum
1286 1558 1401 1600 ignari,
1419 1566 1448 1592 et
1474 1562 1513 1593 ab
1537 1563 1690 1596 orthodo-

948 1618 1054 1639 mrum
1082 1609 1243 1650 religionis
1267 1612 1378 1643 semita
1404 1618 1430 1645 et
1459 1614 1488 1646 S.
1514 1615 1549 1648 P..
1568 1615 1599 1647 E.
1625 1626 1691 1648 om-

947 1661 1033 1692 nium
1060 1662 1168 1694 matris·
1192 1669 1221 1695 et
1247 1665 1417 1707 magistrae
1441 1668 1621 1700 obedientia
1639 1680 1690 1701 re-

946 1713 1106 1754 cedentes,
1133 1715 1164 1746 in
1190 1717 1292 1749 varios
1315 1729 1439 1751 errores
1464 1726 1492 1752 et
1518 1721 1689 1754 schismata

947 1766 1079 1808 prolapsi
1106 1773 1187 1808 sunt,
1213 1774 1241 1800 et
1279 1769 1373 1802 laicos
1409 1772 1440 1803 in
1474 1774 1616 1806 eamdem
1641 1786 1688 1808 er-

946 1819 1025 1851 roris
1049 1820 1167 1852 foveam
1192 1832 1298 1854 secum
1324 1829 1552 1865 pertraxerunt.

986 1872 1000 1912 ξ
1025 1872 1052 1903 2.
1078 1873 1239 1911 Quocirca,
1268 1876 1430 1918 cupientes
1462 1879 1623 1921 antiquam
1656 1885 1886 1912 ctfflclgiturl‘on-

1695 1915 1839 1938 tifex,volens
1848 1922 1886 1935 eos

943 1925 1096 1957 celebrem
1127 1926 1286 1959 nationem
1316 1929 1356 1960 ab
1388 1930 1568 1963 huiusmodi
1594 1932 1886 1987 igno‘ailfuahninsrssiiss'ss

942 1978 1062 2009 rantiae
1091 1983 1119 2009 et
1151 1990 1294 2012 errorum
1320 1982 1453 2024 caligine
1479 1983 1517 2015 ad
1544 1985 1747 2039 veritatiscelrlz
1764 2027 1807 2040 mm
1830 1995 1884 2039 fn-

942 2031 1039 2063 lucem
1073 2037 1101 2063 et
1128 2033 1236 2066 salutis
1261 2036 1341 2067 viam
1368 2047 1535 2076 revocare,
1563 2027 1797 2084 nuttumssflrussy,
1832 2053 1884 2085 ᾖ),

940 2084 976 2115 ad
1003 2084 1033 2115 id
1057 2084 1161 2126 aptius
1185 2087 1361 2119 remedium
1381 2099 1397 2119 a
1418 2089 1506 2120 nobis
1524 2090 1682 2124 existima-
1693 2079 1885 2124 iimreffiiffftl'ii'

939 2137 1039 2169 vimus
1057 2148 1144 2179 posse
1162 2139 1316 2180 adhiberi,
1330 2151 1422 2182 quani
1441 2141 1464 2172 si
1484 2140 1515 2172 in
1530 2143 1610 2175 alma
1623 2143 1682 2176 hac

941 2189 1021 2221 Urbe
1046 2195 1153 2222 nostra
1182 2192 1346 2234 collegium
1371 2193 1536 2235 erigatur,
1562 2196 1594 2228 in
1619 2208 1681 2240 quo

938 2242 1026 2283 pueri
1051 2248 1080 2274 et
1105 2243 1314 2276 adolescentes
1327 2245 1435 2277 Graeci
1450 2257 1485 2278 ex
1503 2247 1570 2290 ipsa
1586 2249 1680 2284 Grae-

938 2295 984 2327 cia
1008 2300 1037 2327 et
1062 2295 1130 2327 aliis
1154 2297 1324 2339 provinciis
1348 2308 1383 2329 ac
1408 2298 1492 2339 loeis,
1518 2300 1571 2332 ubi
1596 2313 1682 2336 eom-

938 2354 1111 2389 morantur,
1137 2350 1316 2392 conquisiti,
1342 2353 1475 2393 alantur,
1501 2358 1531 2386 et
1555 2354 1681 2390 Graecis

937 2401 1057 2441 litteris,
1083 2402 1262 2435 liberalibus
1286 2404 1459 2448 disciplinis
1476 2418 1511 2439 ac
1528 2409 1678 2451 scientiis,

936 2464 1023 2486 sacra
1052 2455 1236 2496 praesertim
1272 2456 1437 2499 theologia,
1462 2460 1679 2495 ecelesiasticis

935 2512 1099 2549 praeterea
1129 2508 1241 2540 ritibus
1276 2520 1293 2541 a
1330 2510 1404 2543 viris
1428 2513 1579 2554 probatae
1604 2515 1677 2548 fidei

934 2565 964 2593 et
988 2561 1148 2593 doetrinae
1174 2562 1279 2594 sedulo
1296 2562 1512 2604 instituantur,
1531 2572 1574 2606 ut,
1592 2573 1676 2609 post-

933 2623 1027 2655 quam
1061 2613 1092 2645 in
1128 2614 1299 2648 catholicae
1333 2616 1407 2649 fidei
1431 2617 1580 2652 firmitate
1604 2620 1675 2653 soli-
