<?xml version="1.0" encoding="UTF-8"?>
<!DOCTYPE html PUBLIC "-//W3C//DTD XHTML 1.0 Transitional//EN"
    "http://www.w3.org/TR/xhtml1/DTD/xhtml1-transitional.dtd">
<html xmlns="http://www.w3.org/1999/xhtml" xml:lang="en" lang="en">
 <head>
  <title>
</title>
<meta http-equiv="Content-Type" content="text/html;charset=utf-8" />
  <meta name='ocr-system' content='tesseract 3.04.00' />
  <meta name='ocr-capabilities' content='ocr_page ocr_carea ocr_par ocr_line ocrx_word'/>
</head>
<body>
  <div class='ocr_page' id='page_1' title='image "./bullarumdiplomat08cath_0171.png"; bbox 0 0 2059 3228; ppageno 0'>
   <div class='ocr_carea' id='block_1_1' title="bbox 26 238 164 266">
    <p class='ocr_par' dir='ltr' id='par_1_1' title="bbox 26 238 164 266">
     <span class='ocr_line' id='line_1_1' title="bbox 26 238 164 266; baseline -0.014 0"><span class='ocrx_word' id='word_1_1' title='bbox 26 259 31 266; x_wconf 87' lang='lat'><strong>.</strong></span> <span class='ocrx_word' id='word_1_2' title='bbox 50 238 78 266; x_wconf 89' lang='lat' dir='ltr'>C.</span> <span class='ocrx_word' id='word_1_3' title='bbox 97 238 164 265; x_wconf 79' lang='lat'>1576</span> 
     </span>
    </p>
   </div>
   <div class='ocr_carea' id='block_1_2' title="bbox 764 240 1097 265">
    <p class='ocr_par' dir='ltr' id='par_1_2' title="bbox 764 240 1097 265">
     <span class='ocr_line' id='line_1_2' title="bbox 764 240 1097 265; baseline -0.012 0"><span class='ocrx_word' id='word_1_4' title='bbox 764 241 942 265; x_wconf 66' lang='lat' dir='ltr'>(macomus</span> <span class='ocrx_word' id='word_1_5' title='bbox 968 240 1022 262; x_wconf 80' lang='lat' dir='ltr'>xitt</span> <span class='ocrx_word' id='word_1_6' title='bbox 1048 240 1097 262; x_wconf 80' lang='lat' dir='ltr'>l’l‘.</span> 
     </span>
    </p>
   </div>
   <div class='ocr_carea' id='block_1_3' title="bbox 178 297 926 1181">
    <p class='ocr_par' dir='ltr' id='par_1_3' title="bbox 178 297 926 1129">
     <span class='ocr_line' id='line_1_3' title="bbox 178 297 920 342; baseline -0.009 -11"><span class='ocrx_word' id='word_1_7' title='bbox 178 297 348 342; x_wconf 89' lang='lat' dir='ltr'>praedictis</span> <span class='ocrx_word' id='word_1_8' title='bbox 371 297 616 340; x_wconf 76' lang='lat' dir='ltr'>comprehensis,</span> <span class='ocrx_word' id='word_1_9' title='bbox 639 302 725 329; x_wconf 82' lang='lat' dir='ltr'>extra</span> <span class='ocrx_word' id='word_1_10' title='bbox 750 297 920 328; x_wconf 80' lang='lat' dir='ltr'>llomanaiu</span> 
     </span>
     <span class='ocr_line' id='line_1_4' title="bbox 180 348 922 391; baseline -0.009 -8"><span class='ocrx_word' id='word_1_11' title='bbox 180 349 304 384; x_wconf 85' lang='lat' dir='ltr'>Curiam</span> <span class='ocrx_word' id='word_1_12' title='bbox 330 349 362 381; x_wconf 91' lang='lat' dir='ltr'>in</span> <span class='ocrx_word' id='word_1_13' title='bbox 387 349 548 381; x_wconf 84' lang='lat' dir='ltr'>mensibus</span> <span class='ocrx_word' id='word_1_14' title='bbox 573 348 742 391; x_wconf 82' lang='lat' dir='ltr'>praedictis</span> <span class='ocrx_word' id='word_1_15' title='bbox 782 356 922 389; x_wconf 82' lang='lat' dir='ltr'>quoquo-</span> 
     </span>
     <span class='ocr_line' id='line_1_5' title="bbox 182 399 922 442; baseline -0.008 -8"><span class='ocrx_word' id='word_1_16' title='bbox 182 401 275 434; x_wconf 82' lang='lat' dir='ltr'>modo</span> <span class='ocrx_word' id='word_1_17' title='bbox 300 401 484 433; x_wconf 67' lang='lat' dir='ltr'>vacantibus</span> <span class='ocrx_word' id='word_1_18' title='bbox 509 403 555 433; x_wconf 79' lang='lat' dir='ltr'>vel</span> <span class='ocrx_word' id='word_1_19' title='bbox 569 401 735 439; x_wconf 71' lang='lat' dir='ltr'>vacaturis,</span> <span class='ocrx_word' id='word_1_20' title='bbox 753 401 790 431; x_wconf 75' lang='lat' dir='ltr'>tle</span> <span class='ocrx_word' id='word_1_21' title='bbox 808 399 922 442; x_wconf 77' lang='lat' dir='ltr'>quihus</span> 
     </span>
     <span class='ocr_line' id='line_1_6' title="bbox 181 452 923 496; baseline -0.007 -10"><span class='ocrx_word' id='word_1_22' title='bbox 181 453 265 486; x_wconf 86' lang='lat' dir='ltr'>intra</span> <span class='ocrx_word' id='word_1_23' title='bbox 288 453 407 485; x_wconf 83' lang='lat' dir='ltr'>dictum</span> <span class='ocrx_word' id='word_1_24' title='bbox 432 459 556 496; x_wconf 86' lang='lat' dir='ltr'>tempus</span> <span class='ocrx_word' id='word_1_25' title='bbox 580 453 676 486; x_wconf 86' lang='lat' dir='ltr'>trium</span> <span class='ocrx_word' id='word_1_26' title='bbox 695 452 849 484; x_wconf 82' lang='lat' dir='ltr'>mensium</span> <span class='ocrx_word' id='word_1_27' title='bbox 869 462 923 494; x_wconf 76' lang='lat' dir='ltr'>per</span> 
     </span>
     <span class='ocr_line' id='line_1_7' title="bbox 180 504 921 538; baseline -0.007 0"><span class='ocrx_word' id='word_1_28' title='bbox 180 505 357 538; x_wconf 88' lang='lat' dir='ltr'>Romanum</span> <span class='ocrx_word' id='word_1_29' title='bbox 382 506 565 538; x_wconf 80' lang='lat' dir='ltr'>Pontificem</span> <span class='ocrx_word' id='word_1_30' title='bbox 602 516 638 538; x_wconf 91' lang='lat' dir='ltr'>ac</span> <span class='ocrx_word' id='word_1_31' title='bbox 673 505 786 537; x_wconf 86' lang='lat' dir='ltr'>dictam</span> <span class='ocrx_word' id='word_1_32' title='bbox 813 504 921 535; x_wconf 62' lang='lat' dir='ltr'>Scitam</span> 
     </span>
     <span class='ocr_line' id='line_1_8' title="bbox 181 556 920 601; baseline -0.007 -11"><span class='ocrx_word' id='word_1_33' title='bbox 181 558 418 601; x_wconf 80' lang='lat' dir='ltr'>qualiscumque</span> <span class='ocrx_word' id='word_1_34' title='bbox 454 558 555 600; x_wconf 76' lang='lat' dir='ltr'>gratia</span> <span class='ocrx_word' id='word_1_35' title='bbox 591 558 637 590; x_wconf 86' lang='lat' dir='ltr'>vel</span> <span class='ocrx_word' id='word_1_36' title='bbox 676 556 839 598; x_wconf 70' lang='lat' dir='ltr'>dispositio</span> <span class='ocrx_word' id='word_1_37' title='bbox 870 560 920 586; x_wconf 88' lang='lat' dir='ltr'>aut</span> 
     </span>
     <span class='ocr_line' id='line_1_9' title="bbox 180 607 921 650; baseline -0.011 -5"><span class='ocrx_word' id='word_1_38' title='bbox 180 610 338 645; x_wconf 85' lang='lat' dir='ltr'>concessio</span> <span class='ocrx_word' id='word_1_39' title='bbox 362 611 442 643; x_wconf 78' lang='lat' dir='ltr'>sacta</span> <span class='ocrx_word' id='word_1_40' title='bbox 455 610 560 643; x_wconf 83' lang='lat' dir='ltr'>suerit.</span> <span class='ocrx_word' id='word_1_41' title='bbox 577 610 620 643; x_wconf 89' lang='lat' dir='ltr'>Ne</span> <span class='ocrx_word' id='word_1_42' title='bbox 644 615 748 642; x_wconf 87' lang='lat' dir='ltr'>tamen</span> <span class='ocrx_word' id='word_1_43' title='bbox 777 607 921 650; x_wconf 81' lang='lat' dir='ltr'>cuiquam</span> 
     </span>
     <span class='ocr_line' id='line_1_10' title="bbox 180 659 922 703; baseline -0.007 -8"><span class='ocrx_word' id='word_1_44' title='bbox 180 663 299 696; x_wconf 88' lang='lat' dir='ltr'>licitum</span> <span class='ocrx_word' id='word_1_45' title='bbox 324 662 362 694; x_wconf 88' lang='lat' dir='ltr'>sit</span> <span class='ocrx_word' id='word_1_46' title='bbox 387 663 500 694; x_wconf 84' lang='lat' dir='ltr'>factam</span> <span class='ocrx_word' id='word_1_47' title='bbox 525 673 543 694; x_wconf 87' lang='lat' dir='ltr'>a</span> <span class='ocrx_word' id='word_1_48' title='bbox 567 661 643 694; x_wconf 86' lang='lat' dir='ltr'>Sede</span> <span class='ocrx_word' id='word_1_49' title='bbox 674 659 836 703; x_wconf 86' lang='lat' dir='ltr'>praedicta</span> <span class='ocrx_word' id='word_1_50' title='bbox 860 659 922 691; x_wconf 85' lang='lat' dir='ltr'>dis-</span> 
     </span>
     <span class='ocr_line' id='line_1_11' title="bbox 179 711 923 759; baseline -0.008 -11"><span class='ocrx_word' id='word_1_51' title='bbox 179 715 369 759; x_wconf 76' lang='lat' dir='ltr'>positionem</span> <span class='ocrx_word' id='word_1_52' title='bbox 405 714 586 747; x_wconf 89' lang='lat' dir='ltr'>huiusmodi</span> <span class='ocrx_word' id='word_1_53' title='bbox 625 713 658 745; x_wconf 91' lang='lat' dir='ltr'>in</span> <span class='ocrx_word' id='word_1_54' title='bbox 682 714 811 755; x_wconf 79' lang='lat' dir='ltr'>longum</span> <span class='ocrx_word' id='word_1_55' title='bbox 836 711 923 743; x_wconf 89' lang='lat' dir='ltr'>obte—</span> 
     </span>
     <span class='ocr_line' id='line_1_12' title="bbox 182 764 923 811; baseline -0.007 -11"><span class='ocrx_word' id='word_1_56' title='bbox 182 778 266 811; x_wconf 82' lang='lat' dir='ltr'>gere,</span> <span class='ocrx_word' id='word_1_57' title='bbox 292 768 345 807; x_wconf 92' lang='lat' dir='ltr'>illi,</span> <span class='ocrx_word' id='word_1_58' title='bbox 371 768 486 811; x_wconf 86' lang='lat' dir='ltr'>quibus</span> <span class='ocrx_word' id='word_1_59' title='bbox 510 767 658 809; x_wconf 78' lang='lat' dir='ltr'>deinceps</span> <span class='ocrx_word' id='word_1_60' title='bbox 682 766 802 808; x_wconf 78' lang='lat' dir='ltr'>gratiae</span> <span class='ocrx_word' id='word_1_61' title='bbox 816 764 923 797; x_wconf 85' lang='lat' dir='ltr'>huius-</span> 
     </span>
     <span class='ocr_line' id='line_1_13' title="bbox 179 817 923 859; baseline -0.007 -6"><span class='ocrx_word' id='word_1_62' title='bbox 179 820 265 853; x_wconf 91' lang='lat' dir='ltr'>modi</span> <span class='ocrx_word' id='word_1_63' title='bbox 290 820 528 859; x_wconf 83' lang='lat' dir='ltr'>concedentur,</span> <span class='ocrx_word' id='word_1_64' title='bbox 553 829 662 851; x_wconf 85' lang='lat' dir='ltr'>earum</span> <span class='ocrx_word' id='word_1_65' title='bbox 686 817 923 850; x_wconf 72' lang='lat' dir='ltr'>concessionum</span> 
     </span>
     <span class='ocr_line' id='line_1_14' title="bbox 181 872 926 912; baseline -0.011 -4"><span class='ocrx_word' id='word_1_66' title='bbox 181 875 276 908; x_wconf 87' lang='lat' dir='ltr'>fidem</span> <span class='ocrx_word' id='word_1_67' title='bbox 301 881 331 908; x_wconf 87' lang='lat' dir='ltr'>et</span> <span class='ocrx_word' id='word_1_68' title='bbox 356 873 582 912; x_wconf 89' lang='lat' dir='ltr'>testimonium,</span> <span class='ocrx_word' id='word_1_69' title='bbox 608 872 693 904; x_wconf 89' lang='lat' dir='ltr'>intra</span> <span class='ocrx_word' id='word_1_70' title='bbox 716 876 780 903; x_wconf 88' lang='lat' dir='ltr'>tres</span> <span class='ocrx_word' id='word_1_71' title='bbox 805 880 926 902; x_wconf 74' lang='lat' dir='ltr'>menses</span> 
     </span>
     <span class='ocr_line' id='line_1_15' title="bbox 180 922 924 960; baseline -0.008 0"><span class='ocrx_word' id='word_1_72' title='bbox 180 939 199 960; x_wconf 86' lang='lat' dir='ltr'>a</span> <span class='ocrx_word' id='word_1_73' title='bbox 223 927 272 960; x_wconf 93' lang='lat' dir='ltr'>die</span> <span class='ocrx_word' id='word_1_74' title='bbox 309 932 401 960; x_wconf 86' lang='lat' dir='ltr'>notae</span> <span class='ocrx_word' id='word_1_75' title='bbox 429 925 601 958; x_wconf 88' lang='lat' dir='ltr'>vacationis</span> <span class='ocrx_word' id='word_1_76' title='bbox 631 925 663 956; x_wconf 89' lang='lat' dir='ltr'>in</span> <span class='ocrx_word' id='word_1_77' title='bbox 688 925 756 956; x_wconf 87' lang='lat' dir='ltr'>loco</span> <span class='ocrx_word' id='word_1_78' title='bbox 781 922 924 956; x_wconf 80' lang='lat' dir='ltr'>beneficii</span> 
     </span>
     <span class='ocr_line' id='line_1_16' title="bbox 181 975 925 1019; baseline -0.008 -7"><span class='ocrx_word' id='word_1_79' title='bbox 181 978 384 1019; x_wconf 88' lang='lat' dir='ltr'>huiusmodi,</span> <span class='ocrx_word' id='word_1_80' title='bbox 409 978 456 1010; x_wconf 87' lang='lat' dir='ltr'>vel</span> <span class='ocrx_word' id='word_1_81' title='bbox 479 978 572 1010; x_wconf 84' lang='lat' dir='ltr'>dictis</span> <span class='ocrx_word' id='word_1_82' title='bbox 601 977 805 1010; x_wconf 72' lang='lat' dir='ltr'>collatoribus</span> <span class='ocrx_word' id='word_1_83' title='bbox 829 975 925 1017; x_wconf 69' lang='lat' dir='ltr'>sigui-</span> 
     </span>
     <span class='ocr_line' id='line_1_17' title="bbox 180 1028 924 1072; baseline -0.005 -9"><span class='ocrx_word' id='word_1_84' title='bbox 180 1031 286 1072; x_wconf 86' lang='lat' dir='ltr'>ficare,</span> <span class='ocrx_word' id='word_1_85' title='bbox 299 1031 345 1063; x_wconf 87' lang='lat' dir='ltr'>vel</span> <span class='ocrx_word' id='word_1_86' title='bbox 370 1030 402 1062; x_wconf 89' lang='lat' dir='ltr'>in</span> <span class='ocrx_word' id='word_1_87' title='bbox 427 1030 495 1072; x_wconf 81' lang='lat' dir='ltr'>ipso</span> <span class='ocrx_word' id='word_1_88' title='bbox 519 1029 665 1062; x_wconf 83' lang='lat' dir='ltr'>beneficii</span> <span class='ocrx_word' id='word_1_89' title='bbox 683 1030 750 1061; x_wconf 87' lang='lat' dir='ltr'>loco</span> <span class='ocrx_word' id='word_1_90' title='bbox 764 1028 924 1072; x_wconf 82' lang='lat' dir='ltr'>publicare</span> 
     </span>
     <span class='ocr_line' id='line_1_18' title="bbox 182 1083 606 1129; baseline -0.009 -11"><span class='ocrx_word' id='word_1_91' title='bbox 182 1083 403 1129; x_wconf 86' lang='lat' dir='ltr'>quoquomodo</span> <span class='ocrx_word' id='word_1_92' title='bbox 428 1087 606 1115; x_wconf 88' lang='lat' dir='ltr'>teneantur.</span> 
     </span>
    </p>

    <p class='ocr_par' dir='ltr' id='par_1_4' title="bbox 225 1137 925 1181">
     <span class='ocr_line' id='line_1_19' title="bbox 225 1137 925 1181; baseline -0.011 -10"><span class='ocrx_word' id='word_1_93' title='bbox 225 1138 240 1181; x_wconf 80' lang='lat'><strong>§</strong></span> <span class='ocrx_word' id='word_1_94' title='bbox 263 1137 293 1171; x_wconf 95' lang='lat'>3.</span> <span class='ocrx_word' id='word_1_95' title='bbox 309 1137 404 1170; x_wconf 81' lang='lat' dir='ltr'>Decet</span> <span class='ocrx_word' id='word_1_96' title='bbox 407 1141 516 1168; x_wconf 74' lang='lat' dir='ltr'>nentes</span> <span class='ocrx_word' id='word_1_97' title='bbox 538 1145 646 1168; x_wconf 87' lang='lat' dir='ltr'>omnes</span> <span class='ocrx_word' id='word_1_98' title='bbox 663 1139 693 1166; x_wconf 90' lang='lat' dir='ltr'>et</span> <span class='ocrx_word' id='word_1_99' title='bbox 711 1142 925 1176; x_wconf 83' lang='lat' dir='ltr'>quascumque</span> 
     </span>
    </p>
   </div>
   <div class='ocr_carea' id='block_1_4' title="bbox 33 1184 926 1234">
    <p class='ocr_par' dir='ltr' id='par_1_5' title="bbox 33 1184 926 1234">
     <span class='ocr_line' id='line_1_20' title="bbox 33 1184 926 1234; baseline -0.011 -9"><span class='ocrx_word' id='word_1_100' title='bbox 33 1205 123 1225; x_wconf 67' lang='lat' dir='ltr'>metum</span> <span class='ocrx_word' id='word_1_101' title='bbox 142 1204 171 1223; x_wconf 68' lang='lat' dir='ltr'>ir·</span> <span class='ocrx_word' id='word_1_102' title='bbox 183 1190 405 1234; x_wconf 87' lang='lat' dir='ltr'>dispositiones</span> <span class='ocrx_word' id='word_1_103' title='bbox 440 1188 478 1221; x_wconf 91' lang='lat' dir='ltr'>de</span> <span class='ocrx_word' id='word_1_104' title='bbox 502 1188 593 1220; x_wconf 88' lang='lat' dir='ltr'>dictis</span> <span class='ocrx_word' id='word_1_105' title='bbox 617 1185 779 1219; x_wconf 80' lang='lat' dir='ltr'>beneficiis</span> <span class='ocrx_word' id='word_1_106' title='bbox 803 1184 843 1217; x_wconf 85' lang='lat' dir='ltr'>ab</span> <span class='ocrx_word' id='word_1_107' title='bbox 867 1184 926 1216; x_wconf 83' lang='lat' dir='ltr'>eis-</span> 
     </span>
    </p>
   </div>
   <div class='ocr_carea' id='block_1_5' title="bbox 182 1238 935 1760">
    <p class='ocr_par' dir='ltr' id='par_1_6' title="bbox 182 1238 933 1706">
     <span class='ocr_line' id='line_1_21' title="bbox 184 1238 926 1284; baseline -0.012 -6"><span class='ocrx_word' id='word_1_108' title='bbox 184 1245 256 1278; x_wconf 88' lang='lat' dir='ltr'>dem</span> <span class='ocrx_word' id='word_1_109' title='bbox 279 1242 481 1276; x_wconf 70' lang='lat' dir='ltr'>collatoribus</span> <span class='ocrx_word' id='word_1_110' title='bbox 506 1246 575 1284; x_wconf 88' lang='lat' dir='ltr'>post</span> <span class='ocrx_word' id='word_1_111' title='bbox 593 1240 638 1282; x_wconf 57' lang='grc'>5151</span> <span class='ocrx_word' id='word_1_112' title='bbox 631 1238 859 1271; x_wconf 79' lang='lat' dir='ltr'>¹nificationem</span> <span class='ocrx_word' id='word_1_113' title='bbox 873 1248 903 1269; x_wconf 86' lang='lat' dir='ltr'>se</span> <span class='ocrx_word' id='word_1_114' title='bbox 907 1249 926 1269; x_wconf 96' lang='lat' dir='ltr'>u</span> 
     </span>
     <span class='ocr_line' id='line_1_22' title="bbox 182 1292 927 1341; baseline -0.009 -12"><span class='ocrx_word' id='word_1_115' title='bbox 182 1295 427 1341; x_wconf 72' lang='lat' dir='ltr'>publicationem</span> <span class='ocrx_word' id='word_1_116' title='bbox 466 1292 647 1326; x_wconf 87' lang='lat' dir='ltr'>huiusmodi</span> <span class='ocrx_word' id='word_1_117' title='bbox 688 1302 744 1334; x_wconf 85' lang='lat' dir='ltr'>pro</span> <span class='ocrx_word' id='word_1_118' title='bbox 788 1296 927 1334; x_wconf 75' lang='lat' dir='ltr'>tempoie</span> 
     </span>
     <span class='ocr_line' id='line_1_23' title="bbox 184 1345 929 1389; baseline -0.008 -8"><span class='ocrx_word' id='word_1_119' title='bbox 184 1349 292 1389; x_wconf 83' lang='lat' dir='ltr'>factas,</span> <span class='ocrx_word' id='word_1_120' title='bbox 317 1348 417 1380; x_wconf 88' lang='lat' dir='ltr'>nullas</span> <span class='ocrx_word' id='word_1_121' title='bbox 440 1352 471 1379; x_wconf 80' lang='lat' dir='ltr'>et</span> <span class='ocrx_word' id='word_1_122' title='bbox 496 1346 648 1378; x_wconf 87' lang='lat' dir='ltr'>invalidas</span> <span class='ocrx_word' id='word_1_123' title='bbox 673 1345 854 1386; x_wconf 78' lang='lat' dir='ltr'>nulliusque</span> <span class='ocrx_word' id='word_1_124' title='bbox 879 1354 929 1375; x_wconf 91' lang='lat' dir='ltr'>ro-</span> 
     </span>
     <span class='ocr_line' id='line_1_24' title="bbox 183 1396 929 1439; baseline -0.009 -5"><span class='ocrx_word' id='word_1_125' title='bbox 183 1401 272 1434; x_wconf 85' lang='lat' dir='ltr'>huris</span> <span class='ocrx_word' id='word_1_126' title='bbox 295 1401 343 1433; x_wconf 91' lang='lat' dir='ltr'>vel</span> <span class='ocrx_word' id='word_1_127' title='bbox 367 1399 517 1432; x_wconf 79' lang='lat' dir='ltr'>momenti</span> <span class='ocrx_word' id='word_1_128' title='bbox 543 1399 618 1431; x_wconf 86' lang='lat' dir='ltr'>fore.</span> <span class='ocrx_word' id='word_1_129' title='bbox 645 1397 757 1439; x_wconf 85' lang='lat' dir='ltr'>Sicque</span> <span class='ocrx_word' id='word_1_130' title='bbox 773 1424 780 1437; x_wconf 91' lang='lat'>,</span> <span class='ocrx_word' id='word_1_131' title='bbox 805 1397 836 1428; x_wconf 91' lang='lat' dir='ltr'>in</span> <span class='ocrx_word' id='word_1_132' title='bbox 861 1396 929 1439; x_wconf 85' lang='lat' dir='ltr'>qui-</span> 
     </span>
     <span class='ocr_line' id='line_1_25' title="bbox 184 1449 931 1496; baseline -0.007 -10"><span class='ocrx_word' id='word_1_133' title='bbox 184 1453 291 1487; x_wconf 88' lang='lat' dir='ltr'>busvis</span> <span class='ocrx_word' id='word_1_134' title='bbox 314 1453 416 1486; x_wconf 86' lang='lat' dir='ltr'>causis</span> <span class='ocrx_word' id='word_1_135' title='bbox 439 1451 651 1496; x_wconf 79' lang='lat' dir='ltr'>pendentibus</span> <span class='ocrx_word' id='word_1_136' title='bbox 667 1456 697 1484; x_wconf 85' lang='lat' dir='ltr'>et</span> <span class='ocrx_word' id='word_1_137' title='bbox 710 1450 825 1483; x_wconf 86' lang='lat' dir='ltr'>futuris</span> <span class='ocrx_word' id='word_1_138' title='bbox 849 1449 931 1482; x_wconf 89' lang='lat' dir='ltr'>iudi-</span> 
     </span>
     <span class='ocr_line' id='line_1_26' title="bbox 185 1502 930 1545; baseline -0.007 -6"><span class='ocrx_word' id='word_1_139' title='bbox 185 1506 250 1540; x_wconf 87' lang='lat' dir='ltr'>cari</span> <span class='ocrx_word' id='word_1_140' title='bbox 285 1505 424 1545; x_wconf 87' lang='lat' dir='ltr'>debere;</span> <span class='ocrx_word' id='word_1_141' title='bbox 450 1514 570 1537; x_wconf 87' lang='lat' dir='ltr'>necnon</span> <span class='ocrx_word' id='word_1_142' title='bbox 605 1503 733 1536; x_wconf 89' lang='lat' dir='ltr'>irritum</span> <span class='ocrx_word' id='word_1_143' title='bbox 772 1508 801 1535; x_wconf 92' lang='lat' dir='ltr'>et</span> <span class='ocrx_word' id='word_1_144' title='bbox 837 1502 930 1535; x_wconf 91' lang='lat' dir='ltr'>inane</span> 
     </span>
     <span class='ocr_line' id='line_1_27' title="bbox 187 1555 930 1602; baseline -0.005 -11"><span class='ocrx_word' id='word_1_145' title='bbox 187 1558 339 1602; x_wconf 90' lang='lat' dir='ltr'>quicquid</span> <span class='ocrx_word' id='word_1_146' title='bbox 364 1568 453 1590; x_wconf 88' lang='lat' dir='ltr'>secus</span> <span class='ocrx_word' id='word_1_147' title='bbox 477 1567 571 1600; x_wconf 89' lang='lat' dir='ltr'>super</span> <span class='ocrx_word' id='word_1_148' title='bbox 596 1556 645 1588; x_wconf 87' lang='lat' dir='ltr'>his</span> <span class='ocrx_word' id='word_1_149' title='bbox 669 1556 709 1588; x_wconf 84' lang='lat' dir='ltr'>ab</span> <span class='ocrx_word' id='word_1_150' title='bbox 735 1555 852 1589; x_wconf 88' lang='lat' dir='ltr'>eisdem</span> <span class='ocrx_word' id='word_1_151' title='bbox 870 1556 930 1587; x_wconf 90' lang='lat' dir='ltr'>col-</span> 
     </span>
     <span class='ocr_line' id='line_1_28' title="bbox 187 1609 933 1653; baseline -0.004 -9"><span class='ocrx_word' id='word_1_152' title='bbox 187 1611 341 1644; x_wconf 80' lang='lat' dir='ltr'>latoribus</span> <span class='ocrx_word' id='word_1_153' title='bbox 365 1615 418 1643; x_wconf 91' lang='lat' dir='ltr'>aut</span> <span class='ocrx_word' id='word_1_154' title='bbox 435 1611 688 1653; x_wconf 86' lang='lat' dir='ltr'>quibuscumque</span> <span class='ocrx_word' id='word_1_155' title='bbox 706 1609 784 1650; x_wconf 87' lang='lat' dir='ltr'>aliis,</span> <span class='ocrx_word' id='word_1_156' title='bbox 798 1609 933 1642; x_wconf 76' lang='lat' dir='ltr'>scienter</span> 
     </span>
     <span class='ocr_line' id='line_1_29' title="bbox 187 1663 832 1706; baseline -0.002 -10"><span class='ocrx_word' id='word_1_157' title='bbox 187 1664 235 1697; x_wconf 91' lang='lat' dir='ltr'>vel</span> <span class='ocrx_word' id='word_1_158' title='bbox 259 1663 456 1706; x_wconf 77' lang='lat' dir='ltr'>ignoranter,</span> <span class='ocrx_word' id='word_1_159' title='bbox 480 1663 649 1706; x_wconf 78' lang='lat' dir='ltr'>eontigerit.</span> <span class='ocrx_word' id='word_1_160' title='bbox 673 1663 832 1696; x_wconf 87' lang='lat' dir='ltr'>attentari.</span> 
     </span>
    </p>

    <p class='ocr_par' dir='ltr' id='par_1_7' title="bbox 233 1716 935 1760">
     <span class='ocr_line' id='line_1_30' title="bbox 233 1716 935 1760; baseline -0.001 -11"><span class='ocrx_word' id='word_1_161' title='bbox 233 1717 301 1760; x_wconf 63' lang='lat'>§4</span> <span class='ocrx_word' id='word_1_162' title='bbox 325 1717 413 1755; x_wconf 87' lang='lat' dir='ltr'>Quod</span> <span class='ocrx_word' id='word_1_163' title='bbox 448 1717 472 1749; x_wconf 91' lang='lat' dir='ltr'>si</span> <span class='ocrx_word' id='word_1_164' title='bbox 512 1717 591 1749; x_wconf 88' lang='lat' dir='ltr'>sorte</span> <span class='ocrx_word' id='word_1_165' title='bbox 616 1716 783 1760; x_wconf 88' lang='lat' dir='ltr'>quisquam</span> <span class='ocrx_word' id='word_1_166' title='bbox 809 1717 935 1749; x_wconf 92' lang='lat' dir='ltr'>collato-</span> 
     </span>
    </p>
   </div>
   <div class='ocr_carea' id='block_1_6' title="bbox 39 1768 934 1812">
    <p class='ocr_par' dir='ltr' id='par_1_8' title="bbox 39 1768 934 1812">
     <span class='ocr_line' id='line_1_31' title="bbox 39 1768 934 1812; baseline 0.004 -16"><span class='ocrx_word' id='word_1_167' title='bbox 39 1777 264 1802; x_wconf 64' lang='lat' dir='ltr'>nineatentiumrum</span> <span class='ocrx_word' id='word_1_168' title='bbox 307 1769 539 1812; x_wconf 83' lang='lat' dir='ltr'>ptaedictorum</span> <span class='ocrx_word' id='word_1_169' title='bbox 587 1769 680 1802; x_wconf 85' lang='lat' dir='ltr'>suerit</span> <span class='ocrx_word' id='word_1_170' title='bbox 720 1768 934 1812; x_wconf 89' lang='lat' dir='ltr'>praesentium</span> 
     </span>
    </p>
   </div>
   <div class='ocr_carea' id='block_1_7' title="bbox 30 1803 137 1852">
    <p class='ocr_par' dir='ltr' id='par_1_9' title="bbox 30 1803 137 1852">
     <span class='ocr_line' id='line_1_32' title="bbox 31 1803 137 1825; baseline 0.019 -2"><span class='ocrx_word' id='word_1_171' title='bbox 31 1803 92 1824; x_wconf 69' lang='lat' dir='ltr'>oum</span> <span class='ocrx_word' id='word_1_172' title='bbox 81 1810 137 1825; x_wconf 79' lang='lat' dir='ltr'>nrum</span> 
     </span>
     <span class='ocr_line' id='line_1_33' title="bbox 30 1835 98 1852; baseline 0.033 -2"><span class='ocrx_word' id='word_1_173' title='bbox 30 1835 98 1852; x_wconf 69' lang='grc' dir='ltr'>(ΒΜ.</span> 
     </span>
    </p>
   </div>
   <div class='ocr_carea' id='block_1_8' title="bbox 32 2093 183 2120">
    <p class='ocr_par' dir='ltr' id='par_1_10' title="bbox 32 2093 183 2120">
     <span class='ocr_line' id='line_1_34' title="bbox 32 2093 183 2120; baseline 0.013 -6"><span class='ocrx_word' id='word_1_174' title='bbox 32 2093 183 2120; x_wconf 76' lang='lat' dir='ltr'>Exemplorum</span> 
     </span>
    </p>
   </div>
   <div class='ocr_carea' id='block_1_9' title="bbox 38 2126 55 2142">
    <p class='ocr_par' dir='ltr' id='par_1_11' title="bbox 38 2126 55 2142">
     <span class='ocr_line' id='line_1_35' title="bbox 38 2126 55 2142; baseline 0 -2"><span class='ocrx_word' id='word_1_175' title='bbox 38 2126 55 2142; x_wconf 78' lang='grc' dir='ltr'>Ι.</span> 
     </span>
    </p>
   </div>
   <div class='ocr_carea' id='block_1_10' title="bbox 37 2196 186 2244">
    <p class='ocr_par' dir='ltr' id='par_1_12' title="bbox 37 2196 186 2244">
     <span class='ocr_line' id='line_1_36' title="bbox 37 2196 186 2228; baseline 0.02 -12"><span class='ocrx_word' id='word_1_176' title='bbox 37 2196 120 2228; x_wconf 60' lang='lat' dir='ltr'>§unctio</span> <span class='ocrx_word' id='word_1_177' title='bbox 133 2204 186 2223; x_wconf 81' lang='lat' dir='ltr'>poe-</span> 
     </span>
     <span class='ocr_line' id='line_1_37' title="bbox 38 2229 62 2244; baseline 0 0"><span class='ocrx_word' id='word_1_178' title='bbox 38 2229 62 2244; x_wconf 71' lang='grc' dir='ltr'>ιε.</span> 
     </span>
    </p>
   </div>
   <div class='ocr_carea' id='block_1_11' title="bbox 191 1821 940 2446">
    <p class='ocr_par' dir='ltr' id='par_1_13' title="bbox 191 1821 938 2068">
     <span class='ocr_line' id='line_1_38' title="bbox 192 1821 936 1863; baseline -0.003 -8"><span class='ocrx_word' id='word_1_179' title='bbox 192 1823 350 1863; x_wconf 88' lang='lat' dir='ltr'>violat01‚</span> <span class='ocrx_word' id='word_1_180' title='bbox 375 1833 448 1854; x_wconf 90' lang='lat' dir='ltr'>eum</span> <span class='ocrx_word' id='word_1_181' title='bbox 472 1832 490 1854; x_wconf 86' lang='lat' dir='ltr'>a</span> <span class='ocrx_word' id='word_1_182' title='bbox 513 1822 741 1855; x_wconf 87' lang='lat' dir='ltr'>beneficiorum</span> <span class='ocrx_word' id='word_1_183' title='bbox 765 1826 793 1854; x_wconf 89' lang='lat' dir='ltr'>et</span> <span class='ocrx_word' id='word_1_184' title='bbox 818 1821 936 1854; x_wconf 83' lang='lat' dir='ltr'>officio-</span> 
     </span>
     <span class='ocr_line' id='line_1_39' title="bbox 194 1849 937 1919; baseline 0 -11"><span class='ocrx_word' id='word_1_185' title='bbox 194 1885 265 1909; x_wconf 90' lang='lat' dir='ltr'>rum</span> <span class='ocrx_word' id='word_1_186' title='bbox 289 1849 456 1908; x_wconf 77' lang='lat' dir='ltr'>coliatione</span> <span class='ocrx_word' id='word_1_187' title='bbox 480 1875 601 1907; x_wconf 89' lang='lat' dir='ltr'>tamdiu</span> <span class='ocrx_word' id='word_1_188' title='bbox 625 1875 858 1919; x_wconf 87' lang='lat' dir='ltr'>suspendimus,</span> <span class='ocrx_word' id='word_1_189' title='bbox 883 1876 937 1908; x_wconf 91' lang='lat' dir='ltr'>do-</span> 
     </span>
     <span class='ocr_line' id='line_1_40' title="bbox 192 1927 937 1971; baseline 0.001 -11"><span class='ocrx_word' id='word_1_190' title='bbox 192 1938 251 1961; x_wconf 88' lang='lat' dir='ltr'>nec</span> <span class='ocrx_word' id='word_1_191' title='bbox 295 1927 372 1971; x_wconf 90' lang='lat' dir='ltr'>ipse,</span> <span class='ocrx_word' id='word_1_192' title='bbox 407 1927 531 1960; x_wconf 89' lang='lat' dir='ltr'>veniam</span> <span class='ocrx_word' id='word_1_193' title='bbox 570 1933 689 1970; x_wconf 84' lang='lat' dir='ltr'>petens,</span> <span class='ocrx_word' id='word_1_194' title='bbox 729 1928 937 1961; x_wconf 84' lang='lat' dir='ltr'>restitutionis</span> 
     </span>
     <span class='ocr_line' id='line_1_41' title="bbox 192 1980 938 2024; baseline 0 -11"><span class='ocrx_word' id='word_1_195' title='bbox 192 1980 328 2024; x_wconf 83' lang='lat' dir='ltr'>gratiam</span> <span class='ocrx_word' id='word_1_196' title='bbox 363 1991 381 2013; x_wconf 90' lang='lat' dir='ltr'>a</span> <span class='ocrx_word' id='word_1_197' title='bbox 420 1980 498 2013; x_wconf 87' lang='lat' dir='ltr'>Sede</span> <span class='ocrx_word' id='word_1_198' title='bbox 520 1980 683 2023; x_wconf 85' lang='lat' dir='ltr'>praedicta</span> <span class='ocrx_word' id='word_1_199' title='bbox 707 1980 860 2013; x_wconf 88' lang='lat' dir='ltr'>meruerit</span> <span class='ocrx_word' id='word_1_200' title='bbox 883 1981 938 2013; x_wconf 91' lang='lat' dir='ltr'>ob-</span> 
     </span>
     <span class='ocr_line' id='line_1_42' title="bbox 191 2034 303 2068; baseline 0.009 -1"><span class='ocrx_word' id='word_1_201' title='bbox 191 2034 303 2068; x_wconf 85' lang='lat' dir='ltr'>tinere.</span> 
     </span>
    </p>

    <p class='ocr_par' dir='ltr' id='par_1_14' title="bbox 195 2086 936 2183">
     <span class='ocr_line' id='line_1_43' title="bbox 239 2086 936 2131; baseline 0.003 -12"><span class='ocrx_word' id='word_1_202' title='bbox 239 2087 254 2130; x_wconf 65' lang='lat' dir='ltr'><strong>g</strong></span> <span class='ocrx_word' id='word_1_203' title='bbox 277 2086 306 2120; x_wconf 92' lang='lat'>5.</span> <span class='ocrx_word' id='word_1_204' title='bbox 330 2087 474 2120; x_wconf 87' lang='lat' dir='ltr'>Ceterum</span> <span class='ocrx_word' id='word_1_205' title='bbox 498 2088 642 2120; x_wconf 90' lang='lat' dir='ltr'>volumus</span> <span class='ocrx_word' id='word_1_206' title='bbox 666 2092 700 2120; x_wconf 87' lang='lat' dir='ltr'>ut</span> <span class='ocrx_word' id='word_1_207' title='bbox 723 2089 936 2131; x_wconf 83' lang='lat' dir='ltr'>praesentium</span> 
     </span>
     <span class='ocr_line' id='line_1_44' title="bbox 195 2139 478 2183; baseline 0 -11"><span class='ocrx_word' id='word_1_208' title='bbox 195 2139 401 2183; x_wconf 84' lang='lat' dir='ltr'>transumptis</span> <span class='ocrx_word' id='word_1_209' title='bbox 424 2143 478 2172; x_wconf 79' lang='lat' dir='ltr'>ecc.</span> 
     </span>
    </p>

    <p class='ocr_par' dir='ltr' id='par_1_15' title="bbox 242 2192 938 2235">
     <span class='ocr_line' id='line_1_45' title="bbox 242 2192 938 2235; baseline 0.003 -11"><span class='ocrx_word' id='word_1_210' title='bbox 242 2193 257 2235; x_wconf 65' lang='grc' dir='ltr'><strong>ἓ</strong></span> <span class='ocrx_word' id='word_1_211' title='bbox 281 2192 310 2225; x_wconf 91' lang='grc'>6.</span> <span class='ocrx_word' id='word_1_212' title='bbox 333 2193 414 2226; x_wconf 92' lang='lat' dir='ltr'>Nulli</span> <span class='ocrx_word' id='word_1_213' title='bbox 439 2203 514 2235; x_wconf 80' lang='lat' dir='ltr'>ergo</span> <span class='ocrx_word' id='word_1_214' title='bbox 538 2192 669 2226; x_wconf 88' lang='lat' dir='ltr'>omnino</span> <span class='ocrx_word' id='word_1_215' title='bbox 693 2193 860 2226; x_wconf 89' lang='lat' dir='ltr'>hominum</span> <span class='ocrx_word' id='word_1_216' title='bbox 885 2198 938 2226; x_wconf 77' lang='lat' dir='ltr'>etc.</span> 
     </span>
    </p>

    <p class='ocr_par' dir='ltr' id='par_1_16' title="bbox 198 2245 940 2446">
     <span class='ocr_line' id='line_1_46' title="bbox 240 2245 938 2288; baseline 0.003 -11"><span class='ocrx_word' id='word_1_217' title='bbox 240 2245 353 2277; x_wconf 85' lang='lat' dir='ltr'>Datum</span> <span class='ocrx_word' id='word_1_218' title='bbox 376 2245 492 2277; x_wconf 86' lang='lat' dir='ltr'>Romae</span> <span class='ocrx_word' id='word_1_219' title='bbox 516 2246 599 2288; x_wconf 90' lang='lat' dir='ltr'>apud</span> <span class='ocrx_word' id='word_1_220' title='bbox 625 2246 772 2279; x_wconf 83' lang='lat' dir='ltr'>Sanctum</span> <span class='ocrx_word' id='word_1_221' title='bbox 800 2248 938 2287; x_wconf 87' lang='lat' dir='ltr'>Petrum,</span> 
     </span>
     <span class='ocr_line' id='line_1_47' title="bbox 199 2297 939 2333; baseline 0 -1"><span class='ocrx_word' id='word_1_222' title='bbox 199 2308 283 2332; x_wconf 86' lang='lat' dir='ltr'>anno</span> <span class='ocrx_word' id='word_1_223' title='bbox 316 2297 544 2331; x_wconf 78' lang='lat' dir='ltr'>incarnationis</span> <span class='ocrx_word' id='word_1_224' title='bbox 572 2299 749 2332; x_wconf 86' lang='lat' dir='ltr'>dominicae</span> <span class='ocrx_word' id='word_1_225' title='bbox 773 2300 939 2333; x_wconf 89' lang='lat' dir='ltr'>millesimo</span> 
     </span>
     <span class='ocr_line' id='line_1_48' title="bbox 199 2350 940 2396; baseline 0 -11"><span class='ocrx_word' id='word_1_226' title='bbox 199 2350 452 2396; x_wconf 79' lang='lat' dir='ltr'>quingentesimo</span> <span class='ocrx_word' id='word_1_227' title='bbox 487 2351 717 2394; x_wconf 81' lang='lat' dir='ltr'>septuagesimo</span> <span class='ocrx_word' id='word_1_228' title='bbox 753 2357 862 2393; x_wconf 85' lang='lat' dir='ltr'>sexto,</span> <span class='ocrx_word' id='word_1_229' title='bbox 887 2353 940 2385; x_wconf 84' lang='lat' dir='ltr'>ka-</span> 
     </span>
     <span class='ocr_line' id='line_1_49' title="bbox 198 2403 939 2446; baseline 0 -8"><span class='ocrx_word' id='word_1_230' title='bbox 198 2404 299 2438; x_wconf 87' lang='lat' dir='ltr'>lendis</span> <span class='ocrx_word' id='word_1_231' title='bbox 344 2403 523 2436; x_wconf 86' lang='lat' dir='ltr'>novembris</span> <span class='ocrx_word' id='word_1_232' title='bbox 540 2430 547 2444; x_wconf 90' lang='lat'>,</span> <span class='ocrx_word' id='word_1_233' title='bbox 593 2404 795 2446; x_wconf 81' lang='lat' dir='ltr'>pontificatus</span> <span class='ocrx_word' id='word_1_234' title='bbox 842 2406 939 2439; x_wconf 88' lang='lat' dir='ltr'>nostri</span> 
     </span>
    </p>
   </div>
   <div class='ocr_carea' id='block_1_12' title="bbox 199 2467 825 2543">
    <p class='ocr_par' dir='ltr' id='par_1_17' title="bbox 199 2467 825 2543">
     <span class='ocr_line' id='line_1_50' title="bbox 199 2467 334 2491; baseline -0.015 0"><span class='ocrx_word' id='word_1_235' title='bbox 199 2467 282 2491; x_wconf 73' lang='lat' dir='ltr'>ssssnO</span> <span class='ocrx_word' id='word_1_236' title='bbox 306 2467 334 2489; x_wconf 85' lang='lat' dir='ltr'>V.</span> 
     </span>
     <span class='ocr_line' id='line_1_51' title="bbox 234 2509 825 2543; baseline 0.005 -7"><span class='ocrx_word' id='word_1_237' title='bbox 234 2510 297 2536; x_wconf 80' lang='lat' dir='ltr'>Dat.</span> <span class='ocrx_word' id='word_1_238' title='bbox 317 2509 361 2536; x_wconf 85' lang='lat' dir='ltr'>die</span> <span class='ocrx_word' id='word_1_239' title='bbox 382 2512 394 2535; x_wconf 95' lang='grc'>1</span> <span class='ocrx_word' id='word_1_240' title='bbox 415 2518 476 2536; x_wconf 86' lang='lat' dir='ltr'>nov.</span> <span class='ocrx_word' id='word_1_241' title='bbox 497 2511 573 2543; x_wconf 86' lang='lat'>1576,</span> <span class='ocrx_word' id='word_1_242' title='bbox 592 2510 691 2543; x_wconf 76' lang='lat' dir='ltr'>pontif.</span> <span class='ocrx_word' id='word_1_243' title='bbox 710 2519 781 2538; x_wconf 85' lang='lat' dir='ltr'>anno</span> <span class='ocrx_word' id='word_1_244' title='bbox 800 2521 825 2539; x_wconf 90' lang='lat' dir='ltr'>v.</span> 
     </span>
    </p>
   </div>
   <div class='ocr_carea' id='block_1_13' title="bbox 490 2588 653 2592">
    <p class='ocr_par' dir='ltr' id='par_1_18' title="bbox 490 2588 653 2592">
     <span class='ocr_line' id='line_1_52' title="bbox 490 2588 653 2592; baseline 0 0"><span class='ocrx_word' id='word_1_245' title='bbox 490 2588 653 2592; x_wconf 95' lang='lat' dir='ltr'> </span> 
     </span>
    </p>
   </div>
   <div class='ocr_carea' id='block_1_14' title="bbox 1289 223 1651 323">
    <p class='ocr_par' dir='ltr' id='par_1_19' title="bbox 1289 223 1651 323">
     <span class='ocr_line' id='line_1_53' title="bbox 1589 223 1651 255; baseline 0 0"><span class='ocrx_word' id='word_1_246' title='bbox 1589 223 1651 255; x_wconf 68' lang='grc'>’155</span> 
     </span>
     <span class='ocr_line' id='line_1_54' title="bbox 1289 292 1359 323; baseline 0 0"><span class='ocrx_word' id='word_1_247' title='bbox 1289 292 1359 323; x_wconf 75' lang='grc' dir='ltr'>1,Χ1.</span> 
     </span>
    </p>
   </div>
   <div class='ocr_carea' id='block_1_15' title="bbox 960 382 1696 525">
    <p class='ocr_par' dir='ltr' id='par_1_20' title="bbox 960 382 1696 525">
     <span class='ocr_line' id='line_1_55' title="bbox 960 382 1695 420; baseline -0.008 0"><span class='ocrx_word' id='word_1_248' title='bbox 960 389 1054 420; x_wconf 63' lang='lat' dir='ltr'>Vinea</span> <span class='ocrx_word' id='word_1_249' title='bbox 1091 392 1116 419; x_wconf 68' lang='lat' dir='ltr'>e!</span> <span class='ocrx_word' id='word_1_250' title='bbox 1153 388 1272 419; x_wconf 66' lang='lat' dir='ltr'>vineata</span> <span class='ocrx_word' id='word_1_251' title='bbox 1305 391 1394 417; x_wconf 63' lang='lat' dir='ltr'>arim</span> <span class='ocrx_word' id='word_1_252' title='bbox 1419 387 1549 418; x_wconf 77' lang='lat' dir='ltr'>Portam</span> <span class='ocrx_word' id='word_1_253' title='bbox 1573 382 1695 416; x_wconf 71' lang='lat' dir='ltr'>Flami-</span> 
     </span>
     <span class='ocr_line' id='line_1_56' title="bbox 1001 434 1696 481; baseline -0.009 -9"><span class='ocrx_word' id='word_1_254' title='bbox 1001 442 1086 472; x_wconf 75' lang='lat' dir='ltr'>niam</span> <span class='ocrx_word' id='word_1_255' title='bbox 1106 441 1228 481; x_wconf 60' lang='lat' dir='ltr'>callevio</span> <span class='ocrx_word' id='word_1_256' title='bbox 1243 439 1435 478; x_wconf 54' lang='grc' dir='ltr'>θυι-1111111111),</span> <span class='ocrx_word' id='word_1_257' title='bbox 1446 449 1504 480; x_wconf 76' lang='lat' dir='ltr'>pro</span> <span class='ocrx_word' id='word_1_258' title='bbox 1518 434 1696 469; x_wconf 74' lang='lat' dir='ltr'>recreandis</span> 
     </span>
     <span class='ocr_line' id='line_1_57' title="bbox 995 492 1415 525; baseline -0.01 0"><span class='ocrx_word' id='word_1_259' title='bbox 995 494 1187 525; x_wconf 66' lang='lat' dir='ltr'>scholaribus</span> <span class='ocrx_word' id='word_1_260' title='bbox 1211 493 1372 524; x_wconf 65' lang='lat' dir='ltr'>&lt;tonantur</span> <span class='ocrx_word' id='word_1_261' title='bbox 1396 492 1415 524; x_wconf 83' lang='lat'>¹.</span> 
     </span>
    </p>
   </div>
   <div class='ocr_carea' id='block_1_16' title="bbox 953 577 1694 617">
    <p class='ocr_par' dir='ltr' id='par_1_21' title="bbox 953 577 1694 617">
     <span class='ocr_line' id='line_1_58' title="bbox 953 577 1694 617; baseline -0.008 -7"><span class='ocrx_word' id='word_1_262' title='bbox 953 582 1089 617; x_wconf 69' lang='lat' dir='ltr'>Gregorius</span> <span class='ocrx_word' id='word_1_263' title='bbox 1107 582 1176 616; x_wconf 80' lang='lat' dir='ltr'>Papa</span> <span class='ocrx_word' id='word_1_264' title='bbox 1194 581 1253 613; x_wconf 80' lang='lat' dir='ltr'>xm,</span> <span class='ocrx_word' id='word_1_265' title='bbox 1267 580 1297 607; x_wconf 87' lang='lat' dir='ltr'>ad</span> <span class='ocrx_word' id='word_1_266' title='bbox 1317 583 1465 614; x_wconf 76' lang='lat' dir='ltr'>perpetuam</span> <span class='ocrx_word' id='word_1_267' title='bbox 1482 579 1518 606; x_wconf 79' lang='lat' dir='ltr'>rei</span> <span class='ocrx_word' id='word_1_268' title='bbox 1535 577 1694 606; x_wconf 80' lang='lat' dir='ltr'>memoriam.</span> 
     </span>
    </p>
   </div>
   <div class='ocr_carea' id='block_1_17' title="bbox 998 658 1742 705">
    <p class='ocr_par' dir='ltr' id='par_1_22' title="bbox 998 658 1742 705">
     <span class='ocr_line' id='line_1_59' title="bbox 998 658 1742 705; baseline -0.009 -10"><span class='ocrx_word' id='word_1_269' title='bbox 998 664 1012 705; x_wconf 61' lang='grc' dir='ltr'>ξ</span> <span class='ocrx_word' id='word_1_270' title='bbox 1036 663 1066 695; x_wconf 84' lang='lat' dir='ltr'>t.</span> <span class='ocrx_word' id='word_1_271' title='bbox 1084 662 1238 701; x_wconf 82' lang='lat' dir='ltr'>Quoniam</span> <span class='ocrx_word' id='word_1_272' title='bbox 1257 661 1423 700; x_wconf 63' lang='lat' dir='ltr'>collegium</span> <span class='ocrx_word' id='word_1_273' title='bbox 1442 660 1599 698; x_wconf 66' lang='lat' dir='ltr'>German,</span> <span class='ocrx_word' id='word_1_274' title='bbox 1613 658 1742 705; x_wconf 67' lang='lat' dir='ltr'>quodnm</span> 
     </span>
    </p>
   </div>
   <div class='ocr_carea' id='block_1_18' title="bbox 1706 222 1891 249">
    <p class='ocr_par' dir='ltr' id='par_1_23' title="bbox 1706 222 1891 249">
     <span class='ocr_line' id='line_1_60' title="bbox 1706 222 1891 249; baseline 0 -1"><span class='ocrx_word' id='word_1_275' title='bbox 1706 224 1758 249; x_wconf 81' lang='lat' dir='ltr'>An.</span> <span class='ocrx_word' id='word_1_276' title='bbox 1779 223 1807 248; x_wconf 71' lang='lat' dir='ltr'>t).</span> <span class='ocrx_word' id='word_1_277' title='bbox 1828 222 1891 248; x_wconf 72' lang='lat'>1575</span> 
     </span>
    </p>
   </div>
   <div class='ocr_carea' id='block_1_19' title="bbox 1734 657 1894 705">
    <p class='ocr_par' dir='ltr' id='par_1_24' title="bbox 1734 657 1894 705">
     <span class='ocr_line' id='line_1_61' title="bbox 1734 657 1894 682; baseline 0 -4"><span class='ocrx_word' id='word_1_278' title='bbox 1734 659 1762 678; x_wconf 81' lang='lat' dir='ltr'>Co</span> <span class='ocrx_word' id='word_1_279' title='bbox 1751 657 1830 682; x_wconf 71' lang='lat' dir='ltr'>ollugio</span> <span class='ocrx_word' id='word_1_280' title='bbox 1843 658 1894 678; x_wconf 78' lang='lat' dir='ltr'>Ger-</span> 
     </span>
     <span class='ocr_line' id='line_1_62' title="bbox 1745 686 1894 705; baseline 0.009 -1.198"><span class='ocrx_word' id='word_1_281' title='bbox 1745 691 1792 704; x_wconf 71' lang='grc'>11100</span> <span class='ocrx_word' id='word_1_282' title='bbox 1802 692 1815 705; x_wconf 69' lang='lat' dir='ltr'>a</span> <span class='ocrx_word' id='word_1_283' title='bbox 1823 691 1846 705; x_wconf 70' lang='grc' dir='ltr'>ΕΒ</span> <span class='ocrx_word' id='word_1_284' title='bbox 1861 686 1894 705; x_wconf 73' lang='lat' dir='ltr'>iu-</span> 
     </span>
    </p>
   </div>
   <div class='ocr_carea' id='block_1_20' title="bbox 956 711 1790 757">
    <p class='ocr_par' dir='ltr' id='par_1_25' title="bbox 956 711 1790 757">
     <span class='ocr_line' id='line_1_63' title="bbox 956 711 1790 757; baseline -0.006 -9"><span class='ocrx_word' id='word_1_285' title='bbox 956 716 985 748; x_wconf 92' lang='lat' dir='ltr'>in</span> <span class='ocrx_word' id='word_1_286' title='bbox 1005 716 1086 748; x_wconf 89' lang='lat' dir='ltr'>Urbe</span> <span class='ocrx_word' id='word_1_287' title='bbox 1098 715 1219 757; x_wconf 87' lang='lat' dir='ltr'>pridem</span> <span class='ocrx_word' id='word_1_288' title='bbox 1238 713 1442 751; x_wconf 73' lang='lat' dir='ltr'>instituimus,</span> <span class='ocrx_word' id='word_1_289' title='bbox 1455 712 1559 744; x_wconf 85' lang='lat' dir='ltr'>divina</span> <span class='ocrx_word' id='word_1_290' title='bbox 1577 711 1697 744; x_wconf 84' lang='lat' dir='ltr'>favente</span> <span class='ocrx_word' id='word_1_291' title='bbox 1708 713 1790 732; x_wconf 62' lang='lat'>⁵2¹‘1120</span> 
     </span>
    </p>
   </div>
   <div class='ocr_carea' id='block_1_21' title="bbox 953 766 1714 2553">
    <p class='ocr_par' dir='ltr' id='par_1_26' title="bbox 953 766 1701 1178">
     <span class='ocr_line' id='line_1_64' title="bbox 953 766 1698 809; baseline -0.005 -9"><span class='ocrx_word' id='word_1_292' title='bbox 953 768 1137 807; x_wconf 79' lang='lat' dir='ltr'>clementia,</span> <span class='ocrx_word' id='word_1_293' title='bbox 1163 777 1279 809; x_wconf 76' lang='lat' dir='ltr'>magno</span> <span class='ocrx_word' id='word_1_294' title='bbox 1304 766 1367 797; x_wconf 91' lang='lat' dir='ltr'>iam</span> <span class='ocrx_word' id='word_1_295' title='bbox 1392 766 1540 797; x_wconf 82' lang='lat' dir='ltr'>refertum</span> <span class='ocrx_word' id='word_1_296' title='bbox 1566 774 1698 796; x_wconf 88' lang='lat' dir='ltr'>numero</span> 
     </span>
     <span class='ocr_line' id='line_1_65' title="bbox 960 817 1699 861; baseline -0.003 -9"><span class='ocrx_word' id='word_1_297' title='bbox 960 820 1162 859; x_wconf 74' lang='lat' dir='ltr'>scholarium,</span> <span class='ocrx_word' id='word_1_298' title='bbox 1181 819 1212 851; x_wconf 92' lang='lat' dir='ltr'>in</span> <span class='ocrx_word' id='word_1_299' title='bbox 1236 818 1350 861; x_wconf 85' lang='lat' dir='ltr'>quihus</span> <span class='ocrx_word' id='word_1_300' title='bbox 1367 817 1581 849; x_wconf 72' lang='lat' dir='ltr'>sustentandis</span> <span class='ocrx_word' id='word_1_301' title='bbox 1598 821 1699 850; x_wconf 79' lang='lat' dir='ltr'>certos</span> 
     </span>
     <span class='ocr_line' id='line_1_66' title="bbox 956 870 1699 912; baseline -0.004 -8"><span class='ocrx_word' id='word_1_302' title='bbox 956 883 1078 905; x_wconf 82' lang='lat' dir='ltr'>annuos</span> <span class='ocrx_word' id='word_1_303' title='bbox 1108 871 1248 904; x_wconf 82' lang='lat' dir='ltr'>redditus</span> <span class='ocrx_word' id='word_1_304' title='bbox 1280 870 1530 912; x_wconf 79' lang='lat' dir='ltr'>assignavimus,</span> <span class='ocrx_word' id='word_1_305' title='bbox 1557 870 1699 902; x_wconf 89' lang='lat' dir='ltr'>animad-</span> 
     </span>
     <span class='ocr_line' id='line_1_67' title="bbox 960 923 1701 965; baseline -0.003 -9"><span class='ocrx_word' id='word_1_306' title='bbox 960 925 1112 956; x_wconf 84' lang='lat' dir='ltr'>vertimus</span> <span class='ocrx_word' id='word_1_307' title='bbox 1136 924 1257 955; x_wconf 89' lang='lat' dir='ltr'>nullum</span> <span class='ocrx_word' id='word_1_308' title='bbox 1282 923 1477 955; x_wconf 82' lang='lat' dir='ltr'>scholaribus</span> <span class='ocrx_word' id='word_1_309' title='bbox 1501 923 1576 965; x_wconf 81' lang='lat' dir='ltr'>ipsis</span> <span class='ocrx_word' id='word_1_310' title='bbox 1604 934 1621 955; x_wconf 87' lang='lat' dir='ltr'>a</span> <span class='ocrx_word' id='word_1_311' title='bbox 1646 933 1701 955; x_wconf 92' lang='lat' dir='ltr'>no-</span> 
     </span>
     <span class='ocr_line' id='line_1_68' title="bbox 957 976 1701 1016; baseline -0.001 -8"><span class='ocrx_word' id='word_1_312' title='bbox 957 977 1004 1008; x_wconf 89' lang='lat' dir='ltr'>his</span> <span class='ocrx_word' id='word_1_313' title='bbox 1030 976 1180 1008; x_wconf 74' lang='lat' dir='ltr'>hactenus</span> <span class='ocrx_word' id='word_1_314' title='bbox 1194 976 1288 1008; x_wconf 83' lang='lat' dir='ltr'>fuisse</span> <span class='ocrx_word' id='word_1_315' title='bbox 1313 986 1497 1008; x_wconf 88' lang='lat' dir='ltr'>concessum</span> <span class='ocrx_word' id='word_1_316' title='bbox 1516 977 1630 1016; x_wconf 88' lang='lat' dir='ltr'>locum,</span> <span class='ocrx_word' id='word_1_317' title='bbox 1646 976 1701 1008; x_wconf 88' lang='lat' dir='ltr'>uhi</span> 
     </span>
     <span class='ocr_line' id='line_1_69' title="bbox 958 1029 1701 1072; baseline 0.001 -12"><span class='ocrx_word' id='word_1_318' title='bbox 958 1029 1073 1072; x_wconf 86' lang='lat' dir='ltr'>partim</span> <span class='ocrx_word' id='word_1_319' title='bbox 1114 1029 1208 1061; x_wconf 90' lang='lat' dir='ltr'>studii</span> <span class='ocrx_word' id='word_1_320' title='bbox 1245 1029 1427 1061; x_wconf 85' lang='lat' dir='ltr'>assiduitate</span> <span class='ocrx_word' id='word_1_321' title='bbox 1463 1029 1559 1068; x_wconf 86' lang='lat' dir='ltr'>sessi,</span> <span class='ocrx_word' id='word_1_322' title='bbox 1585 1029 1701 1072; x_wconf 89' lang='lat' dir='ltr'>partim</span> 
     </span>
     <span class='ocr_line' id='line_1_70' title="bbox 956 1080 1701 1123; baseline 0 -9"><span class='ocrx_word' id='word_1_323' title='bbox 956 1082 1068 1114; x_wconf 88' lang='lat' dir='ltr'>morbo</span> <span class='ocrx_word' id='word_1_324' title='bbox 1093 1080 1246 1113; x_wconf 88' lang='lat' dir='ltr'>debilitati</span> <span class='ocrx_word' id='word_1_325' title='bbox 1271 1082 1434 1123; x_wconf 87' lang='lat' dir='ltr'>paululum</span> <span class='ocrx_word' id='word_1_326' title='bbox 1465 1081 1625 1114; x_wconf 87' lang='lat' dir='ltr'>interdum</span> <span class='ocrx_word' id='word_1_327' title='bbox 1650 1092 1701 1114; x_wconf 85' lang='lat' dir='ltr'>re-</span> 
     </span>
     <span class='ocr_line' id='line_1_71' title="bbox 954 1134 1537 1192; baseline 0.003 -27"><span class='ocrx_word' id='word_1_328' title='bbox 954 1134 1053 1166; x_wconf 60' lang='grc' dir='ltr'>αι’-0311</span> <span class='ocrx_word' id='word_1_329' title='bbox 1079 1139 1107 1166; x_wconf 87' lang='lat' dir='ltr'>et</span> <span class='ocrx_word' id='word_1_330' title='bbox 1134 1134 1215 1166; x_wconf 84' lang='lat' dir='ltr'>vires</span> <span class='ocrx_word' id='word_1_331' title='bbox 1239 1134 1380 1177; x_wconf 84' lang='lat' dir='ltr'>recipcre</span> <span class='ocrx_word' id='word_1_332' title='bbox 1404 1135 1537 1192; x_wconf 82' lang='lat' dir='ltr'>possint.</span> 
     </span>
    </p>

    <p class='ocr_par' dir='ltr' id='par_1_27' title="bbox 957 1186 1714 2553">
     <span class='ocr_line' id='line_1_72' title="bbox 999 1186 1701 1229; baseline 0.001 -10.001"><span class='ocrx_word' id='word_1_333' title='bbox 999 1187 1013 1229; x_wconf 68' lang='grc' dir='ltr'><strong>ξ</strong></span> <span class='ocrx_word' id='word_1_334' title='bbox 1037 1186 1066 1219; x_wconf 74' lang='lat'>⁶2.</span> <span class='ocrx_word' id='word_1_335' title='bbox 1091 1187 1152 1219; x_wconf 92' lang='lat' dir='ltr'>Nos</span> <span class='ocrx_word' id='word_1_336' title='bbox 1176 1187 1274 1229; x_wconf 79' lang='lat' dir='ltr'>igitur</span> <span class='ocrx_word' id='word_1_337' title='bbox 1298 1187 1372 1219; x_wconf 84' lang='lat' dir='ltr'>huic</span> <span class='ocrx_word' id='word_1_338' title='bbox 1398 1187 1442 1220; x_wconf 90' lang='lat' dir='ltr'>1ei</span> <span class='ocrx_word' id='word_1_339' title='bbox 1468 1188 1592 1220; x_wconf 87' lang='lat' dir='ltr'>vineam</span> <span class='ocrx_word' id='word_1_340' title='bbox 1615 1193 1701 1220; x_wconf 79' lang='lat' dir='ltr'>extia</span> 
     </span>
     <span class='ocr_line' id='line_1_73' title="bbox 957 1240 1702 1281; baseline 0.003 -9"><span class='ocrx_word' id='word_1_341' title='bbox 957 1241 1080 1272; x_wconf 83' lang='lat' dir='ltr'>Portam</span> <span class='ocrx_word' id='word_1_342' title='bbox 1106 1240 1293 1272; x_wconf 85' lang='lat' dir='ltr'>Flaminiam</span> <span class='ocrx_word' id='word_1_343' title='bbox 1319 1240 1419 1273; x_wconf 88' lang='lat' dir='ltr'>dictae</span> <span class='ocrx_word' id='word_1_344' title='bbox 1445 1241 1554 1281; x_wconf 83' lang='lat' dir='ltr'>Uthis,</span> <span class='ocrx_word' id='word_1_345' title='bbox 1578 1241 1611 1273; x_wconf 89' lang='lat' dir='ltr'>in</span> <span class='ocrx_word' id='word_1_346' title='bbox 1635 1242 1702 1274; x_wconf 88' lang='lat' dir='ltr'>loco</span> 
     </span>
     <span class='ocr_line' id='line_1_74' title="bbox 957 1293 1702 1336; baseline 0.001 -11"><span class='ocrx_word' id='word_1_347' title='bbox 957 1293 1096 1325; x_wconf 63' lang='lat' dir='ltr'>Pesamlz·</span> <span class='ocrx_word' id='word_1_348' title='bbox 1120 1298 1302 1335; x_wconf 87' lang='lat' dir='ltr'>nuncupato</span> <span class='ocrx_word' id='word_1_349' title='bbox 1327 1293 1418 1325; x_wconf 87' lang='lat' dir='ltr'>sitam</span> <span class='ocrx_word' id='word_1_350' title='bbox 1438 1320 1444 1333; x_wconf 91' lang='lat'><strong>‚</strong></span> <span class='ocrx_word' id='word_1_351' title='bbox 1471 1304 1550 1336; x_wconf 91' lang='lat' dir='ltr'>quae</span> <span class='ocrx_word' id='word_1_352' title='bbox 1575 1294 1614 1326; x_wconf 88' lang='lat' dir='ltr'>ab</span> <span class='ocrx_word' id='word_1_353' title='bbox 1638 1304 1702 1327; x_wconf 92' lang='lat' dir='ltr'>uno</span> 
     </span>
     <span class='ocr_line' id='line_1_75' title="bbox 960 1345 1702 1385; baseline 0.004 -8"><span class='ocrx_word' id='word_1_354' title='bbox 960 1345 1145 1377; x_wconf 70' lang='lat' dir='ltr'>bernardini</span> <span class='ocrx_word' id='word_1_355' title='bbox 1172 1346 1305 1385; x_wconf 86' lang='lat' dir='ltr'>Piscina,</span> <span class='ocrx_word' id='word_1_356' title='bbox 1329 1351 1360 1378; x_wconf 88' lang='lat' dir='ltr'>et</span> <span class='ocrx_word' id='word_1_357' title='bbox 1384 1346 1423 1378; x_wconf 85' lang='lat' dir='ltr'>ab</span> <span class='ocrx_word' id='word_1_358' title='bbox 1447 1347 1508 1379; x_wconf 89' lang='lat' dir='ltr'>alio</span> <span class='ocrx_word' id='word_1_359' title='bbox 1533 1347 1609 1379; x_wconf 91' lang='lat' dir='ltr'>civis</span> <span class='ocrx_word' id='word_1_360' title='bbox 1621 1347 1702 1380; x_wconf 85' lang='lat' dir='ltr'>Fon-</span> 
     </span>
     <span class='ocr_line' id='line_1_76' title="bbox 962 1398 1705 1441; baseline 0.004 -12"><span class='ocrx_word' id='word_1_361' title='bbox 962 1398 1064 1430; x_wconf 81' lang='lat' dir='ltr'>tanelli</span> <span class='ocrx_word' id='word_1_362' title='bbox 1091 1398 1276 1430; x_wconf 83' lang='lat' dir='ltr'>Urbinaten.</span> <span class='ocrx_word' id='word_1_363' title='bbox 1302 1398 1487 1431; x_wconf 86' lang='lat' dir='ltr'>dilectorum</span> <span class='ocrx_word' id='word_1_364' title='bbox 1513 1399 1662 1441; x_wconf 86' lang='lat' dir='ltr'>ssli0rum,</span> <span class='ocrx_word' id='word_1_365' title='bbox 1686 1411 1705 1433; x_wconf 86' lang='lat' dir='ltr'>a</span> 
     </span>
     <span class='ocr_line' id='line_1_77' title="bbox 961 1450 1705 1493; baseline 0.004 -11"><span class='ocrx_word' id='word_1_366' title='bbox 961 1450 1090 1493; x_wconf 79' lang='lat' dir='ltr'>reliquis</span> <span class='ocrx_word' id='word_1_367' title='bbox 1126 1460 1199 1482; x_wconf 90' lang='lat' dir='ltr'>vero</span> <span class='ocrx_word' id='word_1_368' title='bbox 1224 1451 1346 1483; x_wconf 88' lang='lat' dir='ltr'>duobus</span> <span class='ocrx_word' id='word_1_369' title='bbox 1370 1452 1521 1484; x_wconf 87' lang='lat' dir='ltr'>lateribus</span> <span class='ocrx_word' id='word_1_370' title='bbox 1546 1452 1620 1485; x_wconf 87' lang='lat' dir='ltr'>dicti</span> <span class='ocrx_word' id='word_1_371' title='bbox 1647 1453 1705 1485; x_wconf 80' lang='lat' dir='ltr'>Pe-</span> 
     </span>
     <span class='ocr_line' id='line_1_78' title="bbox 960 1503 1705 1547; baseline 0.004 -13"><span class='ocrx_word' id='word_1_372' title='bbox 960 1503 1051 1535; x_wconf 70' lang='lat' dir='ltr'>saioli</span> <span class='ocrx_word' id='word_1_373' title='bbox 1086 1508 1116 1535; x_wconf 86' lang='lat' dir='ltr'>et</span> <span class='ocrx_word' id='word_1_374' title='bbox 1151 1503 1262 1535; x_wconf 85' lang='lat' dir='ltr'>Portae</span> <span class='ocrx_word' id='word_1_375' title='bbox 1295 1503 1464 1536; x_wconf 84' lang='lat' dir='ltr'>Pincianae</span> <span class='ocrx_word' id='word_1_376' title='bbox 1488 1504 1546 1537; x_wconf 89' lang='lat' dir='ltr'>viis</span> <span class='ocrx_word' id='word_1_377' title='bbox 1571 1505 1705 1547; x_wconf 86' lang='lat' dir='ltr'>publicis</span> 
     </span>
     <span class='ocr_line' id='line_1_79' title="bbox 962 1556 1706 1599; baseline 0 -10"><span class='ocrx_word' id='word_1_378' title='bbox 962 1556 1161 1595; x_wconf 86' lang='lat' dir='ltr'>terminatur,</span> <span class='ocrx_word' id='word_1_379' title='bbox 1185 1560 1215 1588; x_wconf 85' lang='lat' dir='ltr'>et</span> <span class='ocrx_word' id='word_1_380' title='bbox 1240 1556 1279 1588; x_wconf 90' lang='lat' dir='ltr'>ad</span> <span class='ocrx_word' id='word_1_381' title='bbox 1296 1556 1457 1589; x_wconf 86' lang='lat' dir='ltr'>Camcram</span> <span class='ocrx_word' id='word_1_382' title='bbox 1472 1561 1611 1589; x_wconf 87' lang='lat' dir='ltr'>nostram</span> <span class='ocrx_word' id='word_1_383' title='bbox 1626 1558 1706 1599; x_wconf 90' lang='lat' dir='ltr'>Apo-</span> 
     </span>
     <span class='ocr_line' id='line_1_80' title="bbox 963 1608 1708 1652; baseline 0 -11"><span class='ocrx_word' id='word_1_384' title='bbox 963 1609 1104 1642; x_wconf 86' lang='lat' dir='ltr'>stolicam</span> <span class='ocrx_word' id='word_1_385' title='bbox 1130 1614 1259 1651; x_wconf 87' lang='lat' dir='ltr'>spectat,</span> <span class='ocrx_word' id='word_1_386' title='bbox 1285 1609 1324 1640; x_wconf 88' lang='lat' dir='ltr'>ab</span> <span class='ocrx_word' id='word_1_387' title='bbox 1348 1619 1447 1651; x_wconf 87' lang='lat' dir='ltr'>eaque</span> <span class='ocrx_word' id='word_1_388' title='bbox 1472 1608 1551 1641; x_wconf 87' lang='lat' dir='ltr'>iuste</span> <span class='ocrx_word' id='word_1_389' title='bbox 1569 1609 1708 1652; x_wconf 87' lang='lat' dir='ltr'>posside-</span> 
     </span>
     <span class='ocr_line' id='line_1_81' title="bbox 965 1662 1707 1705; baseline -0.003 -10"><span class='ocrx_word' id='word_1_390' title='bbox 965 1669 1024 1703; x_wconf 87' lang='lat' dir='ltr'>tur,</span> <span class='ocrx_word' id='word_1_391' title='bbox 1042 1668 1255 1705; x_wconf 87' lang='lat' dir='ltr'>opportunam</span> <span class='ocrx_word' id='word_1_392' title='bbox 1272 1662 1500 1701; x_wconf 49' lang='lat' dir='ltr'>existimante&amp;</span> <span class='ocrx_word' id='word_1_393' title='bbox 1518 1662 1707 1704; x_wconf 85' lang='lat' dir='ltr'>dictorumq.</span> 
     </span>
     <span class='ocr_line' id='line_1_82' title="bbox 964 1714 1707 1758; baseline -0.004 -9"><span class='ocrx_word' id='word_1_394' title='bbox 964 1716 1316 1758; x_wconf 89' lang='lat' dir='ltr'>scholarium,quorum</span> <span class='ocrx_word' id='word_1_395' title='bbox 1341 1725 1405 1747; x_wconf 93' lang='lat' dir='ltr'>non</span> <span class='ocrx_word' id='word_1_396' title='bbox 1430 1715 1534 1747; x_wconf 86' lang='lat' dir='ltr'>minus</span> <span class='ocrx_word' id='word_1_397' title='bbox 1558 1714 1707 1758; x_wconf 88' lang='lat' dir='ltr'>pietatem</span> 
     </span>
     <span class='ocr_line' id='line_1_83' title="bbox 964 1768 1711 1811; baseline -0.005 -7"><span class='ocrx_word' id='word_1_398' title='bbox 964 1776 992 1804; x_wconf 88' lang='lat' dir='ltr'>et</span> <span class='ocrx_word' id='word_1_399' title='bbox 1019 1780 1094 1811; x_wconf 79' lang='lat' dir='ltr'>erga</span> <span class='ocrx_word' id='word_1_400' title='bbox 1119 1769 1218 1801; x_wconf 87' lang='lat' dir='ltr'>bonas</span> <span class='ocrx_word' id='word_1_401' title='bbox 1242 1774 1325 1800; x_wconf 87' lang='lat' dir='ltr'>artes</span> <span class='ocrx_word' id='word_1_402' title='bbox 1350 1779 1491 1801; x_wconf 88' lang='lat' dir='ltr'>amorem</span> <span class='ocrx_word' id='word_1_403' title='bbox 1516 1768 1711 1800; x_wconf 85' lang='lat' dir='ltr'>studiorum-</span> 
     </span>
     <span class='ocr_line' id='line_1_84' title="bbox 965 1822 1711 1868; baseline -0.003 -11"><span class='ocrx_word' id='word_1_404' title='bbox 965 1835 1026 1868; x_wconf 89' lang='lat' dir='ltr'>que</span> <span class='ocrx_word' id='word_1_405' title='bbox 1061 1822 1270 1865; x_wconf 86' lang='lat' dir='ltr'>frequentiam</span> <span class='ocrx_word' id='word_1_406' title='bbox 1306 1822 1338 1854; x_wconf 87' lang='lat' dir='ltr'>in</span> <span class='ocrx_word' id='word_1_407' title='bbox 1374 1822 1440 1854; x_wconf 89' lang='lat' dir='ltr'>dies</span> <span class='ocrx_word' id='word_1_408' title='bbox 1475 1823 1576 1865; x_wconf 75' lang='lat' dir='ltr'>magis</span> <span class='ocrx_word' id='word_1_409' title='bbox 1600 1823 1711 1865; x_wconf 80' lang='lat' dir='ltr'>augeri</span> 
     </span>
     <span class='ocr_line' id='line_1_85' title="bbox 967 1874 1709 1918; baseline -0.005 -7"><span class='ocrx_word' id='word_1_410' title='bbox 967 1888 1090 1911; x_wconf 85' lang='lat' dir='ltr'>summa</span> <span class='ocrx_word' id='word_1_411' title='bbox 1107 1887 1178 1909; x_wconf 88' lang='lat' dir='ltr'>cum</span> <span class='ocrx_word' id='word_1_412' title='bbox 1196 1876 1295 1908; x_wconf 85' lang='lat' dir='ltr'>animi</span> <span class='ocrx_word' id='word_1_413' title='bbox 1312 1877 1470 1918; x_wconf 86' lang='lat' dir='ltr'>voluptate</span> <span class='ocrx_word' id='word_1_414' title='bbox 1488 1874 1709 1917; x_wconf 84' lang='lat' dir='ltr'>conspicimus,</span> 
     </span>
     <span class='ocr_line' id='line_1_86' title="bbox 967 1928 1710 1963; baseline -0.004 0"><span class='ocrx_word' id='word_1_415' title='bbox 967 1936 996 1963; x_wconf 86' lang='lat' dir='ltr'>et</span> <span class='ocrx_word' id='word_1_416' title='bbox 1043 1929 1259 1962; x_wconf 86' lang='lat' dir='ltr'>commoditati</span> <span class='ocrx_word' id='word_1_417' title='bbox 1306 1933 1337 1961; x_wconf 87' lang='lat' dir='ltr'>et</span> <span class='ocrx_word' id='word_1_418' title='bbox 1372 1929 1521 1961; x_wconf 86' lang='lat' dir='ltr'>honestae</span> <span class='ocrx_word' id='word_1_419' title='bbox 1559 1928 1710 1961; x_wconf 84' lang='lat' dir='ltr'>hilaritati</span> 
     </span>
     <span class='ocr_line' id='line_1_87' title="bbox 969 1980 1710 2026; baseline -0.003 -12"><span class='ocrx_word' id='word_1_420' title='bbox 969 1982 1147 2026; x_wconf 84' lang='lat' dir='ltr'>prospicere</span> <span class='ocrx_word' id='word_1_421' title='bbox 1182 1982 1339 2020; x_wconf 87' lang='lat' dir='ltr'>volentes;</span> <span class='ocrx_word' id='word_1_422' title='bbox 1365 1991 1486 2012; x_wconf 83' lang='lat' dir='ltr'>necnon</span> <span class='ocrx_word' id='word_1_423' title='bbox 1523 1980 1650 2013; x_wconf 76' lang='lat' dir='ltr'>dilectos</span> <span class='ocrx_word' id='word_1_424' title='bbox 1674 1981 1710 2012; x_wconf 87' lang='lat' dir='ltr'>fi-</span> 
     </span>
     <span class='ocr_line' id='line_1_88' title="bbox 968 2032 1711 2074; baseline -0.003 -7"><span class='ocrx_word' id='word_1_425' title='bbox 968 2035 1023 2067; x_wconf 89' lang='lat' dir='ltr'>lios</span> <span class='ocrx_word' id='word_1_426' title='bbox 1048 2033 1216 2066; x_wconf 85' lang='lat' dir='ltr'>modernos</span> <span class='ocrx_word' id='word_1_427' title='bbox 1241 2033 1315 2065; x_wconf 84' lang='lat' dir='ltr'>dicti</span> <span class='ocrx_word' id='word_1_428' title='bbox 1341 2032 1461 2074; x_wconf 66' lang='lat' dir='ltr'>collegii</span> <span class='ocrx_word' id='word_1_429' title='bbox 1501 2038 1655 2065; x_wconf 86' lang='lat' dir='ltr'>rectorem</span> <span class='ocrx_word' id='word_1_430' title='bbox 1680 2038 1711 2065; x_wconf 90' lang='lat' dir='ltr'>et</span> 
     </span>
     <span class='ocr_line' id='line_1_89' title="bbox 968 2085 1711 2128; baseline -0.001 -8"><span class='ocrx_word' id='word_1_431' title='bbox 968 2087 1257 2120; x_wconf 85' lang='lat' dir='ltr'>administratorem</span> <span class='ocrx_word' id='word_1_432' title='bbox 1293 2096 1329 2118; x_wconf 90' lang='lat' dir='ltr'>ac</span> <span class='ocrx_word' id='word_1_433' title='bbox 1353 2086 1510 2117; x_wconf 84' lang='lat' dir='ltr'>scholares</span> <span class='ocrx_word' id='word_1_434' title='bbox 1535 2085 1711 2128; x_wconf 86' lang='lat' dir='ltr'>praedictos</span> 
     </span>
     <span class='ocr_line' id='line_1_90' title="bbox 968 2138 1712 2181; baseline -0.001 -9"><span class='ocrx_word' id='word_1_435' title='bbox 968 2152 1003 2172; x_wconf 86' lang='lat' dir='ltr'>ac</span> <span class='ocrx_word' id='word_1_436' title='bbox 1038 2139 1174 2181; x_wconf 75' lang='lat' dir='ltr'>singulas</span> <span class='ocrx_word' id='word_1_437' title='bbox 1210 2138 1349 2171; x_wconf 86' lang='lat' dir='ltr'>eiusdem</span> <span class='ocrx_word' id='word_1_438' title='bbox 1375 2138 1495 2179; x_wconf 71' lang='lat' dir='ltr'>collegii</span> <span class='ocrx_word' id='word_1_439' title='bbox 1520 2149 1669 2180; x_wconf 89' lang='lat' dir='ltr'>personas</span> <span class='ocrx_word' id='word_1_440' title='bbox 1693 2149 1712 2171; x_wconf 88' lang='lat' dir='ltr'>a</span> 
     </span>
     <span class='ocr_line' id='line_1_91' title="bbox 968 2190 1712 2236; baseline -0.003 -11"><span class='ocrx_word' id='word_1_441' title='bbox 968 2192 1130 2236; x_wconf 85' lang='lat' dir='ltr'>quibusvis</span> <span class='ocrx_word' id='word_1_442' title='bbox 1154 2190 1508 2227; x_wconf 78' lang='lat' dir='ltr'>excommunicationis,</span> <span class='ocrx_word' id='word_1_443' title='bbox 1533 2191 1712 2233; x_wconf 86' lang='lat' dir='ltr'>suspensio-</span> 
     </span>
     <span class='ocr_line' id='line_1_92' title="bbox 969 2242 1712 2284; baseline -0.003 -6"><span class='ocrx_word' id='word_1_444' title='bbox 969 2247 1017 2278; x_wconf 89' lang='lat' dir='ltr'>nis</span> <span class='ocrx_word' id='word_1_445' title='bbox 1041 2251 1071 2278; x_wconf 83' lang='lat' dir='ltr'>et</span> <span class='ocrx_word' id='word_1_446' title='bbox 1084 2244 1243 2277; x_wconf 78' lang='lat' dir='ltr'>interdicti</span> <span class='ocrx_word' id='word_1_447' title='bbox 1261 2243 1391 2284; x_wconf 79' lang='lat' dir='ltr'>aliisque</span> <span class='ocrx_word' id='word_1_448' title='bbox 1406 2242 1623 2275; x_wconf 75' lang='lat' dir='ltr'>ecclesiasticis</span> <span class='ocrx_word' id='word_1_449' title='bbox 1641 2253 1712 2276; x_wconf 88' lang='lat' dir='ltr'>sen-</span> 
     </span>
     <span class='ocr_line' id='line_1_93' title="bbox 970 2294 1713 2336; baseline -0.008 -3"><span class='ocrx_word' id='word_1_450' title='bbox 970 2299 1085 2334; x_wconf 79' lang='lat' dir='ltr'>tentiis.</span> <span class='ocrx_word' id='word_1_451' title='bbox 1111 2296 1252 2329; x_wconf 82' lang='lat' dir='ltr'>censuris</span> <span class='ocrx_word' id='word_1_452' title='bbox 1277 2300 1303 2326; x_wconf 88' lang='lat' dir='ltr'>et</span> <span class='ocrx_word' id='word_1_453' title='bbox 1330 2294 1450 2336; x_wconf 84' lang='lat' dir='ltr'>poenis,</span> <span class='ocrx_word' id='word_1_454' title='bbox 1476 2305 1493 2326; x_wconf 88' lang='lat' dir='ltr'>a</span> <span class='ocrx_word' id='word_1_455' title='bbox 1518 2294 1586 2327; x_wconf 88' lang='lat' dir='ltr'>iure</span> <span class='ocrx_word' id='word_1_456' title='bbox 1611 2296 1657 2327; x_wconf 88' lang='lat' dir='ltr'>vel</span> <span class='ocrx_word' id='word_1_457' title='bbox 1673 2295 1713 2327; x_wconf 80' lang='lat' dir='ltr'>al)</span> 
     </span>
     <span class='ocr_line' id='line_1_94' title="bbox 971 2347 1713 2392; baseline -0.004 -8"><span class='ocrx_word' id='word_1_458' title='bbox 971 2352 1108 2389; x_wconf 84' lang='lat' dir='ltr'>homine,</span> <span class='ocrx_word' id='word_1_459' title='bbox 1133 2349 1245 2392; x_wconf 74' lang='lat' dir='ltr'>quavis</span> <span class='ocrx_word' id='word_1_460' title='bbox 1269 2347 1432 2379; x_wconf 81' lang='lat' dir='ltr'>occasione</span> <span class='ocrx_word' id='word_1_461' title='bbox 1457 2347 1501 2379; x_wconf 81' lang='lat' dir='ltr'>vel</span> <span class='ocrx_word' id='word_1_462' title='bbox 1515 2358 1619 2388; x_wconf 86' lang='lat' dir='ltr'>causa,</span> <span class='ocrx_word' id='word_1_463' title='bbox 1633 2349 1713 2389; x_wconf 85' lang='lat' dir='ltr'>latis,</span> 
     </span>
     <span class='ocr_line' id='line_1_95' title="bbox 971 2399 1713 2446; baseline -0.004 -10"><span class='ocrx_word' id='word_1_464' title='bbox 971 2405 994 2437; x_wconf 85' lang='lat' dir='ltr'>si</span> <span class='ocrx_word' id='word_1_465' title='bbox 1013 2403 1128 2446; x_wconf 82' lang='lat' dir='ltr'>quibus</span> <span class='ocrx_word' id='word_1_466' title='bbox 1142 2399 1373 2444; x_wconf 84' lang='lat' dir='ltr'>quomodolibet</span> <span class='ocrx_word' id='word_1_467' title='bbox 1384 2399 1551 2431; x_wconf 84' lang='lat' dir='ltr'>innodatae</span> <span class='ocrx_word' id='word_1_468' title='bbox 1565 2401 1713 2441; x_wconf 81' lang='lat' dir='ltr'>existunt,</span> 
     </span>
     <span class='ocr_line' id='line_1_96' title="bbox 971 2451 1713 2494; baseline -0.004 -5"><span class='ocrx_word' id='word_1_469' title='bbox 971 2458 1011 2489; x_wconf 87' lang='lat' dir='ltr'>ad</span> <span class='ocrx_word' id='word_1_470' title='bbox 1035 2456 1181 2489; x_wconf 76' lang='lat' dir='ltr'>affectum</span> <span class='ocrx_word' id='word_1_471' title='bbox 1218 2451 1431 2494; x_wconf 81' lang='lat' dir='ltr'>praesentium</span> <span class='ocrx_word' id='word_1_472' title='bbox 1456 2451 1614 2485; x_wconf 81' lang='lat' dir='ltr'>dumtaxat</span> <span class='ocrx_word' id='word_1_473' title='bbox 1640 2464 1713 2486; x_wconf 91' lang='lat' dir='ltr'>con-</span> 
     </span>
     <span class='ocr_line' id='line_1_97' title="bbox 971 2503 1714 2553; baseline -0.007 -10"><span class='ocrx_word' id='word_1_474' title='bbox 971 2509 1164 2553; x_wconf 82' lang='lat' dir='ltr'>sequendum</span> <span class='ocrx_word' id='word_1_475' title='bbox 1179 2533 1186 2543; x_wconf 79' lang='grc'><em>,</em></span> <span class='ocrx_word' id='word_1_476' title='bbox 1211 2506 1324 2537; x_wconf 88' lang='lat' dir='ltr'>harum</span> <span class='ocrx_word' id='word_1_477' title='bbox 1361 2503 1441 2536; x_wconf 87' lang='lat' dir='ltr'>serie</span> <span class='ocrx_word' id='word_1_478' title='bbox 1465 2504 1659 2538; x_wconf 78' lang='lat' dir='ltr'>absolventes</span> <span class='ocrx_word' id='word_1_479' title='bbox 1683 2510 1714 2538; x_wconf 85' lang='lat' dir='ltr'>et</span> 
     </span>
    </p>
   </div>
   <div class='ocr_carea' id='block_1_22' title="bbox 971 2558 1708 2645">
    <p class='ocr_par' dir='ltr' id='par_1_28' title="bbox 971 2558 1708 2645">
     <span class='ocr_line' id='line_1_98' title="bbox 971 2558 1708 2602; baseline -0.007 -7"><span class='ocrx_word' id='word_1_480' title='bbox 971 2563 1129 2595; x_wconf 83' lang='lat' dir='ltr'>absolutas</span> <span class='ocrx_word' id='word_1_481' title='bbox 1152 2560 1217 2591; x_wconf 86' lang='lat' dir='ltr'>sore</span> <span class='ocrx_word' id='word_1_482' title='bbox 1241 2562 1417 2597; x_wconf 74' lang='lat' dir='ltr'>consentes,</span> <span class='ocrx_word' id='word_1_483' title='bbox 1443 2563 1528 2590; x_wconf 87' lang='lat' dir='ltr'>motu</span> <span class='ocrx_word' id='word_1_484' title='bbox 1554 2558 1683 2602; x_wconf 89' lang='lat' dir='ltr'>proprio</span> <span class='ocrx_word' id='word_1_485' title='bbox 1701 2585 1708 2598; x_wconf 90' lang='lat'>,</span> 
     </span>
     <span class='ocr_line' id='line_1_99' title="bbox 1008 2610 1537 2645; baseline -0.006 -5"><span class='ocrx_word' id='word_1_486' title='bbox 1008 2617 1019 2640; x_wconf 94' lang='lat' dir='ltr'>l</span> <span class='ocrx_word' id='word_1_487' title='bbox 1040 2614 1081 2640; x_wconf 86' lang='lat' dir='ltr'>Ex</span> <span class='ocrx_word' id='word_1_488' title='bbox 1101 2613 1211 2645; x_wconf 73' lang='lat' dir='ltr'>Regest.</span> <span class='ocrx_word' id='word_1_489' title='bbox 1231 2611 1258 2635; x_wconf 92' lang='grc'>111</span> <span class='ocrx_word' id='word_1_490' title='bbox 1278 2610 1379 2637; x_wconf 75' lang='lat' dir='ltr'>Secret.</span> <span class='ocrx_word' id='word_1_491' title='bbox 1401 2611 1537 2637; x_wconf 78' lang='lat' dir='ltr'>Brevium.</span> 
     </span>
    </p>
   </div>
   <div class='ocr_carea' id='block_1_23' title="bbox 1712 1191 1902 1269">
    <p class='ocr_par' dir='ltr' id='par_1_29' title="bbox 1712 1191 1902 1269">
     <span class='ocr_line' id='line_1_100' title="bbox 1712 1191 1902 1236; baseline -0.016 -25"><span class='ocrx_word' id='word_1_492' title='bbox 1712 1191 1843 1236; x_wconf 36' lang='grc' dir='ltr'>ἲΤῐ1118κ11-Η11ιιΔ</span> <span class='ocrx_word' id='word_1_493' title='bbox 1858 1196 1902 1215; x_wconf 72' lang='lat' dir='ltr'>qna</span> 
     </span>
     <span class='ocr_line' id='line_1_101' title="bbox 1713 1219 1887 1264; baseline -0.007 -26.94"><span class='ocrx_word' id='word_1_494' title='bbox 1713 1219 1735 1237; x_wconf 83' lang='lat' dir='ltr'>in</span> <span class='ocrx_word' id='word_1_495' title='bbox 1757 1219 1800 1236; x_wconf 89' lang='grc'>1111111</span> <span class='ocrx_word' id='word_1_496' title='bbox 1848 1220 1887 1264; x_wconf 48' lang='grc' dir='ltr'>λ13111</span> 
     </span>
     <span class='ocr_line' id='line_1_102' title="bbox 1713 1246 1832 1269; baseline 0.009 -6"><span class='ocrx_word' id='word_1_497' title='bbox 1713 1248 1750 1264; x_wconf 75' lang='lat' dir='ltr'>nat</span> <span class='ocrx_word' id='word_1_498' title='bbox 1766 1246 1800 1264; x_wconf 70' lang='lat' dir='ltr'>ur</span> <span class='ocrx_word' id='word_1_499' title='bbox 1795 1252 1832 1269; x_wconf 74' lang='grc'>511</span> 
     </span>
    </p>
   </div>
  </div>
 </body>
</html>
