2059 3228
84 194 182 236 An-,C-
201 196 266 226 1587
327 187 390 220 058
878 193 1058 218 numanum
1077 193 1227 219 ROMANt'M
1833 200 1885 229 An.
1901 201 1929 230 c,
1948 201 2012 232 1587

281 259 376 287 rum,
413 246 466 279 sed
497 244 786 289 congregationum
817 250 873 279 aut
905 245 1026 280 diaeta·
1069 257 1103 280 se
1123 246 1236 280 divinis
1264 247 1426 292 obsequiis
1455 249 1514 282 sub
1540 251 1678 294 regulari
1704 252 2012 297 habitucorrimornniurin

280 312 351 333 rum
378 301 423 333 rel
444 300 507 332 alio
523 299 637 343 quovis
655 299 786 333 nomine
800 299 847 333 uti
860 300 1026 344 reperian-
1069 299 1187 341 dicare,
1209 306 1241 334 ut
1263 301 1294 334 in
1319 301 1381 335 hoc
1401 312 1528 346 quoque
1549 303 1638 338 Sedis
1659 306 1818 349 Apostoli·
1833 293 1958 352 ζὶξόξζῗζῖζ
1971 303 2013 348 „32
2029 313 2030 321 ¹

279 359 342 386 tur.
1068 364 1124 387 cae
1157 354 1339 398 benignitas
1368 356 1537 396 elucescat,
1566 368 1648 401 quae
1684 365 1817 393 cunctos
1831 346 2028 417 {222¹J2’Hb2'229'2i

321 407 335 449 ξ
360 406 411 439 12.
431 406 522 446 Quod
534 412 642 440 autem
654 406 843 449 pertinetad
854 407 1025 452 professio·
1067 408 1230 448 mortales,
1252 409 1439 452 praesertim
1457 420 1532 443 vero
1552 415 1676 444 exteros
1696 423 1731 445 ex
1744 413 1816 446 lon·
1830 418 1919 445 pressis-

105 477 172 497 prima
188 477 261 497 mn-
278 470 362 499 nem,
386 459 704 503 tamillegitimorum
719 471 815 504 quam
837 471 949 494 eorum
968 461 1023 504 qui
1065 460 1194 505 ginquis
1220 461 1409 504 regionibus
1438 462 1478 495 ad
1498 473 1567 496 eam
1589 463 1716 498 assidue
1737 476 1816 499 eon-

77 512 203 561 ,ζζίξζζζηᾞῗ
218 509 260 560 Ἓ
276 518 347 556 post
375 513 536 546 sexdecim
562 513 673 546 aetatis
702 524 823 546 annum
845 514 1020 558 expletum,
1065 514 1212 555 fluentes,
1234 520 1381 549 materno
1405 515 1478 549 sinu
1500 516 1816 561 libenteran'iplecti-

75 570 240 597 protessiouem·
275 566 458 608 regularem
495 566 642 600 habitum
676 573 908 611 susceperunt,
946 567 1022 611 quia
1066 573 1130 607 tur,
1149 568 1311 601 sancimus
1332 574 1456 602 exteros
1475 569 1663 603 huiusmodi
1680 575 1710 603 et
1721 571 1815 605 adve-

274 624 349 652 tune
370 620 500 652 demum
523 630 596 653 vere
616 626 647 654 et
666 620 797 664 proprie
818 621 957 664 religiosi
975 622 1020 654 ef-
1063 631 1130 662 nas,
1154 621 1301 665 quamvis
1321 632 1386 655 non
1414 622 1539 666 liquido
1566 629 1690 657 constet
1714 623 1752 658 de
1777 624 1816 658 iis

272 672 323 705 tici
342 673 508 713 dicuntur,
521 685 595 707 cum
610 674 843 718 professionem
856 675 1018 715 emittunt.;
1040 679 1043 708 Ι
1062 674 1214 708 omnibus
1229 685 1312 719 quae
1330 674 1363 708 in
1383 675 1614 710 constitutione
1634 682 1743 710 nostra
1762 688 1814 712 re-

270 725 473 760 (leclaramus
498 738 553 760 eos
570 727 625 771 qui
645 733 720 761 ante
740 728 937 772 praedictam
961 739 1019 762 no-
1039 713 1042 755 Ι
1061 728 1250 771 quiruntur‚
1272 733 1379 762 tamen
1407 729 1442 770 si,
1468 730 1636 773 diligentia
1655 731 1811 772 adhibita,

269 785 367 813 stram
388 780 506 814 editam
527 781 789 816 constitutionem
802 782 947 815 habitum
963 793 1018 815 su·
1061 781 1141 814 nihil
1161 783 1416 826 appareatquod
1432 793 1487 816 eos
1508 782 1674 828 impediat,
1688 784 1813 818 habiles
1967 770 2003 838 'j

267 833 440 878 sceperint‚
465 839 495 868 et
513 840 583 879 post
605 835 707 879 ipsius
722 837 1017 880 promulgationem
1060 835 1260 879 reputandos
1280 846 1360 869 esse.
1989 844 2002 875 ξ

268 887 404 931 eupiunt
431 888 590 932 profiteri,
611 899 677 922 uon
693 890 770 922 alias
791 890 829 923 ad
845 890 1018 934 professio-
1103 890 1118 932 ἓ
1143 888 1198 922 16.
1226 889 1318 929 Quod
1342 890 1367 923 si
1389 890 1462 933 quis
1479 896 1552 924 ante
1572 891 1619 924 vel
1639 897 1712 935 post
1731 902 1809 925 con·
1838 903 1956 927 neniarum
1968 874 2011 941 a}

266 951 341 974 nem
357 941 571 975 admittendos
591 953 671 981 esse,
690 954 787 986 quam
809 944 891 976 faeta
912 943 1017 988 inqui-
1058 942 1259 977 stitutionem
1287 943 1389 987 ipsam
1419 944 1594 988 professus,
1629 945 1669 977 ad
1702 955 1810 980 sacros
1823 940 1979 994 ξζξιζῖζωοῖ,

265 994 394 1035 sitione,
417 1000 448 1028 et
471 1001 594 1029 servata
623 997 726 1030 forma
752 997 783 1029 in
806 997 874 1041 ipsa
899 997 1015 1031 consti·
1058 996 1189 1030 ordines
1208 997 1257 1030 vel
1277 998 1317 1030 ad
1338 998 1488 1039 honores,
1512 998 1630 1041 gradus
1650 1003 1681 1032 et
1704 999 1809 1042 digni-
1822 1000 2010 1053 :iiiiiiingissr'{

265 1048 389 1082 tutione
411 1049 627 1094 praescripta3
650 1055 680 1083 et
705 1061 831 1089 eorum,
859 1051 913 1095 qui
944 1058 1015 1096 post
1058 1056 1136 1084 tates
1153 1056 1322 1095 promotus
1342 1051 1466 1092 existat,
1492 1057 1524 1085 et
1548 1052 1755 1095 postmodum
1775 1052 1887 1097 inctjfm,
1902 1065 1937 1084 aaz
1955 1067 1966 1084 e
2013 1075 2015 1078 Α
2039 1060 2041 1081 ε

265 1101 380 1135 dictam
390 1103 694 1147 promulgationem,
706 1104 801 1137 etiam
816 1111 1011 1147 ignoranter,
1057 1115 1095 1137 eo
1118 1104 1273 1138 natalium
1289 1104 1449 1138 desectum
1462 1112 1516 1138 aut
1528 1105 1701 1138 criminum
1714 1105 1745 1139 in
1759 1105 1808 1138 di-
1824 1098 1983 1152 ffi'ffssmffl
2000 1148 2006 1150 ἡ
2038 1117 2041 1129 ¹

264 1165 329 1188 non
349 1155 457 1189 habita
478 1157 563 1190 dieta
583 1156 803 1201 inquisitione,
821 1165 852 1192 et
872 1169 934 1192 non
949 1171 1014 1192 ser·
1055 1163 1105 1191 cta
1127 1158 1487 1202 constitutionenosua
1507 1170 1732 1202 expressorum
1755 1170 1813 1193 no·
1970 1148 2005 1193 &³
2039 1170 2041 1183 ³

263 1214 334 1242 vata
353 1209 468 1251 forma,
490 1211 529 1244 ad
548 1211 780 1255 professionem
802 1213 930 1246 admissi
943 1213 1011 1247 fue-
1064 1217 1142 1251 tam,
1156 1223 1237 1255 quae
1250 1212 1591 1256 priusignorabantur,
1613 1213 1717 1256 detegi
1732 1223 1810 1246 con-
1980 1216 1984 1218 ’

263 1263 338 1304 rint,
359 1263 591 1307 professionem
607 1265 729 1298 nullius
744 1277 811 1299 esse
831 1267 958 1300 roboris
982 1274 1013 1301 et
1069 1265 1175 1309 iga-it,
1187 1266 1393 1299 decernimus
1403 1278 1476 1299 eun]
1487 1266 1687 1310 statim,pcst
1698 1266 1810 1300 huius-

263 1318 429 1351 momenti.
461 1318 494 1350 In
524 1318 639 1351 oblatis
663 1325 772 1352 autem
792 1326 819 1353 et
850 1322 1011 1355 conversis
1066 1320 1152 1353 modi
1172 1319 1315 1354 desectus
1334 1320 1479 1353 notitiam
1510 1320 1665 1361 habitam,
1695 1331 1761 1354 non
1780 1332 1811 1354 a·

261 1370 496 1414 professionem
517 1372 749 1414 emittentibus,
786 1374 860 1407 satis
891 1375 949 1407 erit
985 1375 1010 1408 si
1053 1373 1112 1406 lias
1139 1384 1237 1417 quam
1262 1373 1348 1407 iuxta
1372 1374 1508 1407 formam
1531 1373 1632 1417 ipsius
1652 1374 1810 1408 constitu-

262 1425 369 1469 quoad
391 1436 498 1459 mores
514 1431 544 1460 et
565 1431 681 1460 statum
701 1438 914 1472 personarum
942 1428 1009 1473 ipsa
1053 1427 1160 1467 tionis,
1205 1428 1245 1460 ad
1285 1428 1447 1468 honores,
1482 1427 1602 1469 gradus
1635 1432 1667 1461 et
1704 1427 1806 1471 digni-

260 1478 427 1523 inquisitio
448 1480 513 1513 fiat..
1052 1486 1142 1521 tates,
1163 1486 1219 1514 aut
1238 1482 1277 1514 ad
1299 1481 1522 1514 executionem
1537 1491 1705 1515 sacrorum
1719 1481 1808 1515 ordi-

304 1533 319 1577 ἓ
344 1533 397 1568 13.
425 1534 486 1568 Sed
513 1546 586 1568 curn
615 1535 727 1569 eadem
754 1538 835 1570 ratio
855 1537 957 1580 vigeat.
977 1538 1009 1571 in
1052 1546 1129 1568 num
1147 1535 1273 1568 admitti
1294 1535 1425 1568 debere.
1984 1574 2007 1585 ,‚

87 1604 107 1625 ς,
123 1604 244 1627 „emmo
261 1587 356 1621 tacita
375 1588 574 1632 professione
604 1589 788 1631 emittenda,
813 1602 894 1633 quae
925 1592 1008 1625 mili·
1097 1590 1112 1631 ἓ
1138 1588 1191 1622 17.
1218 1589 1336 1622 Contra
1365 1588 1559 1622 criminosos
1589 1599 1684 1630 vcro,
1723 1592 2010 1638 qu'O-neeianamq':
2037 1593 2041 1605 ⁸

61 1637 244 1658 ⁶⁶¹⁰³¹¹¹¹¹¹³²³¹²⁰¹
260 1646 304 1674 tat
324 1641 356 1674 in
377 1643 714 1685 expressa,statuimus
734 1644 819 1688 quod
834 1645 862 1676 in
877 1645 1008 1688 quibus-
1052 1653 1124 1675 rum
1156 1642 1313 1687 professio
1339 1643 1451 1676 eadem
1482 1641 1712 1676 constitutione
1746 1653 1806 1676 no·
1822 1637 1999 1658 m⁰d⁰d¹⁰⁸⁸
2037 1663 2039 1675 ι

60 1667 138 1688 tacitae
193 1667 200 1688 t
227 1679 244 1685 -
1028 1310 1034 1673 i
1820 1668 1901 1690 stitutio
1948 1671 1982 1689 nv·
1998 1670 2000 1680 ’
2037 1688 2039 1690 .
2058 1679 2059 1683 =

61 1698 129 1720 noun
153 1673 225 1694 mes
257 1694 305 1728 vis
321 1694 493 1729 Ordinibus
505 1701 534 1729 et
546 1696 778 1740 Religionibus,
795 1709 899 1743 neque
911 1701 1006 1733 etiam
1050 1702 1115 1729 stra
1136 1696 1228 1729 irrita
1246 1697 1442 1736 declaratur,
1470 1708 1507 1729 ΗΟ
1527 1702 1700 1740 propterea
1720 1696 1804 1730 iudi·
1819 1674 2004 1735 ιΊῑῐυῑηωωὲι»,
2037 1694 2039 1722 ⁴1

1976 655 2004 683 fig,

1977 689 2007 736 ἐξ,

257 1747 354 1782 tacita
373 1749 531 1793 professio
551 1752 1009 1796 quorumcumquereligioso·
1050 1750 1142 1783 cibus
1173 1755 1204 1783 et
1232 1750 1331 1783 curiis
1361 1750 1581 1783 saecularibus
1604 1749 1802 1794 procedendi
1819 1731 1890 1752 aedat.

257 1812 330 1835 rum
351 1801 460 1836 induci
488 1803 588 1846 possit
612 1814 671 1837 nec
696 1804 827 1838 inducta
847 1805 1008 1849 intelliga-

1050 1804 1182 1837 sacultas
1214 1803 1415 1841 conceditur,
1449 1809 1526 1836 tune
1552 1804 1683 1837 demum
1706 1803 1736 1836 id
1757 1804 1804 1837 lo-

257 1860 322 1896 tur,
340 1854 403 1889 nisi
428 1856 460 1888 in
485 1856 670 1902 receptione
687 1858 925 1892 constitutionis
946 1861 1008 1894 for·
1050 1868 1124 1891 cum
1146 1857 1266 1890 habere
1282 1858 1431 1890 volumus
1458 1862 1489 1889 et
1508 1867 1574 1890 non
1598 1856 1703 1891 aliter.
1725 1867 1800 1890 curn

256 1919 308 1943 ma
327 1916 449 1944 servata
469 1910 577 1944 fuerit.

1050 1911 1129 1945 actis
1159 1911 1297 1955 publicis
1322 1911 1500 1944 constiterit
1521 1911 1608 1955 ipsos
1628 1910 1752 1944 iudices
1772 1916 1804 1944 et

300 1963 392 2007 §Ma
430 1963 462 1998 Si
493 1965 565 2008 quis
597 1975 673 1999 vero
699 1971 773 1999 ante
798 1966 915 2000 editam
948 1978 1006 2001 no-

1050 1965 1174 1998 curiam
1188 1965 1387 1998 saecularem
1404 1969 1476 1998 ante
1494 1964 1732 2008 susceptionem
1751 1963 1807 1997 ha-

73 2029 103 2065 ι3.
121 2029 241 2083 υοοιιέηιῑο
257 2022 354 2050 stram
383 2017 645 2052 constitutionem
675 2019 737 2052 iam
765 2020 859 2053 tacite
886 2022 1008 2065 profes·
1048 2019 1135 2052 bitus
1151 2019 1190 2052 de
1211 2019 1281 2063 ipso
1302 2018 1438 2052 erimine
1458 2018 1609 2051 adversus
1630 2028 1683 2050 eos
1703 2027 1803 2050 accu-

58 2067 115 2082 εικῆ
134 2063 175 2082 vai
194 2062 241 2082 lta·-

59 2094 101 2112 ,ω
135 2098 241 2119 „wem
257 2082 322 2111 sus,
345 2082 493 2115 expresse
514 2073 624 2117 cupiat.
639 2073 798 2117 profiteri,
820 2075 867 2107 vel
889 2075 913 2107 si
935 2075 1007 2118 quis

58 2121 401 2179 ξὲζὲξζξζζῖζξῐὲξειῑμοειῑῑιία
420 2126 460 2158 ad
485 2137 577 2159 suam
601 2126 801 2170 Religionem
828 2128 934 2161 redire
957 2140 1007 2162 vo-

58 2185 156 2240 max
181 2185 242 2207 Reti—
258 2178 362 2219 luerit,
376 2178 540 2222 inquisitio
554 2184 585 2212 et
605 2180 708 2213 forma
729 2181 928 2225 praescripta
942 2193 1005 2216 non

1049 2073 1205 2106 sationem
1227 2072 1403 2116 suscepisse
1424 2072 1471 2105 vel
1488 2071 1732 2115 inquisitionem
1751 2070 1801 2103 in-

1049 2126 1200 2160 stituisse.

1104 2181 1119 2224 g
1138 2180 1191 2213 48.
1219 2179 1379 2221 Ceterum,
1402 2190 1482 2222 quae
1500 2190 1517 2212 a
1537 2178 1630 2212 nobis
1649 2177 1737 2212 circa
1755 2187 1806 2211 re·
1842 2186 1982 2223 ngr-»anuo
2009 2202 2011 2206 -
2036 2177 2057 2216 ’.ἶ

1048 2223 1183 2278 ligiosos
1199 2234 1283 2268 viros
1295 2234 1327 2267 in
1340 2234 1481 2278 praefata
1493 2232 1724 2267 constitutione
1733 2242 1805 2265 san·
1819 2219 1947 2273 Zifflffis,
2006 2250 2008 2256 ·

1048 2288 1113 2322 cita
1133 2293 1219 2329 sunt,
1238 2298 1275 2321 ea
1287 2298 1490 2332 nequaquam
1511 2287 1660 2320 volumus
1680 2284 1720 2318 ad
1733 2294 1803 2317 mo-

1049 2343 1151 2375 niales
1172 2352 1259 2375 nunc
1279 2341 1418 2374 extendit

1092 2392 1107 2435 ,ξ
1132 2390 1185 2424 19.
1213 2391 1390 2431 Postremo,
1414 2390 1490 2423 dum
1515 2387 1738 2422 interdicimus
1762 2396 1802 2419 ne

1049 2441 1121 2484 quis
1133 2440 1293 2484 regularis
1312 2439 1445 2473 alterius
1465 2437 1648 2482 provinciae
1670 2437 1754 2469 intra
1766 2445 1800 2468 a·
1829 2443 1860 2479 ⁴1.
1879 2439 2009 2471 vectu-w‘

1050 2491 1161 2534 liquod
1193 2490 1438 2529 monasterium,
1469 2489 1602 2522 domum
1622 2486 1671 2519 vel
1691 2485 1798 2518 locum
1814 2480 1872 2527 ,ἵζ’,ξξ
1886 2477 2013 2534 ¹¹:³53?ss

1049 2540 1171 2574 alienae
1198 2539 1394 2584 provinciae,
1419 2538 1513 2571 etiam
1545 2542 1708 2579 tamquam
1739 2535 1797 2567 ho-
1811 2537 1908 2589 2:23ng
1925 2538 2007 2574 vet,

1907 2574 2003 2610 ριονιιιῖ,

1049 2599 1133 2634 θροεῖ,
1157 2594 1187 2623 et
1207 2589 1247 2623 ad
1267 2588 1430 2640 modicum
1458 2593 1583 2631 tempus
1605 2584 1702 2628 recipi
1725 2592 1797 2626 pos·
1811 2599 1865 2621 ctae.

258 2232 317 2265 erit
337 2234 529 2274 necessaria,
552 2232 612 2266 nisi
632 2234 681 2267 vel
698 2234 735 2267 de
749 2235 904 2276 moribus,
921 2242 1005 2269 statu

257 2291 287 2317 et
313 2285 468 2329 qualitate
495 2297 665 2331 personae,
698 2288 745 2321 vel
775 2288 814 2322 de
831 2289 1006 2326 ,validitate

260 2338 360 2381 ipsius
387 2340 502 2374 tacitae
527 2340 736 2386 professionis
760 2342 919 2376 dubitatio
946 2344 1006 2378 ali-

259 2398 322 2430 qua
342 2388 476 2422 oriatur.

304 2437 318 2480 g
339 2437 392 2470 15.
419 2438 452 2471 ln
480 2438 517 2471 iis
538 2444 646 2473 autem
667 2440 734 2484 qni,
759 2441 791 2474 in
812 2441 891 2475 locis
912 2453 929 2475 a
950 2453 1007 2477 sua

68 2497 237 2518 madramen
260 2486 363 2527 patria
389 2487 574 2530 longissime
603 2489 735 2522 remotis
765 2491 929 2533 (legentes,
958 2493 1007 2525 vel

57 2529 244 2580 jgfflf··'¹2¹{ffi⁰:
261 2544 397 2575 quorum
420 2537 521 2579 patria
541 2537 580 2570 ab
602 2538 771 2572 haereticis
796 2540 842 2572 vel
874 2540 1008 2573 infideli-

57 2591 195 2617 τεεῑνιουιεε,
210 2591 245 2618 qut
261 2584 319 2617 bns
340 2584 454 2619 misere
474 2596 628 2631 oppressa
647 2587 820 2631 detinetur,
849 2589 1007 2624 voluerint
