2059 3228
93 299 138 323 An.
159 298 187 324 c.
209 296 273 324 1:273
333 288 374 321 at

290 347 461 392 respective
497 352 653 379 vertentes
693 345 796 377 «lictus
837 344 1032 386 gubernator

288 411 361 433 cum
377 401 461 433 dicto
482 399 613 431 consule
629 398 675 430 vel
693 398 761 430 eius
772 396 942 430 substituto
953 407 1030 428 eon-

287 454 414 486 iunctus
452 452 623 494 respective
653 460 845 492 cognoscere
878 449 1029 484 deberet,

286 506 341 539 sed
362 506 393 537 in
414 505 516 537 causis
543 504 764 536 criminalibus
794 502 898 535 dictus
918 502 1029 534 consul

286 559 332 591 vel
353 558 422 590 eius
447 557 636 590 substitutus
654 556 759 589 vocari
781 561 809 588 et
837 553 959 587 moneri
975 554 1029 586 de-

284 611 385 650 beret,
407 610 479 642 data
506 609 564 642 sibi
585 609 678 652 copia
708 607 894 641 intentionis
915 616 1029 639 causae

285 673 358 696 cum
380 662 574 706 competenti
598 663 737 695 termino
757 662 795 694 ad
816 672 848 693 se
869 661 906 692 ‹le
928 670 960 691 re
981 659 1028 690 in-

286 715 499 754 formandum,
511 720 539 747 et
551 715 589 747 ad
605 725 662 758 pro
675 713 817 756 inquisiti
835 711 1028 747 defensione,

285 768 310 800 si
344 768 494 807 voluerit,
535 768 831 801 interveniemlum·,
860 771 889 797 et
925 765 1029 797 omnis

284 826 374 853 actus
393 831 449 854 scu
463 831 632 863 processus
648 821 726 852 alias
750 821 850 852 lactus
868 819 936 861 ipso
958 818 1028 849 iurc

282 873 392 906 nullus
412 879 442 906 et
461 873 618 906 invalidus
637 873 793 908 existeret.
814 878 841 904 et
858 872 917 903 boc
936 870 1028 902 intel-

282 927 447 969 ligendum
473 931 553 959 esset
582 927 688 970 quoad
718 926 789 957 illos
809 925 862 968 qui
894 924 925 956 in
951 923 1027 955 eivi-

281 985 344 1013 tate
364 979 562 1012 Anconitana
582 985 611 1011 et
628 979 712 1010 illius
733 977 893 1010 territorio
914 982 940 1009 et
963 986 1028 1008 uon

281 1032 358 1065 alibi
374 1033 537 1075 degerent,
553 1032 605 1064 eui
622 1031 740 1064 iudicio
757 1031 832 1063 dieti
854 1029 1028 1062 Orientales

282 1091 346 1118 tam
370 1085 469 1118 active
488 1095 584 1128 quam
615 1084 735 1128 passive
762 1082 897 1116 subiecti
917 1082 1029 1115 existe-

283 1144 367 1171 rent.

326 1191 341 1234 ἓ
361 1191 392 1223 8.
407 1190 563 1233 Quodque
575 1190 651 1222 dicti
662 1189 839 1223 Orientales
851 1188 1027 1231 constringi

148 1252 348 1287 oriqpnaiesnon
366 1250 504 1288 possent,
527 1243 669 1286 quamvis
690 1243 730 1275 ol)
751 1253 890 1281 causam,
905 1248 969 1274 tam
987 1241 1030 1274 ci-

88 1283 272 1341 {ffiffl'ffic'ffl
283 1298 376 1331 vilem
397 1308 493 1341 quam
514 1296 725 1335 criminalem,
742 1296 836 1328 etiam
857 1295 942 1338 quod
959 1306 1029 1327 cor-

89 1347 126 1369 ⁵¹⁵‘
141 1351 193 1372 ‘¹⁰³²
207 1346 272 1371 ΜΨ·
285 1351 404 1394 poralis
424 1360 527 1394 poena
553 1349 686 1381 venisset
709 1348 912 1392 imponenda,
938 1348 1029 1380 ‹lum-

88 1382 136 1396 neru
152 1382 193 1396 non
204 1376 271 1397 hahe-

88 1409 123 1426 ’Μ
154 1408 173 1427 ³¹¹
211 1407 271 1428 Staffl
286 1404 381 1437 modo
403 1414 497 1436 causa
524 1403 591 1446 ipsa
614 1402 770 1444 originem
799 1412 863 1434 non
883 1401 1027 1439 baberet,

87 1438 339 1490 „f{,⁰¹,⁹„⁵,'{‡¹¹g„⁰,;,3ut
363 1461 561 1489 contractum
580 1455 628 1488 vel
657 1460 875 1499 perpetratum
898 1455 978 1487 soret
997 1454 1029 1485 in

87 1500 256 1522 '‘¹¹²⁰m¹'¹e‘³¹·
284 1510 374 1543 Statu
394 1508 628 1547 Ecclesiastico,
651 1514 705 1540 aut
738 1518 885 1551 expresse
907 1518 964 1550 per
984 1507 1028 1539 in-

283 1567 499 1596 strumentum
544 1562 591 1594 xel
637 1561 784 1593 cedulam
838 1566 1029 1593 conventum

282 1626 348 1649 non
389 1615 500 1647 suisset
541 1614 640 1657 quod,
684 1614 739 1646 ubi
781 1613 901 1657 reperti
950 1613 1028 1645 suis-

284 1674 366 1708 scut,
401 1668 440 1700 ad
477 1667 664 1700 solvendum
703 1666 772 1709 cogi
812 1671 940 1709 possent
967 1667 1031 1708 (ex—

285 1721 384 1765 ceptis
413 1721 517 1753 causis
544 1725 654 1752 contra
674 1719 908 1762 cbristianum);
931 1725 959 1751 ct
979 1730 1032 1751 oc—

285 1780 436 1807 currente
470 1774 577 1816 aliquo
611 1773 782 1811 maleficio,
812 1773 904 1804 cuius
937 1782 1031 1804 causa

283 1827 576 1861 venissetultimum
584 1825 778 1868 suppliciam
789 1825 1031 1868 imponendum,

285 1880 363 1913 dicti
380 1879 503 1913 iudices
519 1884 646 1922 possent
665 1878 803 1910 formare
827 1888 1011 1921 processum
1023 1904 1030 1916 ‚

286 1933 406 1976 illoque
421 1934 555 1965 formato
571 1937 601 1964 et
618 1931 792 1974 publicato,
812 1937 1032 1963 accusatorem

286 1993 313 2019 ct
340 1991 434 2018 testes
461 1991 491 2018 et
514 1994 702 2029 processum
734 1983 921 2016 huiusmodi
959 1994 1032 2015 cum

286 2039 492 2082 delinquente
533 2038 665 2070 Romam
705 2036 850 2076 mittere,
877 2035 931 2068 ubi
963 2036 1034 2069 talis

287 2103 382 2124 eausa
400 2090 563 2123 terminari
581 2090 722 2129 deberet,
735 2088 874 2132 exceptis
887 2089 1031 2129 testibus,

287 2145 346 2176 nisi
367 2145 469 2177 forent
488 2142 635 2186 requisiti
655 2153 713 2186 per
730 2141 867 2174 iudicem
890 2142 921 2174 in
950 2142 1034 2174 Urbe

289 2197 518 2239 deputandum,
557 2202 587 2229 et
626 2195 731 2228 causis
766 2195 1035 2227 concernentibus

289 2249 451 2281 servitium
463 2248 618 2293 principis
634 2253 665 2281 et
686 2247 882 2281 celeritatem
898 2258 1035 2291 poscen-

289 2302 387 2334 tibus.

335 2355 349 2397 ξ
368 2356 398 2386 a.
435 2355 471 2387 Et
494 2360 569 2397 quia
602 2353 676 2387 dicti
712 2352 846 2386 Hebraei
864 2379 871 2393 ‚
905 2353 1036 2389 ancae,

111 2421 277 2441 ammaum-t<
291 2407 401 2441 Graeci
421 2413 452 2439 et
470 2406 712 2440 aliiOrientales
728 2406 817 2439 ibant
834 2411 864 2438 et
875 2405 1034 2445 redibant,

97 2451 278 2508 ζζἻΠξῐζῇξίῑιίζηξῑ
292 2456 386 2487 etiam
416 2454 474 2487 sub
494 2455 709 2487 bannimentis
729 2465 811 2498 quae
835 2455 875 2486 ab
895 2453 1038 2486 officiali-

99 2510 136 2529 bu·
172 2508 278 2529 flemeov
293 2504 352 2535 bus
372 2504 515 2535 locorum
550 2502 618 2535 fieri
639 2502 871 2545 contingerent,
894 2502 1036 2534 declara-

95 2545 153 2560 Μ’
292 2557 380 2585 verat
398 2553 482 2595 ipsos
497 2550 671 2584 Orientales
685 2551 724 2584 ab
744 2551 831 2584 omni
848 2561 960 2594 poena,
981 2561 1039 2592 per

295 2600 480 2633 huiusmodi
495 2600 700 2633 bannimenta
715 2600 864 2643 imposita
883 2605 910 2632 et
934 2600 1037 2641 impo-

296 2649 378 2683 ncnrl
393 2673 410 2690 .,
431 2654 578 2692 exceptos
597 2659 677 2689 esse,
695 2648 869 2682 dummodo
890 2659 947 2692 per
963 2647 1037 2680 civi-

899 293 1073 316 RI'LLARH'M
1097 291 1246 315 noitm'mt

1073 347 1166 374 tatem
1195 350 1249 373 seu
1274 339 1393 379 locum,
1421 340 1451 373 in
1473 351 1537 384 quo
1561 351 1683 374 moram
1704 341 1817 374 traxis-

1072 400 1151 429 sent,
1177 404 1264 425 arma
1297 403 1361 424 non
1386 391 1557 432 deferrent,
1575 403 1635 425 nec
1654 398 1751 426 noctu
1771 394 1819 426 ul-

1073 453 1121 478 tra
1142 447 1270 478 solitum
1293 456 1360 477 siue
1394 445 1515 478 lumine
1544 445 1639 485 irent,
1666 456 1703 479 ex
1723 447 1819 480 certis

1073 500 1167 531 rebus
1202 504 1229 530 et
1258 498 1320 531 sive
1355 498 1570 531 baunimentis
1604 499 1820 533 communiter

1072 551 1252 595 proliibitis3
1279 551 1419 593 dictique
1451 551 1638 591 Orieniates,
1668 552 1816 592 Hebraei,

1071 606 1192 637 Tureae
1217 610 1248 637 et
1269 604 1380 637 Graeci
1401 604 1460 636 sub
1474 604 1686 645 decimarum,
1708 605 1819 648 vigesi-

1072 668 1196 689 marnm
1217 662 1246 689 et
1259 657 1396 690 aliorum
1409 667 1556 695 onerum,
1567 663 1629 690 tam
1641 658 1819 691 ordinario-

1072 710 1155 742 rium
1176 721 1272 753 quam
1289 709 1629 750 extraordinariorum,
1642 710 1819 754 impositio-

1071 763 1174 798 nibus,
1194 763 1344 795 Hebraeis
1361 769 1391 796 et.
1411 773 1469 806 per
1487 763 1650 796 Hebraeos
1663 774 1722 807 pro
1741 769 1819 796 tem-

1071 826 1147 859 pore
1168 816 1325 859 impositis
1346 827 1410 849 non
1430 817 1666 859 comprehensi,
1686 817 1741 849 sed
1757 816 1819 860 ipsi

1070 880 1143 902 eum
1166 880 1278 902 eorum
1299 870 1396 903 rebus
1415 875 1445 903 et
1464 870 1611 914 personis
1638 870 1678 903 ab
1698 870 1760 903 illis
1778 870 1818 902 li-

1070 923 1137 955 beri
1162 928 1192 955 et
1222 923 1381 956 immunes
1411 923 1678 966 intelligerentur,
1704 923 1765 956 nisi
1783 923 1819 956 li-

1070 977 1166 1020 quide
1186 976 1386 1020 apparuisset
1408 976 1596 1010 huiusmodi
1629 977 1819 1010 Levantinos

1070 1030 1114 1062 ibi
1127 1029 1327 1063 domieilium
1337 1030 1469 1073 elegisse
1485 1035 1515 1063 et
1532 1029 1737 1070 contraxisse,
1751 1040 1818 1063 non

1069 1089 1177 1115 autem
1197 1088 1315 1116 attenta
1331 1083 1434 1115 forma
1449 1087 1652 1123 statutorum,
1673 1083 1728 1116 sed
1739 1082 1819 1116 iuris

1070 1136 1263 1169 communis.

1114 1190 1128 1232 g
1148 1189 1201 1221 110.
1224 1189 1380 1232 Quodque
1401 1199 1513 1222 omnes
1537 1189 1715 1222 Orientales
1735 1189 1816 1222 mari
1858 1210 1952 1234 mmm
1985 1213 2016 1234 ο,

1069 1243 1116 1274 vel
1141 1248 1225 1274 terra
1253 1242 1491 1286 undecumque,
1527 1253 1601 1275 cum
1640 1242 1760 1275 familia
1786 1248 1817 1275 et
1830 1243 2017 1280 ‘⁵0⁰¹“11¹¹¹¹⁵⁰⁰¹¹†

1831 1280 1892 1295 cessa
1914 1275 2015 1296 manendi

1071 1291 1232 1324 mercibus
1262 1291 1310 1323 vel
1329 1291 1398 1323 sine
1422 1291 1509 1334 ipsis,
1532 1291 1703 1330 venientes,
1723 1296 1754 1324 et
1778 1291 1816 1323 fi-
1831 1306 1950 1327 etiamsine
1961 1311 2016 1326 mer.

1070 1345 1142 1377 dem
1167 1344 1309 1377 sanitatis
1328 1345 1516 1384 deserentes,
1540 1350 1668 1388 possent
1689 1350 1818 1387 portum
1830 1337 2014 1390 ffiss'ffiffi'm
2053 1335 2055 1341 ¹

1071 1402 1101 1430 et
1120 1397 1280 1430 civitatem
1301 1408 1357 1430 seu
1376 1398 1496 1437 locum,
1511 1398 1630 1440 absque
1643 1398 1750 1441 aliqua
1769 1408 1818 1430 so-

1071 1450 1195 1483 lutione
1215 1456 1246 1483 et
1265 1449 1332 1483 sinc
1365 1450 1596 1493 impedimento
1626 1450 1762 1492 ingredi,
1789 1460 1820 1483 et

1072 1504 1150 1537 inibi
1170 1509 1265 1543 stare,
1294 1509 1324 1537 et
1348 1514 1412 1546 quo
1437 1504 1552 1536 vellent
1571 1503 1670 1536 libere
1690 1514 1723 1536 se
1743 1514 1819 1536 con-

1072 1558 1168 1596 ferre,
1196 1557 1357 1590 notificata
1377 1562 1483 1589 tamen
1516 1556 1606 1599 prius
1626 1556 1737 1589 eadem
1756 1556 1819 1589 fide

1072 1606 1157 1639 dicto
1176 1603 1380 1648 gubernatori
1399 1606 1445 1638 vel
1466 1605 1626 1647 deputatis
1637 1605 1676 1638 ad
1694 1616 1818 1644 curam;
2025 1564 2039 1657 ἲ

1072 1670 1109 1692 ac
1135 1659 1229 1692 etiam
1255 1659 1342 1702 quod
1375 1658 1468 1691 dietis
1492 1658 1723 1698 Orientalibus,
1756 1658 1819 1692 He·
1861 1662 1940 1698 ⁰f¹¹¹⁸¹¹¹¹
1960 1661 2039 1705 ane-²

1072 1713 1189 1752 braeis,
1211 1712 1340 1746 Graecis
1359 1718 1390 1745 et
1409 1712 1521 1744 Turcis
1541 1712 1663 1744 datium
1689 1711 1819 1755 aliquod
1834 1700 1876 1715 ’Μ’
1889 1694 2038 1742 'mm-¹⁸⁸⁸*

1073 1765 1202 1799 alterari
1221 1771 1275 1798 aut
1295 1765 1427 1809 aliquod
1444 1765 1820 1805 extraordinarium,tam

1074 1820 1105 1852 in
1130 1819 1228 1851 rebus
1259 1829 1356 1861 quam
1377 1818 1410 1850 in
1434 1818 1593 1861 personiS,
1616 1818 1726 1860 augeri
1755 1828 1821 1851 non

1075 1877 1199 1916 posset,
1225 1881 1381 1915 personae
1410 1881 1540 1914 quoque
1569 1870 1747 1904 Orientales
1781 1870 1821 1904 ad

1075 1931 1221 1969 quartam
1244 1931 1366 1969 partem
1387 1925 1467 1965 eius,
1490 1925 1576 1967 quod
1602 1925 1820 1964 lucrarentur,

1076 1979 1210 2012 ulterius
1221 1989 1284 2012 non
1295 1984 1488 2021 cogerentur
1507 1989 1566 2011 nec
1581 1978 1653 2020 cogi
1672 1983 1820 2021 possent,

1075 2034 1250 2078 quominus
1283 2037 1474 2076 proxenetae
1507 2038 1608 2065 artem
1636 2030 1811 2065 huiusmod

1076 2092 1274 2122 exercerent.

1121 2142 1135 2183 ξ
1155 2141 1190 2174 Μ
1202 2167 1208 2173 .
1222 2139 1348 2183 Ipsique
1361 2138 1508 2178 Hebraei,
1524 2139 1646 2171 Turcae
1666 2146 1697 2170 et
1711 2136 1823 2171 Graeci
1864 2141 1974 2163 Absolutis>
1986 2146 2023 2176 θος
2039 2134 2044 2142 ’

1077 2200 1107 2227 et
1126 2194 1179 2227 alii
1199 2193 1375 2226 Orientales
1394 2191 1433 2224 ab
1462 2191 1549 2224 omni
1585 2201 1689 2234 poena
1713 2190 1822 2233 legati,
1838 2179 1923 2231 iffi-10³
1925 2172 1937 2193 b
1964 2178 2028 2193 οων

1077 2251 1107 2279 ct
1119 2257 1176 2290 per
1188 2244 1444 2284 constitutiones,
1466 2243 1683 2284 bannimenta,
1704 2243 1825 2276 malefi-

1078 2299 1126 2332 cia
1146 2299 1193 2332 vel
1231 2297 1332 2341 quasi,
1352 2297 1435 2330 inter
1467 2297 1552 2340 ipsos
1575 2297 1623 2329 vel
1648 2296 1825 2340 quemlibet

1079 2353 1225 2396 ipsorum
1236 2350 1540 2395 quomodocumque
1552 2354 1582 2382 et
1597 2350 1825 2392 qualitercum-

1079 2417 1141 2449 que
1162 2403 1311 2444 incursis,
1329 2403 1531 2446 perpetratis,
1553 2402 1643 2435 sactis
1653 2402 1701 2434 vel
1717 2402 1822 2443 dictis,

1079 2454 1111 2486 in
1136 2464 1253 2497 genere
1276 2452 1324 2485 vel
1340 2451 1372 2484 in
1392 2451 1508 2495 specie,
1532 2451 1652 2483 directe
1671 2451 1720 2483 vel
1739 2450 1823 2483 indi-

1079 2508 1177 2542 recte,
1207 2507 1272 2534 tam
1291 2499 1426 2543 cognitis
1444 2510 1540 2542 quam
1568 2497 1747 2541 incogniti&
1771 2498 1825 2531 ab·

1079 2551 1174 2583 soluti
1195 2554 1311 2590 essent,
1333 2555 1363 2582 et
1390 2548 1483 2581 liberi
1511 2553 1541 2580 et
1560 2546 1683 2580 franc-hi
1709 2547 1825 2580 intelli-

1079 2604 1243 2641 gerentur,
1254 2598 1297 2631 ita
1307 2598 1394 2641 quod
1405 2598 1543 2640 desuper
1558 2607 1662 2639 neque
1674 2606 1731 2640 per
1740 2595 1822 2628 viam

1079 2647 1303 2687 accusationis,
1319 2656 1423 2690 neque
1436 2657 1472 2679 ex
1492 2644 1598 2678 officio
1614 2644 1734 2687 inquiri
1749 2654 1823 2687 pos-
