2059 3228
48 588 98 605 ΙΙΙι

51 240 80 273 G.
97 237 164 269 1577

164 295 208 324 -et
225 287 354 324 diffiniri
373 289 507 330 deberet.
531 289 656 323 irritum
673 291 811 323 etimne
831 291 920 334 quic-

171 342 252 388 quid
275 353 366 376 secus
388 354 486 386 super
506 343 555 376 liis
573 354 590 376 a
607 354 782 387 quoquam,
808 342 920 386 quavis

174 397 374 436 auctoritate,
397 396 535 430 scienter
553 397 599 429 vel
624 397 820 439 ignoranter,
842 407 918 429 eon-

169 449 280 493 tigerit
302 448 461 482 attentari.

170 534 173 539 ,
217 501 302 545 §iti
325 502 392 534 Non
412 501 613 535 obstantibus
635 502 918 535 constitutiontlms

64 552 92 574 '¹⁰
113 557 206 589 ⁰⁰¹¹·et
228 554 483 588 ordinationibus
505 555 699 598 apostolicis;
730 565 766 587 ac
792 554 919 587 Ordinis

174 613 206 641 et
224 607 482 654 congffgationis
502 607 738 651 praedictorum
771 607 917 639 illorum-

172 670 235 704 que
254 660 524 693 monasteriorum
547 666 578 693 ct
593 660 738 692 locorum
774 660 917 702 singulo-

171 722 256 754 rum,
275 712 468 753 iuramento,
484 712 726 746 confirmatione
743 712 917 756 apostolica

171 765 220 800 vel
237 765 348 808 quavis
368 765 518 799 tirmitate
531 765 592 798 alia
604 765 772 806 roboratis,
793 766 918 798 statutis

167 822 199 850 et
233 818 536 857 consuetudinibus;
569 818 745 860 privilegiis
772 830 915 862 quoque,

169 870 302 904 indultis
313 870 465 904 etlittcris
476 870 668 914 apostolicis,
677 870 787 903 Ordini
801 876 831 904 et
843 882 918 904 con-

168 923 346 966 gregationi
357 923 554 966 singulisque
569 924 770 957 monasteriis
787 930 817 957 et
828 925 917 965 locis,

167 987 294 1010 necnon
314 976 493 1016 abbatibus,
516 976 757 1018 diffinitoribus,
779 978 918 1011 visitato-

167 1030 258 1063 ribus
273 1034 304 1062 et
317 1029 388 1062 aliis
401 1029 567 1062 monachis
582 1030 766 1073 praedictis,
784 1036 848 1064 tam
861 1043 918 1075 per

168 1082 297 1115 eosdem
313 1081 507 1124 Eugenium,
523 1082 660 1115 Leonem
683 1088 713 1116 et
729 1083 916 1124 Adrianum,

167 1145 265 1182 quam
282 1134 362 1168 alios
378 1135 538 1167 Romanos
548 1135 720 1168 Pontifices
732 1137 919 1179 praedeces-

168 1197 257 1221 sores
275 1194 401 1220 nostros
409 1199 445 1220 ac
458 1188 571 1221 Sedeni
583 1189 810 1232 Apostolicam‚
822 1190 916 1223 etiam

168 1251 228 1284 per
245 1241 377 1274 modurn
408 1241 516 1274 statuti
545 1242 705 1285 perpetui,
736 1248 792 1275 ant
822 1243 916 1276 etiam

167 1298 353 1326 contractus
369 1304 424 1327 seu
442 1294 546 1336 quasi,
570 1295 618 1327 vel
639 1295 716 1327 alias
736 1296 917 1337 quomodo·

166 1346 245 1380 libet
263 1351 351 1380 etex
375 1347 541 1389 quibusvis
571 1347 688 1387 causis,
710 1348 806 1381 etiam
829 1354 916 1382 motu

166 1399 264 1433 simili
284 1406 372 1433 etex
400 1405 487 1433 certa
516 1406 627 1433 nostra
660 1401 793 1434 scientia
818 1413 855 1435 ac
879 1403 917 1435 de

165 1453 361 1497 apostolicae
378 1453 543 1497 potestatis
559 1454 770 1496 plenitudine,
790 1465 917 1488 necnon

166 1516 242 1539 curn
260 1506 425 1549 quibusvis
455 1506 685 1540 efficacissimis
702 1513 733 1540 et
767 1508 914 1548 insolitis,

166 1558 263 1592 etiam
283 1559 560 1602 derogatoriarum
585 1560 797 1602 derogatoriis
827 1561 916 1593 aliis-

165 1622 230 1655 quc
258 1611 495 1645 efficacioribus
521 1618 551 1645 et
571 1612 722 1653 insolitis,
750 1614 913 1654 clausulis,

165 1675 292 1698 necnon
313 1665 513 1698 irritantibus
524 1671 554 1698 et
564 1666 634 1698 aliis
651 1666 800 1705 decretis,
819 1667 914 1699 etiam

165 1715 288 1751 iteratis
315 1718 449 1758 vicibus,
472 1718 504 1751 in
522 1729 639 1761 genere
664 1720 712 1752 vel
734 1719 765 1751 in
795 1720 914 1763 specie,

165 1770 262 1810 etiam
282 1771 555 1812 consistorialiter,
582 1783 616 1804 ac
638 1772 715 1805 alias
735 1773 916 1815 quomodo—

165 1823 243 1856 libet
266 1824 437 1865 concessis,
462 1825 649 1868 approbatis
679 1831 710 1857 et
740 1826 912 1866 innovatis,

163 1887 202 1910 ac
217 1887 424 1919 quocumque
441 1883 583 1921 tempore
599 1878 798 1921 longissimo,
819 1879 914 1912 ctiam

164 1930 273 1963 forsan
292 1930 551 1970 immemorabili,
572 1931 758 1964 observatis.

208 1982 417 2025 §47 Quibus
431 1984 581 2017 omnibus
594 1990 623 2017 et
636 1984 913 2027 singulis,etiamsi

159 2032 197 2064 de
223 2035 286 2068 illis
305 2046 484 2080 eorumque
508 2037 581 2070 totis
601 2038 767 2070 tenoribus
791 2039 914 2081 specia-

167 2087 218 2128 lis,
240 2089 402 2132 specifica,
421 2100 569 2133 expressa
588 2096 618 2122 et
638 2090 803 2123 individua
819 2101 856 2123 ac
877 2091 915 2124 de

167 2141 265 2173 verbo
285 2141 324 2174 ad
337 2142 484 2183 verbum,
504 2153 569 2176 non
586 2148 691 2175 autem
710 2154 767 2186 per
786 2144 914 2176 clausu-

167 2193 215 2226 las
223 2194 388 2236 generales
401 2195 484 2228 idem
498 2195 717 2239 importantes,
730 2197 850 2229 mentio
859 2207 914 2229 seu

169 2246 299 2290 quaevis
311 2246 372 2279 alia
389 2249 548 2291 expressio
561 2248 720 2288 habenda,
735 2255 789 2282 aut
809 2249 915 2293 aliqua

168 2299 230 2331 alia
243 2298 399 2342 exquisita
410 2300 511 2333 forma
528 2301 636 2333 adhoc
654 2303 806 2334 servanda
825 2304 914 2342 foret,

167 2350 299 2383 illorum
318 2356 445 2384 tenores
457 2352 653 2394 huiusmodi,
666 2365 702 2386 ac
715 2354 739 2386 si
759 2354 798 2387 de
818 2355 914 2387 verbo

160 2403 208 2448 vad
228 2404 374 2444 verbum,
393 2404 609 2447 nihilpenitus
622 2407 752 2446 omisso,
767 2418 803 2440 ac
814 2408 914 2440 forma

168 2460 203 2484 'in
230 2451 294 2485 iltis
325 2452 440 2486 tradita
463 2454 639 2494 observata,
674 2456 784 2488 inserti
812 2457 915 2490 forent

169 2500 404 2544 praesentibus,
440 2511 498 2544 pro
528 2497 726 2535 sufficienter
759 2506 916 2547 expressis

168 2548 332 2589 habentes,
353 2549 415 2582 illis
430 2549 507 2582 alias
522 2549 554 2581 in
565 2560 622 2582 suo
637 2551 751 2583 robore
768 2562 916 2594 perman-

169 2597 264 2637 suris,
286 2597 346 2630 hac
355 2598 421 2631 rice
431 2598 800 2642 dumtaxat,specialiter
820 2607 849 2633 et
862 2612 914 2634 ex-

247 2645 321 2677 Bau.
343 2646 421 2677 Rom.
450 2647 503 2677 Vol.
523 2646 593 2676 t'lll.
760 2648 797 2676 ⁹22)

769 237 945 263 GREGORIUS
978 237 1033 263 xm
1064 239 1112 263 Pr.

1601 228 1660 263 465)

960 300 1067 333 presse
1095 290 1299 333 derogamus,
1333 294 1509 338 ceterisque
1539 294 1707 328 contrariis

958 342 1234 387 quibuscumquc;
1257 351 1311 378 aut
1328 347 1350 378 si
1367 347 1541 390 aliquibus,
1563 358 1707 381 conmm-

959 395 1041 427 niter
1060 396 1108 428 vel
1126 396 1262 434 divisim,
1280 410 1296 430 a
1308 399 1493 442 sulnadicta
1510 400 1548 433 sit
1562 400 1643 433 Sede
1661 400 1706 432 in-

958 444 1084 476 dultum
1105 445 1191 487 quod
1218 445 1376 486 interdici,
1409 449 1560 492 suspendi
1584 450 1632 482 vel
1653 460 1706 482 cx-

959 497 1191 530 communicari
1213 509 1276 530 non
1295 500 1414 542 possint
1427 501 1615 544 perlitteras
1627 514 1704 545 apo-

957 549 1084 582 stolicas
1102 561 1165 583 non
1178 551 1329 584 l'acicntes
1341 554 1505 595 plenamct
1522 565 1702 598 expressam

956 613 992 634 ac
1016 602 1054 635 dc
1071 603 1168 635 verbo
1188 603 1227 635 ad
1240 605 1372 637 verbum
1390 606 1428 638 de
1448 606 1572 640 indulto
1594 609 1703 642 liuius-

957 655 1043 687 modi
1062 656 1269 689 mentionem.

1000 708 1015 750 ,ξ
1035 708 1088 741 18.
1110 708 1278 749 Ceterum,
1299 710 1375 753 quia
1395 711 1524 744 difficile
1545 713 1625 747 soret
1646 716 1702 748 lias

956 765 1079 793 nostras
1099 762 1138 794 ad
1152 762 1278 804 singula
1291 774 1437 806 quaeque
1449 765 1529 805 loca,
1552 767 1605 799 ubi
1622 779 1702 811 opus

956 820 1048 853 esset,
1071 814 1200 855 deferri,
1223 816 1372 848 volumus
1391 818 1477 859 quod
1502 819 1628 852 illarum
1650 834 1703 854 cx-

956 868 1082 911 cmplis,
1106 879 1204 900 manu
1229 869 1401 902 cardinalis
1436 873 1625 913 protectoris
1651 881 1706 907 aut

956 921 1087 953 alterius
1104 932 1261 964 personae
1276 922 1308 954 in
1322 922 1475 965 dignitate
1492 926 1706 960 ecclesiastica

956 973 1158 1014 constitutae,
1180 980 1235 1007 aut
1255 976 1351 1007 etiam
1369 976 1514 1009 eiusdem
1535 988 1707 1022 congrega-

957 1026 1051 1059 tionis
1066 1028 1324 1071 praesidentibus
1331 1029 1530 1072 subscriptis,
1540 1031 1707 1076 sigilloque

957 1080 1100 1113 eiusdem
1130 1082 1352 1123 procuratoris
1376 1082 1439 1115 sive
1474 1094 1630 1126 personae
1655 1096 1705 1117 ec-

957 1133 1152 1166 clesiasticae
1191 1139 1246 1167 aut
1279 1135 1492 1178 praesidentis
1521 1137 1709 1171 huiusmodi

957 1186 1141 1229 obsignatis,
1169 1188 1281 1220 eadem
1310 1199 1441 1231 prorsus
1476 1189 1555 1222 fides
1588 1190 1708 1233 ubique

956 1239 1159 1280 adhibeatur,
1172 1251 1255 1284 quae
1276 1240 1353 1284 ipsis
1366 1241 1590 1284 originalibus,
1613 1244 1638 1275 si
1656 1255 1707 1276 ex-

956 1291 1157 1330 hiberentur,
1180 1293 1363 1326 adhibenda
1380 1300 1473 1327 esset.

999 1345 1113 1378 Datum
1133 1346 1253 1379 Romae
1278 1348 1364 1390 apud
1388 1347 1540 1381 Sanctum
1561 1348 1703 1389 Petrum,

956 1398 1016 1430 sub
1035 1399 1157 1431 annulo
1182 1399 1363 1440 Piscatoris,
1392 1400 1442 1433 die
1466 1411 1510 1433 ΧΠ
1536 1402 1703 1443 februarii,

957 1450 1128 1484 millesimo
1166 1452 1423 1495 quingentesimo
1469 1455 1706 1498 septuagesimo

956 1505 1104 1548 septimo,
1127 1506 1335 1548 pontificatus
1355 1507 1454 1540 nostri
1473 1518 1557 1541 anno
1574 1519 1604 1541 V.

1015 1562 1077 1592 Dat.
1097 1562 1144 1593 die
1161 1564 1198 1593 12
1217 1563 1274 1593 seb.
1293 1565 1381 1602 1577,
1401 1565 1506 1604 pontis.
1524 1575 1601 1595 anno
1618 1575 1644 1596 v.

1280 1738 1380 1771 vat.

955 1812 1124 1845 Rerocatio
1134 1813 1301 1845 cuiusdam
1311 1813 1387 1856 lepis
1401 1824 1455 1845 scu
1467 1814 1705 1847 commanebas

998 1877 1091 1909 super
1107 1866 1225 1898 honore
1243 1867 1369 1906 luendo,
1392 1877 1430 1899 esc
1449 1878 1507 1910 quo
1529 1867 1703 1899 homicidia

998 1924 1176 1951 nuscuntur
1196 1920 1231 1952 ιή
1246 1921 1353 1962 reynis
1368 1920 1566 1963 Araqunum,
1595 1920 1704 1952 Valen-

1000 1973 1063 2004 tiae
1079 1984 1115 2004 ac
1133 1974 1323 2016 principalia
1350 1973 1541 2006 Catalom‘ac
1560 1977 1588 2006 et
1608 1974 1704 2006 comi-

1000 2026 1119 2057 talibus
1138 2025 1328 2058 Rossdionss
1353 2031 1380 2058 ec
1413 2026 1610 2065 Ceritcmiae,
1632 2036 1703 2058 cum

996 2079 1107 2121 poenis
1125 2077 1151 2110 ¹.

954 2158 1048 2192 Gregox
1056 2158 1098 2186 ius
1108 2159 1178 2193 Papa
1189 2158 1257 2190 Xltl.
1268 2159 1300 2186 ad
1310 2159 1468 2193 perpetuam
1479 2157 1520 2185 rei
1529 2159 1699 2187 memoriam.

999 2228 1135 2261 Humani
1148 2228 1273 2271 generis
1291 2228 1388 2261 bostis
1400 2228 1575 2261 acerrimus
1588 2229 1631 2262 sic
1645 2229 1701 2262 ali-

954 2281 1082 2324 quando
1104 2286 1225 2313 mentes
1244 2281 1411 2314 hominum
1433 2287 1589 2320 excaecat,
1610 2287 1645 2314 ut
1661 2283 1700 2315 ab

954 2334 1036 2367 odiis
1055 2339 1085 2367 et
1106 2333 1280 2365 inimicitiis
1297 2334 1336 2365 ad
1356 2334 1467 2366 caedes
1481 2339 1511 2367 ct
1527 2334 1702 2368 homicidia

954 2387 1183 2420 committenda
1218 2397 1272 2419 eos
1310 2387 1463 2429 impellat,
1502 2394 1701 2431 cruentaque

955 2450 1127 2483 corporum
1162 2444 1262 2472 morte
1293 2440 1426 2472 salutem
1461 2440 1641 2473 animarum
1669 2442 1701 2474 in

956 2499 1128 2525 extremam
1161 2492 1335 2535 perniciem
1362 2503 1417 2525 scu
1452 2493 1624 2527 discrimen
1644 2494 1700 2527 ad-

956 2546 1061 2577 ducat.

993 2614 1002 2638 l
1023 2612 1062 2638 Ex
1077 2614 1185 2645 Regest
1203 2610 1230 2637 in
1250 2609 1355 2637 Secret.
1376 2610 1515 2638 Breviumr

1722 230 1772 258 An.
1793 233 1811 258 t]
1838 233 1899 259 1377

1734 724 1793 744 Fides
1803 728 1905 746 transum-

1716 762 1800 786 pktjrssssl

1741 2240 1859 2261 Exordium.
