2059 3228
31 234 82 284 εἰι,
96 253 127 283 m
141 253 209 284 mi

44 1717 170 1743 hee-tm

73 2503 97 2519 ΙΑ
116 2497 200 2519 wuni-

51 2529 106 2552 ὀιίι
133 2529 201 2551 oden-

34 2562 66 2580 u.

826 249 1002 274 flnsscomt's
1027 249 1080 272 xm
1107 249 1153 273 ΡΡ.

221 314 295 337 cnm
311 303 474 348 quibusvis
491 303 644 336 chiusulis
660 308 688 335 et
707 302 856 342 decretis,
875 301 968 334 etiam

220 361 310 389 motu
330 356 424 388 simili
444 366 481 388 ac
504 355 766 388 consistorialiter
789 361 819 387 et
838 354 917 387 alias
937 353 968 386 in

219 409 416 442 contrarium
426 409 667 452 quomodolibet
675 407 843 447 concessis,
852 418 968 450 appro-

218 461 300 495 batis
312 462 519 499 etinnox·:1tis;
539 462 659 505 quibus
669 461 829 500 omnibus,
844 459 967 493 etiamsi

217 514 258 548 de
276 514 339 548 illis
354 525 533 559 eorumque
546 516 618 549 totis
629 514 795 548 tenoribus
806 513 965 557 specialis,

217 567 377 611 specifica,
391 579 538 611 expressa
547 575 575 601 ct
594 567 767 607 individua,
781 577 844 599 non
857 572 964 598 autem

217 631 275 664 per
285 621 447 654 clausulas
457 622 624 663 generales
644 621 726 653 idem
741 620 962 663 importantes,

217 674 335 706 mentio
347 685 402 707 seu
415 675 546 718 ‹piaevis
557 674 619 706 alia
633 673 794 717 expressio
807 672 963 711 habenda,

215 732 271 759 aut
297 727 404 770 aliqua
431 728 493 760 alia
522 727 679 770 exquisita
706 727 808 759 forma
835 726 873 759 ad
902 726 963 759 hoc

212 780 370 812 -servanda
389 780 468 813 soret
481 807 489 820 ,
514 786 641 812 tenores
661 779 884 823 praesentibus
903 789 962 822 pro

215 833 373 876 expressis
381 834 546 874 habentes,
562 833 624 865 illis
641 832 761 865 aliasin
776 843 834 865 suo
844 832 961 865 robore

215 886 450 928 permansuris,
472 886 531 919 hae
551 887 617 918 vire
638 886 818 926 dumtaxat,
841 885 962 928 specia-

216 937 289 971 liter
311 943 342 971 εἰ
364 949 511 983 expresse
539 939 754 981 derogamus,
781 938 960 980 ceterisque

216 991 385 1024 contrariis
403 992 673 1035 quibuscumque.

258 1043 371 1076 Datum
395 1044 514 1077 Romae
539 1046 623 1088 apud
651 1045 682 1078 S.
715 1045 875 1084 Marcum,
899 1045 958 1078 sub

212 1097 334 1130 annulo
342 1097 523 1139 piscatoris,
539 1099 590 1132 die
601 1109 643 1132 xii
654 1099 794 1131 octobris
808 1108 956 1139 MDLxxw,

213 1150 419 1193 pontificatus
438 1152 538 1184 nostri
559 1163 643 1185 anno
663 1162 707 1185 ιιι.

233 1206 295 1238 Dat.
310 1207 358 1238 die
374 1209 410 1238 1⁶.)
425 1209 554 1239 octobris
575 1210 657 1246 1574,
676 1210 780 1249 pontis.
797 1219 874 1240 anno
892 1219 936 1240 ιιι.
954 1246 956 1248 ¹

504 1340 661 1375 XXXVIII.

209 1393 339 1441 Erectio
357 1407 503 1441 ecclesiae
523 1408 697 1452 Buryensis
718 1410 753 1442 in
776 1411 955 1453 metropoli-

255 1464 369 1494 tanam
389 1460 415 1494 1.

253 1540 399 1576 Gregorius
418 1541 560 1578 episcopus
579 1548 675 1571 servus
694 1549 835 1572 servorum
853 1545 910 1578 Dei.

343 1596 377 1624 ad
398 1596 559 1631 perpetuam
580 1596 622 1625 rei
653 1597 822 1626 memoriam.

224 1658 228 1665 ’
250 1665 411 1700 Universis
430 1666 517 1700 orbis
529 1667 685 1707 ecclesiis,
704 1668 749 1701 Eo
765 1668 955 1713 disponente

209 1719 268 1762 qui
293 1720 419 1754 cunctis
442 1720 593 1765 imperat,
612 1727 640 1754 et
661 1721 719 1754 Cui
739 1722 861 1756 etiam2
878 1723 954 1757 obe-

208 1772 310 1813 diunt,
321 1773 443 1807 meritis
453 1774 528 1808 licet
541 1774 822 1815 insufficientibus,
834 1777 955 1820 praesi-

207 1825 331 1866 dentes,
340 1825 374 1858 in
384 1826 523 1860 circuitu
534 1827 603 1869 agri
615 1827 770 1861 dominici
781 1829 892 1862 oculos
900 1840 954 1862 no-

206 1884 291 1912 strae
302 1879 418 1913 mentis
428 1880 532 1922 vigilis
546 1891 635 1914 more
646 1881 783 1924 pastoris
796 1882 952 1922 levamus,

207 1931 412 1976 inspicientes
423 1933 499 1976 quid
515 1934 725 1967 ecclesiarum
738 1933 880 1978 ipsarum
895 1941 956 1969 sta-

207 1985 255 2018 tui
269 1990 301 2019 et
319 1985 428 2019 decori
449 1986 585 2020 maxime
601 1987 779 2027 conveniat,
798 1994 829 2021 et.
848 1988 954 2022 divino

208 2037 280 2070 sulti
303 2039 463 2082 praesidio
486 2040 575 2072 Illius
589 2066 596 2080 ,
617 2039 673 2083 qui
698 2045 813 2073 cuncta
837 2052 875 2074 ex
897 2053 955 2075 sua

207 2090 401 2134 benignitate
420 2093 459 2124 ad
483 2092 586 2126 fidelis
606 2093 716 2136 populi
741 2094 790 2126 sui
819 2095 954 2128 salutem

209 2142 368 2186 disponit,
391 2145 431 2177 ad
459 2155 516 2185 ea,
543 2156 626 2188 quae
650 2146 689 2178 ad
713 2145 900 2188 dignitatem
925 2153 953 2181 et

209 2199 326 2227 statum
346 2196 554 2230 ecclesiarum
566 2188 753 2230 huiusmodi
768 2200 954 2241 augendum

209 2247 390 2291 pertinent,
422 2249 520 2282 officii
549 2250 648 2283 nostri
679 2258 786 2294 partes
818 2252 956 2286 libenter

210 2300 438 2341 convertimus,
451 2303 637 2345 praesertim
654 2303 708 2336 uhi
720 2305 953 2338 catholicorum

210 2364 324 2397 regum
347 2364 459 2398 preces
489 2354 520 2388 id
544 2363 740 2400 exposcunt,
771 2368 893 2402 nosque
922 2359 954 2392 in

209 2406 346 2440 Domino
365 2406 449 2440 idem
465 2409 681 2452 conspicimus
700 2411 860 2454 expedire.

255 2461 311 2504 gl.
324 2460 404 2494 Cum
415 2460 523 2503 itaque
539 2463 674 2496 ecclesia
693 2464 865 2506 Burgensis
881 2465 954 2498 Sedi

211 2513 413 2557 Apostolicae
443 2514 626 2548 immediate
652 2516 805 2556 subiecta,
829 2518 868 2551 de
886 2518 954 2551 iure

1652 234 1714 265 tw.

1013 304 1200 342 patronatus
1215 298 1393 331 charissimi
1406 298 1434 330 in
1446 297 1570 329 Christo
1589 294 1642 327 [ilii
1657 292 1756 327 nostri

1011 352 1149 395 Philippi
1176 352 1402 395 Hispaniarum
1429 351 1512 393 regis
1532 348 1693 387 catholici,
1720 358 1756 380 ex

1010 405 1177 448 privilvgm
1189 405 1378 448 apostolico,
1398 404 1449 437 cui
1470 414 1531 437 non
1545 410 1591 436 ost
1601 403 1755 435 hai-tenus

1009 458 1040 490 in
1062 458 1171 500 aliquo
1197 458 1407 499 derogatum,
1435 458 1486 489 cui
1515 457 1649 489 dilectus
1670 456 1754 488 silius

1009 516 1117 544 noster
1137 510 1325 543 Franciscus
1341 511 1423 543 tituli
1445 511 1474 543 S.
1498 510 1610 543 Crucis
1632 510 1662 542 in
1685 509 1757 542 Ilie-

1008 564 1147 597 rusaleni
1177 564 1341 607 presbyter
1369 563 1539 595 cardinalis
1566 563 1686 596 Paceco
1714 563 1753 594 du

1007 617 1125 650 Toledo
1141 623 1361 660 nuncupatus,
1375 627 1411 649 ex
1426 616 1662 659 dispensatione
1678 626 1753 659 apo-

1005 671 1131 711 stolica,
1153 676 1282 714 prseest,
1305 676 1486 703 ceterarum
1513 670 1656 702 onmium
1684 670 1751 701 eius

1006 723 1105 766 partis
1122 723 1212 765 regni
1232 723 1385 756 Castellae
1398 749 1405 762 ‚
1429 734 1509 766 quae
1536 728 1623 755 retus
1643 723 1752 766 app-*l-

1005 777 1101 816 latur,
1115 776 1340 819 antiquissima
1357 782 1387 808 et
1403 775 1612 815 nobilissima,
1627 781 1655 807 et
1672 775 1748 807 ‹lcii

1004 830 1158 872 dignitate
1175 840 1211 862 ac
1227 839 1377 870 numero,
1390 834 1419 861 et
1431 829 1585 861 dioecesis
1601 830 1751 873 amplitu-

1003 883 1077 916 dine
1097 888 1258 927 praestare
1275 888 1438 918 noscatur2
1454 881 1627 924 itidemque
1642 882 1751 928 civitas

1002 947 1058 969 sua
1070 936 1146 969 dicti
1161 937 1251 979 regni
1266 941 1361 980 caput
1382 941 1411 969 et
1431 935 1563 968 Camera
1583 935 1679 975 Regia
1698 948 1751 968 vo-

1001 995 1082 1029 cata,
1096 989 1244 1033 dictaque
1256 989 1411 1022 dioecesis
1423 988 1596 1021 illustrium
1606 988 1746 1021 virorum

1001 1041 1644 1086 copiamaximeinsignessint‚apudquos
1653 1042 1748 1074 etiam

999 1106 1092 1129 verae
1105 1096 1271 1139 religionis
1282 1096 1399 1135 cultus,
1414 1100 1443 1128 et
1455 1105 1579 1127 summa
1592 1095 1623 1127 in
1634 1095 1749 1128 Roma-

1000 1160 1057 1182 nos
1067 1149 1238 1182 Pontifices
1248 1150 1432 1192 dictamque
1448 1149 1561 1181 Sedem
1574 1149 1746 1182 observan-

999 1203 1042 1235 tia
1062 1203 1151 1235 omni
1171 1208 1319 1246 tempore
1335 1202 1479 1235 emicuit.

1042 1256 1057 1299 ξ
1077 1255 1108 1288 2.
1135 1256 1216 1295 Nos,
1238 1256 1278 1288 ad
1302 1261 1473 1298 utramque
1495 1255 1617 1288 meritis
1643 1256 1744 1288 hono-

999 1309 1089 1342 ribus
1100 1309 1279 1352 augendam
1296 1314 1324 1342 et
1337 1309 1586 1352 promovendam
1602 1309 1741 1347 astam-ti,

999 1362 1060 1405 piis
1097 1372 1227 1405 quoque
1264 1361 1555 1405 supplicationibus
1591 1363 1745 1405 praedicti

1759 1308 1768 1321 S

1776 241 1811 265 au
1841 239 1869 265 C.
1890 239 1956 267 ima

1774 1269 1850 1291 Dii-isto
1871 1272 1944 1293 encie-

1771 1302 1835 1322 iarum
1859 1301 1944 1329 Pampi-

1760 1334 1831 1354 tonen.
1856 1337 1877 1354 et
1900 1334 1942 1354 Ca-

1760 1366 1870 1391 lagurnan.
1885 1373 1897 1386 a
1911 1368 1942 1387 iu-

1759 1398 1883 1418 risdictione
1906 1404 1943 1418 ar-

999 1415 1137 1459 Philippi
1154 1415 1238 1457 regis
1258 1414 1396 1455 excitati,
1419 1420 1487 1458 post
1513 1415 1654 1447 habitam
1671 1427 1743 1448 cum
1760 1428 1847 1454 chiepis,
1863 1429 1942 1449 eaesa-

999 1469 1151 1501 fratribus
1167 1468 1282 1501 nostris
1298 1473 1455 1501 maturam
1469 1469 1744 1510 deliberationem,

998 1522 1036 1554 de
1044 1532 1157 1555 eorum
1170 1521 1303 1554 consilio
1313 1527 1408 1565 atque
1420 1521 1603 1565 apostolic-<e
1611 1527 1746 1565 potesta-

997 1575 1037 1608 tis
1046 1574 1258 1617 plenitudine,
1272 1574 1311 1607 ad
1327 1574 1468 1614 laudem,
1491 1573 1624 1616 gloriam
1643 1575 1743 1608 etho-

997 1638 1109 1661 norem
1126 1627 1356 1671 omnipotentis
1366 1627 1430 1666 Dei,
1447 1632 1476 1660 et
1488 1627 1675 1661 universalis
1684 1629 1742 1661 Ec-

997 1681 1111 1715 <zlesiae
1135 1681 1376 1719 exaltationem,
1402 1681 1678 1724 Pampiloncnsem
1713 1688 1744 1715 et

997 1734 1310 1777 Calaguritanensem
1322 1733 1485 1772 ecclesias,
1503 1745 1584 1777 quae
1596 1734 1634 1766 de
1646 1734 1743 1767 simili

997 1788 1067 1820 iure
1092 1792 1279 1830 patronatus
1305 1786 1459 1830 praedicti
1487 1786 1627 1830 Philippi
1658 1788 1743 1829 regis

997 1846 1081 1880 sunt,
1095 1850 1273 1882 earumque
1284 1839 1425 1872 civitates
1439 1845 1468 1872 et
1482 1839 1654 1879 dioeceses,
1668 1851 1741 1873 cum

996 1893 1146 1927 omnibus
1161 1898 1191 1926 et
1210 1893 1469 1936 quibuscumque
1486 1903 1595 1924 earum
1613 1894 1741 1927 territo-

996 1947 1053 1979 riis
1063 1952 1091 1980 et
1101 1946 1256 1986 terminis,
1269 1956 1305 1978 ac-
1319 1945 1451 1978 dilectos
1462 1945 1544 1977 filios
1555 1956 1664 1978 earum
1679 1946 1742 1979 sin-

996 2000 1146 2043 gularum
1167 1999 1290 2032 clerum
1314 2004 1342 2031 et
1366 1999 1522 2041 populum
1539 1998 1740 2038 universum,

997 2063 1070 2086 cum
1083 2052 1148 2085 suis
1163 2051 1350 2093 collegiatis,
1364 2050 1601 2093 parochialibus
1622 2056 1652 2083 et
1670 2052 1742 2085 aliis

996 2105 1150 2145 ecclesiis,
1163 2114 1288 2137 necnon
1301 2103 1501 2136 monasteriis
1512 2104 1677 2148 utriusque
1695 2116 1743 2138 se-

995 2169 1065 2198 xus,
1087 2158 1265 2201 ceterisque
1284 2156 1448 2189 beneficiis
1464 2156 1618 2190 etosficiis
1638 2158 1741 2191 eccle-

996 2208 1741 2249 siasticis‚cumcuraetsinecura,saecularibus

996 2270 1027 2297 et
1049 2263 1237 2307 quorumvis
1256 2262 1411 2295 Ordinum
1432 2262 1646 2304 regularibus,
1665 2274 1740 2297 nec-

996 2328 1060 2350 non
1085 2316 1312 2360 hospitalibus,
1337 2314 1486 2347 domibus
1498 2341 1505 2354 ,
1537 2316 1680 2358 collegiis
1711 2323 1741 2350 et

996 2371 1074 2404 locis
1085 2369 1245 2412 religiosis
1264 2368 1537 2411 quibuscumque,
1551 2369 1738 2412 aprovincia

996 2420 1350 2465 Caesaraugustanensi‚
1362 2421 1413 2453 cui
1425 2421 1660 2465 metropolitico
1669 2423 1739 2455 iure

996 2472 1147 2510 subsunt,
1177 2476 1287 2502 tenore
1313 2470 1530 2513 praesentium
1545 2496 1552 2509 ,
1584 2476 1739 2514 perpetuo

996 2521 1165 2553 dividimus
1185 2524 1216 2551 et
1235 2527 1438 2561 separamus;
1461 2523 1491 2551 et
1515 2519 1554 2551 ab
1579 2519 1738 2562 archiepi-

235 2581 260 2604 -ι
283 2579 325 2606 Ex
346 2579 447 2614 Regem
480 2580 508 2607 jn
527 2580 631 2609 secret.
659 2581 802 2611 Bffi-ium,
839 2583 856 2609 2
873 2584 955 2620 Legi-
996 2569 1151 2613 scopipro
1162 2574 1305 2611 tempore
1322 2567 1483 2600 existentis
1494 2578 1530 2601 ac
1549 2567 1739 2601 dilectorum

214 2629 278 2652 mus
291 2625 381 2652 υιιιιιὶιι
401 2629 439 2660 (ιι.
460 2632 505 2656 L).

996 2618 1137 2652 tiliorum
1153 2615 1285 2661 capituli
1304 2614 1663 2661 Caesaraugustanensis
1683 2627 1738 2651 :u-

1759 1461 1941 1486 raugustanensis.
