2059 3228
30 0 195 93 r

59 86 81 132 ¹¹.-

35 273 39 277 .
53 249 74 281 G
99 249 165 279 1579

0 1191 157 1228 ¹lull-em

775 253 949 278 Gnnflonttts
967 236 1022 276 xtu
1041 253 1089 277 rr.

176 300 262 334 ritate
276 302 432 335 concessit
447 307 474 333 et
488 303 616 337 indulsit
631 317 640 344 ;
659 316 696 338 ac
711 305 839 337 demum
859 316 915 348 per

175 364 248 387 eum
268 361 400 398 accepto
416 357 500 398 quod
523 362 649 401 tempus
659 358 769 392 decem
789 359 913 391 dierum

173 406 357 440 huiusmodi
376 407 472 441 nimis
491 409 585 442 breve
610 417 689 452 erat,
708 422 745 444 ac
764 412 804 444 ob
829 411 914 443 illius

173 459 357 493 brevitatem
371 461 428 501 illi,
446 462 501 504 qui
522 463 599 496 alias
610 464 648 497 ad
663 463 914 507 nundinasipsas

173 513 296 546 venturi
325 520 426 554 erant,
448 515 590 549 videntes
627 527 690 550 non
714 527 807 560 posse
832 517 913 549 infra

173 566 234 599 tale
258 572 382 609 tempus
402 568 440 600 ad
461 568 532 601 illas
552 570 706 603 accedere
726 575 757 603 et
775 570 848 603 inde
866 580 914 602 re-

172 617 294 659 cedere,
321 619 359 652 ad
384 621 511 653 easdem
536 622 695 655 nundinas
721 633 785 655 non
805 623 912 655 venic-

171 671 256 713 bant,
276 676 307 704 et
326 673 418 705 multi
453 680 646 708 mercatores
676 675 714 708 ad
748 676 817 708 illas
837 687 912 719 pro-

173 729 278 767 pterea
303 725 410 759 venire
444 737 508 760 non
546 729 713 768 curabant,
745 728 842 772 idque
881 729 912 761 in

170 776 307 811 fabricae
331 779 513 822 praedictae
533 780 770 824 praeiudicium
792 781 911 814 redun-

170 829 276 872 dabat,
298 842 371 864 cum
391 833 569 866 necessaria
585 834 625 866 ad
652 835 910 877 prosecutionem

169 887 201 916 et
218 883 452 918 absolutionem
478 885 564 919 illius
584 886 743 929 provideri
765 898 829 920 non
842 899 912 931 pos-

170 941 250 977 sent,
271 941 398 981 tempus
422 939 534 971 decem
563 939 688 972 dierum
725 940 910 974 huiusmodi

171 989 209 1023 ad
232 990 392 1023 sexdecim
410 991 488 1030 dies,
508 997 580 1025 octo
597 1003 672 1026 vero
693 999 766 1026 ante
794 1000 824 1026 et
839 1000 911 1027 octo

170 1048 241 1086 post
258 1043 372 1076 ultimo
392 1043 509 1077 dictam
531 1045 739 1085 dominicam,
757 1046 841 1079 dicta
856 1058 912 1080 au-

170 1094 316 1129 ctoritate
334 1097 517 1139 prorogavit
541 1103 571 1131 et
590 1098 763 1142 ampliavit.

213 1148 276 1192 §6.
296 1149 341 1183 Ac
360 1149 499 1194 denique
517 1152 716 1185 venerandae
737 1153 911 1186 memoriae

170 1200 243 1235 Pius
267 1202 353 1247 Papa
381 1203 529 1245 Quartus,
555 1205 652 1238 etiam
685 1206 911 1249 praedecessor

170 1259 289 1296 noster,
317 1256 492 1300 praemissa
519 1257 638 1298 onmia,
665 1263 828 1302 quatenus·
857 1259 911 1292 illa

169 1314 274 1342 essent
299 1308 333 1342 in
352 1320 425 1350 usu,
447 1310 636 1344 auctoritate
670 1311 834 1355 praedicta
853 1323 909 1356 ap-

170 1361 313 1404 probavit
320 1367 352 1395 et
363 1363 575 1404 confirmavit,
586 1374 713 1397 necnon
733 1365 909 1409 hospitium

169 1414 208 1448 ad
226 1414 357 1448 domum
368 1421 399 1448 et
411 1417 523 1450 fratres
541 1417 720 1460 praedictos
735 1418 909 1461 pertinens,

169 1477 206 1500 ac
227 1478 287 1511 pro
302 1469 529 1502 commoditate
550 1476 581 1502 et
599 1471 789 1504 necessitate
806 1472 910 1505 foren-

169 1520 264 1561 sium,
280 1521 400 1554 ibidem
409 1522 448 1555 ad
464 1528 535 1555 vota
547 1524 768 1566 persolvenda,
782 1530 812 1557 et
825 1535 909 1558 nun-

162 1572 258 1618 dinas
277 1574 463 1608 huiusmodi
482 1575 692 1616 venientium,
711 1582 797 1610 extra
816 1589 909 1621 prae-

169 1626 285 1659 dictam
296 1627 452 1661 civitatem
464 1628 498 1661 in
510 1640 578 1662 cam
583 1639 624 1673 po
634 1629 785 1664 Gratiano
796 1632 908 1664 huius-

170 1679 254 1712 modi
287 1685 508 1714 constructum
520 1708 527 1721 ,
550 1688 707 1726 perpetuo
719 1710 733 1723 ,.
752 1689 786 1716 ut
806 1685 907 1727 prius,

169 1726 306 1760 liberum
317 1733 349 1762 et
365 1734 547 1773 exemptum
563 1730 670 1763 statuit
683 1737 713 1764 et
723 1732 906 1766 declaravit.

168 1775 211 1809 Ac
230 1787 341 1811 rursus
360 1787 502 1822 pereum
518 1786 650 1823 accepto
661 1781 746 1823 quod
761 1783 909 1815 nonnulli

167 1826 385 1859 circumvicini
405 1827 481 1860 dicti
505 1829 628 1871 praedii
645 1830 685 1862 de
705 1829 821 1863 Sancto
849 1831 907 1865 Ca-

167 1873 263 1915 taldo,
285 1885 344 1919 pro
368 1886 406 1908 eo
426 1877 512 1919 quod
531 1877 698 1920 praedium
718 1878 823 1922 ipsum
844 1890 907 1913 non

133 1939 136 1943 v
167 1922 270 1955 solum
298 1923 331 1956 in
355 1924 558 1966 viterbiensi,
590 1932 622 1959 ut
640 1927 831 1970 praefertur,
854 1929 907 1961 sed

167 1969 261 2004 etiam
269 1971 302 2005 in
313 1973 408 2006 castri
418 1973 609 2006 Viterehiani
624 1974 636 1997 1
651 1976 821 2009 territoriis
833 1987 909 2010 eon-

167 2017 308 2062 sistebat,
342 2022 589 2065 praetendentes
601 2034 634 2056 se
651 2029 680 2056 et
698 2035 768 2057 earn
784 2031 907 2069 partem

144 2066 267 2111 -ipsius
301 2070 426 2113 praedii
451 2070 483 2103 in
503 2070 588 2104 dieto
619 2072 781 2106 territorio
805 2073 907 2107 Viter-

147 2115 272 2150 -cbiani
293 2118 528 2152 ‘consistentem
548 2120 580 2153 in
604 2131 740 2154 numero
758 2121 907 2155 bannita-

165 2173 237 2198 rum
248 2165 341 2200 dictae
351 2167 465 2201 domus
477 2179 543 2202 non
556 2170 802 2214 comprehendi,
813 2171 908 2204 variis

166 2214 270 2247 modis
296 2215 439 2259 priorem
462 2223 493 2250 et
515 2224 708 2251 conventum
726 2219 908 2261 praedictos

167 2271 263 2306 super
295 2264 428 2306 praedio
456 2265 642 2299 huiusmodi
662 2267 853 2310 perturbare
878 2273 909 2301 et

167 2309 346 2354 inquietare
358 2314 616 2356 praesumebant,
630 2315 747 2348 herbas
762 2316 908 2350 bannitas

166 2357 324 2400 faciendo,
337 2361 508 2404 pascendo,
522 2363 687 2396 vendendo
703 2369 733 2397 et
747 2365 810 2397 alia
822 2375 908 2398 eom-

167 2407 332 2451 mittendo,
361 2409 394 2442 in
418 2411 544 2452 domus,
566 2412 696 2455 prioris,
717 2414 853 2447 fratrum
877 2420 909 2448 et

167 2463 340 2491 conventus
355 2459 583 2502 praedictorum
598 2461 825 2504 praeiudicium
842 2473 908 2495 non

168 2505 331 2540 modicum
357 2512 387 2540 et
417 2518 599 2551 gravamen,
627 2510 810 2553 praedictus
834 2511 908 2545 Pius

163 2554 408 2596 praedecessor,
434 2556 474 2589 ad
501 2557 694 2590 removenda
721 2558 908 2593 huiusmodi

202 2624 212 2650 1
234 2624 334 2660 Ripoll,
354 2625 399 2653 hic
413 2629 440 2654 et
454 2625 528 2659 alibi,
554 2626 719 2654 Vicorchiani
733 2628 772 2662 (R.
788 2627 837 2660 τ.).

1588 241 1654 275 295

956 304 1155 343 discrimina,
1183 302 1325 336 decrevit
1344 301 1428 346 quod
1450 301 1616 345 praedium
1639 303 1696 333 liu-

957 355 1095 388 iusmodi
1116 355 1154 387 de
1173 361 1281 388 ‹ert—tofo
1302 367 1359 399 pro
1381 355 1503 387 incluso
1520 355 1550 387 in
1563 365 1698 387 numero

956 408 1162 441 banniturum
1185 408 1300 450 prioris
1315 414 1342 440 et
1357 408 1488 440 fratrum
1507 419 1543 440 ae
1563 418 1698 440 conveu-

955 467 1007 494 tus
1026 461 1210 494 huiusmodi
1243 462 1362 504 pariter
1394 462 1576 501 baberetur,
1615 467 1699 493 tene-

954 520 1044 547 retur
1074 519 1105 547 et
1138 514 1379 556 intelligeretur,
1414 514 1590 547 districtius
1615 513 1698 547 iulii-

954 567 1060 600 hendo
1081 567 1305 600 communitati
1330 573 1360 599 et
1391 567 1576 600 hominibus
1599 567 1698 600 Viter—

952 619 1116 652 biensibus
1135 630 1172 652 ac
1188 620 1283 652 castri
1304 620 1508 661 Vitercliiani,
1531 620 1696 653 omnibus-

952 682 1015 715 que
1027 677 1057 705 et
1069 672 1203 715 singulis
1214 672 1470 705 universitatibus
1484 679 1513 706 et
1524 673 1697 716 particula-

952 725 1042 758 ribus
1061 726 1221 768 personiS,
1243 726 1476 769 cuiuscumque
1497 732 1608 766 status,
1627 737 1697 768 gra-

953 778 1024 818 dus,
1045 779 1169 812 ordinis
1193 780 1241 812 vel
1263 779 1455 812 conditionis
1475 779 1693 819 existentibus,

953 842 1003 872 ne,
1027 832 1085 864 sub
1106 832 1217 875 poenis
1237 832 1270 864 in
1295 832 1421 865 statutis
1440 832 1542 865 dictae
1563 833 1696 865 civitatis

952 885 991 917 de
1010 885 1127 918 damna
1146 886 1296 918 dantibus
1316 885 1349 917 in
1367 886 1506 929 praediis
1525 891 1555 918 et
1574 897 1697 929 pusses-

951 937 1096 971 sionibus
1130 938 1262 971 inclusis
1289 944 1320 971 et
1352 939 1491 971 bannitis
1524 939 1692 977 contentis,

952 1000 990 1022 eo
1010 990 1079 1034 ipso
1104 990 1319 1030 incurrendis,
1341 991 1490 1024 bannitus
1511 991 1542 1023 in
1568 992 1694 1034 praeiu-

952 1043 1071 1076 dicium
1093 1044 1207 1076 domus
1220 1049 1250 1077 et
1261 1049 1435 1077 conventus
1453 1044 1690 1088 praedictorum

952 1096 1067 1138 facere,
1081 1107 1140 1130 nec
1148 1097 1263 1130 herbas
1275 1097 1515 1142 praedictorum
1525 1098 1668 1130 locorum
1684 1096 1690 1118 ¹

951 1150 1115 1192 colligere,
1143 1150 1300 1191 incidere,
1327 1161 1459 1194 pascere
1478 1151 1526 1183 vel
1559 1151 1694 1183 venum-0

950 1202 1106 1236 auderent
1126 1214 1181 1236 seu
1197 1209 1454 1247 praesumerent.

993 1255 1009 1298 ἓ
1028 1256 1059 1288 7.
1081 1256 1118 1288 Et
1129 1261 1292 1300 postremo
1303 1267 1361 1300 per
1376 1262 1504 1289 sanetae
1521 1257 1693 1290 memoria(-

950 1308 1042 1341 Pium
1072 1309 1190 1353 Papam
1208 1309 1370 1352 quintum,
1394 1310 1541 1343 similiter
1559 1310 1692 1354 praede-

950 1371 1110 1395 cessorem
1131 1368 1290 1403 nostrum,
1302 1368 1433 1406 accepto
1450 1362 1538 1405 quod
1554 1368 1625 1395 ante
1637 1374 1695 1406 pu-

950 1410 1156 1444 blicationem
1184 1411 1400 1454 quarumdam
1421 1422 1550 1444 suarum
1573 1412 1692 1444 littera-

950 1470 1021 1491 rum
1040 1459 1073 1491 in
1092 1460 1320 1503 religiosorum
1347 1461 1519 1493 domorum
1551 1467 1581 1493 et
1606 1461 1693 1493 loco-

950 1519 1022 1541 rum
1043 1508 1170 1542 Ordinis
1194 1509 1444 1542 Mendicantium
1460 1509 1613 1549 favorem,
1641 1521 1693 1541 su—

950 1567 1007 1600 per
1020 1557 1223 1601 exemptione
1244 1563 1274 1590 et
1286 1557 1489 1590 immunitate
1508 1558 1693 1591 asolutione

950 1611 982 1638 et
1021 1606 1238 1649 praestatione
1271 1606 1485 1647 exactionum,
1522 1607 1692 1645 datiorum,

949 1653 1163 1696 gabellarum,
1201 1654 1430 1698 pedagiorum,
1454 1655 1638 1688 victualium
1665 1662 1692 1687 et

949 1702 1085 1736 aliarum
1117 1703 1374 1746 impositionum‚
1397 1714 1524 1737 necnon
1546 1704 1693 1736 facultate

949 1751 1193 1785 administrandi
1216 1751 1301 1785 bona
1321 1752 1602 1793 monasteriorum,
1617 1763 1690 1786 eon-

949 1805 1102 1834 ventuum
1122 1806 1153 1834 et
1172 1801 1310 1834 aliorum
1336 1801 1483 1834 locorum
1504 1802 1690 1834 eorumdem

948 1849 1173 1891 religiosorum
1186 1849 1263 1882 dieti
1283 1849 1409 1882 Ordinis
1428 1850 1689 1887 lllendicantium⁷

948 1907 985 1929 ac
1005 1899 1042 1930 de
1062 1897 1232 1938 fructibus,
1265 1897 1456 1938 redditibus,
1484 1899 1691 1942 proventibus

949 1951 978 1978 et
997 1945 1260 1979 subventionibus
1288 1946 1432 1987 illorum,
1459 1957 1585 1979 necnon
1606 1947 1690 1979 0102:-

949 1995 1088 2038 mosynis
1106 2000 1138 2028 et
1160 1995 1387 2035 oblationibus,
1413 2006 1450 2027 ac
1474 1996 1690 2038 prohibitione

948 2053 987 2076 ne
1018 2044 1057 2076 de
1096 2048 1202 2076 cetero
1225 2049 1348 2076 tutores
1381 2048 1412 2076 et
1439 2050 1603 2077 curatores
1635 2056 1688 2077 seu

948 2098 1176 2136 procuratores
1195 2098 1249 2126 aut
1281 2093 1343 2125 alio
1363 2092 1492 2125 nomine
1512 2094 1688 2137 nuncupati

948 2141 1097 2174 sanctesii
1134 2141 1174 2175 de
1203 2141 1323 2174 eisdem
1354 2141 1459 2181 bonis,
1485 2142 1641 2174 fructibus
1661 2149 1686 2175 et

948 2190 1158 2234 eleemosynis
1177 2190 1348 2223 ullomodo
1368 2190 1538 2233 disponere
1551 2197 1689 2233 possent,

949 2249 1187 2280 concessarum,
1208 2240 1427 2282 eleemosynae
1447 2244 1477 2271 et
1501 2238 1688 2277 oblationes,

948 2298 1030 2331 quae
1063 2288 1096 2320 in
1133 2288 1218 2321 dieta
1249 2287 1381 2320 ecclesia
1420 2288 1584 2320 annuatim
1619 2288 1688 2321 fieri

949 2341 1189 2377 consueverant,
1211 2341 1302 2369 etex
1336 2335 1454 2379 quibus
1484 2347 1543 2379 pro
1576 2337 1687 2369 maiori

948 2389 1037 2428 parte
1061 2395 1160 2417 onera
1175 2388 1349 2417 conventus
1374 2384 1487 2417 domus
1506 2384 1688 2417 huiusmodi

948 2434 1230 2477 supportabantur,
1245 2443 1282 2464 ac
1300 2432 1333 2464 in
1346 2432 1464 2476 quibus
1474 2433 1689 2466 emolumenta

948 2486 979 2513 et
997 2481 1140 2514 redditus
1159 2480 1346 2514 eorumdem
1363 2488 1537 2514 conventus
1561 2483 1689 2526 potissi-

948 2539 1038 2562 mum
1067 2526 1252 2568 existebant,
1279 2529 1311 2561 in
1339 2540 1403 2562 una
1427 2540 1533 2573 capsa,
1565 2531 1689 2564 duabus

948 2630 958 2664 <
985 2590 995 2616 1
1026 2589 1116 2665 ΙζίροΗ
1143 2589 1209 2624 legit
1243 2590 1339 2618 herbas
1375 2598 1486 2619 suorum
1511 2594 1688 2627 praediorum

960 2636 988 2657 R.
1005 2637 1030 2657 T.
1049 2651 1054 2657 .

1694 241 1744 269 An.
1764 241 1792 268 C.
1818 241 1884 268 1570

1737 1251 1893 1275 Dispositiones

1714 1278 1746 1297 I'ii
1764 1279 1781 1297 V
1800 1278 1892 1302 eiusque

1714 1305 1808 1325 litterae.
