2059 3228
103 244 153 272 An.
171 246 200 274 C.
218 247 285 275 1575

124 836 242 859 Exordium.

119 1320 168 1341 Pius
179 1319 195 1340 V
209 1318 278 1341 taeni-

92 1352 161 1370 1atem
185 1351 278 1372 testandi

92 1382 182 1402 militurn
196 1381 219 1402 S.
245 1382 280 1402 la-

92 1413 141 1433 cobx
157 1414 181 1433 de
192 1412 276 1439 Spania,

93 1443 120 1463 de
135 1443 242 1464 calatrava
257 1447 278 1465 et

93 1472 120 1494 de
165 1473 278 1495 Aicauim

92 1506 204 1527 revocavit
217 1505 238 1527 Ξ.

344 239 406 273 tao

620 301 720 335 XLIX.

295 368 517 409 Rz'inteqrutio
550 367 756 399 licentiarum
793 370 822 399 el
850 367 1044 409 facultatum

339 422 481 463 fratrum
501 424 529 452 ct
554 420 699 453 militnm
712 420 919 464 hospitalium
939 425 967 454 ct
983 422 1045 453 mi—

340 474 498 509 litiarum,
538 477 605 505 tam
627 472 662 506 S.
697 473 807 506 Iacobi
833 475 870 507 de
892 474 1016 516 Spatlza
1031 501 1040 513 ‚

339 537 432 569 quam
459 526 496 558 ἄν
521 525 708 566 ίῖαΙαΙναυα,
736 531 767 560 et
803 529 901 560 etiam
921 528 958 561 de
983 529 1040 560 ΛΙ-

339 583 484 619 ι·αηίαι·α,
508 580 648 612 testandi
678 584 707 613 et
727 580 918 624 disponendi
935 582 970 614 de.
991 592 1037 614 co-

338 643 411 664 rum
431 632 522 665 bonis
541 630 566 665 1.

311 712 458 747 Gregorius
468 711 537 747 Papa
546 712 613 746 xut.
627 713 660 740 ad
670 712 798 741 suturam
814 713 856 741 rei
871 714 1038 742 memoriam.

337 782 646 816 RomaniPontiiicis
665 783 884 827 providentiae
896 790 925 816 et
945 784 1036 816 heni-

289 835 419 878 gnitatis
439 837 607 879 proprium
636 843 692 877 est,
721 837 775 870 ubi
800 838 945 880 aequitas
965 848 1038 870 sua-

291 891 345 923 det
360 900 397 922 ac
410 889 643 923 catholicorum
657 896 728 923 vota
746 895 937 933 exposcunt,
957 901 1038 933 quae

291 942 485 985 generaliter
495 953 512 975 a
524 943 826 986 praedecessoribus
846 942 911 976 suis
922 949 1038 976 statuta

291 1001 377 1035 sunt,
400 995 572 1037 moderari,
596 996 715 1039 illaque
730 996 892 1029 interdum
914 997 1037 1037 tollere,

291 1059 373 1092 quae
404 1049 588 1082 facultatem
619 1049 756 1082 testandi
787 1056 815 1083 et
847 1050 1038 1092 disponendi

291 1102 331 1135 de
354 1101 459 1142 bonis,
479 1112 561 1145 quae
581 1103 640 1135 sub
661 1103 800 1145 regulari
820 1103 934 1136 habitu
954 1103 1038 1136 mili-

289 1154 409 1188 tiarum
433 1155 584 1198 degentes
606 1166 761 1199 personae
780 1156 956 1199 possident,
972 1157 1038 1189 adi-

291 1213 396 1240 munt.

334 1261 350 1304 ξ
361 1261 375 1293 1
386 1287 392 1293 .
405 1261 491 1294 Licet
505 1261 590 1294 enim
611 1262 712 1294 felicis
720 1262 953 1295 recordationis
964 1262 1039 1295 Pius

290 1314 326 1354 V,
338 1314 566 1357 praedecessor
577 1319 696 1354 nostor,
710 1326 767 1359 per
778 1326 867 1348 suam
880 1322 1037 1359 perpetuo

291 1367 461 1400 valituram
497 1368 759 1401 constitutionem
784 1396 791 1409 ,
833 1369 917 1401 inter
949 1369 1010 1402 alia
1029 1396 1035 1409 ,

292 1431 402 1454 omnes
419 1426 449 1454 et
463 1421 842 1465 quascumquelicentias
858 1427 886 1455 et
907 1422 1038 1455 faculta-

292 1481 339 1508 tes
362 1475 498 1508 testandi
519 1480 548 1507 et
569 1474 646 1507 alias
667 1475 909 1518 quomodolibet
931 1475 1037 1520 dispo-

290 1528 400 1568 nendi,
423 1533 454 1561 et
481 1527 521 1560 ad
551 1533 671 1561 certam
696 1529 902 1571 quantumvis
930 1530 1033 1562 modi-

291 1592 362 1615 cam
378 1591 536 1614 summam
560 1586 590 1613 et
610 1580 831 1624 quantitatem,
859 1582 897 1615 de
927 1583 1034 1623 rebus,

290 1633 449 1669 fructibus
469 1638 500 1666 et
530 1633 624 1667 bonis
647 1633 880 1674 immobililms,
908 1635 1037 1668 mobili-

289 1687 352 1720 bus
366 1691 396 1720 et
413 1686 662 1727 semoventibus,
684 1685 770 1719 inter
788 1687 878 1728 alios,
910 1688 949 1721 ad
974 1699 1040 1721 ma-

290 1741 425 1784 gistros,
439 1739 563 1783 priores
582 1766 590 1779 ,
611 1745 838 1783 praeceptores
857 1767 864 1780 ,
891 1740 1008 1774 milites
1029 1769 1036 1781 ‚

289 1794 404 1826 fratres
423 1798 453 1826 et
467 1803 620 1836 personas
637 1793 825 1826 militiarum
847 1798 875 1826 et
891 1794 1034 1838 hospita-

290 1846 372 1879 lium
390 1845 537 1879 videlicet
561 1846 670 1879 Sancti
694 1846 798 1879 iacobi
820 1847 858 1879 de
887 1847 1007 1891 Spatlia
1030 1875 1037 1887 ,

291 1900 331 1933 de
350 1899 513 1932 Calatrava
529 1904 560 1932 et
579 1899 748 1932 Alcantara
769 1899 958 1932 militiarum
984 1900 1039 1932 Hi-

291 1952 491 1996 spaniarum,
513 1951 637 1985 ratione
651 1952 963 1995 praeceptoriarum,
984 1953 1040 1985 lio-

290 2001 455 2045 spitalium
476 2006 507 2034 et
535 2001 770 2033 beneficiorum
804 2001 1039 2034 ecclesiastico-

291 2060 377 2090 rum,
405 2049 500 2082 etiam
525 2048 752 2089 saecularium,
775 2054 806 2081 et
826 2048 963 2081 aliorum
985 2049 1040 2082 Or-

293 2098 359 2131 din.
379 2098 634 2140 regularium,ac
652 2098 845 2141 pensionum
855 2124 862 2137 ,
874 2098 1038 2130 fructuum

293 2157 576 2189 quorumcumque
612 2146 888 2191 provenientibus,
914 2157 1039 2180 necnon

292 2196 375 2228 facta
405 2206 507 2238 usque
534 2201 610 2228 tunc
628 2221 635 2235 ‚
662 2206 727 2228 non
752 2200 859 2228 tamen
889 2195 1038 2228 effectum

292 2243 418 2281 sortita,
441 2244 546 2285 rigore
571 2243 775 2276 licentiarum
798 2249 827 2276 et
848 2243 1040 2276 facultatum

293 2292 532 2335 praedictarum
555 2297 744 2325 testamenta
781 2297 812 2325 et
830 2292 910 2324 alias
931 2293 1040 2335 dispo-

294 2339 426 2373 sitiones
446 2341 642 2381 huiusmodi,
665 2341 759 2374 etiarn
784 2340 810 2373 si
835 2351 894 2384 per
913 2340 1038 2373 easdem

293 2388 447 2421 licentias
463 2394 493 2422 et
509 2390 675 2423 facultates
703 2390 928 2433 disponeretur
955 2390 1041 2432 quod

295 2437 429 2470 dimidia
442 2438 491 2470 vel
516 2439 577 2470 alia
602 2449 675 2481 pars
694 2448 804 2471 rerum
828 2443 858 2470 et
880 2438 1040 2470 bonorum

330 2502 343 2528 1
357 2501 424 2529 Vide
439 2502 473 2529 de
489 2503 627 2530 eiusmodi
641 2503 746 2530 militiis
762 2503 790 2530 in
808 2502 922 2530 Adriani
932 2502 965 2529 vl
975 2509 1042 2529 con-

294 2544 438 2573 stitutione
454 2552 490 2579 iv,
507 2547 577 2573 Dum
594 2548 677 2581 iutra,
690 2551 755 2574 tom.
777 2553 815 2581 w,
827 2554 888 2581 pag.
904 2547 944 2574 ¹3.
979 2546 1043 2573 2vi-

295 2589 330 2616 de
354 2589 394 2617 Pii
420 2589 441 2615 V
457 2594 546 2618 const.
563 2597 631 2625 oxu,
647 2592 871 2624 Sacrosanctum,
895 2595 970 2618 tomo
986 2596 1040 2624 vn,

295 2640 358 2669 pag.
376 2634 434 2662 709.

891 247 1070 273 ‘mnarum
1089 245 1240 271 ROMANU'M

1844 239 1996 271 Αιι.ο.ι’
2022 234 2030 276 Γ,

1087 297 1326 342 praedictorum
1352 296 1489 338 militiis,
1509 297 1736 343 hospitalibus,
1769 297 1828 332 do-

1086 350 1191 383 mibus
1203 355 1234 383 et
1250 349 1341 388 locis,
1367 350 1453 383 unde
1472 350 1527 384 illa
1545 351 1762 394 provenirent,
1778 350 1825 385 vel

1084 403 1154 436 aliis
1174 403 1234 446 piis
1253 403 1332 436 locis
1356 403 1618 446 relinquerentur
1631 430 1639 444 ‚
1662 414 1829 438 revocave-

1083 456 1125 488 rit
1147 461 1178 489 et
1205 456 1390 496 aboleverit,
1416 456 1592 490 decernens
1616 463 1826 499 testamenta,

1083 509 1271 543 donationes
1291 514 1321 542 et
1353 509 1431 542 alias
1469 509 1706 553 dispositiones,
1731 521 1824 556 quas,

1082 567 1248 606 praetextu
1266 561 1523 605 privilegiorum,
1546 562 1745 604 fiacultatum,
1763 563 1826 596 dis-

1081 614 1305 658 pensationum
1339 620 1370 648 et
1409 615 1608 648 indultorum
1646 616 1827 659 praedicto·

1081 678 1153 700 rum
1173 667 1218 700 sic
1237 674 1475 707 revocatorum,
1489 679 1526 701 ac
1542 673 1653 701 contra
1665 668 1825 703 dictarum

1081 721 1261 754 litterarum
1270 727 1414 754 tenorem
1423 732 1480 765 per
1487 732 1719 765 quoscumque,
1728 723 1825 757 etiam

1080 774 1255 817 apostolica
1266 775 1468 815 auctoritate,
1484 775 1568 814 sieri,
1581 776 1628 808 vel
1644 775 1742 810 saetas
1751 787 1826 820 pro—

1080 827 1171 870 sequi
1185 827 1366 870 configerss,
1388 834 1552 871 tamquam
1568 828 1758 872 subreptitie
1773 839 1826 863 ex-

1080 885 1190 921 tortas,
1212 881 1333 914 nullius
1356 891 1489 924 prorsus
1526 881 1652 915 roboris
1675 882 1724 916 vel
1753 893 1825 917 mo-

1079 934 1179 967 menti
1199 945 1280 976 esse,
1301 946 1361 968 nee
1380 945 1515 979 per-eas
1531 935 1580 968 ius
1599 941 1655 968 aut
1670 935 1800 970 titulum
1813 962 1823 977 ,

1079 987 1174 1020 etiam
1199 988 1392 1029 coloratum,
1409 988 1561 1032 cuiquam
1583 988 1706 1032 acquiri
1717 999 1822 1033 posse,

1078 1046 1109 1074 et
1129 1041 1207 1075 alias
1226 1047 1323 1085 prout
1351 1042 1385 1074 in
1404 1042 1548 1075 eiusdem
1567 1042 1824 1086 praedecessoris

1078 1094 1194 1128 litteris
1212 1095 1308 1128 latius
1332 1095 1522 1139 explic-atur.

1123 1148 1138 1192 g
1157 1148 1188 1181 ⁶2.
1203 1148 1418 1181 Nihilominus
1434 1148 1616 1182 carissimus
1636 1148 1668 1182 in
1696 1149 1820 1183 Christo
1836 1167 1944 1196 pffinppus
1963 1164 1991 1186 m

1079 1202 1165 1236 filius
1188 1208 1297 1235 noster
1322 1201 1489 1245 Philippus
1512 1201 1736 1245 Hispaniarum
1766 1214 1820 1236 rex
1836 1201 1944 1226 *mmmm
1971 1205 2011 1220 ’θ’

1079 1256 1266 1295 catholicus,
1287 1255 1394 1288 Sancti
1418 1255 1524 1288 Iacobi
1549 1255 1587 1288 de
1607 1255 1725 1299 Spatha
1747 1282 1754 1298 ,
1781 1257 1820 1290 de
1835 1229 1998 1288 giiinitffliiiii

1079 1309 1241 1342 Calatrava
1261 1308 1339 1342 etde
1359 1309 1528 1341 Alcantara
1542 1309 1730 1342 militiarum
1750 1320 1822 1354 per·
1835 1296 2023 1346 ἶίῗὲἷῗῖωωῑῗεῗῗ
2047 1322 2049 1327 ·

1078 1369 1194 1407 petuus
1213 1362 1462 1400 administrator,
1483 1363 1660 1405 apostolica
1679 1364 1820 1398 auctori⁴
1835 1354 1996 1410 {jssf'g'ffi'ss'fflss
2008 1371 2030 1408 ,ζμ
2047 1368 2049 1384 ·’

1079 1422 1140 1450 tate
1160 1417 1342 1460 deputatus,
1373 1415 1628 1448 animadvertens
1651 1417 1822 1461 plerosque
1836 1421 1886 1467 ξιξ.
1926 1420 2018 1467 '2353
2046 1412 2048 1446 j

1079 1482 1115 1504 ex
1130 1469 1286 1503 militibus
1309 1470 1497 1502 militiarum
1509 1470 1745 1513 praedictarum
1763 1481 1822 1516 pro
1837 1484 1871 1500 na.
1913 1453 1925 1474 ν
2029 1463 2032 1471 ’

1080 1525 1142 1557 fide
1163 1523 1320 1557 catholica
1339 1523 1456 1556 tuenda
1477 1528 1508 1555 et
1531 1523 1746 1557 conservanda
1770 1534 1823 1556 ara-

1080 1589 1131 1610 ma
1151 1577 1297 1618 induere,
1313 1586 1342 1610 et
1363 1577 1392 1609 ei
1409 1576 1455 1608 rei
1484 1577 1678 1620 plerumque
1705 1585 1822 1621 perpe-

1080 1637 1166 1664 tuam
1187 1622 1319 1674 operam
1340 1630 1388 1673 (ut
1415 1639 1507 1662 veros
1541 1629 1656 1662 Christi
1689 1629 1824 1664 athletas

1079 1684 1182 1726 decet)
1201 1694 1329 1723 navare;
1352 1683 1431 1716 alios
1454 1693 1528 1715 vero
1555 1683 1703 1725 gravibus
1726 1693 1824 1726 nego·

1080 1737 1136 1770 ciis
1155 1736 1389 1780 pertractandis
1409 1746 1477 1768 esse
1497 1736 1663 1776 distentos,
1685 1741 1764 1769 etex
1773 1747 1824 1769 ea-

1079 1790 1227 1823 rumdem
1277 1789 1466 1822 militiarum
1508 1789 1732 1822 stabilimentis
1768 1795 1825 1822 aut,

1080 1843 1174 1876 etiam
1201 1842 1385 1887 apostolicis
1416 1842 1558 1883 indultis,
1585 1842 1685 1875 libere
1709 1852 1824 1875 uxores

1079 1897 1198 1929 ducere
1213 1907 1317 1940 posse,
1340 1896 1413 1929 etin
1424 1895 1533 1928 habitu
1546 1894 1689 1936 militari,
1708 1906 1824 1938 quam-

1080 1951 1154 1982 dam
1176 1949 1402 1992 religiosorum
1423 1947 1597 1991 imaginem
1622 1948 1755 1988 referre,
1775 1948 1826 1981 ni·

1080 2003 1192 2045 iiiique
1228 2002 1427 2041 hominibus,
1458 2001 1646 2045 praesertim
1667 2001 1824 2045 militibus

1080 2055 1264 2100 praedictis,
1286 2055 1410 2098 gratius
1430 2053 1557 2088 evenire
1575 2065 1676 2098 posse
1710 2054 1825 2087 intelli—

1079 2120 1156 2152 gens
1176 2120 1272 2152 quam
1293 2108 1440 2141 utlibera
1452 2108 1497 2141 eis
1512 2108 1550 2141 sit
1560 2107 1598 2141 de
1613 2108 1720 2148 bonis,
1740 2118 1823 2151 quae

1079 2163 1217 2196 viventes
1237 2162 1412 2206 possident,
1431 2166 1495 2194 tam
1515 2162 1548 2193 in
1577 2161 1691 2194 ultima
1713 2161 1826 2194 volun-

1081 2216 1296 2258 tate(quando
1315 2214 1454 2259 amplius
1485 2215 1565 2247 velle
1584 2224 1649 2247 non
1678 2213 1824 2257 possunt)

1080 2279 1176 2312 quam
1197 2269 1294 2306 alias,
1315 2267 1507 2311 disponendi
1532 2267 1652 2301 tribum
1666 2271 1822 2310 potestas,

1081 2327 1251 2365 propterea
1269 2321 1361 2355 nobis
1385 2320 1550 2354 humiliter
1559 2319 1735 2364 supplicari
1750 2318 1825 2352 fecit

1082 2381 1116 2407 ut
1131 2386 1168 2408 ex
1188 2380 1339 2408 consueta
1351 2374 1440 2407 Sedis
1461 2373 1664 2417 Apostolicae
1682 2371 1826 2416 benigni-

1081 2434 1143 2460 tate
1158 2433 1338 2472 opportune
1359 2427 1445 2461 circa
1461 2427 1636 2472 praemissa
1656 2425 1824 2470 providere

1082 2477 1301 2519 dignaremur.

1128 2526 1143 2567 ἓ
1173 2525 1205 2559 3.
1245 2526 1308 2559 Nos
1348 2525 1446 2569 igitur
1474 2523 1651 2558 commodis
1684 2523 1824 2556 militum
2011 2562 2013 2564 Ι

1084 2574 1272 2608 militiarum
1292 2574 1529 2618 praedictarum
1550 2599 1558 2614 ‚
1593 2572 1712 2616 quibus
1738 2572 1825 2605 idem
1838 2567 2017 2626 mlxx-¹¹⁸⁸}

1082 2622 1250 2667 Philippus
1262 2633 1316 2656 rex
1336 2628 1462 2668 praeest,
1485 2622 1672 2662 consulere,
1694 2631 1730 2654 ac
1754 2620 1826 2654 Phi·
1936 2619 1944 2631 ’
