<?xml version="1.0" encoding="UTF-8"?>
<!DOCTYPE html PUBLIC "-//W3C//DTD XHTML 1.0 Transitional//EN"
    "http://www.w3.org/TR/xhtml1/DTD/xhtml1-transitional.dtd">
<html xmlns="http://www.w3.org/1999/xhtml" xml:lang="en" lang="en">
 <head>
  <title>
</title>
<meta http-equiv="Content-Type" content="text/html;charset=utf-8" />
  <meta name='ocr-system' content='tesseract 3.04.00' />
  <meta name='ocr-capabilities' content='ocr_page ocr_carea ocr_par ocr_line ocrx_word'/>
</head>
<body>
  <div class='ocr_page' id='page_1' title='image "./bullarumdiplomat08cath_0335.png"; bbox 0 0 2059 3228; ppageno 0'>
   <div class='ocr_carea' id='block_1_1' title="bbox 0 0 54 3228">
    <p class='ocr_par' dir='ltr' id='par_1_1' title="bbox 0 0 54 3228">
     <span class='ocr_line' id='line_1_1' title="bbox 0 0 54 3228; baseline 0 0"><span class='ocrx_word' id='word_1_1' title='bbox 0 0 54 3228; x_wconf 95' lang='lat' dir='ltr'> </span> 
     </span>
    </p>
   </div>
   <div class='ocr_carea' id='block_1_2' title="bbox 35 239 140 298">
    <p class='ocr_par' dir='ltr' id='par_1_2' title="bbox 35 239 140 298">
     <span class='ocr_line' id='line_1_2' title="bbox 35 239 140 298; baseline -0.019 0"><span class='ocrx_word' id='word_1_2' title='bbox 35 239 140 298; x_wconf 54' lang='lat' dir='ltr'>0315?ss</span> 
     </span>
    </p>
   </div>
   <div class='ocr_carea' id='block_1_3' title="bbox 41 1984 78 2006">
    <p class='ocr_par' dir='ltr' id='par_1_3' title="bbox 41 1984 78 2006">
     <span class='ocr_line' id='line_1_3' title="bbox 41 1984 78 2006; baseline 0.054 -5"><span class='ocrx_word' id='word_1_3' title='bbox 41 1984 78 2006; x_wconf 59' lang='lat' dir='ltr'>&#39;ln&#39;</span> 
     </span>
    </p>
   </div>
   <div class='ocr_carea' id='block_1_4' title="bbox 55 136 89 181">
    <p class='ocr_par' dir='ltr' id='par_1_4' title="bbox 55 136 89 181">
     <span class='ocr_line' id='line_1_4' title="bbox 55 136 89 181; baseline 0 -35"><span class='ocrx_word' id='word_1_4' title='bbox 55 136 89 181; x_wconf 40' lang='lat' dir='ltr'>f,</span> 
     </span>
    </p>
   </div>
   <div class='ocr_carea' id='block_1_5' title="bbox 755 262 1076 288">
    <p class='ocr_par' dir='ltr' id='par_1_5' title="bbox 755 262 1076 288">
     <span class='ocr_line' id='line_1_5' title="bbox 755 262 1076 288; baseline -0.009 0"><span class='ocrx_word' id='word_1_5' title='bbox 755 263 930 288; x_wconf 68' lang='lat' dir='ltr'>annuemus</span> <span class='ocrx_word' id='word_1_6' title='bbox 949 262 1002 286; x_wconf 77' lang='lat' dir='ltr'>xm</span> <span class='ocrx_word' id='word_1_7' title='bbox 1029 263 1076 286; x_wconf 80' lang='lat' dir='ltr'>PP.</span> 
     </span>
    </p>
   </div>
   <div class='ocr_carea' id='block_1_6' title="bbox 1567 250 1630 283">
    <p class='ocr_par' dir='ltr' id='par_1_6' title="bbox 1567 250 1630 283">
     <span class='ocr_line' id='line_1_6' title="bbox 1567 250 1630 283; baseline -0.032 0"><span class='ocrx_word' id='word_1_8' title='bbox 1567 250 1630 283; x_wconf 72' lang='lat'>310</span> 
     </span>
    </p>
   </div>
   <div class='ocr_carea' id='block_1_7' title="bbox 151 312 1677 471">
    <p class='ocr_par' dir='ltr' id='par_1_7' title="bbox 151 312 1677 471">
     <span class='ocr_line' id='line_1_7' title="bbox 152 312 1676 361; baseline -0.004 -10"><span class='ocrx_word' id='word_1_9' title='bbox 152 317 272 360; x_wconf 81' lang='lat' dir='ltr'><strong>absque</strong></span> <span class='ocrx_word' id='word_1_10' title='bbox 292 322 424 361; x_wconf 82' lang='lat' dir='ltr'>peccato</span> <span class='ocrx_word' id='word_1_11' title='bbox 435 315 894 359; x_wconf 81' lang='lat' dir='ltr'>originali.IIincBeataVirgo</span> <span class='ocrx_word' id='word_1_12' title='bbox 935 320 1033 359; x_wconf 85' lang='lat' dir='ltr'>petuo</span> <span class='ocrx_word' id='word_1_13' title='bbox 1058 313 1229 358; x_wconf 82' lang='lat' dir='ltr'>privamus,</span> <span class='ocrx_word' id='word_1_14' title='bbox 1264 325 1301 347; x_wconf 82' lang='lat' dir='ltr'>ac</span> <span class='ocrx_word' id='word_1_15' title='bbox 1330 314 1425 347; x_wconf 76' lang='lat' dir='ltr'>etiam</span> <span class='ocrx_word' id='word_1_16' title='bbox 1455 312 1611 346; x_wconf 83' lang='lat' dir='ltr'>inhabiles</span> <span class='ocrx_word' id='word_1_17' title='bbox 1635 312 1676 345; x_wconf 86' lang='lat' dir='ltr'>ad</span> 
     </span>
     <span class='ocr_line' id='line_1_8' title="bbox 153 369 1677 416; baseline -0.001 -12"><span class='ocrx_word' id='word_1_18' title='bbox 153 376 278 404; x_wconf 87' lang='lat' dir='ltr'>mortua</span> <span class='ocrx_word' id='word_1_19' title='bbox 297 376 344 402; x_wconf 79' lang='lat' dir='ltr'>cst</span> <span class='ocrx_word' id='word_1_20' title='bbox 373 374 505 413; x_wconf 83' lang='lat' dir='ltr'>propter</span> <span class='ocrx_word' id='word_1_21' title='bbox 536 374 704 412; x_wconf 85' lang='lat' dir='ltr'>peccatum</span> <span class='ocrx_word' id='word_1_22' title='bbox 732 379 769 401; x_wconf 85' lang='lat' dir='ltr'>ex</span> <span class='ocrx_word' id='word_1_23' title='bbox 792 369 893 401; x_wconf 83' lang='lat' dir='ltr'>Adam</span> <span class='ocrx_word' id='word_1_24' title='bbox 934 380 1159 416; x_wconf 86' lang='lat' dir='ltr'>quaecumque</span> <span class='ocrx_word' id='word_1_25' title='bbox 1177 371 1393 411; x_wconf 84' lang='lat' dir='ltr'>decernimus,</span> <span class='ocrx_word' id='word_1_26' title='bbox 1406 371 1532 404; x_wconf 87' lang='lat' dir='ltr'>vinculo</span> <span class='ocrx_word' id='word_1_27' title='bbox 1547 380 1677 413; x_wconf 79' lang='lat' dir='ltr'>quoque</span> 
     </span>
     <span class='ocr_line' id='line_1_9' title="bbox 151 420 1677 471; baseline -0.003 -8"><span class='ocrx_word' id='word_1_28' title='bbox 151 428 365 462; x_wconf 64' lang='lat' dir='ltr'>contractum,</span> <span class='ocrx_word' id='word_1_29' title='bbox 395 431 573 465; x_wconf 67' lang='lat' dir='ltr'>OfflUOSqUC</span> <span class='ocrx_word' id='word_1_30' title='bbox 603 422 673 455; x_wconf 66' lang='lat' dir='ltr'>05¹³ss</span> <span class='ocrx_word' id='word_1_31' title='bbox 705 420 893 455; x_wconf 62' lang='lat' dir='ltr'>affiiCfiOnCS</span> <span class='ocrx_word' id='word_1_32' title='bbox 933 428 1143 462; x_wconf 65' lang='lat' dir='ltr'>anathematis</span> <span class='ocrx_word' id='word_1_33' title='bbox 1175 438 1213 461; x_wconf 89' lang='lat' dir='ltr'>eo</span> <span class='ocrx_word' id='word_1_34' title='bbox 1243 428 1312 471; x_wconf 84' lang='lat' dir='ltr'>ipso</span> <span class='ocrx_word' id='word_1_35' title='bbox 1345 428 1537 461; x_wconf 86' lang='lat' dir='ltr'>innodamus</span> <span class='ocrx_word' id='word_1_36' title='bbox 1562 438 1580 460; x_wconf 90' lang='lat' dir='ltr'>a</span> <span class='ocrx_word' id='word_1_37' title='bbox 1612 437 1677 470; x_wconf 81' lang='lat' dir='ltr'>quo</span> 
     </span>
    </p>
   </div>
   <div class='ocr_carea' id='block_1_8' title="bbox 143 474 892 836">
    <p class='ocr_par' dir='ltr' id='par_1_8' title="bbox 143 474 892 836">
     <span class='ocr_line' id='line_1_10' title="bbox 149 474 892 515; baseline -0.004 -6"><span class='ocrx_word' id='word_1_38' title='bbox 149 475 181 512; x_wconf 90' lang='lat' dir='ltr'>in</span> <span class='ocrx_word' id='word_1_39' title='bbox 200 475 260 509; x_wconf 87' lang='lat' dir='ltr'>hac</span> <span class='ocrx_word' id='word_1_40' title='bbox 278 475 352 515; x_wconf 88' lang='lat' dir='ltr'>vita,</span> <span class='ocrx_word' id='word_1_41' title='bbox 374 475 459 508; x_wconf 82' lang='lat' dir='ltr'>sicut</span> <span class='ocrx_word' id='word_1_42' title='bbox 478 474 616 507; x_wconf 87' lang='lat' dir='ltr'>aliorum</span> <span class='ocrx_word' id='word_1_43' title='bbox 638 475 808 514; x_wconf 82' lang='lat' dir='ltr'>iustorum,</span> <span class='ocrx_word' id='word_1_44' title='bbox 825 475 892 507; x_wconf 87' lang='lat' dir='ltr'>sue-</span> 
     </span>
     <span class='ocr_line' id='line_1_11' title="bbox 149 526 887 571; baseline -0.004 -10"><span class='ocrx_word' id='word_1_45' title='bbox 149 533 224 561; x_wconf 89' lang='lat' dir='ltr'>runt</span> <span class='ocrx_word' id='word_1_46' title='bbox 234 528 373 561; x_wconf 88' lang='lat' dir='ltr'>ultiones</span> <span class='ocrx_word' id='word_1_47' title='bbox 383 527 504 571; x_wconf 86' lang='lat' dir='ltr'>peccati</span> <span class='ocrx_word' id='word_1_48' title='bbox 514 527 648 560; x_wconf 87' lang='lat' dir='ltr'>actualis</span> <span class='ocrx_word' id='word_1_49' title='bbox 657 528 701 559; x_wconf 84' lang='lat' dir='ltr'>vel</span> <span class='ocrx_word' id='word_1_50' title='bbox 714 526 887 569; x_wconf 80' lang='lat' dir='ltr'>originalis.</span> 
     </span>
     <span class='ocr_line' id='line_1_12' title="bbox 191 579 887 623; baseline -0.004 -9"><span class='ocrx_word' id='word_1_51' title='bbox 191 581 316 614; x_wconf 85' lang='lat' dir='ltr'><strong>LXXIV.</strong></span> <span class='ocrx_word' id='word_1_52' title='bbox 362 580 630 623; x_wconf 68' lang='lat' dir='ltr'>Concupiscentia</span> <span class='ocrx_word' id='word_1_53' title='bbox 670 580 701 612; x_wconf 93' lang='lat' dir='ltr'>in</span> <span class='ocrx_word' id='word_1_54' title='bbox 748 579 887 618; x_wconf 79' lang='lat' dir='ltr'>renatis,</span> 
     </span>
     <span class='ocr_line' id='line_1_13' title="bbox 146 632 889 678; baseline -0.004 -11"><span class='ocrx_word' id='word_1_55' title='bbox 146 633 280 678; x_wconf 78' lang='lat' dir='ltr'><strong>relapsis</strong></span> <span class='ocrx_word' id='word_1_56' title='bbox 304 633 337 667; x_wconf 91' lang='lat' dir='ltr'>in</span> <span class='ocrx_word' id='word_1_57' title='bbox 357 638 528 677; x_wconf 89' lang='lat' dir='ltr'>peccatum</span> <span class='ocrx_word' id='word_1_58' title='bbox 548 633 696 672; x_wconf 80' lang='lat' dir='ltr'>mortale,</span> <span class='ocrx_word' id='word_1_59' title='bbox 718 632 750 665; x_wconf 92' lang='lat' dir='ltr'>in</span> <span class='ocrx_word' id='word_1_60' title='bbox 770 632 889 676; x_wconf 84' lang='lat' dir='ltr'>quibus</span> 
     </span>
     <span class='ocr_line' id='line_1_14' title="bbox 145 684 889 729; baseline -0.005 -9"><span class='ocrx_word' id='word_1_61' title='bbox 145 686 208 720; x_wconf 88' lang='lat' dir='ltr'>iam</span> <span class='ocrx_word' id='word_1_62' title='bbox 236 686 434 726; x_wconf 81' lang='lat' dir='ltr'>dominatur,</span> <span class='ocrx_word' id='word_1_63' title='bbox 460 691 630 729; x_wconf 84' lang='lat' dir='ltr'>peccatum</span> <span class='ocrx_word' id='word_1_64' title='bbox 658 690 716 725; x_wconf 89' lang='lat' dir='ltr'>est,</span> <span class='ocrx_word' id='word_1_65' title='bbox 743 684 827 718; x_wconf 91' lang='lat' dir='ltr'>sicut</span> <span class='ocrx_word' id='word_1_66' title='bbox 858 690 889 717; x_wconf 85' lang='lat' dir='ltr'>et</span> 
     </span>
     <span class='ocr_line' id='line_1_15' title="bbox 143 738 465 783; baseline -0.003 -11"><span class='ocrx_word' id='word_1_67' title='bbox 143 739 196 772; x_wconf 83' lang='lat' dir='ltr'>alii</span> <span class='ocrx_word' id='word_1_68' title='bbox 216 738 346 772; x_wconf 86' lang='lat' dir='ltr'>habitus</span> <span class='ocrx_word' id='word_1_69' title='bbox 366 739 465 783; x_wconf 88' lang='lat' dir='ltr'>pravi.</span> 
     </span>
     <span class='ocr_line' id='line_1_16' title="bbox 184 789 887 836; baseline -0.004 -11"><span class='ocrx_word' id='word_1_70' title='bbox 184 791 296 825; x_wconf 87' lang='lat' dir='ltr'>LXXV.</span> <span class='ocrx_word' id='word_1_71' title='bbox 335 792 439 825; x_wconf 88' lang='lat' dir='ltr'>Motus</span> <span class='ocrx_word' id='word_1_72' title='bbox 472 792 562 836; x_wconf 85' lang='lat' dir='ltr'>pravi</span> <span class='ocrx_word' id='word_1_73' title='bbox 605 789 887 834; x_wconf 77' lang='lat' dir='ltr'>concupiscentiae</span> 
     </span>
    </p>
   </div>
   <div class='ocr_carea' id='block_1_9' title="bbox 84 843 886 890">
    <p class='ocr_par' dir='ltr' id='par_1_9' title="bbox 84 843 886 890">
     <span class='ocr_line' id='line_1_17' title="bbox 84 843 886 890; baseline -0.005 -11"><span class='ocrx_word' id='word_1_74' title='bbox 84 883 88 890; x_wconf 57' lang='lat'><strong><em>‚</em></strong></span> <span class='ocrx_word' id='word_1_75' title='bbox 116 855 120 862; x_wconf 93' lang='grc'><strong><em>·</em></strong></span> <span class='ocrx_word' id='word_1_76' title='bbox 141 850 216 879; x_wconf 87' lang='lat' dir='ltr'>sunt</span> <span class='ocrx_word' id='word_1_77' title='bbox 233 855 292 889; x_wconf 90' lang='lat' dir='ltr'>pro</span> <span class='ocrx_word' id='word_1_78' title='bbox 311 850 397 878; x_wconf 88' lang='lat' dir='ltr'>statu</span> <span class='ocrx_word' id='word_1_79' title='bbox 427 844 569 878; x_wconf 87' lang='lat' dir='ltr'>hominis</span> <span class='ocrx_word' id='word_1_80' title='bbox 592 843 704 884; x_wconf 82' lang='lat' dir='ltr'>vitiati,</span> <span class='ocrx_word' id='word_1_81' title='bbox 730 843 886 886; x_wconf 80' lang='lat' dir='ltr'>prohibiti</span> 
     </span>
    </p>
   </div>
   <div class='ocr_carea' id='block_1_10' title="bbox 135 896 886 1418">
    <p class='ocr_par' dir='ltr' id='par_1_10' title="bbox 138 896 886 1100">
     <span class='ocr_line' id='line_1_18' title="bbox 141 896 886 942; baseline -0.005 -10"><span class='ocrx_word' id='word_1_82' title='bbox 141 898 392 942; x_wconf 83' lang='lat' dir='ltr'>praeceptoNon</span> <span class='ocrx_word' id='word_1_83' title='bbox 400 899 600 941; x_wconf 81' lang='lat' dir='ltr'>concupisces</span> <span class='ocrx_word' id='word_1_84' title='bbox 609 923 617 937; x_wconf 93' lang='lat'>,</span> <span class='ocrx_word' id='word_1_85' title='bbox 630 896 820 930; x_wconf 89' lang='lat' dir='ltr'>undehomo</span> <span class='ocrx_word' id='word_1_86' title='bbox 832 906 886 929; x_wconf 91' lang='lat' dir='ltr'>eos</span> 
     </span>
     <span class='ocr_line' id='line_1_19' title="bbox 140 949 886 994; baseline -0.004 -9"><span class='ocrx_word' id='word_1_87' title='bbox 140 950 291 993; x_wconf 84' lang='lat' dir='ltr'>sentiens,</span> <span class='ocrx_word' id='word_1_88' title='bbox 317 950 554 994; x_wconf 80' lang='lat' dir='ltr'>transgreditur</span> <span class='ocrx_word' id='word_1_89' title='bbox 583 954 794 993; x_wconf 89' lang='lat' dir='ltr'>praeceptum</span> <span class='ocrx_word' id='word_1_90' title='bbox 813 949 886 982; x_wconf 80' lang='lat' dir='ltr'>Non</span> 
     </span>
     <span class='ocr_line' id='line_1_20' title="bbox 139 1001 886 1048; baseline -0.004 -10"><span class='ocrx_word' id='word_1_91' title='bbox 139 1004 349 1048; x_wconf 77' lang='lat' dir='ltr'>concupisces,</span> <span class='ocrx_word' id='word_1_92' title='bbox 365 1003 511 1047; x_wconf 91' lang='lat' dir='ltr'>quamvis</span> <span class='ocrx_word' id='word_1_93' title='bbox 528 1002 741 1046; x_wconf 82' lang='lat' dir='ltr'>transgressio</span> <span class='ocrx_word' id='word_1_94' title='bbox 759 1001 792 1034; x_wconf 89' lang='lat' dir='ltr'>in</span> <span class='ocrx_word' id='word_1_95' title='bbox 812 1012 886 1046; x_wconf 90' lang='lat' dir='ltr'>pec-</span> 
     </span>
     <span class='ocr_line' id='line_1_21' title="bbox 138 1056 536 1100; baseline -0.005 -9"><span class='ocrx_word' id='word_1_96' title='bbox 138 1062 246 1100; x_wconf 78' lang='lat' dir='ltr'>catum</span> <span class='ocrx_word' id='word_1_97' title='bbox 265 1067 331 1090; x_wconf 94' lang='lat' dir='ltr'>non</span> <span class='ocrx_word' id='word_1_98' title='bbox 350 1056 536 1100; x_wconf 86' lang='lat' dir='ltr'>deputetur.</span> 
     </span>
    </p>

    <p class='ocr_par' dir='ltr' id='par_1_11' title="bbox 137 1108 885 1304">
     <span class='ocr_line' id='line_1_22' title="bbox 179 1108 885 1152; baseline -0.004 -8"><span class='ocrx_word' id='word_1_99' title='bbox 179 1109 305 1144; x_wconf 87' lang='lat' dir='ltr'><strong>LXXVI.</strong></span> <span class='ocrx_word' id='word_1_100' title='bbox 325 1109 486 1149; x_wconf 85' lang='lat' dir='ltr'>Quamdiu</span> <span class='ocrx_word' id='word_1_101' title='bbox 514 1108 637 1152; x_wconf 87' lang='lat' dir='ltr'>aliquid</span> <span class='ocrx_word' id='word_1_102' title='bbox 656 1108 885 1152; x_wconf 89' lang='lat' dir='ltr'>concupiscen-</span> 
     </span>
     <span class='ocr_line' id='line_1_23' title="bbox 137 1161 885 1205; baseline -0.003 -9"><span class='ocrx_word' id='word_1_103' title='bbox 137 1163 198 1197; x_wconf 86' lang='lat' dir='ltr'>tiae</span> <span class='ocrx_word' id='word_1_104' title='bbox 217 1162 357 1196; x_wconf 89' lang='lat' dir='ltr'>carnalis</span> <span class='ocrx_word' id='word_1_105' title='bbox 380 1162 413 1195; x_wconf 92' lang='lat' dir='ltr'>in</span> <span class='ocrx_word' id='word_1_106' title='bbox 437 1161 592 1205; x_wconf 79' lang='lat' dir='ltr'>diligente</span> <span class='ocrx_word' id='word_1_107' title='bbox 624 1167 684 1202; x_wconf 88' lang='lat' dir='ltr'>est,</span> <span class='ocrx_word' id='word_1_108' title='bbox 715 1172 780 1194; x_wconf 90' lang='lat' dir='ltr'>non</span> <span class='ocrx_word' id='word_1_109' title='bbox 809 1161 885 1194; x_wconf 81' lang='lat' dir='ltr'>facit</span> 
     </span>
     <span class='ocr_line' id='line_1_24' title="bbox 137 1215 885 1260; baseline -0.003 -10"><span class='ocrx_word' id='word_1_110' title='bbox 137 1221 346 1260; x_wconf 86' lang='lat' dir='ltr'>praeceptum</span> <span class='ocrx_word' id='word_1_111' title='bbox 357 1216 480 1259; x_wconf 66' lang='lat' dir='ltr'>Diliges</span> <span class='ocrx_word' id='word_1_112' title='bbox 491 1216 668 1249; x_wconf 77' lang='lat' dir='ltr'>Dominum</span> <span class='ocrx_word' id='word_1_113' title='bbox 678 1215 781 1248; x_wconf 81' lang='lat' dir='ltr'>Deum</span> <span class='ocrx_word' id='word_1_114' title='bbox 795 1218 885 1248; x_wconf 78' lang='lat' dir='ltr'>tuum</span> 
     </span>
     <span class='ocr_line' id='line_1_25' title="bbox 137 1269 450 1304; baseline -0.006 0"><span class='ocrx_word' id='word_1_115' title='bbox 137 1279 176 1304; x_wconf 76' lang='lat' dir='ltr'>ex</span> <span class='ocrx_word' id='word_1_116' title='bbox 192 1273 256 1304; x_wconf 83' lang='lat' dir='ltr'>toto</span> <span class='ocrx_word' id='word_1_117' title='bbox 275 1269 366 1303; x_wconf 77' lang='lat' dir='ltr'>corde</span> <span class='ocrx_word' id='word_1_118' title='bbox 386 1273 450 1303; x_wconf 80' lang='lat' dir='ltr'>tuo.</span> 
     </span>
    </p>

    <p class='ocr_par' dir='ltr' id='par_1_12' title="bbox 135 1320 885 1418">
     <span class='ocr_line' id='line_1_26' title="bbox 179 1320 885 1356; baseline -0.003 -1"><span class='ocrx_word' id='word_1_119' title='bbox 179 1322 319 1355; x_wconf 89' lang='lat' dir='ltr'>LXXVII.</span> <span class='ocrx_word' id='word_1_120' title='bbox 350 1321 587 1356; x_wconf 87' lang='lat' dir='ltr'>Satissactiones</span> <span class='ocrx_word' id='word_1_121' title='bbox 623 1320 803 1354; x_wconf 88' lang='lat' dir='ltr'>laboriosae</span> <span class='ocrx_word' id='word_1_122' title='bbox 836 1320 885 1353; x_wconf 92' lang='lat' dir='ltr'>iu-</span> 
     </span>
     <span class='ocr_line' id='line_1_27' title="bbox 135 1374 884 1418; baseline -0.003 -9"><span class='ocrx_word' id='word_1_123' title='bbox 135 1374 347 1409; x_wconf 85' lang='lat' dir='ltr'>stificatorum</span> <span class='ocrx_word' id='word_1_124' title='bbox 353 1385 420 1409; x_wconf 90' lang='lat' dir='ltr'>non</span> <span class='ocrx_word' id='word_1_125' title='bbox 426 1375 532 1408; x_wconf 88' lang='lat' dir='ltr'>valent</span> <span class='ocrx_word' id='word_1_126' title='bbox 540 1374 669 1418; x_wconf 83' lang='lat' dir='ltr'>expiare</span> <span class='ocrx_word' id='word_1_127' title='bbox 677 1374 715 1407; x_wconf 91' lang='lat' dir='ltr'>de</span> <span class='ocrx_word' id='word_1_128' title='bbox 724 1374 884 1418; x_wconf 86' lang='lat' dir='ltr'>condigno</span> 
     </span>
    </p>
   </div>
   <div class='ocr_carea' id='block_1_11' title="bbox 62 1427 885 1515">
    <p class='ocr_par' dir='ltr' id='par_1_13' title="bbox 51 1422 885 1515">
     <span class='ocr_line' id='line_1_28' title="bbox 138 1427 885 1472; baseline -0.004 -9.313"><span class='ocrx_word' id='word_1_129' title='bbox 138 1438 273 1472; x_wconf 87' lang='lat' dir='ltr'>poenam</span> <span class='ocrx_word' id='word_1_130' title='bbox 298 1429 508 1472; x_wconf 85' lang='lat' dir='ltr'>temporalem</span> <span class='ocrx_word' id='word_1_131' title='bbox 527 1433 600 1472; x_wconf 91' lang='lat' dir='ltr'>post</span> <span class='ocrx_word' id='word_1_132' title='bbox 619 1428 748 1472; x_wconf 88' lang='lat' dir='ltr'>culpam</span> <span class='ocrx_word' id='word_1_133' title='bbox 766 1427 885 1461; x_wconf 90' lang='lat' dir='ltr'>condo-</span> 
     </span>
     <span class='ocr_line' id='line_1_29' title="bbox 62 1487 256 1515; baseline 0 0"><span class='ocrx_word' id='word_1_134' title='bbox 62 1491 69 1505; x_wconf 57' lang='grc' dir='ltr'><strong><em>ἰ</em></strong></span> <span class='ocrx_word' id='word_1_135' title='bbox 136 1487 256 1515; x_wconf 84' lang='lat' dir='ltr'>natam.</span> 
     </span>
    </p>
   </div>
   <div class='ocr_carea' id='block_1_12' title="bbox 135 1533 885 1897">
    <p class='ocr_par' dir='ltr' id='par_1_14' title="bbox 135 1533 885 1675">
     <span class='ocr_line' id='line_1_30' title="bbox 176 1533 885 1578; baseline -0.003 -10"><span class='ocrx_word' id='word_1_136' title='bbox 176 1534 331 1569; x_wconf 87' lang='lat' dir='ltr'>LXXVIII.</span> <span class='ocrx_word' id='word_1_137' title='bbox 351 1534 579 1568; x_wconf 84' lang='lat' dir='ltr'>Immortalitas</span> <span class='ocrx_word' id='word_1_138' title='bbox 613 1533 711 1578; x_wconf 87' lang='lat' dir='ltr'>primi</span> <span class='ocrx_word' id='word_1_139' title='bbox 744 1533 885 1566; x_wconf 89' lang='lat' dir='ltr'>hominis</span> 
     </span>
     <span class='ocr_line' id='line_1_31' title="bbox 135 1586 884 1632; baseline -0.004 -10"><span class='ocrx_word' id='word_1_140' title='bbox 135 1597 201 1625; x_wconf 85' lang='lat' dir='ltr'>non</span> <span class='ocrx_word' id='word_1_141' title='bbox 219 1593 288 1622; x_wconf 88' lang='lat' dir='ltr'>erat</span> <span class='ocrx_word' id='word_1_142' title='bbox 305 1588 428 1632; x_wconf 84' lang='lat' dir='ltr'>gratiae</span> <span class='ocrx_word' id='word_1_143' title='bbox 437 1587 646 1627; x_wconf 87' lang='lat' dir='ltr'>beneficium,</span> <span class='ocrx_word' id='word_1_144' title='bbox 661 1587 717 1620; x_wconf 89' lang='lat' dir='ltr'>sed</span> <span class='ocrx_word' id='word_1_145' title='bbox 728 1586 884 1620; x_wconf 85' lang='lat' dir='ltr'>naturalis</span> 
     </span>
     <span class='ocr_line' id='line_1_32' title="bbox 135 1640 290 1675; baseline 0 -1"><span class='ocrx_word' id='word_1_146' title='bbox 135 1640 290 1675; x_wconf 85' lang='lat' dir='ltr'>conditio.</span> 
     </span>
    </p>

    <p class='ocr_par' dir='ltr' id='par_1_15' title="bbox 135 1692 884 1835">
     <span class='ocr_line' id='line_1_33' title="bbox 178 1692 884 1728; baseline -0.004 0"><span class='ocrx_word' id='word_1_147' title='bbox 178 1694 306 1728; x_wconf 88' lang='lat' dir='ltr'>LXXIX.</span> <span class='ocrx_word' id='word_1_148' title='bbox 338 1694 428 1727; x_wconf 86' lang='lat' dir='ltr'>Falsa</span> <span class='ocrx_word' id='word_1_149' title='bbox 458 1699 505 1727; x_wconf 87' lang='lat' dir='ltr'>est</span> <span class='ocrx_word' id='word_1_150' title='bbox 529 1693 699 1726; x_wconf 90' lang='lat' dir='ltr'>doctorum</span> <span class='ocrx_word' id='word_1_151' title='bbox 729 1692 884 1726; x_wconf 87' lang='lat' dir='ltr'>sententia</span> 
     </span>
     <span class='ocr_line' id='line_1_34' title="bbox 135 1745 883 1792; baseline -0.003 -12"><span class='ocrx_word' id='word_1_152' title='bbox 135 1747 278 1792; x_wconf 88' lang='lat' dir='ltr'>primum</span> <span class='ocrx_word' id='word_1_153' title='bbox 301 1748 469 1783; x_wconf 87' lang='lat' dir='ltr'>hominem</span> <span class='ocrx_word' id='word_1_154' title='bbox 492 1747 636 1791; x_wconf 88' lang='lat' dir='ltr'>potuisse</span> <span class='ocrx_word' id='word_1_155' title='bbox 659 1757 678 1779; x_wconf 85' lang='lat' dir='ltr'>a</span> <span class='ocrx_word' id='word_1_156' title='bbox 696 1746 761 1780; x_wconf 87' lang='lat' dir='ltr'>Deo</span> <span class='ocrx_word' id='word_1_157' title='bbox 780 1745 883 1779; x_wconf 88' lang='lat' dir='ltr'>creari</span> 
     </span>
     <span class='ocr_line' id='line_1_35' title="bbox 136 1799 704 1835; baseline -0.005 -1"><span class='ocrx_word' id='word_1_158' title='bbox 136 1805 168 1834; x_wconf 84' lang='lat' dir='ltr'>et</span> <span class='ocrx_word' id='word_1_159' title='bbox 185 1801 309 1835; x_wconf 86' lang='lat' dir='ltr'>institui</span> <span class='ocrx_word' id='word_1_160' title='bbox 328 1801 397 1834; x_wconf 86' lang='lat' dir='ltr'>sine</span> <span class='ocrx_word' id='word_1_161' title='bbox 416 1799 539 1834; x_wconf 91' lang='lat' dir='ltr'>iustitia</span> <span class='ocrx_word' id='word_1_162' title='bbox 552 1799 704 1833; x_wconf 88' lang='lat' dir='ltr'>naturali.</span> 
     </span>
    </p>

    <p class='ocr_par' dir='ltr' id='par_1_16' title="bbox 179 1851 883 1897">
     <span class='ocr_line' id='line_1_36' title="bbox 179 1851 883 1897; baseline -0.006 -9"><span class='ocrx_word' id='word_1_163' title='bbox 179 1853 196 1897; x_wconf 65' lang='grc'>5</span> <span class='ocrx_word' id='word_1_164' title='bbox 215 1853 247 1888; x_wconf 79' lang='lat'>2.</span> <span class='ocrx_word' id='word_1_165' title='bbox 268 1853 353 1894; x_wconf 88' lang='lat' dir='ltr'>Quas</span> <span class='ocrx_word' id='word_1_166' title='bbox 371 1853 504 1897; x_wconf 91' lang='lat' dir='ltr'>quidem</span> <span class='ocrx_word' id='word_1_167' title='bbox 524 1852 696 1886; x_wconf 87' lang='lat' dir='ltr'>sententias</span> <span class='ocrx_word' id='word_1_168' title='bbox 707 1851 817 1885; x_wconf 86' lang='lat' dir='ltr'>stricto</span> <span class='ocrx_word' id='word_1_169' title='bbox 829 1862 883 1885; x_wconf 91' lang='lat' dir='ltr'>co-</span> 
     </span>
    </p>
   </div>
   <div class='ocr_carea' id='block_1_13' title="bbox 46 1903 884 1978">
    <p class='ocr_par' dir='ltr' id='par_1_17' title="bbox 46 1903 884 1978">
     <span class='ocr_line' id='line_1_37' title="bbox 46 1903 884 1978; baseline -0.002 -39"><span class='ocrx_word' id='word_1_170' title='bbox 46 1903 122 1978; x_wconf 48' lang='lat' dir='ltr'>³⁰ss</span> <span class='ocrx_word' id='word_1_171' title='bbox 136 1916 206 1940; x_wconf 86' lang='lat' dir='ltr'>ram</span> <span class='ocrx_word' id='word_1_172' title='bbox 237 1907 332 1941; x_wconf 84' lang='lat' dir='ltr'>nobis</span> <span class='ocrx_word' id='word_1_173' title='bbox 362 1906 510 1940; x_wconf 82' lang='lat' dir='ltr'>examine</span> <span class='ocrx_word' id='word_1_174' title='bbox 536 1907 741 1950; x_wconf 85' lang='lat' dir='ltr'>ponderatas,</span> <span class='ocrx_word' id='word_1_175' title='bbox 771 1915 884 1949; x_wconf 81' lang='lat' dir='ltr'>quam-</span> 
     </span>
    </p>
   </div>
   <div class='ocr_carea' id='block_1_14' title="bbox 129 1958 885 2424">
    <p class='ocr_par' dir='ltr' id='par_1_18' title="bbox 129 1958 885 2424">
     <span class='ocr_line' id='line_1_38' title="bbox 137 1958 883 2004; baseline -0.005 -10"><span class='ocrx_word' id='word_1_176' title='bbox 137 1969 234 2004; x_wconf 79' lang='lat' dir='ltr'>quam</span> <span class='ocrx_word' id='word_1_177' title='bbox 251 1961 429 1994; x_wconf 84' lang='lat' dir='ltr'>nonnullae</span> <span class='ocrx_word' id='word_1_178' title='bbox 452 1959 562 2003; x_wconf 84' lang='lat' dir='ltr'>aliquo</span> <span class='ocrx_word' id='word_1_179' title='bbox 590 1964 684 2003; x_wconf 90' lang='lat' dir='ltr'>pacto</span> <span class='ocrx_word' id='word_1_180' title='bbox 709 1958 883 1991; x_wconf 88' lang='lat' dir='ltr'>substineri</span> 
     </span>
     <span class='ocr_line' id='line_1_39' title="bbox 136 2011 883 2057; baseline -0.004 -11"><span class='ocrx_word' id='word_1_181' title='bbox 136 2018 278 2057; x_wconf 85' lang='lat' dir='ltr'>possent,</span> <span class='ocrx_word' id='word_1_182' title='bbox 303 2012 338 2046; x_wconf 90' lang='lat' dir='ltr'>in</span> <span class='ocrx_word' id='word_1_183' title='bbox 361 2013 469 2056; x_wconf 88' lang='lat' dir='ltr'>rigore</span> <span class='ocrx_word' id='word_1_184' title='bbox 493 2018 525 2046; x_wconf 91' lang='lat' dir='ltr'>et</span> <span class='ocrx_word' id='word_1_185' title='bbox 548 2011 682 2056; x_wconf 90' lang='lat' dir='ltr'>proprio</span> <span class='ocrx_word' id='word_1_186' title='bbox 711 2011 883 2044; x_wconf 88' lang='lat' dir='ltr'>verborum</span> 
     </span>
     <span class='ocr_line' id='line_1_40' title="bbox 135 2064 882 2105; baseline -0.005 -5"><span class='ocrx_word' id='word_1_187' title='bbox 135 2075 230 2100; x_wconf 85' lang='lat' dir='ltr'>sensu</span> <span class='ocrx_word' id='word_1_188' title='bbox 249 2066 288 2100; x_wconf 91' lang='lat' dir='ltr'>ab</span> <span class='ocrx_word' id='word_1_189' title='bbox 307 2066 522 2100; x_wconf 83' lang='lat' dir='ltr'>assertoribus</span> <span class='ocrx_word' id='word_1_190' title='bbox 542 2065 678 2105; x_wconf 86' lang='lat' dir='ltr'>intento,</span> <span class='ocrx_word' id='word_1_191' title='bbox 692 2064 882 2104; x_wconf 88' lang='lat' dir='ltr'>haereticas,</span> 
     </span>
     <span class='ocr_line' id='line_1_41' title="bbox 137 2117 884 2162; baseline -0.005 -10"><span class='ocrx_word' id='word_1_192' title='bbox 137 2129 299 2160; x_wconf 85' lang='lat' dir='ltr'>erroneas,</span> <span class='ocrx_word' id='word_1_193' title='bbox 328 2124 503 2162; x_wconf 85' lang='lat' dir='ltr'>suspectas,</span> <span class='ocrx_word' id='word_1_194' title='bbox 528 2117 726 2157; x_wconf 84' lang='lat' dir='ltr'>temerarias,</span> <span class='ocrx_word' id='word_1_195' title='bbox 749 2117 884 2150; x_wconf 84' lang='lat' dir='ltr'>scanda-</span> 
     </span>
     <span class='ocr_line' id='line_1_42' title="bbox 134 2169 885 2215; baseline -0.004 -11"><span class='ocrx_word' id='word_1_196' title='bbox 134 2171 218 2205; x_wconf 87' lang='lat' dir='ltr'>Iosas</span> <span class='ocrx_word' id='word_1_197' title='bbox 225 2177 257 2206; x_wconf 87' lang='lat' dir='ltr'>et</span> <span class='ocrx_word' id='word_1_198' title='bbox 265 2171 392 2215; x_wconf 84' lang='lat' dir='ltr'>impias,</span> <span class='ocrx_word' id='word_1_199' title='bbox 402 2172 538 2205; x_wconf 90' lang='lat' dir='ltr'>inaures</span> <span class='ocrx_word' id='word_1_200' title='bbox 547 2170 757 2204; x_wconf 84' lang='lat' dir='ltr'>offensionem</span> <span class='ocrx_word' id='word_1_201' title='bbox 767 2169 885 2202; x_wconf 84' lang='lat' dir='ltr'>immit-</span> 
     </span>
     <span class='ocr_line' id='line_1_43' title="bbox 135 2224 885 2268; baseline -0.005 -10"><span class='ocrx_word' id='word_1_202' title='bbox 135 2229 239 2258; x_wconf 83' lang='lat' dir='ltr'>tentes</span> <span class='ocrx_word' id='word_1_203' title='bbox 258 2224 445 2267; x_wconf 82' lang='lat' dir='ltr'>respective,</span> <span class='ocrx_word' id='word_1_204' title='bbox 467 2235 504 2257; x_wconf 91' lang='lat' dir='ltr'>ac</span> <span class='ocrx_word' id='word_1_205' title='bbox 532 2233 759 2268; x_wconf 89' lang='lat' dir='ltr'>quaecumque</span> <span class='ocrx_word' id='word_1_206' title='bbox 787 2232 885 2265; x_wconf 88' lang='lat' dir='ltr'>super</span> 
     </span>
     <span class='ocr_line' id='line_1_44' title="bbox 129 2275 883 2320; baseline -0.001 -11"><span class='ocrx_word' id='word_1_207' title='bbox 129 2275 169 2310; x_wconf 88' lang='lat' dir='ltr'>iis</span> <span class='ocrx_word' id='word_1_208' title='bbox 185 2277 284 2311; x_wconf 88' lang='lat' dir='ltr'>verbo</span> <span class='ocrx_word' id='word_1_209' title='bbox 303 2277 488 2320; x_wconf 83' lang='lat' dir='ltr'>scriptoque</span> <span class='ocrx_word' id='word_1_210' title='bbox 508 2277 644 2316; x_wconf 89' lang='lat' dir='ltr'>emissa,</span> <span class='ocrx_word' id='word_1_211' title='bbox 664 2276 883 2320; x_wconf 86' lang='lat' dir='ltr'>praesentium</span> 
     </span>
     <span class='ocr_line' id='line_1_45' title="bbox 129 2327 884 2370; baseline -0.003 -8"><span class='ocrx_word' id='word_1_212' title='bbox 129 2329 332 2369; x_wconf 84' lang='lat' dir='ltr'>auctoritate,</span> <span class='ocrx_word' id='word_1_213' title='bbox 354 2329 564 2370; x_wconf 85' lang='lat' dir='ltr'>damnamus,</span> <span class='ocrx_word' id='word_1_214' title='bbox 587 2327 884 2362; x_wconf 86' lang='lat' dir='ltr'>circumscribimus</span> 
     </span>
     <span class='ocr_line' id='line_1_46' title="bbox 129 2380 885 2424; baseline -0.005 -8"><span class='ocrx_word' id='word_1_215' title='bbox 129 2386 161 2415; x_wconf 84' lang='lat' dir='ltr'>et</span> <span class='ocrx_word' id='word_1_216' title='bbox 178 2383 359 2422; x_wconf 70' lang='lat' dir='ltr'>abolemuS,</span> <span class='ocrx_word' id='word_1_217' title='bbox 387 2381 492 2424; x_wconf 84' lang='lat' dir='ltr'>deque</span> <span class='ocrx_word' id='word_1_218' title='bbox 516 2381 638 2414; x_wconf 88' lang='lat' dir='ltr'>eisdem</span> <span class='ocrx_word' id='word_1_219' title='bbox 666 2387 697 2414; x_wconf 90' lang='lat' dir='ltr'>et</span> <span class='ocrx_word' id='word_1_220' title='bbox 725 2380 885 2414; x_wconf 86' lang='lat' dir='ltr'>similibus</span> 
     </span>
    </p>
   </div>
   <div class='ocr_carea' id='block_1_15' title="bbox 129 2429 885 2521">
    <p class='ocr_par' dir='ltr' id='par_1_19' title="bbox 129 2429 885 2521">
     <span class='ocr_line' id='line_1_47' title="bbox 130 2429 884 2474; baseline -0.005 -10"><span class='ocrx_word' id='word_1_221' title='bbox 130 2431 262 2473; x_wconf 85' lang='lat' dir='ltr'>posthac</span> <span class='ocrx_word' id='word_1_222' title='bbox 272 2440 402 2474; x_wconf 87' lang='lat' dir='ltr'>quoque</span> <span class='ocrx_word' id='word_1_223' title='bbox 409 2440 616 2472; x_wconf 87' lang='lat' dir='ltr'>quocumque</span> <span class='ocrx_word' id='word_1_224' title='bbox 636 2435 731 2473; x_wconf 88' lang='lat' dir='ltr'>pacto</span> <span class='ocrx_word' id='word_1_225' title='bbox 746 2429 884 2472; x_wconf 91' lang='lat' dir='ltr'>loquen-</span> 
     </span>
     <span class='ocr_line' id='line_1_48' title="bbox 129 2476 885 2521; baseline -0.003 -11"><span class='ocrx_word' id='word_1_226' title='bbox 129 2478 172 2518; x_wconf 84' lang='lat' dir='ltr'>di,</span> <span class='ocrx_word' id='word_1_227' title='bbox 190 2479 351 2512; x_wconf 85' lang='lat' dir='ltr'>scribendi</span> <span class='ocrx_word' id='word_1_228' title='bbox 367 2483 398 2510; x_wconf 86' lang='lat' dir='ltr'>et</span> <span class='ocrx_word' id='word_1_229' title='bbox 412 2477 595 2521; x_wconf 86' lang='lat' dir='ltr'>disputandi</span> <span class='ocrx_word' id='word_1_230' title='bbox 607 2477 657 2509; x_wconf 85' lang='lat' dir='ltr'>sac</span> <span class='ocrx_word' id='word_1_231' title='bbox 668 2478 803 2510; x_wconf 81' lang='lat' dir='ltr'>ultatem</span> <span class='ocrx_word' id='word_1_232' title='bbox 814 2476 885 2519; x_wconf 90' lang='lat' dir='ltr'>qui-</span> 
     </span>
    </p>
   </div>
   <div class='ocr_carea' id='block_1_16' title="bbox 67 2518 884 2570">
    <p class='ocr_par' dir='ltr' id='par_1_20' title="bbox 67 2518 884 2570">
     <span class='ocr_line' id='line_1_49' title="bbox 67 2518 884 2570; baseline -0.002 -12"><span class='ocrx_word' id='word_1_233' title='bbox 67 2518 74 2526; x_wconf 79' lang='grc'><strong>”</strong></span> <span class='ocrx_word' id='word_1_234' title='bbox 127 2525 332 2570; x_wconf 85' lang='lat' dir='ltr'>huseumque</span> <span class='ocrx_word' id='word_1_235' title='bbox 358 2525 598 2565; x_wconf 86' lang='lat' dir='ltr'>interdicimus;</span> <span class='ocrx_word' id='word_1_236' title='bbox 620 2525 675 2567; x_wconf 90' lang='lat' dir='ltr'>qui</span> <span class='ocrx_word' id='word_1_237' title='bbox 690 2535 783 2558; x_wconf 91' lang='lat' dir='ltr'>secus</span> <span class='ocrx_word' id='word_1_238' title='bbox 802 2524 884 2557; x_wconf 84' lang='lat' dir='ltr'>scee-</span> 
     </span>
    </p>
   </div>
   <div class='ocr_carea' id='block_1_17' title="bbox 134 2572 883 2666">
    <p class='ocr_par' dir='ltr' id='par_1_21' title="bbox 134 2572 883 2666">
     <span class='ocr_line' id='line_1_50' title="bbox 134 2572 883 2619; baseline -0.003 -13"><span class='ocrx_word' id='word_1_239' title='bbox 134 2573 215 2616; x_wconf 84' lang='lat' dir='ltr'>rint,</span> <span class='ocrx_word' id='word_1_240' title='bbox 240 2575 327 2619; x_wconf 89' lang='lat' dir='ltr'>ipsos</span> <span class='ocrx_word' id='word_1_241' title='bbox 351 2574 502 2608; x_wconf 87' lang='lat' dir='ltr'>omnibus</span> <span class='ocrx_word' id='word_1_242' title='bbox 525 2573 743 2617; x_wconf 83' lang='lat' dir='ltr'>dignitatibus,</span> <span class='ocrx_word' id='word_1_243' title='bbox 775 2572 883 2615; x_wconf 82' lang='lat' dir='ltr'>gradi-</span> 
     </span>
     <span class='ocr_line' id='line_1_51' title="bbox 134 2620 879 2666; baseline -0.003 -11"><span class='ocrx_word' id='word_1_244' title='bbox 134 2620 206 2664; x_wconf 83' lang='lat' dir='ltr'>hus,</span> <span class='ocrx_word' id='word_1_245' title='bbox 224 2623 415 2666; x_wconf 86' lang='lat' dir='ltr'>honoribus,</span> <span class='ocrx_word' id='word_1_246' title='bbox 436 2622 603 2656; x_wconf 83' lang='lat' dir='ltr'>beneficiis</span> <span class='ocrx_word' id='word_1_247' title='bbox 627 2627 657 2655; x_wconf 89' lang='lat' dir='ltr'>et</span> <span class='ocrx_word' id='word_1_248' title='bbox 675 2621 789 2655; x_wconf 74' lang='lat' dir='ltr'>officiis</span> <span class='ocrx_word' id='word_1_249' title='bbox 809 2632 879 2665; x_wconf 81' lang='lat' dir='ltr'>per-</span> 
     </span>
    </p>
   </div>
   <div class='ocr_carea' id='block_1_18' title="bbox 923 486 1681 2661">
    <p class='ocr_par' dir='ltr' id='par_1_22' title="bbox 931 486 1678 588">
     <span class='ocr_line' id='line_1_52' title="bbox 931 486 1678 526; baseline -0.003 -7"><span class='ocrx_word' id='word_1_250' title='bbox 931 488 1053 526; x_wconf 89' lang='lat' dir='ltr'>nullus,</span> <span class='ocrx_word' id='word_1_251' title='bbox 1075 487 1219 519; x_wconf 86' lang='lat' dir='ltr'>Romano</span> <span class='ocrx_word' id='word_1_252' title='bbox 1239 486 1393 519; x_wconf 79' lang='lat' dir='ltr'>Pontitice</span> <span class='ocrx_word' id='word_1_253' title='bbox 1414 486 1559 526; x_wconf 80' lang='lat' dir='ltr'>inferior,</span> <span class='ocrx_word' id='word_1_254' title='bbox 1575 486 1678 518; x_wconf 74' lang='lat' dir='ltr'>valcat</span> 
     </span>
     <span class='ocr_line' id='line_1_53' title="bbox 932 543 1675 588; baseline -0.007 -10"><span class='ocrx_word' id='word_1_255' title='bbox 932 545 1029 588; x_wconf 84' lang='lat' dir='ltr'>ipsos,</span> <span class='ocrx_word' id='word_1_256' title='bbox 1055 550 1187 588; x_wconf 84' lang='lat' dir='ltr'>excepto</span> <span class='ocrx_word' id='word_1_257' title='bbox 1213 543 1324 575; x_wconf 83' lang='lat' dir='ltr'>mortis</span> <span class='ocrx_word' id='word_1_258' title='bbox 1348 544 1498 582; x_wconf 75' lang='lat' dir='ltr'>articulo,</span> <span class='ocrx_word' id='word_1_259' title='bbox 1525 543 1675 575; x_wconf 87' lang='lat' dir='ltr'>liberare.</span> 
     </span>
    </p>

    <p class='ocr_par' dir='ltr' id='par_1_23' title="bbox 923 599 1681 2136">
     <span class='ocr_line' id='line_1_54' title="bbox 972 599 1675 646; baseline -0.006 -11"><span class='ocrx_word' id='word_1_260' title='bbox 972 604 987 646; x_wconf 58' lang='grc' dir='ltr'><strong>ξ</strong></span> <span class='ocrx_word' id='word_1_261' title='bbox 1007 602 1038 634; x_wconf 83' lang='grc'>3.</span> <span class='ocrx_word' id='word_1_262' title='bbox 1062 602 1224 642; x_wconf 84' lang='lat' dir='ltr'>Ceterum,</span> <span class='ocrx_word' id='word_1_263' title='bbox 1252 606 1285 633; x_wconf 86' lang='lat' dir='ltr'>ut</span> <span class='ocrx_word' id='word_1_264' title='bbox 1312 600 1373 632; x_wconf 85' lang='lat' dir='ltr'>iam</span> <span class='ocrx_word' id='word_1_265' title='bbox 1395 600 1546 633; x_wconf 80' lang='lat' dir='ltr'>commoti</span> <span class='ocrx_word' id='word_1_266' title='bbox 1568 599 1617 632; x_wconf 85' lang='lat' dir='ltr'>his</span> <span class='ocrx_word' id='word_1_267' title='bbox 1636 599 1675 632; x_wconf 70' lang='lat' dir='ltr'>tle</span> 
     </span>
     <span class='ocr_line' id='line_1_55' title="bbox 930 656 1678 692; baseline -0.004 0"><span class='ocrx_word' id='word_1_268' title='bbox 930 660 1026 692; x_wconf 90' lang='lat' dir='ltr'>rebus</span> <span class='ocrx_word' id='word_1_269' title='bbox 1046 659 1204 692; x_wconf 80' lang='lat' dir='ltr'>tumultus</span> <span class='ocrx_word' id='word_1_270' title='bbox 1225 664 1256 691; x_wconf 85' lang='lat' dir='ltr'>et</span> <span class='ocrx_word' id='word_1_271' title='bbox 1275 663 1439 690; x_wconf 83' lang='lat' dir='ltr'>contracta</span> <span class='ocrx_word' id='word_1_272' title='bbox 1460 658 1531 690; x_wconf 85' lang='lat' dir='ltr'>odia</span> <span class='ocrx_word' id='word_1_273' title='bbox 1552 656 1678 689; x_wconf 77' lang='lat' dir='ltr'>facilius</span> 
     </span>
     <span class='ocr_line' id='line_1_56' title="bbox 929 716 1676 761; baseline -0.004 -11"><span class='ocrx_word' id='word_1_274' title='bbox 929 717 1099 761; x_wconf 86' lang='lat' dir='ltr'>comprimi</span> <span class='ocrx_word' id='word_1_275' title='bbox 1125 717 1267 760; x_wconf 88' lang='lat' dir='ltr'>possint,</span> <span class='ocrx_word' id='word_1_276' title='bbox 1301 716 1463 758; x_wconf 85' lang='lat' dir='ltr'>simulque</span> <span class='ocrx_word' id='word_1_277' title='bbox 1495 716 1676 748; x_wconf 85' lang='lat' dir='ltr'>animarum</span> 
     </span>
     <span class='ocr_line' id='line_1_57' title="bbox 928 772 1678 819; baseline -0.005 -11"><span class='ocrx_word' id='word_1_278' title='bbox 928 776 1023 809; x_wconf 89' lang='lat' dir='ltr'>saluti</span> <span class='ocrx_word' id='word_1_279' title='bbox 1057 775 1187 819; x_wconf 89' lang='lat' dir='ltr'>plenius</span> <span class='ocrx_word' id='word_1_280' title='bbox 1220 774 1423 813; x_wconf 84' lang='lat' dir='ltr'>consulatur,</span> <span class='ocrx_word' id='word_1_281' title='bbox 1462 773 1578 805; x_wconf 75' lang='lat' dir='ltr'>dilecto</span> <span class='ocrx_word' id='word_1_282' title='bbox 1611 772 1678 804; x_wconf 82' lang='lat' dir='ltr'>lilio</span> 
     </span>
     <span class='ocr_line' id='line_1_58' title="bbox 926 831 1680 872; baseline -0.004 -6"><span class='ocrx_word' id='word_1_283' title='bbox 926 839 1038 866; x_wconf 88' lang='lat' dir='ltr'>nostro</span> <span class='ocrx_word' id='word_1_284' title='bbox 1074 833 1226 872; x_wconf 87' lang='lat' dir='ltr'>Antonio,</span> <span class='ocrx_word' id='word_1_285' title='bbox 1251 831 1336 864; x_wconf 88' lang='lat' dir='ltr'>tituli</span> <span class='ocrx_word' id='word_1_286' title='bbox 1369 831 1476 864; x_wconf 85' lang='lat' dir='ltr'>Sancti</span> <span class='ocrx_word' id='word_1_287' title='bbox 1513 831 1680 863; x_wconf 85' lang='lat' dir='ltr'>Bartholo-</span> 
     </span>
     <span class='ocr_line' id='line_1_59' title="bbox 927 887 1681 934; baseline -0.005 -10"><span class='ocrx_word' id='word_1_288' title='bbox 927 890 1009 924; x_wconf 88' lang='lat' dir='ltr'>maei</span> <span class='ocrx_word' id='word_1_289' title='bbox 1029 890 1061 923; x_wconf 92' lang='lat' dir='ltr'>in</span> <span class='ocrx_word' id='word_1_290' title='bbox 1082 890 1190 923; x_wconf 85' lang='lat' dir='ltr'>Insula</span> <span class='ocrx_word' id='word_1_291' title='bbox 1206 889 1393 934; x_wconf 78' lang='lat' dir='ltr'>presbytero</span> <span class='ocrx_word' id='word_1_292' title='bbox 1410 887 1564 921; x_wconf 84' lang='lat' dir='ltr'>cardinali</span> <span class='ocrx_word' id='word_1_293' title='bbox 1585 888 1681 921; x_wconf 87' lang='lat' dir='ltr'>Gran-</span> 
     </span>
     <span class='ocr_line' id='line_1_60' title="bbox 925 946 1679 991; baseline -0.007 -9"><span class='ocrx_word' id='word_1_294' title='bbox 925 949 1037 982; x_wconf 89' lang='lat' dir='ltr'>velano</span> <span class='ocrx_word' id='word_1_295' title='bbox 1061 953 1262 991; x_wconf 87' lang='lat' dir='ltr'>nuncupato,</span> <span class='ocrx_word' id='word_1_296' title='bbox 1284 958 1343 991; x_wconf 90' lang='lat' dir='ltr'>per</span> <span class='ocrx_word' id='word_1_297' title='bbox 1362 946 1538 990; x_wconf 81' lang='lat' dir='ltr'>apostolica</span> <span class='ocrx_word' id='word_1_298' title='bbox 1563 946 1679 989; x_wconf 76' lang='lat' dir='ltr'>scripta</span> 
     </span>
     <span class='ocr_line' id='line_1_61' title="bbox 926 1002 1665 1049; baseline -0.009 -8"><span class='ocrx_word' id='word_1_299' title='bbox 926 1008 1116 1040; x_wconf 89' lang='lat' dir='ltr'>mandamus</span> <span class='ocrx_word' id='word_1_300' title='bbox 1135 1012 1170 1039; x_wconf 83' lang='lat' dir='ltr'>ut</span> <span class='ocrx_word' id='word_1_301' title='bbox 1188 1006 1256 1049; x_wconf 88' lang='lat' dir='ltr'>ipse</span> <span class='ocrx_word' id='word_1_302' title='bbox 1276 1004 1352 1048; x_wconf 91' lang='lat' dir='ltr'>quid</span> <span class='ocrx_word' id='word_1_303' title='bbox 1366 1004 1407 1037; x_wconf 88' lang='lat' dir='ltr'>ad</span> <span class='ocrx_word' id='word_1_304' title='bbox 1418 1008 1605 1047; x_wconf 87' lang='lat' dir='ltr'>perpetuam</span> <span class='ocrx_word' id='word_1_305' title='bbox 1617 1002 1665 1035; x_wconf 76' lang='lat' dir='ltr'>di-</span> 
     </span>
     <span class='ocr_line' id='line_1_62' title="bbox 925 1061 1669 1105; baseline -0.009 -7"><span class='ocrx_word' id='word_1_306' title='bbox 925 1071 1050 1098; x_wconf 85' lang='lat' dir='ltr'>ctarum</span> <span class='ocrx_word' id='word_1_307' title='bbox 1070 1063 1301 1097; x_wconf 75' lang='lat' dir='ltr'>sententIarum</span> <span class='ocrx_word' id='word_1_308' title='bbox 1326 1067 1357 1095; x_wconf 88' lang='lat' dir='ltr'>et</span> <span class='ocrx_word' id='word_1_309' title='bbox 1379 1061 1612 1105; x_wconf 86' lang='lat' dir='ltr'>scripturarum</span> <span class='ocrx_word' id='word_1_310' title='bbox 1637 1070 1669 1091; x_wconf 89' lang='lat' dir='ltr'>a-</span> 
     </span>
     <span class='ocr_line' id='line_1_63' title="bbox 925 1116 1668 1164; baseline -0.009 -9"><span class='ocrx_word' id='word_1_311' title='bbox 925 1122 1125 1162; x_wconf 90' lang='lat' dir='ltr'>bolitionem,</span> <span class='ocrx_word' id='word_1_312' title='bbox 1147 1120 1226 1164; x_wconf 90' lang='lat' dir='ltr'>quid</span> <span class='ocrx_word' id='word_1_313' title='bbox 1250 1120 1290 1153; x_wconf 84' lang='lat' dir='ltr'>ad</span> <span class='ocrx_word' id='word_1_314' title='bbox 1318 1118 1458 1152; x_wconf 89' lang='lat' dir='ltr'>arcenda</span> <span class='ocrx_word' id='word_1_315' title='bbox 1484 1116 1668 1150; x_wconf 86' lang='lat' dir='ltr'>huiusmodi</span> 
     </span>
     <span class='ocr_line' id='line_1_64' title="bbox 925 1175 1672 1224; baseline -0.009 -10"><span class='ocrx_word' id='word_1_316' title='bbox 925 1179 1096 1224; x_wconf 89' lang='lat' dir='ltr'>proloquia</span> <span class='ocrx_word' id='word_1_317' title='bbox 1115 1184 1145 1212; x_wconf 85' lang='lat' dir='ltr'>et</span> <span class='ocrx_word' id='word_1_318' title='bbox 1168 1177 1414 1222; x_wconf 86' lang='lat' dir='ltr'>disputationes,</span> <span class='ocrx_word' id='word_1_319' title='bbox 1435 1175 1512 1220; x_wconf 85' lang='lat' dir='ltr'>quid</span> <span class='ocrx_word' id='word_1_320' title='bbox 1533 1175 1672 1217; x_wconf 78' lang='lat' dir='ltr'>denique</span> 
     </span>
     <span class='ocr_line' id='line_1_65' title="bbox 925 1233 1674 1280; baseline -0.011 -9"><span class='ocrx_word' id='word_1_321' title='bbox 925 1238 964 1271; x_wconf 91' lang='lat' dir='ltr'>ad</span> <span class='ocrx_word' id='word_1_322' title='bbox 978 1238 1134 1271; x_wconf 89' lang='lat' dir='ltr'>unionem</span> <span class='ocrx_word' id='word_1_323' title='bbox 1148 1242 1180 1270; x_wconf 88' lang='lat' dir='ltr'>et</span> <span class='ocrx_word' id='word_1_324' title='bbox 1194 1246 1320 1280; x_wconf 88' lang='lat' dir='ltr'>pacem,</span> <span class='ocrx_word' id='word_1_325' title='bbox 1331 1245 1406 1268; x_wconf 88' lang='lat' dir='ltr'>cum</span> <span class='ocrx_word' id='word_1_326' title='bbox 1424 1233 1589 1267; x_wconf 89' lang='lat' dir='ltr'>communi</span> <span class='ocrx_word' id='word_1_327' title='bbox 1606 1242 1674 1265; x_wconf 86' lang='lat' dir='ltr'>om-</span> 
     </span>
     <span class='ocr_line' id='line_1_66' title="bbox 925 1290 1672 1329; baseline -0.011 0"><span class='ocrx_word' id='word_1_328' title='bbox 925 1296 1016 1328; x_wconf 88' lang='lat' dir='ltr'>nium</span> <span class='ocrx_word' id='word_1_329' title='bbox 1032 1301 1063 1329; x_wconf 90' lang='lat' dir='ltr'>et</span> <span class='ocrx_word' id='word_1_330' title='bbox 1076 1293 1238 1328; x_wconf 87' lang='lat' dir='ltr'>Ecclesiae</span> <span class='ocrx_word' id='word_1_331' title='bbox 1257 1291 1435 1326; x_wconf 88' lang='lat' dir='ltr'>catholicae</span> <span class='ocrx_word' id='word_1_332' title='bbox 1446 1290 1672 1327; x_wconf 78' lang='lat' dir='ltr'>satisfactione,</span> 
     </span>
     <span class='ocr_line' id='line_1_67' title="bbox 926 1347 1672 1397; baseline -0.012 -10"><span class='ocrx_word' id='word_1_333' title='bbox 926 1352 1184 1397; x_wconf 84' lang='lat' dir='ltr'>componendam</span> <span class='ocrx_word' id='word_1_334' title='bbox 1212 1351 1298 1384; x_wconf 87' lang='lat' dir='ltr'>factu</span> <span class='ocrx_word' id='word_1_335' title='bbox 1327 1359 1410 1393; x_wconf 87' lang='lat' dir='ltr'>opus</span> <span class='ocrx_word' id='word_1_336' title='bbox 1445 1348 1503 1387; x_wconf 87' lang='lat' dir='ltr'>sit,</span> <span class='ocrx_word' id='word_1_337' title='bbox 1540 1348 1572 1380; x_wconf 90' lang='lat' dir='ltr'>in</span> <span class='ocrx_word' id='word_1_338' title='bbox 1607 1347 1672 1390; x_wconf 83' lang='lat' dir='ltr'>pri-</span> 
     </span>
     <span class='ocr_line' id='line_1_68' title="bbox 925 1405 1674 1453; baseline -0.011 -9"><span class='ocrx_word' id='word_1_339' title='bbox 925 1411 986 1444; x_wconf 88' lang='lat' dir='ltr'>mis</span> <span class='ocrx_word' id='word_1_340' title='bbox 1009 1410 1179 1453; x_wconf 82' lang='lat' dir='ltr'>diligenter</span> <span class='ocrx_word' id='word_1_341' title='bbox 1212 1408 1381 1452; x_wconf 86' lang='lat' dir='ltr'>expendat,</span> <span class='ocrx_word' id='word_1_342' title='bbox 1420 1405 1536 1439; x_wconf 90' lang='lat' dir='ltr'>deinde</span> <span class='ocrx_word' id='word_1_343' title='bbox 1570 1405 1601 1437; x_wconf 94' lang='lat' dir='ltr'>in</span> <span class='ocrx_word' id='word_1_344' title='bbox 1636 1405 1674 1437; x_wconf 86' lang='lat' dir='ltr'>iis</span> 
     </span>
     <span class='ocr_line' id='line_1_69' title="bbox 925 1464 1673 1511; baseline -0.009 -10"><span class='ocrx_word' id='word_1_345' title='bbox 925 1468 1087 1508; x_wconf 90' lang='lat' dir='ltr'>omnibus,</span> <span class='ocrx_word' id='word_1_346' title='bbox 1108 1477 1191 1511; x_wconf 85' lang='lat' dir='ltr'>quae</span> <span class='ocrx_word' id='word_1_347' title='bbox 1209 1477 1268 1511; x_wconf 94' lang='lat' dir='ltr'>pro</span> <span class='ocrx_word' id='word_1_348' title='bbox 1280 1464 1444 1498; x_wconf 89' lang='lat' dir='ltr'>communi</span> <span class='ocrx_word' id='word_1_349' title='bbox 1460 1464 1574 1502; x_wconf 84' lang='lat' dir='ltr'>salute,</span> <span class='ocrx_word' id='word_1_350' title='bbox 1588 1468 1673 1495; x_wconf 88' lang='lat' dir='ltr'>tran-</span> 
     </span>
     <span class='ocr_line' id='line_1_70' title="bbox 924 1519 1670 1570; baseline -0.011 -11"><span class='ocrx_word' id='word_1_351' title='bbox 924 1526 1081 1570; x_wconf 88' lang='lat' dir='ltr'>quillitate</span> <span class='ocrx_word' id='word_1_352' title='bbox 1098 1531 1130 1558; x_wconf 89' lang='lat' dir='ltr'>et</span> <span class='ocrx_word' id='word_1_353' title='bbox 1149 1525 1271 1557; x_wconf 89' lang='lat' dir='ltr'>honore</span> <span class='ocrx_word' id='word_1_354' title='bbox 1291 1522 1450 1566; x_wconf 87' lang='lat' dir='ltr'>optimum</span> <span class='ocrx_word' id='word_1_355' title='bbox 1470 1519 1670 1559; x_wconf 78' lang='lat' dir='ltr'>iudicaverit,</span> 
     </span>
     <span class='ocr_line' id='line_1_71' title="bbox 925 1577 1670 1626; baseline -0.012 -9"><span class='ocrx_word' id='word_1_356' title='bbox 925 1584 1010 1617; x_wconf 87' lang='lat' dir='ltr'>salva</span> <span class='ocrx_word' id='word_1_357' title='bbox 1020 1593 1148 1626; x_wconf 87' lang='lat' dir='ltr'>semper</span> <span class='ocrx_word' id='word_1_358' title='bbox 1158 1580 1321 1615; x_wconf 84' lang='lat' dir='ltr'>Ecclesiae</span> <span class='ocrx_word' id='word_1_359' title='bbox 1337 1579 1521 1624; x_wconf 77' lang='lat' dir='ltr'>praedictae</span> <span class='ocrx_word' id='word_1_360' title='bbox 1536 1577 1670 1611; x_wconf 79' lang='lat' dir='ltr'>unitate,</span> 
     </span>
     <span class='ocr_line' id='line_1_72' title="bbox 924 1635 1671 1685; baseline -0.012 -10"><span class='ocrx_word' id='word_1_361' title='bbox 924 1642 1020 1675; x_wconf 85' lang='lat' dir='ltr'>etiam</span> <span class='ocrx_word' id='word_1_362' title='bbox 1040 1651 1098 1685; x_wconf 87' lang='lat' dir='ltr'>per</span> <span class='ocrx_word' id='word_1_363' title='bbox 1117 1640 1218 1673; x_wconf 90' lang='lat' dir='ltr'>alium</span> <span class='ocrx_word' id='word_1_364' title='bbox 1238 1650 1295 1672; x_wconf 91' lang='lat' dir='ltr'>seu</span> <span class='ocrx_word' id='word_1_365' title='bbox 1315 1637 1406 1677; x_wconf 84' lang='lat' dir='ltr'>alios,</span> <span class='ocrx_word' id='word_1_366' title='bbox 1429 1636 1504 1676; x_wconf 78' lang='lat' dir='ltr'>sule,</span> <span class='ocrx_word' id='word_1_367' title='bbox 1527 1635 1671 1668; x_wconf 84' lang='lat' dir='ltr'>doctrina</span> 
     </span>
     <span class='ocr_line' id='line_1_73' title="bbox 924 1695 1669 1742; baseline -0.012 -9"><span class='ocrx_word' id='word_1_368' title='bbox 924 1704 954 1733; x_wconf 89' lang='lat' dir='ltr'>et</span> <span class='ocrx_word' id='word_1_369' title='bbox 969 1699 1128 1742; x_wconf 88' lang='lat' dir='ltr'>religione</span> <span class='ocrx_word' id='word_1_370' title='bbox 1148 1702 1357 1741; x_wconf 83' lang='lat' dir='ltr'>praestantes,</span> <span class='ocrx_word' id='word_1_371' title='bbox 1379 1695 1469 1728; x_wconf 80' lang='lat' dir='ltr'>ocius</span> <span class='ocrx_word' id='word_1_372' title='bbox 1482 1697 1669 1735; x_wconf 77' lang='lat' dir='ltr'>exequatur.</span> 
     </span>
     <span class='ocr_line' id='line_1_74' title="bbox 925 1750 1672 1800; baseline -0.013 -9"><span class='ocrx_word' id='word_1_373' title='bbox 925 1758 1084 1800; x_wconf 80' lang='lat' dir='ltr'>faciatque</span> <span class='ocrx_word' id='word_1_374' title='bbox 1122 1755 1278 1800; x_wconf 89' lang='lat' dir='ltr'>quicquid</span> <span class='ocrx_word' id='word_1_375' title='bbox 1307 1752 1485 1787; x_wconf 84' lang='lat' dir='ltr'>decreverit</span> <span class='ocrx_word' id='word_1_376' title='bbox 1523 1750 1672 1783; x_wconf 83' lang='lat' dir='ltr'>inviolate</span> 
     </span>
     <span class='ocr_line' id='line_1_75' title="bbox 923 1811 1672 1851; baseline -0.013 -3"><span class='ocrx_word' id='word_1_377' title='bbox 923 1815 963 1848; x_wconf 89' lang='lat' dir='ltr'>ab</span> <span class='ocrx_word' id='word_1_378' title='bbox 972 1814 1123 1848; x_wconf 86' lang='lat' dir='ltr'>omnibus</span> <span class='ocrx_word' id='word_1_379' title='bbox 1133 1812 1307 1851; x_wconf 81' lang='lat' dir='ltr'>observari,</span> <span class='ocrx_word' id='word_1_380' title='bbox 1317 1811 1571 1845; x_wconf 77' lang='lat' dir='ltr'>contradictores</span> <span class='ocrx_word' id='word_1_381' title='bbox 1579 1818 1672 1850; x_wconf 81' lang='lat' dir='ltr'>quos-</span> 
     </span>
     <span class='ocr_line' id='line_1_76' title="bbox 924 1865 1670 1916; baseline -0.013 -10"><span class='ocrx_word' id='word_1_382' title='bbox 924 1873 1012 1913; x_wconf 88' lang='lat' dir='ltr'>libet,</span> <span class='ocrx_word' id='word_1_383' title='bbox 1039 1883 1097 1916; x_wconf 87' lang='lat' dir='ltr'>per</span> <span class='ocrx_word' id='word_1_384' title='bbox 1120 1881 1273 1905; x_wconf 81' lang='lat' dir='ltr'>censuras</span> <span class='ocrx_word' id='word_1_385' title='bbox 1290 1876 1321 1903; x_wconf 86' lang='lat' dir='ltr'>ct</span> <span class='ocrx_word' id='word_1_386' title='bbox 1335 1879 1456 1913; x_wconf 81' lang='lat' dir='ltr'>poenas</span> <span class='ocrx_word' id='word_1_387' title='bbox 1478 1865 1670 1910; x_wconf 81' lang='lat' dir='ltr'>praedictas,</span> 
     </span>
     <span class='ocr_line' id='line_1_77' title="bbox 925 1925 1670 1974; baseline -0.015 -10"><span class='ocrx_word' id='word_1_388' title='bbox 925 1937 1094 1974; x_wconf 85' lang='lat' dir='ltr'>ceteraque</span> <span class='ocrx_word' id='word_1_389' title='bbox 1109 1929 1189 1962; x_wconf 87' lang='lat' dir='ltr'>iuris</span> <span class='ocrx_word' id='word_1_390' title='bbox 1198 1934 1228 1961; x_wconf 87' lang='lat' dir='ltr'>et</span> <span class='ocrx_word' id='word_1_391' title='bbox 1237 1927 1312 1961; x_wconf 84' lang='lat' dir='ltr'>sacti</span> <span class='ocrx_word' id='word_1_392' title='bbox 1323 1925 1466 1960; x_wconf 86' lang='lat' dir='ltr'>remedia</span> <span class='ocrx_word' id='word_1_393' title='bbox 1477 1928 1670 1967; x_wconf 84' lang='lat' dir='ltr'>opportuna,</span> 
     </span>
     <span class='ocr_line' id='line_1_78' title="bbox 924 1979 1670 2032; baseline -0.017 -9"><span class='ocrx_word' id='word_1_394' title='bbox 924 1988 1138 2032; x_wconf 83' lang='lat' dir='ltr'>appellatione</span> <span class='ocrx_word' id='word_1_395' title='bbox 1155 1986 1342 2030; x_wconf 83' lang='lat' dir='ltr'>postposita,</span> <span class='ocrx_word' id='word_1_396' title='bbox 1361 1980 1606 2026; x_wconf 84' lang='lat' dir='ltr'>compescendo,</span> <span class='ocrx_word' id='word_1_397' title='bbox 1620 1979 1670 2011; x_wconf 86' lang='lat' dir='ltr'>in-</span> 
     </span>
     <span class='ocr_line' id='line_1_79' title="bbox 925 2037 1671 2083; baseline -0.016 -4"><span class='ocrx_word' id='word_1_398' title='bbox 925 2046 1072 2079; x_wconf 87' lang='lat' dir='ltr'>invocato</span> <span class='ocrx_word' id='word_1_399' title='bbox 1091 2045 1187 2078; x_wconf 87' lang='lat' dir='ltr'>etiam</span> <span class='ocrx_word' id='word_1_400' title='bbox 1208 2044 1247 2076; x_wconf 86' lang='lat' dir='ltr'>ad</span> <span class='ocrx_word' id='word_1_401' title='bbox 1263 2044 1336 2082; x_wconf 91' lang='lat' dir='ltr'>hoc,</span> <span class='ocrx_word' id='word_1_402' title='bbox 1353 2040 1379 2073; x_wconf 83' lang='lat' dir='ltr'>si</span> <span class='ocrx_word' id='word_1_403' title='bbox 1394 2050 1476 2083; x_wconf 87' lang='lat' dir='ltr'>opus</span> <span class='ocrx_word' id='word_1_404' title='bbox 1490 2037 1596 2076; x_wconf 83' lang='lat' dir='ltr'>suerit,</span> <span class='ocrx_word' id='word_1_405' title='bbox 1612 2046 1671 2068; x_wconf 89' lang='lat' dir='ltr'>au-</span> 
     </span>
     <span class='ocr_line' id='line_1_80' title="bbox 924 2099 1351 2136; baseline -0.012 0"><span class='ocrx_word' id='word_1_406' title='bbox 924 2104 1000 2136; x_wconf 83' lang='lat' dir='ltr'>xilio</span> <span class='ocrx_word' id='word_1_407' title='bbox 1018 2102 1145 2136; x_wconf 87' lang='lat' dir='ltr'>brachii</span> <span class='ocrx_word' id='word_1_408' title='bbox 1165 2099 1351 2135; x_wconf 88' lang='lat' dir='ltr'>saecularis.</span> 
     </span>
    </p>

    <p class='ocr_par' dir='ltr' id='par_1_24' title="bbox 924 2150 1670 2661">
     <span class='ocr_line' id='line_1_81' title="bbox 969 2150 1669 2204; baseline -0.016 -10"><span class='ocrx_word' id='word_1_409' title='bbox 969 2162 983 2204; x_wconf 60' lang='grc' dir='ltr'>ᾗ</span> <span class='ocrx_word' id='word_1_410' title='bbox 1009 2161 1041 2193; x_wconf 77' lang='lat'>4.</span> <span class='ocrx_word' id='word_1_411' title='bbox 1076 2160 1145 2193; x_wconf 92' lang='lat' dir='ltr'>Non</span> <span class='ocrx_word' id='word_1_412' title='bbox 1177 2157 1377 2191; x_wconf 88' lang='lat' dir='ltr'>obstantibus</span> <span class='ocrx_word' id='word_1_413' title='bbox 1414 2153 1500 2197; x_wconf 80' lang='lat' dir='ltr'>quod</span> <span class='ocrx_word' id='word_1_414' title='bbox 1537 2150 1669 2184; x_wconf 85' lang='lat' dir='ltr'>forsitan</span> 
     </span>
     <span class='ocr_line' id='line_1_82' title="bbox 924 2209 1668 2263; baseline -0.016 -11"><span class='ocrx_word' id='word_1_415' title='bbox 924 2218 1084 2263; x_wconf 84' lang='lat' dir='ltr'>aliquibus</span> <span class='ocrx_word' id='word_1_416' title='bbox 1103 2218 1143 2250; x_wconf 86' lang='lat' dir='ltr'>ab</span> <span class='ocrx_word' id='word_1_417' title='bbox 1162 2214 1345 2260; x_wconf 87' lang='lat' dir='ltr'>Apostolica</span> <span class='ocrx_word' id='word_1_418' title='bbox 1364 2212 1404 2245; x_wconf 89' lang='lat' dir='ltr'>sit</span> <span class='ocrx_word' id='word_1_419' title='bbox 1414 2211 1493 2244; x_wconf 86' lang='lat' dir='ltr'>Sede</span> <span class='ocrx_word' id='word_1_420' title='bbox 1505 2209 1668 2242; x_wconf 89' lang='lat' dir='ltr'>indultum</span> 
     </span>
     <span class='ocr_line' id='line_1_83' title="bbox 924 2266 1669 2322; baseline -0.017 -11"><span class='ocrx_word' id='word_1_421' title='bbox 924 2278 1011 2322; x_wconf 88' lang='lat' dir='ltr'>quod</span> <span class='ocrx_word' id='word_1_422' title='bbox 1030 2274 1191 2313; x_wconf 86' lang='lat' dir='ltr'>interdici,</span> <span class='ocrx_word' id='word_1_423' title='bbox 1213 2271 1365 2316; x_wconf 89' lang='lat' dir='ltr'>suspendi</span> <span class='ocrx_word' id='word_1_424' title='bbox 1382 2269 1429 2302; x_wconf 83' lang='lat' dir='ltr'>vcl</span> <span class='ocrx_word' id='word_1_425' title='bbox 1446 2266 1669 2301; x_wconf 77' lang='lat' dir='ltr'>excommuni-</span> 
     </span>
     <span class='ocr_line' id='line_1_84' title="bbox 925 2325 1670 2376; baseline -0.015 -9"><span class='ocrx_word' id='word_1_426' title='bbox 925 2334 991 2367; x_wconf 92' lang='lat' dir='ltr'>cari</span> <span class='ocrx_word' id='word_1_427' title='bbox 1010 2343 1075 2366; x_wconf 91' lang='lat' dir='ltr'>non</span> <span class='ocrx_word' id='word_1_428' title='bbox 1095 2331 1217 2376; x_wconf 85' lang='lat' dir='ltr'>possint</span> <span class='ocrx_word' id='word_1_429' title='bbox 1240 2339 1298 2374; x_wconf 87' lang='lat' dir='ltr'>per</span> <span class='ocrx_word' id='word_1_430' title='bbox 1326 2328 1447 2360; x_wconf 85' lang='lat' dir='ltr'>litteras</span> <span class='ocrx_word' id='word_1_431' title='bbox 1479 2325 1670 2369; x_wconf 81' lang='lat' dir='ltr'>apostolicas</span> 
     </span>
     <span class='ocr_line' id='line_1_85' title="bbox 924 2381 1669 2431; baseline -0.016 -6"><span class='ocrx_word' id='word_1_432' title='bbox 924 2401 990 2424; x_wconf 88' lang='lat' dir='ltr'>non</span> <span class='ocrx_word' id='word_1_433' title='bbox 1010 2390 1160 2424; x_wconf 85' lang='lat' dir='ltr'>facientes</span> <span class='ocrx_word' id='word_1_434' title='bbox 1179 2387 1309 2431; x_wconf 88' lang='lat' dir='ltr'>plenam</span> <span class='ocrx_word' id='word_1_435' title='bbox 1329 2390 1360 2417; x_wconf 91' lang='lat' dir='ltr'>et</span> <span class='ocrx_word' id='word_1_436' title='bbox 1379 2392 1560 2427; x_wconf 82' lang='lat' dir='ltr'>expressam</span> <span class='ocrx_word' id='word_1_437' title='bbox 1580 2391 1617 2414; x_wconf 87' lang='lat' dir='ltr'>ac</span> <span class='ocrx_word' id='word_1_438' title='bbox 1629 2381 1669 2414; x_wconf 90' lang='lat' dir='ltr'>de</span> 
     </span>
     <span class='ocr_line' id='line_1_86' title="bbox 924 2438 1670 2482; baseline -0.015 0"><span class='ocrx_word' id='word_1_439' title='bbox 924 2448 1022 2482; x_wconf 83' lang='lat' dir='ltr'>verbo</span> <span class='ocrx_word' id='word_1_440' title='bbox 1045 2447 1084 2479; x_wconf 90' lang='lat' dir='ltr'>ad</span> <span class='ocrx_word' id='word_1_441' title='bbox 1107 2445 1241 2478; x_wconf 84' lang='lat' dir='ltr'>verbum</span> <span class='ocrx_word' id='word_1_442' title='bbox 1266 2443 1304 2477; x_wconf 86' lang='lat' dir='ltr'>de</span> <span class='ocrx_word' id='word_1_443' title='bbox 1332 2441 1457 2474; x_wconf 89' lang='lat' dir='ltr'>indulto</span> <span class='ocrx_word' id='word_1_444' title='bbox 1484 2438 1670 2473; x_wconf 84' lang='lat' dir='ltr'>huiusmodi</span> 
     </span>
     <span class='ocr_line' id='line_1_87' title="bbox 925 2497 1668 2544; baseline -0.013 -5"><span class='ocrx_word' id='word_1_445' title='bbox 925 2506 1133 2544; x_wconf 84' lang='lat' dir='ltr'>mentionem,</span> <span class='ocrx_word' id='word_1_446' title='bbox 1146 2509 1177 2535; x_wconf 89' lang='lat' dir='ltr'>et</span> <span class='ocrx_word' id='word_1_447' title='bbox 1191 2499 1388 2544; x_wconf 88' lang='lat' dir='ltr'>quibuslibet</span> <span class='ocrx_word' id='word_1_448' title='bbox 1398 2497 1468 2532; x_wconf 88' lang='lat' dir='ltr'>aliis</span> <span class='ocrx_word' id='word_1_449' title='bbox 1482 2497 1668 2542; x_wconf 87' lang='lat' dir='ltr'>privilegiis,</span> 
     </span>
     <span class='ocr_line' id='line_1_88' title="bbox 925 2554 1669 2605; baseline -0.012 -10"><span class='ocrx_word' id='word_1_450' title='bbox 925 2560 1193 2605; x_wconf 82' lang='lat' dir='ltr'>exemptionibus,</span> <span class='ocrx_word' id='word_1_451' title='bbox 1205 2555 1414 2600; x_wconf 83' lang='lat' dir='ltr'>indulgentiis</span> <span class='ocrx_word' id='word_1_452' title='bbox 1421 2561 1452 2588; x_wconf 84' lang='lat' dir='ltr'>et</span> <span class='ocrx_word' id='word_1_453' title='bbox 1465 2554 1579 2588; x_wconf 87' lang='lat' dir='ltr'>litteris</span> <span class='ocrx_word' id='word_1_454' title='bbox 1591 2564 1669 2596; x_wconf 90' lang='lat' dir='ltr'>apo—</span> 
     </span>
     <span class='ocr_line' id='line_1_89' title="bbox 924 2611 1669 2661; baseline -0.011 -10"><span class='ocrx_word' id='word_1_455' title='bbox 924 2619 1057 2659; x_wconf 83' lang='lat' dir='ltr'>stolicis,</span> <span class='ocrx_word' id='word_1_456' title='bbox 1079 2615 1273 2661; x_wconf 83' lang='lat' dir='ltr'>specialibus</span> <span class='ocrx_word' id='word_1_457' title='bbox 1291 2613 1339 2648; x_wconf 86' lang='lat' dir='ltr'>vel</span> <span class='ocrx_word' id='word_1_458' title='bbox 1354 2611 1570 2657; x_wconf 84' lang='lat' dir='ltr'>generalibus,</span> <span class='ocrx_word' id='word_1_459' title='bbox 1589 2621 1669 2653; x_wconf 88' lang='lat' dir='ltr'>quo-</span> 
     </span>
    </p>
   </div>
   <div class='ocr_carea' id='block_1_19' title="bbox 1690 258 1873 287">
    <p class='ocr_par' dir='ltr' id='par_1_25' title="bbox 1690 258 1873 287">
     <span class='ocr_line' id='line_1_90' title="bbox 1690 258 1873 287; baseline 0 -2"><span class='ocrx_word' id='word_1_460' title='bbox 1690 258 1741 285; x_wconf 79' lang='grc' dir='ltr'>ΛΠ.</span> <span class='ocrx_word' id='word_1_461' title='bbox 1760 258 1778 284; x_wconf 75' lang='grc' dir='ltr'>Γ,</span> <span class='ocrx_word' id='word_1_462' title='bbox 1809 260 1873 287; x_wconf 67' lang='grc' dir='ltr'>1ῧῖῗὶ</span> 
     </span>
    </p>
   </div>
   <div class='ocr_carea' id='block_1_20' title="bbox 1693 607 1877 659">
    <p class='ocr_par' dir='ltr' id='par_1_26' title="bbox 1693 607 1877 659">
     <span class='ocr_line' id='line_1_91' title="bbox 1729 607 1877 628; baseline -0.014 0"><span class='ocrx_word' id='word_1_463' title='bbox 1729 607 1832 628; x_wconf 70' lang='grc' dir='ltr'>ΕΙΡΙἹΙΙιιγ</span> <span class='ocrx_word' id='word_1_464' title='bbox 1843 608 1877 627; x_wconf 68' lang='lat' dir='ltr'>ha.</span> 
     </span>
     <span class='ocr_line' id='line_1_92' title="bbox 1693 639 1875 659; baseline 0 0"><span class='ocrx_word' id='word_1_465' title='bbox 1693 643 1737 659; x_wconf 79' lang='lat' dir='ltr'>rum</span> <span class='ocrx_word' id='word_1_466' title='bbox 1752 639 1875 659; x_wconf 67' lang='lat' dir='ltr'>linc-avum.</span> 
     </span>
    </p>
   </div>
   <div class='ocr_carea' id='block_1_21' title="bbox 1684 2165 1864 2217">
    <p class='ocr_par' dir='ltr' id='par_1_27' title="bbox 1684 2165 1864 2217">
     <span class='ocr_line' id='line_1_93' title="bbox 1684 2165 1864 2191; baseline -0.006 -5"><span class='ocrx_word' id='word_1_467' title='bbox 1684 2165 1796 2191; x_wconf 65' lang='lat' dir='ltr'>nerogauo</span> <span class='ocrx_word' id='word_1_468' title='bbox 1813 2171 1864 2186; x_wconf 81' lang='lat' dir='ltr'>con-</span> 
     </span>
     <span class='ocr_line' id='line_1_94' title="bbox 1684 2197 1803 2217; baseline -0.025 0"><span class='ocrx_word' id='word_1_469' title='bbox 1684 2197 1803 2217; x_wconf 69' lang='lat' dir='ltr'>uariorum.</span> 
     </span>
    </p>
   </div>
  </div>
 </body>
</html>
