2059 3228
130 244 168 269 An
196 242 224 269 C.
251 243 314 270 1579

140 1249 304 1275 Dispositiones

102 1277 132 1296 ad
148 1283 194 1296 rem
217 1278 302 1297 vai-iae.

368 242 432 277 ⁶272

905 255 1091 281 nummulum
1108 241 1264 280 acilinum

322 308 501 347 amovendi,
525 318 561 340 ac
585 308 663 341 alios
687 317 796 342 eorum
821 309 888 342 loco
912 310 1214 354 sufficien-Aatiquid
1239 311 1322 343 circa
1346 311 1430 344 dieta
1453 311 1598 345 aedificia
1614 313 1766 346 translata
1782 312 1844 346 hu-

323 359 364 398 di;
389 369 509 391 necnon
533 360 751 395 ordinationes
773 366 804 395 et
816 367 942 404 statuta,
967 374 1067 406 aequa

324 416 428 443 tamt-n
452 417 479 442 et
506 411 638 445 honesta
661 424 698 447 ac
720 415 818 448 saeris
841 416 1015 449 canonibus
1039 422 1065 449 et

322 463 445 496 concilii
464 464 640 497 Tridentini
658 465 792 500 decretis
809 478 872 500 non
887 479 1069 511 repugnan-

322 516 376 557 tia,
400 516 533 549 faciendi
562 522 590 550 et
616 517 740 559 edendi,
765 529 874 562 eaque,
902 530 975 552 cum
989 531 1068 563 opus

321 573 352 600 et
380 568 438 600 sibi
469 569 570 602 visum
600 570 710 612 suerit,
738 573 920 614 revocandi,
951 573 1068 605 immu-

320 621 420 661 tandi,
434 623 614 666 corrigendi
639 630 733 667 atque
751 625 811 658 alia
836 626 874 658 de
890 636 969 658 novo
994 635 1067 658 con—

320 673 525 718 dendi,quae,
538 682 704 720 postquam
718 678 809 719 facta,
827 678 965 717 condita,
980 688 1067 710 revo-

323 733 404 768 cata,
429 727 596 762 immutata
612 735 644 762 et
659 736 801 763 correcta
818 730 944 770 suerint,
962 729 1068 772 perin-

321 779 360 812 de
375 790 412 812 ac
428 780 453 813 si
471 781 554 814 dicta
570 783 757 816 auctoritate
770 783 941 826 apostolica
953 792 1068 825 appro-

320 831 394 865 bata
423 839 454 866 et
482 834 670 869 confirmata
698 842 822 877 essem,
852 836 892 868 ab
920 836 1066 869 omnibus

319 887 506 928 rectoribus,
531 888 702 931 magistris.
721 889 916 922 scholaribus
934 889 1066 932 aliisque

320 940 465 984 personis
488 941 521 973 in
546 942 631 975 dicto
656 943 786 985 collegio
811 942 1021 974 servientibus
1037 947 1063 974 et

321 994 579 1028 ministrantibus
597 995 821 1028 inviolabiliter
837 995 996 1028 observari
1015 995 1066 1027 de-

319 1047 426 1088 beant,
449 1047 581 1081 liberam
605 1054 633 1081 et
658 1048 872 1081 omnimodam
898 1048 1068 1080 auctorita—

322 1104 384 1132 tem
410 1105 442 1132 et
466 1100 659 1141 facultatem,
684 1100 874 1133 auctoritate
900 1106 931 1133 et
959 1105 1068 1133 tenore

325 1152 507 1194 praedictis,
532 1153 652 1196 pariter
675 1158 829 1196 perpetuo
853 1152 1067 1185 concedimus.

365 1208 380 1249 ἓ
404 1206 434 1240 6.
459 1207 501 1239 Ac
525 1207 669 1239 volumus
693 1211 722 1239 et
745 1205 855 1238 eadem
880 1205 1066 1237 auctoritate

325 1261 525 1295 decernimus
556 1260 727 1303 praemissa
759 1258 883 1299 omnia,
908 1268 980 1290 eum
1004 1256 1068 1299 pri-

319 1325 407 1347 mum
431 1314 499 1347 fieri
525 1313 650 1357 poterit,
675 1323 767 1345 suum
790 1312 937 1344 effectum
961 1320 1068 1342 conse-

320 1367 385 1411 qui,
410 1378 446 1400 ac
470 1372 639 1410 propterea
663 1364 837 1404 ecclesiam,
862 1363 990 1396 domum
1009 1360 1068 1393 illi-

317 1431 417 1464 usque
434 1419 628 1453 continentia
653 1417 798 1451 aedificia
815 1422 845 1449 et
861 1414 1067 1459 pertinentias

317 1475 499 1508 huiusmodi
534 1473 636 1506 eidem
672 1471 816 1514 collegio,
846 1470 885 1502 ad
920 1469 1064 1502 effectum

317 1529 500 1562 eorumdem
525 1526 784 1571 proemissorum,
808 1533 905 1556 vacua
928 1527 959 1554 et
975 1532 1065 1564 expe-

317 1582 383 1614 dita
415 1583 496 1615 tradi
522 1582 649 1619 debere;
674 1578 841 1619 collegium
871 1581 975 1608 autem
1001 1584 1063 1607 sive

317 1634 386 1667 eius
410 1634 647 1677 gubernatores,
660 1631 934 1664 administratores
949 1633 979 1661 et
997 1627 1065 1660 offi-

316 1685 410 1719 ciales
434 1696 452 1718 a
476 1685 526 1718 die
543 1685 671 1718 habitae
695 1683 900 1726 possessionis
916 1679 1063 1713 ecclesiae

315 1744 347 1771 et
363 1738 582 1771 aedificiorum
606 1737 805 1778 aliorumque
821 1734 1062 1768 dismembrato-

314 1801 387 1823 rum
404 1795 434 1824 et
447 1791 669 1824 translatorum
687 1788 921 1832 praedictorum,
939 1786 977 1819 ad
989 1785 1063 1818 aedi-

314 1844 386 1878 ficia
411 1844 478 1888 ipsa
501 1849 566 1877 tam
591 1853 676 1876 nunc
694 1853 790 1886 quam
813 1841 868 1874 ubi
893 1845 922 1873 et
940 1839 1062 1883 quoties

313 1898 366 1931 illa
393 1898 500 1941 aliquo
530 1907 614 1937 casu,
639 1895 735 1929 etiam
765 1893 985 1936 inexcogitato‚
1010 1891 1061 1924 de-

313 1950 393 1984 strui
418 1956 472 1983 aut
499 1950 560 1982 alio
584 1949 695 1992 quovis
722 1947 816 1980 modo
845 1956 938 1980 ruere
961 1945 1061 1979 conti-

314 2003 406 2046 gerit,
423 2002 667 2036 restaurandum
684 2007 713 2034 et
727 1999 993 2039 reaedificandum,
1010 2009 1060 2031 ea-

315 2068 375 2100 que
399 2066 521 2089 necnon
538 2054 646 2088 omnia
661 2063 737 2087 vasa
760 2057 791 2085 et
822 2055 1008 2095 paramenta
1030 2056 1060 2083 et

315 2120 533 2153 quaecumque
564 2108 624 2141 alia
651 2107 690 2139 ad
715 2104 986 2138 manutentionem
1014 2102 1059 2134 di-

312 2162 377 2194 vini
403 2163 505 2195 cultus
528 2162 562 2193 in
586 2161 670 2193 dicta
693 2158 824 2192 eeclesia
848 2157 935 2190 Santi
960 2156 1058 2200 Spiri—

312 2221 362 2247 tus
395 2214 573 2248 necessaria
601 2212 868 2253 conservandum,
897 2216 928 2244 et
951 2211 1056 2252 etiam,

313 2267 436 2309 quoties
459 2278 539 2310 opus
563 2266 672 2306 suerit,
697 2265 735 2298 de
759 2275 840 2298 novo
863 2263 1056 2304 faciendum,

312 2328 435 2351 necnon
461 2319 571 2352 missas
595 2325 625 2351 et
649 2317 833 2366 alia-divina
857 2315 960 2349 officia
977 2316 1056 2348 cele-

311 2371 468 2403 brandum
487 2382 541 2404 seu
557 2370 707 2404 celebrari
725 2370 915 2410 faciendum,
932 2368 1055 2411 aliaque

312 2434 408 2456 onera
434 2435 651 2467 quaecumque
686 2424 789 2457 eidem
823 2423 971 2456 ecclesiae
1007 2423 1054 2455 in*

311 2478 489 2510 cumbentia
518 2478 769 2522 supportandum
793 2477 924 2510 omnino
943 2477 1054 2517 teneri,

310 2535 339 2562 et
365 2531 403 2562 ad
428 2531 458 2562 id
483 2531 647 2564 adstrictos
670 2536 698 2563 et
724 2530 879 2574 obligatos
902 2535 1054 2574 perpetuo

1099 363 1230 395 iusmodi
1256 369 1284 396 et
1309 374 1355 404 ea,
1380 374 1461 407 quae
1485 364 1519 396 in
1542 365 1610 408 ipsa
1634 365 1765 398 eeclesia
1787 375 1844 399 ne-

1096 415 1231 447 cessaria
1247 421 1352 453 erunt,
1368 417 1603 459 praestandum,
1623 418 1785 451 autetiam
1800 418 1843 451 ad
1894 449 1898 452 ,
1963 439 1981 465 '.

1096 467 1229 499 fratrum
1254 468 1287 500 in
1311 468 1393 502 dicta
1410 470 1630 513 praepositura
1648 470 1754 504 Sancti
1771 471 1841 515 Spi-

1096 519 1175 551 ritus
1188 524 1218 551 et
1235 520 1318 553 illius
1335 520 1429 554 domo
1441 532 1527 554 nunc
1540 522 1722 565 degentium
1734 529 1765 557 et
1777 523 1841 557 exi-

1097 572 1246 604 stentium
1271 573 1467 614 alimoniam,
1492 575 1639 608 vestitum
1655 577 1703 609 vel
1718 581 1840 609 susten-

1096 624 1247 657 tationem
1265 631 1317 658 aut
1335 627 1585 668 subventionem,
1604 628 1699 662 etiam
1717 629 1742 662 si
1756 629 1841 673 ipsos

1097 676 1208 709 fratres
1233 677 1307 710 inde
1331 679 1469 712 amoveri
1505 686 1534 712 et
1558 680 1598 713 ad
1621 691 1842 725 quaecumque

1096 728 1156 760 alia
1171 729 1235 762 loca
1250 741 1308 773 fro
1323 736 1464 775 tempore
1479 734 1655 775 transferri,
1668 740 1721 767 aut
1737 736 1783 768 eis
1796 736 1842 768 vel

1096 781 1190 813 etiam
1215 793 1272 825 pro
1298 784 1390 818 dictis
1413 791 1444 818 et
1467 785 1676 830 infrascriptis
1711 798 1748 821 ac
1771 788 1842 832 qui-

1097 833 1290 878 buscumque
1315 837 1383 869 aliis
1392 838 1542 871 oneribus
1555 845 1583 871 et
1602 840 1746 883 expensis
1759 841 1838 874 alias

1096 886 1227 929 aliquid,
1243 888 1339 921 etiam
1353 891 1462 932 quavis
1474 891 1662 924 auctoritate
1678 896 1755 926 etex
1772 892 1841 936 qui-

1096 938 1137 970 bu
1145 950 1265 983 scumq.
1289 941 1401 982 causis,
1419 943 1575 985 assignari
1592 944 1772 986 eontigerit,
1788 949 1843 977 aut

1097 992 1133 1023 ad
1148 992 1275 1034 aliquod
1292 993 1394 1027 simile
1408 995 1454 1028 vel
1470 995 1620 1029 dissimile
1633 1006 1724 1037 onus,
1740 996 1837 1029 etiam

1097 1045 1198 1087 quoad
1217 1056 1366 1088 expensas
1384 1074 1392 1088 ‚
1416 1058 1487 1090 quae
1510 1059 1711 1091 quocumque
1745 1049 1840 1082 modo

1097 1108 1132 1129 ae
1155 1108 1229 1130 casu
1252 1099 1285 1131 in
1301 1100 1512 1133 celebratione
1524 1101 1705 1134 divinorum
1721 1102 1841 1135 officio-

1098 1160 1178 1190 rum,
1203 1156 1257 1183 aut
1281 1151 1359 1184 alias
1382 1154 1505 1185 ratione
1529 1154 1630 1186 cultus
1655 1154 1779 1195 divini,
1802 1165 1840 1188 ae

1099 1213 1154 1245 pro
1178 1204 1361 1237 eorumdem
1385 1205 1519 1238 fratrum
1542 1206 1704 1247 alimonia,
1716 1213 1842 1240 susten·

1099 1257 1229 1296 tatione,
1246 1257 1359 1289 vestitu
1377 1263 1429 1290 aut
1454 1257 1530 1291 alias
1547 1257 1615 1291 fieri
1638 1259 1672 1291 in
1696 1259 1839 1292 futurum

1097 1308 1265 1350 contigerit
1282 1335 1290 1349 ,
1308 1309 1485 1342 nullatenus
1509 1315 1696 1351 teneantur;
1722 1311 1776 1344 sed
1799 1311 1840 1344 ab

1097 1360 1214 1392 eisdem
1233 1361 1382 1394 oneribus
1395 1367 1461 1395 tuta
1477 1362 1670 1396 conscientia
1686 1369 1839 1407 perpetuo

1096 1413 1231 1456 exempti
1256 1414 1383 1457 penitus
1406 1420 1436 1448 et
1453 1415 1487 1448 in
1505 1421 1604 1449 totum
1621 1417 1765 1452 [iberiae
1779 1419 1838 1451 im-

1097 1476 1208 1499 munes
1232 1467 1387 1508 existant,
1419 1468 1590 1511 omniaque
1613 1479 1710 1502 onera
1733 1474 1764 1502 et
1787 1480 1840 1503 ex-

1097 1529 1200 1562 pensae
1238 1520 1419 1560 huiusmodi
1444 1521 1483 1554 ad
1522 1521 1641 1554 dictum
1670 1521 1838 1564 collegium

1094 1578 1247 1615 perpetuo
1270 1579 1411 1616 spectent
1449 1579 1480 1606 et
1518 1573 1722 1616 pertineant,
1746 1575 1839 1618 eique

1094 1626 1282 1659 immineant.
1305 1632 1336 1659 et
1359 1626 1555 1666 incumbant;
1580 1632 1610 1659 et
1633 1626 1659 1659 si
1683 1626 1759 1660 dicti
1775 1626 1838 1660 fra-

1094 1686 1156 1713 tres
1180 1680 1264 1721 inde,
1277 1684 1309 1712 ut
1325 1680 1502 1722 praefertur,
1514 1685 1720 1713 amoveantur
1732 1685 1763 1713 et
1775 1679 1838 1712 alio

1094 1732 1325 1766 transferantur
1348 1737 1403 1765 aut
1425 1732 1503 1765 alias
1526 1742 1585 1775 pro
1622 1732 1668 1765 eis
1691 1737 1722 1765 et
1745 1731 1836 1764 dictis

1092 1785 1241 1819 oneribus
1252 1796 1288 1818 ac
1300 1784 1459 1828 exspensis
1471 1784 1601 1827 aliquid,
1617 1784 1712 1817 etiam
1726 1783 1836 1828 quavis

1092 1839 1290 1879 auctoritate,
1314 1849 1372 1882 pro
1396 1843 1537 1881 tempore
1568 1837 1756 1880 assignetur,
1780 1842 1836 1870 aut

1091 1891 1216 1934 quidvis
1253 1892 1339 1924 aliud
1374 1891 1563 1932 innovetur,
1599 1891 1747 1934 quodque
1770 1891 1834 1924 eol-

1091 1944 1208 1986 legium
1232 1944 1414 1977 huiusmodi
1454 1944 1489 1976 in
1520 1945 1690 1985 domibus,
1713 1944 1834 1978 aedibus

1090 2007 1126 2029 ac
1150 1997 1240 2029 bonis
1261 1996 1420 2040 praedictis
1435 2002 1588 2040 perpetuo
1605 2002 1635 2029 et
1650 1997 1736 2030 omni
1755 2002 1834 2031 tem-

1089 2059 1165 2092 pore
1189 2049 1389 2082 manuteneri
1414 2049 1536 2083 debeat.

1132 2101 1146 2144 ξ
1171 2100 1199 2133 7.
1223 2101 1259 2133 Et
1283 2111 1358 2134 casu
1381 2112 1444 2145 quo
1467 2102 1544 2135 illud
1566 2113 1630 2136 non
1647 2109 1832 2138 manutene-

1089 2161 1169 2195 atur,
1183 2160 1238 2188 aut
1250 2155 1317 2188 eius
1333 2155 1449 2188 erectio
1462 2155 1645 2189 huiusmodi
1659 2168 1752 2190 suum
1765 2168 1829 2191 nou

1088 2207 1238 2240 sortiatur
1261 2208 1417 2250 effectum,
1441 2220 1478 2242 ex
1509 2215 1585 2243 tunc
1611 2211 1680 2255 ipsa
1695 2222 1829 2256 praepo-

1087 2261 1185 2294 situra
1203 2261 1308 2294 Sancti
1326 2262 1461 2306 Spiritus
1473 2263 1508 2295 in
1519 2263 1690 2306 pristinum
1703 2269 1732 2298 et
1745 2276 1828 2307 eum,

1087 2315 1119 2346 in
1144 2325 1206 2358 quo
1231 2320 1400 2358 antequam
1428 2322 1609 2359 praesentes
1632 2324 1828 2360 emanarent,

1087 2374 1164 2408 erat,
1181 2372 1299 2400 statum
1313 2368 1458 2401 restituta
1474 2368 1515 2402 sit
1530 2374 1561 2402 et
1572 2380 1639 2403 esse
1655 2376 1829 2411 censeatur,

1087 2421 1219 2464 perinde
1243 2432 1279 2454 ae
1303 2422 1328 2455 si
1353 2421 1590 2456 dismembratio
1606 2427 1636 2456 et
1659 2423 1828 2466 applicatio

1087 2475 1184 2508 factae
1207 2485 1272 2508 non
1296 2475 1452 2515 fuissent3
1476 2486 1512 2508 ac
1547 2476 1654 2508 omnia
1683 2475 1828 2508 meliora—

1086 2532 1191 2560 menta
1215 2528 1343 2561 nomine
1366 2528 1443 2561 dieti
1460 2528 1581 2571 collegii
1595 2529 1642 2561 vel
1655 2528 1731 2560 alias
1747 2527 1827 2560 inibi

311 2593 379 2616 esse
402 2588 432 2614 et
445 2583 519 2623 sore,
538 2583 579 2616 ita
596 2589 630 2616 ut
647 2583 679 2616 in
692 2584 833 2616 futurum
847 2583 1056 2616 Michealcar-
1086 2580 1322 2624 quomodolibet
1344 2582 1436 2623 saeta,
1459 2581 1560 2614 eidem
1591 2581 1827 2625 praepositurae

313 2635 424 2667 ‹linalis
459 2641 487 2667 et
516 2635 582 2668 cius
613 2647 807 2670 successores
835 2635 987 2679 praedicti
1017 2635 1055 2669 ad
1086 2635 1114 2669 S.
1139 2634 1274 2678 Spiritus
1298 2635 1395 2668 libere
1419 2635 1559 2674 cedant·,
1595 2645 1630 2668 ac
1668 2635 1797 2668 ecclesia
1816 2661 1824 2674 ,
