2059 3228
366 179 428 213 701³·
912 178 1091 203 BULLARIUM
1110 179 1260 203 ROMANL'M

121 189 174 216 An.
193 188 220 218 C.
241 189 307 218 1586
1962 202 1969 210 .
1991 190 1997 213 J

323 242 451 281 salium,
473 238 565 272 nohis
586 242 614 270 et
639 236 724 269 dicto
749 235 894 267 Romano
921 231 1067 266 Pontifici
1153 231 1169 274 §
1194 232 1224 265 5.
1248 231 1383 275 Ipseque
1403 232 1531 266 auditor
1546 243 1605 277 pro
1623 237 1769 277 tempore
1792 221 1857 267 e'xi-
1885 275 1890 279 .
1916 224 2021 270 tarmen

321 296 353 328 in
369 293 489 327 Palatio
501 290 682 335 Apostolico
694 287 914 327 servientium,
927 297 964 320 ac
975 297 1067 330 prae·
1110 290 1207 325 stens,
1233 295 1345 318 ornnes
1364 290 1395 318 et
1414 286 1556 329 singulas
1578 287 1737 321 dictarum
1757 286 1857 321 confi·
1869 278 2021 334 23⁵Jssffi2}

321 350 459 381 latorum
480 344 732 378 domesticorum
757 347 788 375 et
807 341 951 374 eiusdem
980 339 1067 374 sedi>
1110 337 1292 371 dentiarum
1331 338 1547 383 symoniacam
1585 340 1771 383 pravitatem
1807 341 1856 374 vel
1870 341 2021 390 xssffiuffl:

320 399 522 433 notariorum
542 406 680 430 numero
701 400 733 428 et
761 394 925 428 consortio
948 393 1068 426 favora-
1110 391 1255 435 quamvis
1280 392 1375 425 aliam
1396 392 1540 426 illicitam
1560 393 1740 437 pactionem
1761 393 1856 427 indu-
1870 399 1992 422 concessio·
2007 392 2016 408 '⁷

319 452 427 485 biliter
449 455 659 494 aggregatus,
687 459 724 481 ac
750 458 809 492 pro
833 458 918 487 vero,
940 446 1069 479 indubi-
1110 444 1257 484 centium„
1277 456 1333 478 seu
1366 445 1508 489 aliquam
1538 445 1785 489 dependentiam
1808 445 1858 481 vel

317 511 386 538 tato
415 511 445 537 et
477 514 543 537 non
572 503 647 536 ficio
668 507 777 535 nostro
797 506 829 534 et
845 511 903 544 pro
923 505 1069 544 tempore
1110 498 1348 532 connexitatem
1367 499 1569 540 habentium,
1592 510 1769 543 rerumque
1787 511 1858 534 om-

319 558 480 593 existentis
500 555 808 590 RomaniPontificis
817 554 979 595 familiari,
992 564 1068 587 con·
1109 551 1199 585 nium
1215 551 1289 586 inde
1300 552 1527 585 resultantium
1540 563 1653 586 causas
1671 552 1861 601 huiusmodi

319 613 411 646 tinuo
435 610 645 645 commensali
665 615 696 642 et
716 609 858 653 praelato
877 608 1068 647 domestico,
1109 605 1141 639 in
1161 605 1272 639 eadem
1293 605 1390 640 Curia
1409 607 1715 650 quomodocumque
1730 611 1763 640 et
1777 617 1865 651 qua-,
2010 639 2014 646 ,

319 666 475 709 Sedisque
500 664 688 698 huiusmodi
709 663 836 696 notario
856 661 968 695 haberi
981 667 1012 694 et
1023 672 1072 693 rc-
1108 659 1344 703 utercumque,
1375 670 1412 694 ac
1447 670 1506 704 per
1539 671 1762 705 quascumque
1787 664 1870 705 per-'
2004 683 2014 706 .—

319 718 427 764 putari
456 718 583 759 debeat,
612 717 791 760 habituque
811 721 843 749 et
862 714 1008 758 insigniis
1025 714 1072 747 di-
1109 723 1215 753 sonaS‚
1239 713 1336 746 etiam
1356 713 1575 747 cardinalatus
1594 714 1729 754 honore,
1751 725 1788 748 ac
1803 724 1860 759 pa·
2006 711 2020 755 J

318 778 446 806 ctorum
481 772 703 816 praelatorum
728 777 759 804 et
783 769 984 803 notariorum
1014 778 1072 812 per
1108 766 1286 808 triarchali,
1313 767 1596 812 archiepiscopali,
1618 758 1793 812 episcopali
1813 768 1859 802 di·
2007 758 2018 798 ξ

319 826 558 870 quamcumque
574 835 745 869 personam
763 824 795 856 in
808 822 960 867 dignitate
970 821 1072 855 eccle·
1108 819 1284 863 gnitatibus
1303 820 1485 864 fungentes,
1511 820 1607 853 etiam
1629 831 1686 864 per
1704 820 1787 854 viam
1811 821 1859 854 in-
2004 829 2018 859 5,-

318 880 445 913 siastica
465 879 683 919 constitutam,
711 888 808 921 quam
829 876 949 910 adhoc
970 875 1070 908 duxe-
1109 873 1306 918 quisitionis,
1326 879 1382 907 aut
1406 885 1443 908 ex
1467 873 1575 908 officio
1601 884 1658 908 seu
1682 875 1859 918 apostolica
2007 867 2018 915 ξ

318 933 361 967 rit
385 933 568 976 eligendam
581 959 588 972 ,
615 931 686 972 sibi,
712 936 844 974 recepto
864 930 955 974 prius
973 928 1012 961 ab
1033 938 1071 961 eo
1109 927 1311 971 delegatione
1326 928 1375 961 vel
1395 928 1473 961 alias
1493 927 1738 972 quomodolibet
1756 934 1858 963 motas
1999 933 2015 967 ,ζ-

318 986 482 1021 fidelitatis
498 991 529 1019 et
548 985 751 1019 obedientiae
763 984 858 1017 solito
869 983 1069 1023 iuramento,
1109 986 1140 1014 et
1156 982 1340 1022 movendas,
1361 992 1399 1015 ac
1419 982 1517 1015 etiam
1536 992 1620 1026 quae
1639 982 1789 1026 perviam
1801 993 1858 1027 ap·
2001 974 2021 1027 «ἶ

317 1040 507 1074 exhibendis
528 1044 559 1072 et
578 1038 794 1077 conferendis,
817 1036 1071 1079 omnibusqueet

319 1093 453 1137 singulis
472 1104 509 1126 ac
536 1103 668 1137 prorsus
691 1091 851 1123 similibus
881 1088 1069 1134 privilegiis,

321 1146 584 1191 praeeminemus,
623 1145 766 1185 indultis,
797 1143 1069 1184 immunitatibus,

321 1201 536 1242 libertatibus,
563 1198 834 1243 exemptionibus,
852 1197 1068 1237 facultatibus,

322 1255 514 1296 honoribus,
537 1253 799 1293 antelationibus,
828 1250 1069 1296 praerogativis,

322 1308 494 1349 favoribus,
517 1307 660 1347 indultis,
681 1305 945 1339 concessionibus
961 1310 992 1338 et
1002 1315 1073 1348 gra-

322 1363 383 1403 tiis,
409 1367 472 1395 tam
493 1361 688 1405 specialibus
708 1371 804 1404 quam
825 1359 1070 1403 temporalibus,

322 1416 442 1460 quibus
462 1415 562 1448 ceteri
582 1414 683 1448 nostri
705 1419 733 1447 et
755 1424 815 1458 pro
838 1419 984 1457 tempere
1009 1412 1071 1445 exi-

321 1469 437 1504 stentis
456 1469 593 1502 Romani
612 1467 778 1501 Pontificis
800 1466 880 1507 veri,
899 1465 1069 1499 indubitati

323 1529 355 1557 et
373 1533 439 1556 non
454 1522 520 1556 ficti
540 1521 732 1561 familiares,
745 1519 893 1553 continui
910 1529 1070 1552 commen-

323 1577 405 1611 sales
425 1587 462 1609 ac
481 1575 614 1620 praelati
635 1573 815 1613 domestici,
837 1573 1005 1616 dictaeque
1018 1572 1068 1606 Se-

323 1631 372 1664 dis
390 1630 519 1670 notarii,
540 1629 635 1663 etiam
655 1629 694 1662 de
714 1638 852 1661 numero
876 1626 1071 1671 participan-

324 1685 404 1718 tium
425 1683 606 1723 existentes,
637 1682 761 1716 etiamsi
785 1681 930 1714 habitum
964 1686 995 1714 et
1018 1691 1068 1714 ro-

324 1739 455 1771 chetum
475 1737 677 1770 notariorum
698 1735 788 1769 Sedis
807 1734 993 1768 huiusmodi
1006 1745 1071 1767 non

324 1789 1069 1831 deserant,deiure,statuto,usu‚consuetudine

321 1846 370 1879 vel
390 1845 500 1888 aliquo
516 1844 611 1877 etiam
626 1843 757 1887 speciali
780 1842 946 1886 privilegio
966 1848 1022 1875 aut
1041 1855 1068 1876 a—

322 1899 380 1931 lias
397 1897 642 1942 quomodolibet
668 1902 815 1936 utuntur,
846 1896 1017 1940 potiuntur
1041 1904 1067 1929 et

322 1952 475 1995 gaudent,
498 1964 533 1984 ac
552 1952 608 1991 uti,
625 1951 723 1995 potiri
739 1956 769 1984 et
788 1951 929 1993 gaudere
950 1951 1067 1994 possint

321 2012 351 2038 et
376 2011 531 2050 poterunt
551 2005 795 2049 quomodolibet
815 2004 848 2037 in
868 2005 1025 2044 futurum,
1040 2005 1067 2037 in

323 2059 443 2092 iudicio
461 2065 492 2091 et
509 2065 598 2091 extra
619 2069 656 2091 ac
676 2058 796 2101 ubique
816 2059 977 2099 locorum,
1000 2058 1068 2091 abs-

322 2124 385 2155 que
415 2113 525 2155 aliqua
545 2123 677 2156 prorsus
703 2112 899 2153 differentia,
928 2122 993 2144 non
1023 2124 1070 2145 so-

322 2166 390 2198 lum
418 2166 458 2199 ad
487 2165 619 2198 illorum
639 2166 751 2205 instar,
774 2165 829 2198 sed
853 2165 1064 2208 parisormitei

324 2225 354 2252 et
374 2230 476 2262 aeque
496 2219 733 2263 principaliter,
758 2219 789 2251 in
809 2219 961 2251 omnibus
973 2225 1001 2252 et
1015 2231 1073 2263 per

324 2272 444 2312 omnia,
466 2272 600 2317 perinde
625 2283 662 2306 ac
683 2273 707 2305 si
729 2273 833 2305 eidem
854 2272 992 2309 auditori
1014 2284 1071 2317 pro

324 2331 470 2369 tempore
495 2326 643 2359 existenti
669 2326 852 2369 specialiter
876 2324 1072 2369 et¹expresse

324 2384 382 2418 per
398 2380 582 2417 praesentes
602 2385 752 2413 concessa
772 2375 918 2416 fuissent,
937 2375 1005 2408 sine
1027 2381 1071 2407 ta—

325 2433 399 2455 men
419 2423 564 2466 ipsorum
582 2425 802 2467 praelatorum
819 2424 1071 2457 domesticorum

326 2476 355 2502 et
380 2472 578 2504 notariorum
599 2473 638 2505 de
659 2483 795 2506 numero
808 2473 1072 2516 participantium

1108 1035 1290 1079 pellationis
1314 1046 1332 1068 a
1351 1035 1518 1069 sententiis
1546 1035 1716 1069 definitivis
1740 1036 1788 1070 vel
1812 1036 1860 1070 in-

1110 1088 1328 1122 terlocutoriis
1347 1088 1411 1121 vim
1440 1088 1624 1122 definitivae
1650 1089 1856 1130 habentibus,
1897 1087 1902 1094 '

1109 1152 1167 1186 per
1209 1153 1432 1186 quoscumque
1478 1142 1602 1176 iudices
1621 1169 1629 1184 ,
1676 1143 1858 1178 ordinarios

1109 1197 1159 1229 vel
1193 1196 1375 1239 delegatos,
1409 1207 1447 1230 ac
1483 1196 1578 1230 etiam
1620 1196 1724 1230 dictae
1767 1196 1858 1237 Sedis

1110 1251 1231 1294 legatos
1270 1250 1320 1284 vel
1355 1250 1492 1284 nuncios
1538 1261 1597 1295 pro
1629 1255 1774 1295 tempore
1808 1251 1856 1284 la-

1110 1304 1148 1337 tis
1174 1308 1207 1338 et
1235 1304 1460 1348 promulgatis,
1485 1304 1525 1337 ad
1545 1304 1660 1338 Sedem
1681 1304 1855 1348 praefatam

1109 1368 1168 1402 pro
1196 1363 1344 1402 tempore
1373 1358 1593 1402 interpositae,
1621 1369 1678 1392 seu
1698 1359 1856 1397 reclama-

1108 1411 1205 1445 tionis
1233 1411 1393 1445 iudicialis
1419 1417 1474 1444 aut
1493 1411 1660 1453 nullitatis,
1682 1412 1720 1445 ad
1741 1412 1854 1445 Sedem

1109 1465 1255 1499 eamdem
1284 1465 1440 1498 hactenus
1466 1465 1634 1498 devolutae
1658 1471 1733 1499 sunt
1751 1467 1799 1499 vel
1824 1466 1856 1499 in

1110 1525 1274 1564 posterum
1295 1519 1513 1560 devolventur,
1536 1519 1578 1552 ita
1603 1525 1638 1552 ut
1663 1530 1779 1553 causae
1799 1531 1856 1564 ap-

1109 1573 1323 1617 pellationum
1351 1572 1539 1606 huiusmodi
1570 1584 1628 1617 per
1653 1584 1727 1606 eum
1751 1574 1856 1607 solum

1110 1626 1273 1670 cognosci,
1291 1637 1352 1660 nec
1371 1626 1476 1666 alteri,
1498 1625 1557 1659 nisi
1583 1637 1641 1670 per
1660 1626 1859 1660 commissio-

1110 1691 1182 1714 nem
1203 1680 1235 1713 in
1256 1680 1426 1724 Signatura
1446 1680 1581 1721 Gratiae,
1594 1685 1705 1714 vocato
1721 1680 1790 1725 ipso
1803 1692 1858 1714 au-

1109 1735 1222 1775 ditore,
1243 1735 1455 1779 propositam,
1475 1740 1506 1767 et
1521 1745 1620 1768 manu
1632 1740 1741 1768 nostra
1751 1734 1858 1779 signa-

1109 1794 1186 1830 tam,
1209 1788 1365 1822 committi
1386 1788 1495 1832 possit,
1526 1788 1713 1829 summarie,
1735 1788 1859 1833 simpli-

1110 1842 1190 1876 citer
1214 1847 1244 1875 et
1259 1842 1298 1875 de
1318 1842 1428 1886 plano,
1454 1842 1523 1875 sine
1547 1842 1684 1885 strepitu
1704 1847 1735 1875 et
1754 1842 1859 1885 figura

1110 1896 1234 1937 iudicii,
1250 1896 1317 1929 sola
1330 1895 1461 1929 veritate
1472 1895 1625 1940 inspecta,
1641 1895 1738 1928 etiam
1759 1906 1858 1928 manu

1111 1951 1209 1993 regia,
1227 1960 1264 1983 ac
1284 1949 1429 1983 terminis
1449 1949 1727 1990 substantialibus,
1749 1949 1806 1992 qui
1820 1949 1860 1982 de

1978 1430 1984 1439 ,
1971 1062 1980 1071 -

2007 1412 2018 1426 ι’
2007 1355 2020 1395 ,ἀ
2006 1279 2022 1338 ’.ιη
2004 1214 2020 1270 ⁵202·
2003 1111 2021 1203 -J-Qas'
2000 1036 2025 1101 epe-u

1110 2005 1191 2048 stylo
1211 2014 1267 2037 seu
1279 2003 1480 2037 ordinatione
1496 2002 1861 2046 PalatiiApostoliciob-
1885 2020 1889 2023 ·
1910 2029 1915 2033 .

1111 2057 1229 2091 servari
1250 2062 1496 2096 consueverunt,
1519 2056 1648 2100 penitus
1667 2056 1804 2097 omissis,
1822 2067 1859 2089 ac

1111 2111 1208 2144 etiam
1224 2110 1390 2154 quibusvis
1411 2102 1696 2154 appellationihuS,
1728 2109 1859 2143 nullita-

1113 2165 1197 2197 tibus
1222 2170 1251 2197 et
1280 2164 1352 2197 aliis
1380 2163 1522 2207 diffugiis
1551 2174 1684 2207 prorsus
1714 2163 1856 2204 semotis,

1111 2218 1329 2262 procedendo,
1356 2228 1420 2250 una
1441 2227 1515 2250 cum
1535 2217 1686 2251 omnibus
1706 2222 1735 2250 et
1748 2217 1859 2260 singu-

1112 2271 1150 2304 lis
1163 2281 1274 2304 earum
1289 2270 1519 2311 incidentibus,
1537 2270 1806 2314 dependentibus,
1827 2281 1860 2304 e-

1112 2324 1344 2368 mergentibus,
1353 2324 1485 2357 annexis
1493 2329 1524 2356 et
1539 2323 1704 2364 connexis,
1715 2334 1752 2357 ac
1763 2323 1858 2357 etiam

1113 2379 1180 2406 toto
1201 2374 1330 2416 negotio
1347 2373 1531 2417 principali,
1543 2372 1723 2412 audiendis,
1740 2376 1860 2416 cogno-

1112 2423 1250 2463 scendis,
1267 2422 1464 2462 decidendis,
1487 2422 1618 2465 fineque
1631 2421 1740 2455 debito
1753 2422 1858 2455 termi-

1112 2471 1239 2512 nandis,
1252 2471 1348 2504 etiam
1360 2471 1495 2514 singulis
1505 2470 1619 2503 diebus
1630 2476 1660 2503 et
1670 2470 1759 2504 horis
1767 2481 1859 2515 prae-

326 2520 536 2561 praeiudicio,
552 2521 610 2561 uti,
630 2521 725 2564 potiri
747 2528 777 2555 et
801 2523 943 2566 gaudere
971 2522 1072 2556 libere
1112 2526 1258 2564 terquam
1279 2521 1312 2553 in
1332 2521 1488 2554 honorem
1506 2520 1561 2554 Dei
1577 2519 1715 2560 feriatis,
1733 2530 1858 2553 necnon

326 2572 357 2599 et
375 2567 461 2601 licite
477 2569 577 2612 possit
596 2576 627 2608 et
647 2571 759 2604 valeat.

1112 2581 1210 2615 super
1229 2570 1380 2605 omnibus
1398 2576 1430 2604 et
1447 2570 1582 2614 singulis
1597 2569 1811 2610 consid-antiis,
1823 2579 1858 2604 e-
