2059 3228
140 279 178 309 Ᾰῐι
209 280 235 309 C.
257 281 322 310 1578

158 710 280 736 nasis-natio
290 714 326 730 co-

144 745 197 764 rum,
209 742 242 767 qui
260 742 327 766 impu>

144 776 223 793 sternii·
234 773 258 791 ad
274 771 329 791 solu-

144 805 223 823 tionem
250 806 328 823 tenen-

146 841 187 859 tur.

197 2260 305 2282 clausulae

381 269 444 306 ⁶21ss

338 344 434 367 rausa
446 341 591 367 onerosa,
603 328 780 373 apostolica
794 331 993 366 auetoritate,
1007 336 1083 367 qua-

339 393 432 419 tonus
451 396 532 428 opus
556 384 606 423 sit,
630 392 830 421 revocamus,
853 391 1027 419 cassamus,
1043 379 1083 411 ir-

337 440 471 472 ritamus
491 443 519 470 et
541 436 759 476 annullamus,
781 435 968 478 nulliusque
987 433 1082 466 robo-

338 492 381 524 ris
401 492 467 523 fore
485 495 515 522 et
535 500 613 529 esse,
635 499 695 522 nec
714 499 893 532 numquam
918 487 951 520 in
976 489 1084 529 aliquo

339 543 508 587 suffragari
534 553 625 586 posse
650 542 699 575 vel
722 542 840 575 debere
862 545 918 574 aut
943 539 1084 584 potuisse

339 597 388 630 vel
407 597 555 630 debuisse
575 596 789 630 declaramus.

385 650 400 693 ἓ
419 649 451 683 6.
473 649 617 690 Necnon,
638 649 678 682 ad
698 659 794 682 omne
807 647 940 680 dubium
959 650 992 679 in
1014 656 1087 690 per-

341 702 515 747 petuum1‚
531 702 711 742 statuimus,
726 701 915 734 ordinamus
926 705 956 733 et
973 699 1087 733 decer-

342 756 450 788 nimus
469 766 506 788 ac
519 755 721 788 declaramus
735 754 822 798 quod
837 758 902 786 tam
916 753 1015 791 cives,
1028 762 1087 784 no-

342 809 433 849 biles,
450 808 602 848 illustres,
623 808 762 840 barones
781 817 818 840 ac
835 805 1023 839 domicellos
1034 809 1090 837 aut

344 861 518 895 familiares
546 861 684 894 alicuius
716 859 889 894 cardinalis
926 864 980 891 aut
1017 859 1088 891 tbe-

343 915 478 948 saurarii
526 915 629 948 dietae
666 913 811 953 civitatis,
851 911 1090 946 communitatis

343 974 375 1002 et
394 968 567 1008 districtus,
594 978 721 1001 necnon
753 976 864 999 omnes
888 971 919 998 et
948 965 1090 1007 singulos

344 1022 480 1056 clericos
494 1022 675 1054 saeculares
695 1026 724 1053 et
745 1019 884 1053 cuiusvis
903 1018 1091 1051 Ordinisre-
1107 1050 1111 1058 ,

344 1076 483 1118 gulares,
510 1085 547 1107 ac
569 1074 664 1107 etiam
685 1073 868 1113 Tertiarios,
895 1077 926 1105 et
949 1061 1112 1105 forensesl

345 1135 567 1167 aeextraneos,
578 1128 672 1161 etiam
683 1127 794 1171 quovis
802 1125 969 1170 privilegio
984 1135 1092 1158 exem-

344 1181 464 1226 ptionis
483 1182 644 1220 suffultos,
666 1180 706 1214 ad
726 1178 1001 1213 contribuendum
1017 1188 1094 1211 one-

345 1235 436 1267 ribus
455 1246 471 1267 a
491 1234 624 1267 Camera
638 1232 822 1276 Apostolica
839 1243 876 1265 ex
888 1240 1093 1275 quacumque

346 1288 470 1320 ratione
490 1287 659 1330 impositis,
671 1287 795 1319 ratione
811 1295 1094 1329 quorumcumque

346 1337 521 1380 bonorum,
548 1351 606 1384 pro
627 1340 743 1382 quibus
767 1338 909 1372 decimas
937 1348 1004 1370 non
1030 1337 1094 1370 sol-

347 1399 435 1434 vunt,
458 1392 490 1425 in
510 1393 633 1426 civitate
659 1398 689 1426 et
709 1391 853 1425 districtu
875 1402 911 1424 ac
941 1390 1095 1423 comitatu

349 1446 524 1490 praedietis
543 1446 802 1485 consistentium,
817 1444 919 1478 teneri
941 1449 972 1477 et
991 1443 1096 1476 obbli-

349 1504 439 1541 gatos
463 1509 547 1539 csse;
570 1499 720 1541 idemque
737 1498 770 1530 in
794 1497 948 1530 oneribus
965 1495 1097 1540 imposi-

349 1552 390 1585 tis
410 1558 441 1585 et
464 1552 670 1595 imponendis
688 1562 748 1596 per
765 1561 825 1584 nos
845 1555 876 1583 ct
905 1549 1096 1594 praedeees-

351 1611 574 1638 soresnostros
593 1616 629 1638 ac
646 1614 847 1638 successores
876 1609 907 1637 et
932 1603 1097 1637 Cameram

351 1669 389 1691 ac
409 1658 562 1691 officiales
582 1658 773 1702 praedictos,
795 1668 832 1690 ac
852 1668 888 1690 ex
909 1650 1117 1699 urgentibus‘

353 1717 383 1744 et
404 1711 592 1744 necessariis
607 1711 796 1744 eorumdem
811 1710 1052 1743 communitatis
1068 1714 1100 1742 ct
1116 1716 1119 1751 ι

353 1764 522 1797 hominum
543 1763 799 1804 necessitatibus,
826 1763 921 1796 etiam
954 1772 1014 1806 pro
1044 1762 1100 1794 ali-

353 1827 418 1860 quo
439 1816 567 1850 Pietatis
584 1817 688 1849 Monte
709 1816 747 1849 ad
763 1825 941 1859 pauperum
964 1815 1100 1847 subven-

355 1870 488 1910 tionem,
513 1871 561 1902 x-el
579 1871 649 1902 loco
673 1869 726 1912 pio
743 1879 800 1902 seu
825 1868 876 1912 pia
897 1879 1003 1906 causa,
1024 1868 1099 1900 dum

356 1923 509 1956 collectae
529 1923 577 1955 vel
597 1922 658 1955 alia
677 1922 775 1955 huius
793 1921 921 1964 generis
934 1921 1102 1954 oneraim-

356 1982 533 2020 ponuntur,
547 1975 633 2008 iuxta
642 1975 897 2008 distributionem
911 1985 969 2018 per
985 1975 1102 2007 dictam

358 2029 624 2062 communitatem
636 2034 666 2061 et
678 2029 827 2061 homines
845 2028 961 2060 factam
981 2038 1036 2060 seu
1056 2028 1102 2060 sa-

359 2082 523 2121 ciendam,
543 2081 725 2115 faciendum
745 2086 775 2114 et
790 2080 980 2114 servandum
999 2080 1105 2113 existi-

917 271 1094 298 BULLAMUM
1117 269 1267 294 ROMANIVM

1123 322 1170 354 vel
1196 321 1393 364 ignoranter,
1423 317 1592 361 contigerit
1624 316 1784 358 attentari,
1811 316 1867 350 de-

1124 374 1287 407 cernimus
1302 371 1430 404 irritum
1451 377 1481 404 et
1499 371 1605 404 inane.

1167 427 1182 469 g
1202 424 1232 458 8.
1255 425 1385 458 Necnon
1409 423 1574 467 prioribus
1602 422 1706 455 dictae
1735 421 1869 454 civitatis

1125 490 1182 523 pro
1212 485 1357 521 tempore
1386 476 1595 509 existentibus
1619 486 1655 508 ac
1684 475 1869 518 praedictae

1126 530 1366 570 communitati,
1388 530 1475 573 quod
1494 529 1579 562 hona
1597 527 1795 568 huiusmodi,
1809 537 1870 571 pro

1125 584 1242 629 quibus
1261 583 1405 617 decimae
1421 592 1484 615 non
1501 582 1677 621 solvuntur,
1689 580 1873 614 describere

1126 645 1157 671 et
1177 642 1370 670 aecatastare
1391 646 1447 668 seu
1468 635 1630 674 allibrare,
1655 644 1784 667 necnon
1807 633 1873 666 ele-

1127 691 1211 724 ricos
1231 690 1413 723 saeculares
1436 699 1472 721 ac
1498 687 1637 721 cuiusvis
1670 687 1797 720 Ordinis
1826 697 1875 719 re-

1128 744 1267 785 gulares,
1297 753 1333 775 ac
1368 741 1463 775 etiam
1484 741 1578 774 Tertii
1600 740 1738 781 Ordinis,
1761 741 1875 774 fratres

1128 797 1300 830 Tertiarios
1320 801 1536 839 nuncupatos,
1552 795 1669 827 milites
1681 795 1873 828 Sanctorum

1128 849 1211 883 Petri
1230 855 1261 882 et
1280 847 1685 888 PauliLauretanensium,
1707 847 1813 881 Sancti
1828 847 1875 880 Ia-

1128 901 1200 935 cobi
1209 902 1248 935 de
1256 901 1387 945 spatha,
1398 907 1426 934 et
1438 901 1510 934 Pios
1520 901 1566 933 vel
1578 900 1641 933 alio
1652 900 1784 933 nomine
1792 910 1876 932 nun*

1129 962 1264 999 cupatos
1283 965 1339 987 seu
1355 953 1581 992 nominandos,
1600 953 1751 993 curiales,
1770 953 1876 986 serena

1129 1019 1190 1048 seS‚
1212 1014 1381 1041 extraneos
1400 1012 1431 1040 et
1450 1006 1528 1039 alias
1547 1016 1701 1049 personas
1720 1016 1756 1038 ac
1775 1006 1877 1039 eccle-

1131 1061 1204 1102 sias,
1227 1060 1422 1094 monasteria
1442 1066 1473 1093 et
1492 1059 1553 1092 alia
1573 1060 1627 1102 pia
1646 1058 1787 1102 praefata
1805 1059 1878 1092 loca

1131 1124 1191 1158 pro
1210 1114 1355 1157 ipsorum
1375 1119 1455 1153 rata,
1477 1113 1518 1145 ad
1538 1110 1673 1146 oneru'm
1694 1112 1878 1155 praedicto-·

1131 1177 1204 1199 rum
1223 1167 1415 1199 solutionem
1433 1166 1521 1199 iuxta
1536 1164 1808 1204 distributionem,
1823 1174 1876 1197 or-·

1133 1220 1241 1253 dinem
1261 1225 1294 1253 et
1312 1220 1444 1253 modum
1473 1229 1532 1263 per
1558 1218 1660 1251 dictos
1678 1217 1802 1262 priores
1820 1228 1879 1252 seu

1133 1273 1397 1306 communitatem
1423 1278 1456 1307 ,et
1475 1272 1624 1305 homines
1649 1272 1764 1304 factam
1785 1276 1816 1304 et
1835 1272 1879 1304 saa

1133 1326 1293 1366 ciendam,
1324 1326 1555 1359 moderandam
1589 1330 1620 1367 et
1647 1324 1877 1368 ampliandam,

1134 1380 1227 1413 toties
1246 1379 1373 1423 quoties
1392 1390 1474 1423 opus
1494 1378 1725 1420 suerincogere
1745 1382 1776 1410 et
1790 1387 1879 1410 com-

1134 1433 1255 1477 pellere
1274 1433 1376 1466 libere
1395 1438 1426 1465 et
1444 1432 1531 1465 licite
1550 1432 1686 1472 valeant,
1708 1431 1836 1474 plenam
1849 1436 1882 1464 et

1134 1486 1280 1526 liberam,
1318 1483 1512 1519 auctoritate
1545 1484 1732 1528 apostolica,
1768 1488 1882 1517 tenore

1135 1538 1365 1584 praesentium,
1385 1538 1595 1572 concedimus
1632 1537 1816 1570 facultatem
1850 1542 1883 1569 et

1136 1598 1339 1636 potestatem.

1181 1646 1246 1689 gl).
1279 1645 1463 1679 Mandantes
1482 1645 1600 1678 dilecto
1623 1639 1690 1677 filio
1725 1643 1882 1677 moderno

1138 1705 1168 1732 et
1176 1710 1235 1742 pro
1250 1704 1396 1742 tempore
1406 1698 1552 1731 existenti
1572 1698 1678 1740 legato
1697 1696 1882 1741 provinciae

1138 1758 1265 1785 nostrae
1286 1751 1449 1791 Umbriae,
1487 1751 1622 1794 eiusque
1653 1750 1828 1793 x‘icelegato
1853 1755 1884 1782 et

1139 1804 1358 1849 gubernatori,
1381 1814 1509 1837 necnon
1528 1804 1560 1837 Sa
1582 1803 1618 1837 R.
1640 1803 1677 1837 E.
1695 1802 1884 1843 camerario,

1140 1858 1395 1903 praesidentibus
1429 1857 1554 1891 clericis
1589 1857 1692 1890 dictae
1719 1856 1885 1896 Gamerae,

1141 1911 1341 1945 thesaurario
1375 1916 1406 1944 et
1437 1910 1651 1948 auditoribus,
1682 1909 1887 1952 generalibus

1140 1964 1277 2006 vicariis,
1300 1964 1511 2008 potestatibus
1535 1963 1712 2004 ceterisque
1744 1961 1888 1995 officiali·

1142 2018 1202 2050 bus
1222 2023 1253 2050 et
1272 2016 1425 2049 ministris
1445 2016 1587 2049 eiusdem
1604 2015 1797 2059 provinciae,
1808 2026 1889 2060 qua-

1145 2077 1248 2111 tcnus,
1271 2080 1329 2113 per
1352 2080 1386 2102 se
1404 2069 1454 2102 vel
1478 2069 1576 2102 alium
1598 2080 1652 2102 scu
1675 2069 1755 2102 alios
1774 2076 1888 2102 eorum

359 2146 484 2168 mamus
496 2146 531 2168 ac
543 2135 676 2168 omnino
695 2134 843 2167 volumus
859 2138 890 2166 et
901 2133 1101 2166 mandamus.
1143 2123 1274 2156 nomine
1294 2122 1463 2166 deputatos
1486 2122 1535 2155 *el
1568 2121 1782 2165 dsslfflfflndOSs
1804 2121 1891 2165 Pl'io·

375 2188 419 2231 [ξ
440 2188 471 2221 7.
498 2188 615 2231 Sicque
643 2198 701 2231 per
732 2193 955 2230 quoscumque
981 2186 1105 2218 iudices
1145 2175 1233 2209 ribus
1252 2181 1283 2208 et
1302 2174 1525 2207 communitati
1544 2179 1574 2207 et
1595 2174 1780 2207 bominibus
1796 2185 1891 2218 prae-

361 2236 540 2270 ordinarios
561 2243 591 2269 et
624 2237 784 2278 delegatos
803 2240 835 2268 et
854 2234 1102 2274 commissarios,
1145 2227 1237 2261 dictis
1257 2227 1289 2259 in
1313 2226 1497 2270 praemissis
1527 2227 1666 2260 efficacis
1696 2227 1891 2260 defensionis

363 2285 458 2318 etiam
480 2286 511 2318 S.
545 2285 581 2317 R.
608 2285 642 2317 E.
666 2283 844 2317 cardinales
872 2294 909 2315 ac
934 2293 1104 2315 causarum

364 2334 473 2366 Palatii
499 2333 673 2376 Apostoliei
698 2332 862 2365 auditores
882 2337 910 2364 ct
932 2331 1011 2363 alios
1030 2341 1125 2373 qua-¹

364 2381 408 2413 vis
431 2381 620 2414 auctoritate
653 2382 834 2422 fungentes,
856 2379 980 2412 sublata
1000 2378 1045 2411 eis
1077 2383 1108 2411 et

365 2440 477 2461 eorum
498 2429 630 2461 cuilibet
648 2428 759 2471 quavis
777 2427 870 2461 aliter
894 2427 1057 2460 iudicantli
1077 2431 1108 2459 et

366 2477 595 2519 interpretandi
617 2477 766 2509 facultate
787 2482 817 2509 et
837 2475 1039 2515 auctoritate,
1061 2474 1108 2507 iu-

365 2525 463 2556 dicari
485 2531 514 2557 et
529 2525 659 2557 diffiniri
677 2525 807 2566 debere,
821 2523 845 2558 si
855 2535 946 2558 secus
955 2534 1052 2567 super
1061 2522 1109 2555 bis

367 2584 383 2605 a
404 2583 579 2615 quoquam,
601 2574 710 2616 quavis
734 2574 936 2614 auctoritate,
971 2571 1110 2605 scienter

403 2646 414 2671 1
431 2643 508 2671 Adde
528 2644 672 2671 tollendum
690 2650 718 2678 tu
743 2644 792 2678 T.).

1146 2280 1306 2324 pracsidio
1335 2280 1531 2320 assistentes,
1563 2279 1713 2313 omnibus
1751 2280 1830 2314 iuris
1861 2286 1893 2313 et

1146 2334 1220 2366 sacti
1241 2333 1392 2366 remediis
1405 2333 1506 2375 magis
1521 2333 1724 2376 opportunis,
1743 2343 1779 2366 ac
1797 2332 1891 2366 ctiam

1147 2397 1245 2419 manu
1266 2386 1365 2428 regia,
1388 2386 1475 2419 omni
1496 2396 1585 2418 mora
1618 2391 1649 2418 et
1676 2385 1894 2430 appellatione
1939 2409 1942 2412 Δ

1148 2451 1184 2472 ac
1201 2439 1540 2483 exceptioncremotis,
1552 2438 1679 2478 saciant,
1695 2438 1892 2482 praecipiant

1148 2494 1179 2521 ct
1198 2489 1353 2521 mandent.
1381 2487 1556 2531 praemissa
1584 2487 1691 2521 omnia
1719 2492 1748 2519 et
1767 2487 1893 2529 singula

1149 2537 1284 2569 firmiter
1293 2542 1323 2569 et
1333 2536 1556 2569 iuviolabiliter
1565 2535 1723 2569 observari
1729 2546 1737 2575 ;
1749 2546 1784 2568 ac
1801 2546 1893 2578 prae-

1150 2585 1293 2618 sentibus
1316 2584 1431 2617 litteris
1449 2595 1508 2627 per
1526 2594 1745 2627 quascumque
1769 2591 1895 2617 nostras

1150 2639 1181 2666 et
1204 2643 1485 2678 quorumcumque
1513 2642 1736 2666 successorum
1766 2639 1893 2666 nostro·
