2059 3228
48 231 138 266 ,⁴⁵79
761 237 935 260 annotinus
959 237 1011 261 xm
1037 237 1082 261 rr.
1575 233 1638 267 ⁶275

940 289 1003 321 vitii
1029 289 1284 324 Rci'ortnatoruiu
1312 299 1493 336 praesentes
1517 300 1545 327 et
1582 295 1679 327 futuri

938 352 1057 375 annum
1079 344 1267 378 continuum
1294 345 1375 379 inter
1400 347 1500 380 dictos
1520 348 1696 381 {informa-⁶

938 399 985 425 tos
1018 401 1110 437 agant
1127 423 1134 435 ,
1166 397 1204 429 ad
1238 398 1480 432 deliberandum
1524 412 1564 433 :iu
1599 401 1683 434 inter

937 446 1136 481 Reformatos
1156 451 1336 492 praedirtos
1357 463 1544 495 permanere
1572 454 1679 494 velint⁷

912 485 916 548 l
934 510 951 531 a
972 500 1022 533 die
1045 501 1206 543 ingressus
1227 502 1257 534 in
1279 506 1439 537 custodias
1460 517 1514 538 seu
1537 507 1605 539 loca
1623 507 1681 540 Re-

98 566 103 571 -
145 559 218 584 rum
242 549 274 583 S.
304 550 464 584 Francisci
486 552 524 585 de
545 552 695 585 strictiori
721 551 894 585 Observan-
912 551 913 560 ’
934 552 1163 594 formatorum
1191 554 1215 587 si
1240 566 1314 588 vero
1336 557 1366 588 in
1393 559 1510 591 tiunilia
1545 560 1679 592 l'ratrum

144 601 200 643 tia,
220 601 481 636 Reformatorum
497 611 759 648 nuncupatorum
773 606 822 647 <ut
837 605 891 648 qui
911 575 916 648 i
933 605 971 637 de
1008 606 1213 640 Observantia
1242 610 1470 652 profession-:ni
1502 613 1676 652 emiserint,

142 655 297 699 Regulam
318 656 421 700 ipsam
441 657 527 690 Beati
559 657 708 690 Francisc
750 668 830 700 pure
863 663 892 690 et
910 650 914 695 Ι
932 664 963 690 et
979 659 1018 691 ad
1039 660 1238 693 Reformatos
1254 662 1292 694 de
1307 663 1455 695 strictiori
1473 666 1679 698 observantia

195 285 211 329 ἓ
229 286 260 319 1.
283 286 377 327 Sane,
400 286 476 320 licet
495 287 573 320 alias
593 298 650 332 per
670 287 772 321 felicis
793 299 898 322 recor-

49 345 87 363 ···
99 338 136 392 {¹¹
151 338 289 372 dationis
307 338 504 373 Clementem
525 340 587 380 Vll,
617 341 896 384 praedecessorem

51 377 137 428 wuni-
150 395 307 431 nostrum,
331 392 434 424 multa
454 393 492 425 ad
513 393 658 435 quietum
684 399 712 426 et
740 394 897 436 tranquil-

49 431 135 484 ,Τᾟζῖ
148 443 212 478 lum
235 449 355 477 statum
376 445 569 488 pertinentia
589 446 780 479 dilectorum
811 446 895 479 silio-

47 492 135 546 ffm'
147 507 218 530 rum
244 497 463 541 professorum
485 498 614 532 Ordinis
634 500 768 532 fratrum
794 499 894 532 Mino-

37 1700 74 1752 Ξ·

141 708 248 752 plene,
277 708 365 742 iuxta
390 709 478 743 illius
510 710 661 750 litteram,
689 720 720 743 et
747 710 890 743 declara-

141 761 245 796 tiones
263 761 387 795 Nicolai
408 763 494 796 tertii
518 774 555 796 ac
574 762 744 796 Clementis
768 764 803 802 V,
830 764 891 796 no-

139 824 313 847 manorum
327 815 520 848 Pontificum
535 816 819 858 praedecessorum
834 827 890 848 no-

139 871 299 908 strorum,
321 873 357 900 ut
375 867 440 901 veri
460 868 620 901 Francisci
641 868 699 900 filii
717 874 748 901 et
766 869 888 901 alumni

138 919 316 953 observare
352 921 572 963 contendant),
595 921 678 954 edita
711 927 739 954 et
772 927 909 957 statuta!

137 972 269 1014 fuerint,
298 978 333 1006 ut
357 973 391 1006 in
411 973 526 1006 litteris
543 974 715 1007 Clementis
740 974 801 1015 vll,
828 974 907 1007 sub'

135 1025 251 1059 Datum
271 1026 390 1060 Romae
407 1027 493 1070 apud
519 1026 550 1060 S.
577 1027 726 1068 Petrum,
754 1037 805 1060 ΧΠ
830 1028 886 1060 ka-

135 1079 247 1112 lendas
269 1079 462 1120 decembris,
484 1080 691 1123 pontificatus
718 1080 768 1113 sui
802 1091 886 1114 anno

135 1142 234 1173 nono,
255 1132 353 1166 latius
377 1133 573 1166 continetur.

182 1186 197 1229 ᾖ
216 1185 248 1219 2.
270 1185 488 1219 Nihilominus
511 1186 641 1229 quidam
661 1197 698 1219 ex
722 1186 886 1219 Reforma-

41 1240 125 1294 ,ϋῶἱθξ
134 1238 174 1273 tis
195 1238 388 1283 supradietis
407 1239 502 1272 nobis
517 1239 704 1272 detulerunt
715 1239 884 1283 quodipsis

56 1302 123 1336 μοι..
135 1292 326 1326 Reformatis
367 1293 576 1337 quamplures
625 1293 884 1336 perturbationes

135 1345 318 1389 damnaque
342 1356 407 1379 non
427 1345 606 1378 mediocria
626 1356 643 1378 a
668 1345 794 1378 dilectis
810 1345 883 1378 siliis

65 1425 69 1432 .
112 1430 115 1432 ,
133 1397 285 1432 fratribus
304 1399 481 1432 Minoribus
501 1399 540 1432 de
569 1398 775 1432 Observantia
799 1409 882 1432 nun-

133 1450 258 1495 cupatis
271 1479 278 1490 ,
318 1452 379 1485 sub
414 1452 606 1495 quibusdam
641 1452 858 1496 praetextibus
870 1479 877 1492 ,

133 1504 229 1538 etiam
250 1510 362 1538 contra
376 1505 535 1538 dictarum
546 1506 727 1538 litterarum
736 1504 882 1538 Clemen-

133 1557 173 1590 tis
191 1558 243 1590 Vll
267 1558 415 1598 sormam,
438 1544 670 1592 inferebanstnx

177 1611 193 1654 ἓ
212 1609 244 1643 3.
266 1611 446 1654 Nosigitur‚
462 1612 650 1645 eorumdem
666 1613 800 1644 fratrum
817 1612 879 1644 Re-

45 1661 120 1685 ·'1'⁰··
133 1663 346 1697 formatorum
369 1671 633 1708 nuncupatorum
657 1665 758 1708 quieti
778 1670 809 1698 et
828 1665 878 1697 in-

75 1716 311 1758 cia-demnitati,
333 1717 544 1760 eiusdemque
568 1717 694 1751 Ordinis
714 1719 877 1762 prosperi-

127 1769 185 1804 tati
204 1781 242 1803 ac
265 1770 491 1814 propagationi
521 1771 690 1804 consulere.
719 1772 875 1811 volentes,

127 1823 366 1857 venerabilibus
389 1817 541 1856 fratribus
578 1823 693 1857 nostris
720 1824 751 1858 S.
780 1825 816 1857 R.
838 1825 874 1858 E.

129 1875 346 1910 cardinalibus
377 1886 475 1920 super
511 1877 616 1910 causis
649 1878 875 1922 episcoporum

128 1933 161 1962 et
197 1929 397 1972 regularium
433 1929 595 1973 deputatis
636 1936 732 1974 atque
779 1932 876 1965 etiam

128 1980 273 2014 eiusdem
287 1981 416 2015 Ordinis
432 1983 588 2026 praedicti
606 1984 782 2027 protectori
798 1990 875 2018 'cau-

127 2044 196 2067 sam
213 2035 400 2068 huiusmodi
420 2036 615 2069 audiendam
630 2043 662 2071 et
675 2045 873 2079 cognoscen-

127 2087 201 2120 dam
211 2088 441 2121 commisimus.
451 2090 523 2130 Qui,
532 2100 566 2122 re
575 2095 700 2123 mature
716 2091 872 2133 discussa,

127 2149 268 2180 necnon,
292 2151 431 2184 quarum
464 2141 597 2175 interest
631 2149 685 2175 aut
705 2143 869 2183 intererat,

105 2185 273 2236 'partibus
313 2193 444 2235 auditis,
485 2195 665 2239 litterisque
702 2196 873 2230 Clementis

127 2245 256 2289 septimi
297 2247 453 2289 praedicti
500 2248 596 2291 plene
649 2249 869 2289 consideratis,

126 2298 220 2331 nobis
256 2299 436 2332 retulerunt
481 2311 563 2343 quae
608 2302 872 2335 reformationem

125 2350 312 2385 huiusmodi
336 2351 436 2394 magis
461 2363 614 2397 prospere
642 2355 782 2397 dirigere
808 2356 872 2388 risa

126 2410 211 2437 sunt.
237 2405 354 2443 Quare,
382 2405 420 2437 de
440 2406 628 2439 eorumdem
659 2408 870 2441 cardinalium

127 2453 274 2494 consilio,
310 2453 426 2486 litteris
449 2453 620 2487 Clementis
640 2456 765 2498 septimi
780 2467 873 2499 prae-

127 2499 202 2533 dicti
221 2501 368 2534 addenda
391 2502 549 2544 quaedam
574 2502 784 2537 decrevimus.

171 2549 187 2592 ὅ
205 2549 236 2582 4.
258 2550 367 2593 ltaque
386 2551 535 2583 volumus
559 2557 591 2584 et
617 2552 793 2595 apostolica
812 2563 870 2586 au-

127 2598 274 2632 ctoritate
297 2599 469 2633 statuimus
488 2605 518 2633 et
538 2599 725 2634 ordinamus
748 2606 784 2634 ut
810 2612 870 2635 no-

932 712 1116 746 transierint
1134 714 1182 746 vel
1202 713 1233 746 in
1254 714 1398 747 futurum
1417 718 1550 750 transire
1568 719 1677 751 roluc-

931 765 1007 805 rint,
1031 765 1170 798 habeant
1190 766 1299 799 itidem
1318 778 1437 801 annum
1459 771 1645 803 continuum
1659 782 1676 804 a

930 817 981 849 die
1000 817 1164 861 ingressus
1188 819 1226 852 ad
1248 820 1490 854 deliberandum
1511 835 1548 855 an
1571 835 1675 857 rema-

928 880 1005 903 nere
1020 871 1051 903 in
1062 871 1121 904 hac
1128 873 1280 905 strictiori
1290 873 1494 908 Observantia
1504 877 1671 910 voluerint.

972 923 1028 966 ἓῖ).
1048 925 1119 958 Post
1132 927 1350 969 praesentium
1368 934 1475 961 autem
1491 936 1672 963 nostrarum

1691 1017 1701 1029 ἴ]

929 1035 1008 1069 tum,
1021 1030 1223 1064 declaramus
1234 1033 1404 1075 przedictos
1417 1036 1575 1076 professos
1587 1042 1673 1068 extra

926 1082 1126 1117 Reformatos
1148 1084 1259 1118 haberi
1280 1091 1315 1118 ut
1334 1087 1494 1130 professos
1518 1088 1601 1121 inter
1616 1101 1672 1121 cu-

926 1136 1044 1169 stodias
1063 1137 1334 1178 Reformatorum‚
1371 1151 1430 1173 nee
1463 1141 1560 1183 ipsos,
1592 1142 1673 1175 sicut

925 1198 984 1220 nec
997 1189 1076 1222 alios
1089 1189 1171 1222 inter
1186 1191 1313 1224 easdem
1326 1193 1487 1225 custodias
1498 1195 1669 1236 professos,

924 1241 963 1273 ab
983 1241 1034 1282 iis,
1056 1241 1123 1275 sine
1140 1243 1271 1286 speciali
1291 1245 1494 1288 Apostolicae
1514 1246 1604 1280 Sedis
1635 1248 1672 1280 li-

924 1295 1041 1333 centia,
1073 1296 1225 1329 recedere
1257 1308 1360 1340 posse,
1393 1298 1461 1331 sine
1494 1300 1672 1342 apostasiae

924 1352 1010 1379 nota.
1038 1347 1107 1386 Quo
1127 1348 1223 1381 etiam
1248 1360 1332 1382 anno
1362 1357 1504 1394 peraeto,
1527 1357 1591 1384 tam
1611 1363 1670 1385 no-

923 1399 1015 1432 vitios
1028 1400 1060 1432 in
1072 1402 1226 1434 custodiis
1236 1413 1382 1446 expresse
1392 1405 1564 1447 professos,
1574 1417 1668 1448 quam

922 1453 1083 1495 professos
1109 1454 1141 1486 in
1167 1454 1300 1496 familia,
1323 1462 1353 1489 et
1373 1457 1405 1489 in
1435 1458 1587 1491 custodiis
1611 1470 1668 1491 an-

920 1516 998 1538 num
1019 1507 1210 1539 continuum
1231 1514 1373 1550 agentes,
1394 1510 1541 1542 volumus
1560 1511 1668 1555 adpu-

920 1569 988 1590 ram
1009 1564 1038 1591 et
1058 1560 1186 1602 plenam
1207 1561 1347 1603 Regulae
1372 1563 1477 1596 Sancti
1508 1564 1667 1598 Francisci

919 1611 1165 1652 observantiam,
1186 1613 1272 1646 iuxta
1293 1615 1550 1658 ipsiuslitteram‚
1564 1628 1600 1650 ac
1616 1618 1669 1650 Ni-

919 1665 1001 1697 colai
1026 1665 1112 1698 tertii
1138 1671 1168 1698 et
1187 1665 1360 1701 Clementis
1390 1669 1424 1709 V,
1447 1669 1666 1702 Romanorum

919 1718 1123 1759 Pontificum,
1156 1719 1399 1761 declarationes,
1435 1728 1463 1754 et
1496 1722 1666 1756 Clementis

918 1771 1046 1814 septimi
1075 1772 1197 1805 litteras
1232 1773 1424 1816 praedictas,
1457 1776 1570 1815 teneri,
1607 1786 1667 1808 nec

918 1822 956 1855 ab
987 1834 1023 1856 ea
1056 1824 1379 1869 Resorniatorumque
1414 1827 1557 1871 ipsorum
1587 1828 1665 1860 obe-

918 1876 1039 1909 dientia
1058 1878 1220 1917 recedere,
1247 1879 1417 1922 minusque
1438 1891 1455 1912 a
1475 1880 1666 1913 Reformatis

917 1929 993 1972 ipsis
1017 1931 1133 1973 expelli
1161 1932 1295 1971 valeant,
1320 1933 1380 1964 nisi
1414 1933 1663 1975 incorrigibiles,

917 1982 1003 2015 iuxta
1031 1983 1161 2025 antiqua
1191 1994 1301 2016 eorum
1332 1985 1474 2017 instituta
1508 1986 1663 2018 hactenus

917 2035 1094 2077 observata,
1128 2042 1159 2070 et
1187 2038 1247 2070 nisi
1279 2038 1332 2079 qui
1367 2038 1406 2070 ad
1440 2037 1662 2081 Cappuccinos

915 2090 1103 2122 transeundi
1136 2090 1299 2123 licentiam
1335 2090 1366 2123 in
1400 2092 1537 2134 scriptis,
1575 2092 1662 2124 iuxta

914 2142 1004 2174 Pauli
1025 2143 1062 2175 Ill
1082 2148 1112 2175 et
1129 2143 1199 2175 Iulii
1221 2143 1305 2176 tertii
1330 2144 1462 2183 litteras,
1490 2154 1507 2176 a
1527 2145 1662 2188 proprio

915 2197 1047 2228 custode
1069 2197 1277 2229 obtinuerint.

958 2249 971 2291 ξ
1002 2250 1032 2282 6.
1060 2249 1207 2282 Liberum
1240 2260 1314 2282 vero
1335 2249 1373 2281 sit
1392 2249 1495 2282 eidem
1521 2251 1794 2297 eustodi,mfi¹³‡*⁰ffi÷

912 2302 1007 2334 etiam
1028 2302 1118 2334 nullo
1138 2302 1276 2334 ministri
1296 2303 1502 2345 provincialis
1514 2304 1561 2336 vel
1578 2304 1657 2337 alio·
1667 2334 1691 2351 s.

1688 2337 1715 2350 ἹΗ
1722 2340 1728 2351 ι

1691 2361 1785 2380 frantia.

913 2365 984 2386 rum
1010 2365 1142 2387 suorum
1163 2355 1379 2397 praelatorum
1408 2355 1516 2389 habito
1535 2357 1583 2388 rel
1605 2367 1688 2389 re·

912 2407 1030 2448 quisito
1050 2417 1207 2439 consensu
1242 2408 1290 2439 vel
1329 2408 1471 2448 licentia,
1504 2410 1656 2451 nulloque

913 2466 985 2487 cum
1006 2455 1117 2488 iisdem
1129 2456 1225 2488 verbo
1244 2456 1340 2495 sacto,
1352 2466 1411 2499 per
1430 2467 1462 2489 se
1479 2458 1529 2490 vel
1541 2458 1653 2498 alium,

911 2503 997 2536 iuxta
1027 2504 1203 2536 Tridentini
1233 2504 1362 2537 concilii
1394 2505 1542 2543 formam,
1560 2512 1655 2550 atque

911 2551 1038 2584 Ordinis
1058 2553 1335 2593 consuetudinem,
1360 2553 1496 2586 novitios
1528 2565 1654 2589 necnon

911 2607 942 2633 et
964 2601 1079 2634 fratres
1097 2600 1221 2634 Ordinis
1241 2602 1396 2645 praedicti
1417 2603 1456 2636 de
1476 2602 1655 2638 Observan-

1690 236 1738 260 An.
1752 235 1778 260 tl.
1806 236 1870 261 1:572»

1741 294 1801 313 Circa
1817 300 1854 312 nm
1862 296 1877 313 l·-

1688 321 1767 339 tiorum
1795 322 1877 345 proseu-

1707 353 1768 366 (luem
1775 364 1778 368 i

1706 958 1784 976 Eorum
1801 963 1872 978 rece..

927 976 1180 1019 publicationem
1201 984 1231 1011 et
1251 979 1371 1012 dictum
1392 991 1514 1014 anuum
1534 984 1731 1030 comple-2⁰¹⁰.
1752 987 1799 1008 ΡΝ
1823 991 1873 1010 1³10-

1704 1017 1805 1031 §Sionem-

1813 2259 1862 2273 Bm-

1728 2285 1740 2297 u
1752 2280 1861 2303 reaptan-

1769 2307 1813 2325 itils
1837 2310 1860 2327 EG

1733 2338 1770 2351 nus
1780 2334 1806 2351 de
1816 2332 1859 2353 Ob-
