2059 3228
35 221 66 246 Ι.
79 214 108 244 C.
130 215 194 243 ¹587

207 275 295 300 anno
323 266 556 299 incarnationis
575 266 757 300 dominicae
785 266 956 300 millesimo

208 319 470 363 quingentesimo
493 319 711 362 octuagesimo
739 319 885 363 septimo,
899 330 956 352 un-

208 371 337 405 decimo
371 372 521 405 kalendas
555 372 721 411 februarii,
751 372 955 416 pontificatus

208 425 308 458 nostri
330 435 416 458 anno
434 435 481 458 ιιι.

206 503 393 549 Sequuntur
422 506 507 538 aliae
531 505 762 539 declarationes
786 506 889 539 editae
921 506 957 537 in

219 559 408 591 consistorio
419 569 448 591 xt
464 559 546 591 maii
559 568 737 597 nintxxxvn,
751 559 836 591 circa
850 559 948 592 dubia

296 612 331 643 in
356 611 657 654 conqreyationibus
681 611 869 644 evenientia.

252 690 477 724 Sanctissimus
491 691 645 724 Dominus
659 690 771 724 Noster
786 696 957 733 postquam

26 745 194 798 “ssffiffiffg
208 743 375 786 deputavit
396 754 509 777 omnes
539 743 719 777 cardinales
738 753 837 787 super
855 743 958 776 diver-

51 783 62 804 ι
209 795 252 829 sis
271 797 589 839 congregationibus,
612 801 648 829 ut
670 796 787 829 vellent
821 795 882 828 illis
909 796 958 828 in-

208 849 375 887 cumbere,
406 854 438 882 et
471 849 621 893 expedire
655 848 789 891 negocia
812 859 894 892 quae
915 848 958 881 ibi

209 901 377 936 tractanda
407 908 514 942 erunt,
542 907 577 935 ut
596 906 626 935 et
646 901 714 945 ipse
733 901 958 935 Sanctissimus

209 966 229 988 a
247 955 414 989 laboribus
441 955 638 994 sublevetur,
670 960 701 988 et
729 959 835 998 partes
863 954 958 988 citius

209 1008 435 1052 expediantur:

254 1063 270 1105 ἓ
291 1061 322 1094 Ἰ.
343 1061 382 1094 Et
393 1072 434 1095 ne
454 1061 486 1094 in
505 1060 651 1094 futurum
677 1060 815 1094 dubitari
836 1061 958 1094 contin-

39 1125 122 1147 Αιιοιιο
135 1120 264 1158 auti-gat
288 1125 386 1159 super
417 1114 580 1158 aliquibus
610 1114 728 1154 dubiis,
762 1124 844 1157 quae
880 1114 957 1147 oriri

25 1157 197 1210 22:2¹2&ssss
211 1174 349 1213 possunt
371 1178 470 1212 super
494 1168 698 1201 facultatibus
718 1166 794 1211 ipsis
822 1177 957 1210 congre-

64 1219 394 1265 ⁸³'⁶¹‘¹⁵'²²¹¹·gationihus
417 1221 509 1260 datis,
532 1221 603 1254 ideo
623 1220 779 1254 Sanctitas
802 1220 865 1254 Sua
885 1220 958 1253 fecit

212 1274 357 1319 quinque
377 1274 597 1318 infrascriptas
616 1273 858 1307 declarationes.

256 1328 273 1372 ἓ
291 1327 323 1361 ’2.
344 1326 451 1361 Prima
471 1334 529 1367 est,
552 1327 638 1370 quod
650 1326 674 1359 si
686 1332 758 1359 ante
773 1327 956 1359 inchoatum

79 1388 199 1412 noel-utto
211 1380 368 1415 iudicium
385 1392 494 1415 coram
506 1380 615 1423 aliquo
632 1380 749 1418 iudice,
764 1390 836 1423 pars
849 1390 956 1412 coram

31 1420 89 1447 '¹⁸⁸⁵
213 1434 462 1478 congregatione
478 1439 644 1474 conventa,
662 1433 805 1467 renuerit
821 1433 851 1465 in
870 1433 956 1465 illam

213 1488 408 1529 consentire,
431 1493 461 1521 et
480 1488 618 1520 noluerit
638 1497 765 1520 causam
781 1497 798 1518 a
822 1496 956 1528 congre-

211 1540 342 1584 gatione
355 1541 537 1580 terminari,
559 1546 635 1573 tunc
657 1540 695 1573 ad
717 1539 854 1572 iudicem
872 1548 958 1571 com-

207 1599 375 1639 petentem
398 1596 589 1628 remittatur.

257 1648 275 1691 5
295 1647 327 1682 3.
345 1647 492 1681 Secunda
512 1653 569 1686 est,
584 1647 670 1690 quod
691 1646 715 1678 si
729 1656 836 1678 coram
849 1645 958 1688 aliquo

56 1703 198 1756 ,ἒξ-ἥψω
213 1701 322 1735 iudice
338 1701 525 1735 inchoatum
551 1700 643 1733 suerit
667 1699 835 1736 iudicium,
857 1704 888 1731 et
907 1698 958 1730 de-

114 1751 120 1761 ’
213 1754 289 1788 inde
322 1760 430 1799 partes
463 1753 639 1787 concordes
677 1752 957 1795 congregationem

213 1807 383 1847 adiverim,
410 1813 487 1840 tunc
517 1807 722 1849 congregatio
747 1815 872 1837 causam
903 1804 957 1836 de-

214 1861 310 1902 cidat,
335 1865 366 1894 et
391 1867 462 1894 acta
485 1861 524 1894 ad
554 1871 586 1893 se
620 1859 826 1902 transportari
853 1857 955 1889 saciat.

256 1914 273 1957 5
294 1913 328 1947 4.
354 1914 461 1948 Tertia
479 1919 538 1954 est,
559 1912 644 1957 quod
677 1912 702 1944 si
722 1921 818 1944 causa
850 1920 957 1942 coram

64 1970 200 2007 ,θεοῖ-Μὴ
214 1967 463 2010 congregatione
474 1972 586 2010 coepta
607 1965 714 2004 suerit,
736 1971 764 1997 et
782 1963 960 1996 deindeali-

43 2005 95 2034 ’μη
214 2020 302 2064 quod
320 2029 488 2063 emergens
507 2018 738 2063 supervenerit,
752 2023 828 2049 tunc
842 2016 959 2048 nedum

215 2072 272 2106 illa
288 2083 385 2106 causa
398 2079 524 2116 coepta,
534 2081 644 2105 verum
657 2070 752 2104 etiam
768 2069 845 2101 illud
856 2079 959 2102 emer-

217 2136 296 2170 gens
315 2136 334 2159 a
353 2126 602 2169 congregatione
622 2123 821 2167 expediatur.

262 2180 280 2223 §
306 2179 337 2213 5.
369 2180 498 2219 Quarta,
536 2177 622 2221 quod
646 2177 670 2209 si
703 2186 798 2209 causa
835 2176 865 2206 in
894 2174 962 2217 ipsa

85 2242 205 2264 vecturam·
219 2232 468 2275 congregatione
503 2231 611 2264 decisa
641 2229 783 2273 requirat
807 2234 841 2260 ut
866 2237 962 2270 super

36 2277 104 2301 ”¹²⁸²
219 2285 274 2318 iila
294 2285 481 2329 expediatur
494 2283 687 2328 supplicatio
698 2282 745 2314 vel
766 2282 871 2320 breve,
885 2286 961 2312 tunc

220 2385 404 2431 plicatione,
428 2386 475 2419 rcl
496 2386 529 2419 in
552 2385 622 2428 ipso
640 2384 746 2421 breve,
767 2382 821 2414 siat
841 2381 962 2413 mentio

220 2444 349 2467 causam
374 2435 413 2467 dc
436 2434 550 2467 ordine
574 2431 828 2475 congregationis
868 2429 963 2461 fuisse

221 2483 263 2516 ita
285 2482 499 2516 terminatam.

265 2531 280 2574 ξ
300 2532 331 2565 6.
354 2531 481 2571 Quinta,
507 2530 593 2574 quod
614 2529 638 2561 si
667 2527 762 2560 alicui
789 2536 963 2569 congrega-

89 2570 206 2592 ⁰‘⁰'²‘⁸¹¹⁰
223 2579 301 2614 tioni
336 2580 515 2615 occurrerit
552 2588 611 2623 pro
645 2576 743 2610 rebus
784 2574 823 2608 ad
863 2574 963 2618 ipfflffl

39 2603 102 2622 uini-i.

868 214 972 239 stxrus
991 214 1008 238 V
1028 214 1076 238 PP-

219 2337 360 2371 decrevit
378 2337 535 2375 Sanctitas.
552 2336 626 2376 Sua,
639 2335 723 2378 quod
750 2334 781 2366 in
802 2333 868 2376 ipsa
889 2344 964 2375 sup-

1630 204 1693 237 999

996 265 1277 309 congregationem
1302 265 1519 310 spectantibus
1531 264 1662 298 brachio
1675 275 1740 298 sac-

997 319 1098 351 culari
1122 319 1277 361 indigere,
1307 325 1384 352 tunc
1408 323 1595 352 recurratur
1624 319 1662 351 ad
1683 328 1742 361 gu-

996 371 1562 412 bernatorem,audstoremCamerae,
1574 371 1740 410 vicarium,

997 424 1060 457 sive
1084 425 1124 457 ad
1161 425 1259 457 alium
1285 425 1437 464 iudicem,
1467 424 1522 468 qui
1561 423 1741 467 praeceptis

997 478 1036 510 ab
1057 477 1126 521 ipsa
1157 478 1405 520 congregatione
1430 477 1519 510 sactis
1544 477 1674 510 obedire
1694 482 1740 509 tc-

999 536 1124 566 neatur.

1303 681 1428 714 CXVIII.

998 748 1182 782 Prohibttz'o
1206 748 1248 781 ad
1267 759 1361 781 arma
1392 758 1431 781 ex
1450 747 1610 790 quibusvis
1626 748 1740 786 causis,

1038 806 1167 846 praeter
1184 801 1236 834 hic
1245 805 1400 844 exceptas,
1414 805 1615 833 armatorum
1626 811 1741 833 manus

1043 859 1099 888 aut
1123 855 1304 888 cavalcatas
1335 854 1603 897 tzcmultuosctsqzae
1641 854 1742 885 laomi-

1040 918 1120 940 num
1151 908 1294 940 collectas
1326 907 1363 940 in
1390 906 1487 940 Statu
1519 907 1741 939 Ecclesiastico

1040 961 1256 1004 congyreqandi
1275 960 1301 992 1.

1062 1055 1156 1083 Sixtus
1173 1054 1324 1090 episcopus.
1345 1060 1442 1082 servus
1457 1060 1597 1082 servorum
1620 1054 1674 1085 Dei.

1149 1108 1183 1135 ad
1197 1109 1358 1143 perpetuam
1368 1108 1409 1135 rei
1418 1107 1586 1135 memoriam.

1041 1192 1121 1225 Dum
1151 1202 1208 1235 pro
1229 1191 1394 1225 communi
1423 1191 1519 1224 totius
1547 1190 1652 1233 gregis
1680 1190 1738 1223 do-

1000 1246 1107 1279 minici
1147 1245 1249 1278 salute
1266 1271 1274 1285 ,
1315 1244 1389 1277 fidei
1426 1249 1552 1277 nostrae
1591 1243 1739 1277 divinitus

998 1298 1124 1338 crediti,
1150 1298 1295 1331 sollicitis
1312 1297 1426 1331 studiis
1440 1296 1654 1341 invigilamus,
1669 1307 1739 1329 eam

997 1352 1087 1395 quasi
1102 1352 1299 1396 peculiarem
1310 1357 1340 1384 et
1360 1351 1514 1395 privatam
1530 1350 1738 1393 populorum,

998 1411 1106 1438 nostro
1136 1410 1166 1438 et
1189 1405 1219 1438 S.
1242 1405 1279 1437 R.
1311 1405 1361 1445 E„
1390 1403 1455 1444 cui,
1492 1403 1556 1436 Deo
1593 1409 1738 1444 auctore,

998 1459 1230 1503 praesidemus,
1257 1458 1426 1502 temporali
1447 1457 1589 1490 dominio
1614 1457 1740 1489 subiec-

998 1519 1104 1545 torum
1138 1522 1247 1544 curam
1268 1511 1473 1554 suscipimus,
1495 1516 1531 1543 ut
1554 1509 1585 1542 in
1605 1509 1740 1553 quibus-

999 1575 1136 1608 cumque
1165 1565 1307 1598 eiusdem
1328 1563 1462 1597 dominii
1486 1563 1671 1607 provinciis,
1698 1564 1742 1596 ci-

998 1619 1158 1657 vitatibus,
1180 1618 1307 1662 oppidis
1324 1622 1353 1650 et
1376 1618 1466 1656 locis,
1486 1627 1661 1655 armorum,
1689 1621 1740 1648 tu-

999 1673 1159 1705 multuum
1171 1678 1201 1705 et
1220 1671 1410 1705 seditionum
1433 1670 1525 1703 turba
1541 1676 1571 1702 et
1591 1669 1741 1713 strepitus

999 1727 1217 1769 conquiescat,
1237 1737 1273 1758 ac
1289 1725 1362 1759 inde
1373 1724 1478 1757 omnis
1496 1723 1612 1756 iniuria
1632 1728 1662 1756 et
1678 1722 1741 1755 vio-

999 1780 1116 1812 lentiae
1137 1786 1242 1811 terror
1254 1779 1472 1822 propulsetur,
1489 1783 1597 1820 atque,
1621 1776 1742 1808 facino-

999 1843 1146 1866 rosorum
1167 1831 1333 1865 hominum
1348 1831 1481 1864 audacia
1499 1837 1529 1863 et
1546 1828 1742 1862 immanitate

1000 1896 1195 1930 compressa,
1221 1885 1388 1924 securitas,
1410 1884 1502 1927 quies
1531 1889 1559 1915 et
1585 1882 1743 1924 tranquil-

1001 1939 1072 1971 litas
1092 1944 1248 1982 perpetuo
1272 1938 1373 1980 vigeat
1397 1943 1426 1970 et
1453 1941 1669 1969 conservetur.
1691 1934 1745 1967 Est

1001 1992 1087 2025 enim
1126 1990 1241 2023 rationi
1277 1996 1528 2023 consentaneum
1572 1994 1605 2021 ut
1647 1987 1745 2021 Sedes

1002 2044 1194 2088 Aposfflica,
1221 2055 1302 2086 quae
1327 2043 1450 2076 cunctis
1475 2041 1664 2075 mortalibus
1694 2041 1744 2072 iu-

1002 2097 1117 2130 stitiam
1140 2097 1311 2136 ministrat,
1325 2107 1399 2129 suos
1415 2095 1589 2139 praecipue
1601 2093 1747 2125 subditos

1002 2151 1034 2183 in
1052 2150 1158 2182 officio
1184 2148 1355 2189 contineat,
1388 2155 1417 2181 et
1447 2147 1538 2179 cuius
1572 2145 1746 2179 auctoritas

1003 2204 1042 2236 ab
1067 2202 1136 2246 ipso
1155 2202 1290 2235 Domino
1315 2202 1499 2240 constituta,
1530 2199 1614 2243 apud
1635 2208 1746 2231 ornnes

1003 2256 1097 2288 etiam
1119 2262 1242 2288 exteras
1262 2261 1371 2295 gentes
1399 2265 1436 2286 ac
1466 2253 1612 2285 nationes
1641 2261 1747 2283 sacro-

1040 2323 1048 2348 1
1068 2321 1106 2348 De
1120 2321 1232 2347 materia
1248 2321 1308 2347 vide
1319 2328 1390 2354 quae
1406 2319 1497 2346 notavi
1509 2319 1541 2345 ad
1554 2321 1633 2345 const
1655 2321 1744 2349 xxxtt,

1003 2365 1101 2392 Ioaun.
1119 2371 1189 2395 xxii,
1202 2366 1246 2391 Arl
1261 2365 1320 2397 hor,
1337 2369 1404 2391 tom.
1421 2369 1458 2393 tv,
1474 2371 1536 2397 pag.
1553 2363 1614 2395 ⁴209,
1626 2365 1652 2388 et
1663 2361 1746 2388 etiam

1004 2409 1083 2436 Pauli
1104 2408 1136 2441 11,
1167 2413 1256 2435 const.
1274 2415 1311 2441 ir,
1336 2408 1420 2441 l‘iros,
1442 2411 1508 2434 tom.
1534 2413 1564 2439 V,
1586 2412 1647 2439 pag.
1680 2403 1745 2436 ¹802

1005 2453 1142 2480 Alexand.
1160 2452 1202 2485 w,
1219 2457 1306 2480 const.
1318 2459 1359 2484 ιιι,
1377 2452 1459 2483 Inter,
1476 2451 1589 2485 ibidem,
1606 2458 1666 2485 pag.
1683 2448 1747 2482 3¹3⁰,

994 2505 1118 2538 ‚necnon
1145 2498 1373 2525 constitutionem
1396 2496 1554 2523 Marchiacli
1575 2503 1593 2529 ι,
1618 2503 1644 2523 c.
1671 2498 1703 2524 15
1722 2500 1750 2523 ct

1007 2541 1052 2568 tib.
1074 2547 1113 2572 iv,
1137 2546 1198 2574 cap.
1226 2546 1294 2568 xm.
1318 2541 1357 2568 Ac
1377 2539 1459 2567 Urbis
1478 2543 1630 2573 statutum,
1647 2539 1695 2567 lib.
1717 2545 1747 2573 rt,

1006 2591 1068 2623 cap.
1084 2590 1182 2613 xxxiv.

1753 211 1807 239 An.
1824 210 1853 238 C.
1873 211 1938 241 ¹588

1779 1205 1859 1226 Caum
1874 1204 1936 1226 huius

1753 1237 1908 1263 pronibniouis.
