2059 3228
102 235 166 262 .Αῑι,
180 234 208 261 Ο,
226 234 291 262 1575

359 233 421 266 119,

312 306 372 336 res,
386 298 505 333 fratres.
520 295 641 336 milites
656 304 805 338 personas
817 296 1051 336 ecclesiasticas,

313 351 432 390 domos,
456 351 532 389 loca,
558 350 649 389 bona,
662 349 882 392 possessiones,
907 350 986 388 iura,
1010 349 1058 380 iu-

315 403 511 435 risdictiones
528 401 712 434 militiarum
729 401 762 433 in
774 411 872 444 regno
889 401 1057 442 Portugal-

315 457 373 489 liae
405 456 619 488 institutarum
649 454 829 487 huiusmodi
861 454 995 490 extendi,
1029 457 1056 484 et

316 509 366 540 illa
389 508 433 540 eis
462 507 492 540 in
523 507 671 540 omnibus
686 513 717 540 et
745 518 801 551 per
817 507 934 547 omnia,
954 511 981 539 et
1001 516 1059 548 pa-

318 562 402 597 rit-w,
427 560 639 603 parisormiter
669 566 699 593 et
716 572 814 603 aeque
831 559 1056 603 principaliter,

317 614 433 656 ahs-que
457 614 517 646 ulla
542 624 669 656 prorsus
692 613 879 653 differentia,
904 623 939 645 ac
955 612 979 644 si
999 611 1059 643 mi·

319 666 391 697 litiis
408 666 495 708 regni
513 667 719 708 Pol-tugalliae
736 671 764 699 et
783 666 965 699 Sebastiano
990 664 1057 707 regi

317 730 352 750 ac
377 730 433 761 pro
459 725 597 762 tempore
620 719 823 751 existentibus
847 717 970 760 magnis
994 727 1062 748 ma—

316 771 422 808 gistris
435 782 490 804 seu
503 772 821 811 administratoribus,
840 770 1060 810 conventibus,

318 824 486 866 prioribus,
519 825 827 857 commendatoribus
844 851 851 865 ‚
880 828 1062 867 praecepto-

316 876 414 916 ribus,
443 876 601 917 fratribus,
635 877 787 909 militibus
804 906 814 917 ‚
842 877 985 920 personis
1013 887 1063 909 ec-

319 929 508 970 clesiasticis,
533 929 688 969 domibus,
706 929 791 969 locis,
816 931 917 970 bonis,
942 940 1062 973 posses-

320 981 473 1022 sionibus,
499 982 630 1021 iuribus,
650 983 919 1017 iurisdictionibus
937 982 1064 1015 militia-

314 1045 390 1073 rum
416 1036 503 1077 regni
534 1036 740 1078 Portugalliae
764 1035 946 1068 huiusmodi
964 1035 1064 1078 speci-

321 1086 377 1119 fice
403 1092 430 1119 et
459 1098 601 1130 expresse
625 1098 771 1121 concessa
795 1088 927 1121 fuissent
943 1093 973 1121 et
990 1098 1065 1121 con-

321 1139 532 1179 cederentur,
557 1145 706 1184 perpetuo
731 1141 921 1183 suffragari,
946 1152 981 1174 ae
1005 1141 1065 1174 illis

325 1192 382 1229 uti,
407 1193 512 1235 potiri;
538 1204 670 1233 necnon,
695 1194 760 1225 loeo
785 1193 926 1226 iudicum
950 1193 983 1225 in
1000 1193 1066 1237 pri-

323 1244 442 1287 vilegiis
480 1251 510 1278 et
552 1246 620 1278 aliis
659 1246 769 1279 litteris
808 1245 987 1289 apostolicis
1018 1255 1067 1278 re-

322 1308 457 1340 gnorum
475 1298 619 1331 Castellae
629 1304 657 1331 et
673 1299 816 1342 Legionis
826 1299 948 1332 militiis
958 1299 1066 1332 huius-

324 1351 407 1383 modi
451 1361 507 1394 pro
553 1356 693 1394 tempore
738 1352 893 1385 concessis
936 1351 1066 1394 deputa-

325 1409 438 1443 torum,
463 1404 591 1436 dilectos
614 1404 693 1437 filios
728 1406 944 1448 cappellanum
968 1405 1067 1437 maio-

324 1467 391 1489 rem
415 1457 566 1499 praedicti
584 1458 666 1499 regis
682 1463 710 1489 et
728 1469 943 1491 successorum
955 1468 1067 1501 regum

323 1509 541 1553 portugalliae,
560 1511 797 1544 archidiaconos
807 1512 985 1552 Polevenza,
995 1512 1068 1544 Bra-

325 1564 487 1596 charensis
503 1569 530 1596 et
546 1563 931 1597 Elborensisecclesiarum
944 1570 1068 1597 nuncet

326 1626 383 1658 pro
401 1620 540 1658 tempore
556 1616 722 1649 existentes
739 1617 863 1650 indicto
880 1628 978 1660 regno
995 1619 1068 1650 Por-

327 1668 473 1710 tugalliae,
491 1668 543 1711 qui
568 1669 710 1701 eamdem
728 1675 914 1712 potestatem
932 1671 1067 1704 habeant

327 1732 421 1764 quam
435 1721 554 1754 iudices
568 1722 599 1754 in
616 1722 714 1755 eiusd.
729 1723 840 1757 litteris
856 1729 884 1756 et
898 1723 1069 1767 privilegiis

327 1774 465 1818 deputati
492 1775 606 1806 habent
622 1786 676 1807 seu
695 1775 810 1808 habere
827 1781 973 1819 poterunt
992 1787 1069 1820 quo—

327 1827 495 1860 modolibet
509 1828 541 1861 in
565 1828 717 1869 futurum,
731 1829 896 1873 deputatos
912 1841 988 1869 esse;
1013 1841 1070 1863 nec

327 1880 462 1923 desuper
469 1892 525 1924 per
538 1881 715 1924 praedictos
724 1882 904 1915 ordinarios
917 1893 972 1915 seu
982 1883 1069 1923 alios,

326 1934 550 1976 cuiuscumque
567 1934 693 1976 gradus,
719 1938 818 1966 status
831 1961 838 1975 ,
870 1934 1070 1975 conditionis,

326 1987 457 2026 ordinis,
489 1986 746 2029 praeeminentiae
771 1992 800 2020 et
825 1987 985 2030 qualitatis
1009 1988 1071 2020 exi-

329 2044 444 2071 stentes
453 2039 547 2071 etiam
557 2039 770 2072 cardinalatus
779 2039 899 2072 honore
908 2040 1072 2082 fulgentes,

332 2092 499 2132 molestari,
514 2092 693 2134 perturbari
711 2098 765 2124 aut
784 2092 952 2135 inquietari
973 2103 1073 2135 sossc3

331 2144 474 2187 ipsasque
500 2144 732 2187 militias-regni
750 2145 958 2187 Portugalliae
975 2173 983 2186 ,
1008 2146 1074 2178 illa-

332 2207 465 2238 rumque
489 2196 664 2239 singulares
680 2207 830 2240 personas
848 2197 880 2229 in
897 2187 1071 2232 eodemme't

331 2252 424 2287 statu,
451 2244 481 2279 in
507 2259 568 2291 quo
593 2249 722 2282 militiae
739 2260 909 2293 regnorum
928 2252 1073 2285 Castellac

332 2306 359 2334 ct
387 2300 529 2342 Legionis
554 2302 739 2346 illarumque
778 2313 929 2346 personae
965 2304 1073 2337 huius-

334 2354 417 2385 modi
432 2355 661 2396 quomodolibet
677 2356 814 2388 existunt
826 2361 919 2399 etpro
934 2361 1073 2399 tempore

332 2406 539 2447 reperientur,
583 2408 676 2440 etiam
706 2414 858 2452 perpetuo
895 2411 1073 2442 conservari

332 2458 455 2497 debere;
480 2464 507 2490 et
526 2459 569 2491 ita
587 2460 770 2494 intentionis
787 2461 967 2504 praedictae
985 2473 1075 2505 prae-

331 2511 529 2543 decessorum
557 2512 649 2545 fuisse
666 2519 694 2546 et
711 2514 806 2546 etiam
824 2520 948 2548 nostrae
965 2525 1031 2549 esse
1047 2521 1077 2549 et.

334 2569 484 2607 perpetuo
498 2565 572 2604 sore,
583 2567 751 2608 apostolica
765 2569 961 2608 auctoritate,
971 2574 1077 2602 tenore

891 243 1076 270 BULLARmM
1098 243 1254 270 ROMANtm

1129 296 1144 339 ἓ
1168 296 1199 329 5.
1223 296 1259 329 Et
1283 295 1500 339 nihilominus,
1523 308 1581 342 pro
1611 295 1728 342 potiori
1753 306 1829 330 cau-

1090 349 1157 388 tela,
1181 349 1290 382 eadem
1313 349 1421 383 omnia
1444 355 1475 383 et
1498 350 1622 393 singula
1652 349 1819 394 privilegia

1088 454 1264 496 dulgentias
1280 481 1288 497 ,
1327 455 1575 488 conservatorias
1592 482 1600 496 ,
1640 456 1762 488 indulta
1800 459 1832 488 et

1088 506 1163 539 alias
1186 507 1303 549 gratias
1326 507 1444 540 eisdem
1468 507 1561 540 modo
1584 512 1613 540 et
1637 508 1747 548 forma,
1761 507 1832 550 qui-

1089 559 1146 591 bus
1163 559 1282 592 militiis
1298 560 1443 593 Castellae
1460 565 1488 592 et
1499 560 1644 603 Legionis
1656 561 1829 604 reg'norum

1089 621 1260 654 earumque
1283 613 1500 655 superioribus
1515 617 1545 645 et
1563 613 1706 656 personis
1721 613 1830 645 huius-

1090 663 1184 703 modi,
1208 668 1240 696 ut
1265 665 1450 707 praefertur,
1478 676 1626 698 concessa
1655 671 1729 699 sunt
1751 665 1833 698 etin

1090 721 1250 758 posterum
1273 718 1494 758 concedentur,
1523 718 1563 751 ad
1586 717 1713 750 militias
1741 717 1832 760 regni

1090 769 1297 813 Portugalliae
1313 770 1499 815 illarumque
1519 771 1697 815 superiores
1715 776 1743 804 et
1761 781 1833 814 per·

1091 831 1184 855 sonas
1214 823 1396 856 huiusmodi
1424 823 1568 857 similiter
1598 828 1751 867 perpetuo
1783 833 1835 855 ex-

1092 875 1260 917 tendimus,
1274 875 1387 919 illaque.
1404 876 1458 917 eis,
1476 876 1661 909 auctoritate
1678 881 1708 909 et
1725 880 1849 909 tenore*

1092 928 1270 970 praedictis,
1287 929 1380 962 modo
1397 934 1500 962 tamen
1514 935 1540 962 et
1560 929 1660 962 forma
1676 929 1709 961 in
1724 928 1836 961 litteris

1092 982 1137 1015 Pii
1161 983 1184 1015 V
1200 983 1448 1026 praedecessoris
1465 982 1646 1016 huiusmodi
1664 980 1832 1021 contentis,

1093 1035 1293 1068 concedimus
1309 1041 1338 1068 et
1356 1035 1564 1078 indulgemus.

1136 1088 1150 1131 ἓ
1162 1088 1190 1121 6.
1204 1088 1411 1120 Decernentes
1421 1093 1602 1130 praesentes
1613 1087 1734 1120 litteras
1745 1087 1831 1120 nullo

1095 1151 1233 1183 unquam
1250 1146 1390 1183 tempore
1408 1140 1445 1172 de
1474 1140 1687 1182 subreptionis
1714 1140 1762 1172 vel
1778 1140 1836 1172 obs

1095 1192 1246 1235 reptionis
1263 1192 1338 1224 vitio
1356 1219 1362 1232 ,
1380 1198 1434 1225 aut
1451 1193 1636 1225 intentionis
1652 1198 1778 1226 nostrae
1790 1193 1839 1226 vel

1095 1245 1243 1288 quopiam
1257 1245 1317 1277 alio
1334 1245 1455 1277 defectu
1472 1245 1574 1278 notari
1592 1246 1640 1278 vel
1656 1244 1838 1288 impugnari

1095 1308 1183 1340 posse
1198 1324 1205 1337 ,
1230 1307 1287 1329 nec
1311 1297 1378 1330 illas
1402 1297 1460 1330 sub
1491 1296 1653 1340 quibusvis
1688 1297 1840 1330 similium

1096 1351 1141 1383 vel
1165 1350 1365 1383 dissimilium
1389 1350 1563 1392 gratiarum
1576 1349 1839 1390 revocationibus,

1096 1402 1364 1446 suspensionibus,
1389 1402 1699 1442 modificationibus,
1723 1401 1841 1434 limita-

1098 1455 1245 1496 tionibus,
1269 1454 1529 1498 derogationibus
1553 1459 1606 1487 aut
1631 1454 1701 1488 aliis
1714 1459 1840 1487 contra-

1097 1508 1152 1541 riis
1176 1508 1444 1551 dispositionibus,
1469 1507 1706 1550 comprehendi;
1732 1507 1840 1550 sicque

1097 1573 1152 1605 per
1175 1572 1389 1605 quoscumque
1406 1560 1535 1600 iudices,
1548 1560 1644 1593 etiam
1657 1560 1843 1593 commissa-

1098 1615 1160 1647 rios
1184 1614 1293 1657 quavis
1316 1613 1502 1646 auctoritate
1533 1613 1721 1656 fungentes,
1745 1612 1843 1645 etiam

1098 1668 1127 1700 S.
1151 1668 1186 1700 R.
1211 1667 1243 1699 E.
1267 1666 1443 1699 cardinales
1481 1676 1517 1699 ac
1540 1676 1708 1698 causarum
1734 1664 1844 1698 Palatii

1098 1720 1265 1762 Apostolici
1290 1718 1471 1760 auditores,
1496 1719 1616 1752 sublata
1649 1718 1694 1752 eis
1717 1729 1754 1752 ac
1776 1718 1845 1751 cui-⁶

1099 1773 1170 1805 libet
1197 1772 1307 1815 quavis
1331 1772 1422 1804 aliter
1445 1771 1606 1804 iudicandi
1630 1777 1659 1804 et
1690 1772 1845 1815 interpre-

1100 1826 1186 1858 tandi
1211 1825 1356 1857 facultate
1379 1829 1406 1857 et
1432 1824 1629 1864 auctoritate,
1655 1824 1788 1856 iudicari
1813 1828 1844 1856 et

1100 1878 1229 1911 diffiniri
1254 1877 1393 1917 debere;
1418 1888 1453 1909 ac
1476 1887 1513 1910 ex
1552 1887 1636 1909 nune
1661 1876 1788 1909 irritum
1813 1881 1846 1910 et

1101 1932 1204 1971 inane,
1229 1931 1254 1964 si
1293 1941 1382 1963 secus
1414 1941 1509 1973 super
1538 1930 1588 1963 his
1615 1941 1632 1962 a
1663 1941 1847 1973 quoquam,

1101 1984 1209 2028 quavis
1233 1983 1429 2023 auctoritate,
1454 1983 1588 2016 scienter
1623 1983 1669 2016 vel
1693 1983 1845 2026 ignoraw

1103 2044 1158 2079 ter,
1183 2036 1351 2079 contigerit
1374 2036 1531 2069 attentari.

1146 2092 1160 2134 g
1184 2091 1212 2123 7.
1229 2089 1382 2128 Quocirca
1408 2090 1577 2122 venerabili
1595 2089 1683 2123 fratri
1697 2091 1844 2134 episeopo

1103 2144 1250 2176 Amerino
1274 2147 1305 2176 et
1332 2142 1453 2175 dilectis
1477 2142 1550 2175 filiis
1573 2144 1756 2186 cappellano
1781 2152 1847 2178 ma-

1104 2197 1161 2230 iori
1187 2196 1336 2240 praedicti
1374 2195 1549 2234 Sebastiam
1584 2197 1668 2238 regis
1694 2198 1846 2230 moderno

1102 2255 1129 2282 et
1156 2259 1213 2292 pro
1237 2253 1379 2291 tempore
1403 2246 1546 2281 existenti
1571 2253 1600 2281 et
1619 2250 1846 2284 archidiacono

1103 2301 1264 2334 Elhorensi
1278 2312 1334 2344 per
1347 2301 1516 2345 apostolica
1529 2302 1648 2348 scripta
1659 2304 1846 2337 mandamus

1103 2361 1257 2398 quatenus
1281 2355 1341 2398 ipsi
1363 2356 1411 2388 vel
1433 2355 1495 2387 duo
1519 2360 1573 2387 aut.
1618 2366 1702 2388 unus
1723 2361 1846 2395 eorum,

1104 2420 1159 2451 per
1182 2420 1213 2441 se
1238 2409 1284 2441 rel
1315 2409 1411 2441 alium
1446 2419 1501 2441 seu
1525 2408 1602 2441 alios
1618 2436 1626 2450 ,
1666 2412 1848 2451 praesentes

1104 2464 1223 2495 litteras
1236 2463 1305 2495 etin
1325 2462 1370 2495 eis
1386 2467 1534 2495 contenta
1546 2471 1776 2505 quaecumque,
1790 2459 1847 2492 ubi

1104 2521 1133 2549 et
1158 2517 1284 2559 quando
1319 2527 1398 2559 opus
1436 2515 1529 2548 fuerit
1548 2542 1556 2556 ,
1580 2526 1615 2548 ac
1643 2513 1766 2558 quoties
1789 2523 1848 2556 pro

1106 2575 1193 2612 parte
1218 2569 1369 2613 praedicti
1387 2569 1471 2613 regis
1489 2568 1632 2602 moderni
1646 2572 1675 2600 et
1693 2578 1751 2610 pro
1768 2572 1847 2600 tem-

334 2618 558 2659 praescntium,
584 2619 782 2653 ‹ie‹·‹1=i·nimus
806 2629 835 2655 et
848 2623 1053 2657 declaramus.
1090 2624 1181 2666 ipore
1205 2622 1406 2655 existentium
1432 2621 1537 2665 magni
1563 2619 1705 2664 magistri
1723 2630 1776 2654 seu
1794 2620 1848 2654 ad-

1839 323 1980 373 taigtsssa
1993 326 2009 379 ᾗ,

1823 377 1830 391 ²
1840 376 1868 394 de
1879 381 1938 396 novo
1949 381 2012 398 enne

1088 403 1330 445 praerogativas,
1354 403 1577 446 exemptiones,
1595 403 1767 442 facultates,
1782 401 1830 434 in·
1839 401 1880 422 ‘¹⁵⁸⁴

1852 2117 1877 2132 ee
1881 2115 1923 2132 alo!
1927 2117 1974 2132 um.
2020 2129 2023 2133 ,

1844 237 1901 264 'Am
1912 234 1943 266 C:
1955 236 1984 266 1⁷

1862 295 1943 316 Eadem
1955 303 1969 317 ο
1992 320 1998 321 V

1982 507 2004 522 *kl
2011 509 2013 513 ’

1871 1091 1996 1112 cisimulae.

2022 1948 2036 1967 ἱ,

2012 2018 2013 2021 ’
2027 2017 2038 2031 ⁷*

1879 2080 1996 2109 Deputatto
2005 2076 2042 2105 eff
