2059 3228
372 199 435 234 550

324 261 436 294 militia
460 260 649 294 Sanctorum
669 259 808 292 Mauritii
829 264 860 293 et
879 259 998 300 Lazari,
1020 270 1073 293 eo-

322 325 458 358 rumque
479 314 613 358 priores,
635 318 860 357 praeceptores
879 319 1071 358 etpersonae

321 368 443 411 possint
458 367 496 400 de
504 366 669 400 beneficiis
681 366 782 410 ipsius
796 366 928 400 militiae
938 366 1071 400 liberius

321 421 504 463 disponere,
548 419 718 452 statuimus
751 424 783 452 et
814 420 1003 453 ordinamus
1036 425 1071 452 ut

320 474 493 517 prioratus,
516 474 757 517 praeceptoriae
769 473 1070 518 etbenefieiaquae-

320 537 460 570 cumque
478 526 581 563 dictae
602 527 736 560 militiae
756 527 1070 561 SanctorumMauri-

320 581 354 613 tii
375 586 406 613 et
424 580 545 619 Lazari,
577 580 729 624 deinceps
749 581 1020 625 quandocumque
1041 586 1071 614 et

318 634 624 678 quomodocumque
636 645 673 668 ac
693 635 891 679 ubicumque
904 640 992 668 extra
1005 634 1069 667 Ro-

318 698 446 720 manam
471 687 600 721 Curiam
624 694 786 728 vacatura,
816 689 876 721 sub
904 688 1070 732 quibusvis

318 741 524 783 generalibus
549 742 599 775 vel
622 741 816 786 specialibus
844 741 1069 786 reservationi-

318 795 378 827 bus
397 806 455 828 seu
473 795 700 829 affectionibus
711 795 894 840 apostolicis
906 795 996 828 factis
1005 795 1069 828 hu-

317 859 440 892 cusque
460 853 491 882 et
510 848 663 893 deinceps
682 849 837 882 faciendis
856 849 895 882 de
905 848 1069 892 quibusvis

316 901 483 935 beneficiis
503 901 738 942 ecclesiasticis,
764 913 830 936 non
852 908 957 935 tamen
981 902 1069 945 apud

316 954 432 989 Sedem
450 955 668 1000 Apostolicam
689 967 748 1000 pro
777 961 924 1000 tempore
954 966 1068 989 vacan-

315 1008 412 1049 tibus,
433 1009 620 1042 nullatenus
638 1009 858 1050 includantur,
884 1019 944 1043 nec
963 1020 1067 1042 reser-

314 1067 385 1095 vata
403 1062 453 1095 vel
471 1063 587 1096 affecta
607 1063 755 1103 existant,
778 1063 834 1097 sed
853 1063 1067 1107 hospitalium

314 1125 509 1160 pauperum,
532 1127 614 1160 quae
633 1117 693 1150 sub
710 1116 901 1150 huiusmodi
922 1127 1067 1150 reserva-

312 1168 455 1202 tionibus
473 1180 540 1202 non
558 1169 784 1209 includuntur,
810 1170 917 1213 quoad
936 1170 982 1209 id,
1000 1180 1068 1203 sor-

312 1221 434 1258 tiantur
449 1228 615 1263 naturam;
650 1223 827 1265 debeatque
853 1223 891 1256 de
916 1223 981 1256 illis
1009 1234 1069 1267 per

312 1285 372 1319 pro
391 1280 538 1320 tempore
571 1277 758 1310 existentem
779 1287 934 1319 magnum
965 1277 1067 1320 magi-

312 1334 414 1362 strum
436 1336 466 1363 et
486 1335 681 1363 conventum
694 1330 878 1374 praedictos
893 1330 1067 1370 dumtaxat,

312 1388 344 1415 et
362 1393 427 1416 non
447 1383 562 1423 alium,
593 1383 681 1416 iuxta
704 1383 921 1422 stabilimenta
940 1383 1069 1427 praedi-

313 1441 363 1469 cta
371 1436 522 1470 fratribus
533 1437 636 1470 dictae
648 1436 770 1470 militiae
782 1437 975 1470 Sanctorum
983 1437 1069 1470 Mau-

312 1489 377 1523 ritii
397 1496 429 1523 et
448 1491 557 1524 Lazari
577 1490 756 1535 provideri.

359 1544 374 1587 ἓ
399 1544 453 1577 11.
480 1544 543 1578 Nec
564 1545 777 1588 provisiones,
806 1544 1017 1577 commendae
1037 1550 1069 1578 et

179 1610 298 1638 mamutio
312 1598 395 1631 aliae
416 1598 644 1643 dispositiones
667 1599 706 1632 de
730 1599 917 1632 huiusmodi
942 1598 1067 1642 priora-

115 1644 174 1699 2¹2?
190 1643 412 1695 EJssss2‘ssjtibus,
448 1652 678 1696 praeceptoriis
706 1657 737 1685 et
767 1651 945 1694 beneficiis,
972 1653 1066 1686 etiarn

116 1703 154 1727 ἆυ
168 1706 251 1728 ⁹⁸⁸5*
312 1716 374 1751 per
405 1716 531 1738 cessum
555 1706 604 1738 vel
637 1705 806 1738 decessum
835 1716 893 1738 seu
924 1706 1068 1748 quamvis

314 1759 410 1793 aliam
441 1759 662 1792 dimissionem
690 1760 739 1792 vel
773 1758 980 1798 amissionem
1014 1759 1069 1792 illa

313 1823 374 1857 pro
391 1817 539 1856 tempore
559 1813 789 1854 obtinentium,
808 1812 903 1846 etiam
921 1813 959 1845 de
985 1813 1069 1846 dicta

314 1866 428 1900 militia
447 1877 513 1900 non
533 1867 738 1901 existentium
752 1892 760 1907 ,
781 1872 836 1899 aut
856 1866 933 1900 alias
957 1867 1068 1910 quovis

315 1920 412 1954 inodo
432 1931 492 1965 pro
511 1926 658 1965 tempore
677 1921 878 1958 vacantibus,
907 1920 978 1953 aliis
998 1921 1068 1954 fieri

314 1973 438 2018 possint
461 1985 558 2016 quam
580 1974 638 2014 eis,
663 1973 719 2018 qui
739 1974 984 2018 professionem,
1013 1985 1070 2018 per

315 2028 337 2060 st
346 2033 429 2061 atres
447 2028 551 2061 dictae
570 2027 704 2060 militiae
723 2027 825 2060 emitti
845 2028 983 2068 solitam,
1016 2039 1069 2061 ex-

314 2091 424 2124 pz‘esse
449 2081 626 2120 emiserint,
649 2086 679 2114 et
702 2081 780 2114 alias
800 2080 885 2114 iuxta
903 2080 989 2114 illius
1009 2087 1070 2114 sta-

315 2134 484 2168 bilimenta
505 2145 541 2168 ac
562 2134 727 2179 privilegia
751 2140 781 2167 et
800 2135 925 2167 indulta
944 2140 1069 2178 aposto-

317 2188 380 2221 lica
404 2190 431 2221 ei
453 2199 604 2222 concessa
624 2188 801 2232 qualitieati
821 2188 962 2227 fuerint;
989 2188 1068 2220 alio-

318 2241 395 2284 quin
418 2241 626 2284 provisiones,
650 2241 860 2275 commendae
871 2247 902 2274 et
911 2241 992 2274 aliae
1009 2241 1071 2274 dis-

321 2296 493 2336 positiones
517 2295 704 2328 huiusmodi
723 2295 846 2328 nullius
866 2295 929 2327 sint
939 2304 1071 2338 prorsus

321 2348 444 2381 roboris
472 2349 519 2382 vet
550 2348 717 2389 momenti,
745 2355 775 2382 et
803 2348 982 2382 habeantur
1012 2359 1070 2391 pro

321 2396 458 2437 infectis,
469 2408 528 2431 nec.
540 2398 614 2437 illis,
628 2398 745 2441 quibus
756 2397 848 2430 aliter
863 2397 952 2437 fient,
967 2397 1069 2429 ullum

322 2445 370 2477 ius
390 2446 531 2480 ullumve
551 2447 797 2485 titulum,etiam
814 2445 1072 2485 coloratutn,11·i-

322 2491 422 2526 buant
441 2495 637 2537 possidendi.

367 2542 382 2585 ξ
405 2542 458 2575 1Ξὶ.
484 2544 528 2576 Ac
552 2545 647 2578 etiam
665 2545 834 2577 statuimus
845 2550 874 2577 et
887 2544 1073 2577 ordinamus

324 2597 360 2624 ut
375 2601 486 2624 omnes
505 2598 535 2625 et
555 2599 753 2638 quicumque
767 2593 902 2638 priores,
917 2603 1072 2636 praecep-

127 204 171 233 ΑΗ
195 205 226 235 C.
242 205 311 237 1575

932 206 1110 230 BELLARIL‘M
1136 205 1288 230 ROMANL‘M

1114 264 1211 299 tores,
1235 259 1349 292 tratres
1372 263 1403 291 et
1423 266 1578 301 personae
1596 257 1731 292 militiae
1739 257 1869 304 praedi·
1880 263 1987 314 ,Pam

1113 317 1181 344 ctae
1209 311 1399 345 Sanctorum
1424 311 1563 344 Mauritii
1587 316 1618 344 et
1639 312 1758 354 Lazari,
1792 312 1867 347 ilto-
1879 318 1946 356 roffi·
1982 315 1985 316 ⁷

1113 376 1250 408 rumque
1270 365 1408 405 vassalli,
1429 365 1637 398 servitoreset
1647 366 1779 408 subditi,
1795 367 1869 400 ubi-

1113 429 1264 462 cumque,
1287 424 1351 452 tam
1372 419 1453 452 citra
1482 429 1579 462 quam
1612 419 1696 453 ultra
1727 425 1865 462 montes,

1113 472 1292 512 constituti,
1315 472 1411 505 etiam
1432 478 1682 514 commorantes,
1716 484 1868 518 praesen-

1112 532 1158 558 tes
1174 530 1204 558 et
1225 525 1336 562 futuri,
1364 536 1480 568 magno
1500 526 1652 568 magistro
1673 531 1704 559 et
1728 537 1867 562 conven-

1112 579 1156 611 tui
1178 578 1351 623 praedictis
1370 585 1401 612 et
1420 579 1637 622 subdelegatis
1647 579 1687 612 ab
1699 591 1737 613 eo
1748 581 1797 614 vel
1811 581 1866 622 eis,

1110 638 1174 665 tam
1196 632 1410 676 personaliter
1429 643 1527 677 quam
1547 633 1689 675 realiter,
1711 634 1800 667 omni
1811 645 1877 670 ex-.

1111 687 1260 730 ceptione
1280 691 1437 727 cessante,
1460 687 1597 720 firmiter
1616 698 1730 731 parere
1750 693 1782 722 et
1791 688 1867 722 obe-

1110 740 1179 773 dire
1200 746 1383 780 teneantur,
1401 751 1621 784 quocumque,
1643 741 1738 774 etiam
1750 752 1866 786 aprae-

1110 793 1194 826 dicta
1215 793 1485 837 SedeApostolica
1496 805 1555 837 pro
1568 800 1714 838 tempore
1733 795 1865 830 obtento

1110 846 1236 879 indulto
1255 857 1321 880 non
1341 847 1502 888 obstante,
1520 847 1647 891 ipsique
1671 848 1822 892 magister
1833 855 1866 883 et

1110 905 1304 940 conventus,
1337 900 1424 933 iuxta
1452 900 1668 934 stabilimenta
1700 901 1864 945 praedicta

1109 964 1237 986 necnon
1251 953 1350 987 huius
1358 954 1490 988 militiae
1500 954 1680 988 laudabiles
1695 961 1865 990 consuetu-

1109 1005 1200 1039 dines
1229 1011 1262 1040 et
1281 1017 1398 1047 mores,
1422 1007 1550 1051 plenam
1572 1013 1603 1041 et
1628 1008 1862 1050 omnimodam,

1109 1060 1205 1093 etiam
1225 1061 1308 1094 meri
1339 1066 1371 1094 et
1390 1061 1480 1094 mixti
1504 1061 1645 1105 imperii,
1665 1055 1863 1096 iurisdictio-

1108 1124 1183 1146 nem
1195 1119 1227 1147 et
1243 1106 1502 1158 superioritatem
1513 1114 1547 1148 in
1558 1126 1671 1149 omnes
1682 1116 1765 1157 illos,
1790 1126 1866 1150 nec-

1108 1177 1174 1199 non
1193 1166 1369 1211 prioratus,
1396 1168 1646 1212 praeceptorias,
1662 1169 1788 1210 dom,os,
1808 1170 1865 1203 ho—

1109 1219 1247 1263 spitalia,
1269 1220 1427 1261 membra,
1442 1221 1540 1260 bona,
1558 1222 1628 1255 loca
1648 1228 1679 1256 et
1697 1222 1760 1256 alia
1771 1233 1865 1267 prae-

1108 1273 1194 1306 dicta
1213 1274 1371 1315 habeant;
1393 1274 1562 1318 dictusque
1582 1275 1734 1319 magister
1753 1281 1864 1310 contra

1108 1328 1246 1361 rebelles
1266 1333 1297 1361 et
1316 1327 1382 1361 suis
1405 1329 1566 1362 mandatis
1578 1339 1643 1362 non
1667 1329 1863 1371 obedientes,

1109 1381 1239 1414 servatis
1257 1387 1398 1426 quatuor
1414 1382 1561 1415 terminis
1581 1382 1619 1415 ad
1639 1383 1864 1417 docendumse

1108 1435 1254 1479 paruisse
1275 1440 1304 1468 et
1325 1436 1516 1469 satisfecisse
1536 1436 1570 1469 in
1588 1437 1660 1470 loco
1688 1443 1863 1471 conventus

1109 1489 1243 1522 militiae
1266 1489 1467 1530 huiusmodi,
1491 1490 1531 1523 ad
1551 1491 1686 1523 multam
1707 1502 1763 1524 seu
1783 1501 1862 1534 poe-

1108 1554 1184 1576 nam
1201 1544 1418 1587 corporalem,
1439 1545 1489 1577 vel
1513 1544 1553 1578 ad
1572 1543 1785 1588 privationem
1803 1545 1862 1578 ha-

1108 1597 1194 1630 bitus
1213 1603 1244 1630 et
1262 1597 1510 1638 beneficiorum,
1533 1598 1704 1631 domorum
1721 1603 1758 1632 et.
1771 1609 1864 1642 prae-

1109 1651 1238 1684 diorum
1259 1662 1318 1695 per
1337 1661 1392 1684 eos
1409 1652 1627 1692 obtentorum,
1649 1657 1679 1684 et
1691 1651 1862 1685 aliasiuxta

1109 1715 1216 1738 mores
1236 1710 1266 1738 et
1285 1705 1501 1738 stabilimenta
1533 1705 1700 1749 praedicta
1725 1705 1811 1739 edita
1830 1711 1860 1739 et

1110 1758 1244 1799 edenda,
1265 1759 1442 1803 procedere
1455 1759 1564 1802 possit.
1855 1796 1861 1802 ,
1984 1791 1987 1795 .

1153 1812 1168 1855 ξ
1193 1812 1245 1844 43.
1273 1812 1316 1844 Ac
1338 1817 1401 1845 tam
1421 1812 1483 1856 ipsi
1507 1812 1660 1855 magister
1679 1816 1710 1845 et
1726 1822 1863 1845 conven-
1888 1817 1974 1854 turis-¹⁵·
1992 1827 1993 1832 ¹

1109 1872 1172 1905 tus,
1195 1876 1292 1908 quam
1313 1864 1408 1898 etiam
1424 1865 1528 1898 maior
1547 1865 1702 1898 ecclesiae
1721 1871 1752 1898 et
1764 1865 1862 1899 ceteri
1875 1850 1963 1870 ‘'⁰⁸¹¹’'

1110 1929 1221 1952 omnes
1241 1919 1365 1962 priores
1388 1923 1420 1952 et
1438 1924 1666 1962 praeceptores
1681 1918 1784 1952 dictae
1800 1919 1861 1952 mi·
1894 1941 1900 1946 -

1109 1973 1208 2013 litiae,
1226 1973 1310 2005 intra
1329 1972 1448 2005 limites
1467 1983 1600 2005 suarum
1616 1972 1754 2016 quisque
1765 1972 1861 2006 iuris-

1110 2027 1301 2067 dictionum,
1311 2026 1376 2060 veri
1386 2026 1541 2059 ordinarii
1556 2026 1645 2059 iuxta
1658 2026 1794 2059 sormam
1801 2030 1864 2060 sta-

1110 2080 1354 2113 bilimentorum
1374 2084 1404 2113 et
1424 2079 1666 2123 privilegiorum
1680 2078 1862 2123 praedicto-

1110 2145 1182 2167 rum
1204 2134 1264 2166 sint
1285 2139 1315 2166 et
1335 2144 1398 2167 esst
1427 2139 1631 2166 censeantur.
1653 2133 1862 2177 Etpraeterea

1112 2186 1206 2219 iidem
1228 2186 1382 2229 magister
1397 2191 1425 2219 et
1444 2192 1628 2226 conventus,
1639 2196 1862 2230 quoscumque

1112 2240 1248 2283 priores,
1265 2246 1504 2284 praeceptores,
1526 2240 1721 2283 illorumque
1740 2239 1863 2283 peiora-

1114 2301 1203 2326 tuum
1228 2299 1258 2326 ct
1282 2293 1578 2337 praeceptoriarum
1596 2294 1716 2326 'fratres
1739 2298 1771 2326 et
1789 2293 1862 2327 reli-

1111 2347 1217 2387 giosos
1229 2347 1453 2390 delinquentes
1464 2347 1512 2380 vel
1521 2341 1863 2388 inobedientes,cuius-

1113 2407 1251 2440 cumque
1267 2395 1442 2439 dignitatis,
1465 2401 1576 2436 status,
1593 2396 1722 2439 gradus,
1740 2395 1863 2429 ordinis

1113 2452 1140 2477 ot
1175 2445 1438 2488 praeeminentiae
1471 2445 1717 2485 existentes,·ac
1741 2445 1860 2488 quavis,

1113 2495 1207 2527 etiam
1243 2494 1430 2538 apostolica,
1463 2494 1666 2538 exemptione
1699 2493 1859 2535 fruentes,

1113 2543 1207 2576 etiam
1222 2544 1253 2576 in
1273 2543 1488 2587 imperatoris,
1518 2553 1630 2586 regum
1660 2541 1861 2585 aliorumque

1114 2592 1311 2638 principum,
1330 2595 1366 2625 'ct
1398 2592 1494 2625 etiam
1522 2591 1731 2626 ecclesiarum
1763 2591 1862 2627 curiis
