2059 3228
777 229 873 254 INDEx
899 229 1007 254 annun
1548 218 1631 253 10:39

215 293 273 326 pro
297 282 436 327 quolibet
464 282 655 316 monasterio
680 283 718 315 ad
745 282 909 316 biennium
925 289 1062 325 creatur,
1080 284 1133 328 qui
1153 284 1260 329 nequit
1278 295 1346 318 csse
1363 284 1475 316 codem
1488 293 1574 316 anno
1591 282 1668 315 visi-

217 341 310 377 tator,
334 337 414 369 ibid.
438 337 465 369 b:
491 335 708 370 visitatoribus
724 336 853 380 propria
879 337 987 371 munia
1005 337 1038 370 in
1062 337 1189 381 scriptis
1215 337 1390 377 tradantur,
1410 336 1471 370 167
1497 347 1529 373 a:
1555 336 1670 369 defini-

215 395 300 423 tores
324 400 388 423 non
412 390 475 424 sint
499 390 539 423 ab
563 389 649 423 omni
675 389 900 433 superioritate
925 390 1092 431 immunes,
1117 392 1171 434 qui
1197 390 1474 424 conservatoribus
1506 390 1666 423 rationem

215 444 350 478 reddant
373 450 547 488 gestorum,
572 443 648 476 ibid.
673 443 702 481 b,·
727 442 910 477 definitores
933 444 1095 487 quomodo
1117 444 1265 487 eligendi,
1292 444 1368 477 ibid.
1393 445 1423 483 b;
1448 443 1670 488 procuratoris

215 498 373 541 generalis
403 499 542 532 officium
561 525 568 538 ,
592 497 685 536 ibid,·
708 496 967 539 congregationis
1001 501 1120 530 statuta
1153 503 1184 530 et
1207 497 1427 531 ordinationes
1463 498 1495 530 in
1527 498 1669 541 capitulo

214 551 353 594 generali
378 551 459 584 facta
484 561 579 594 super
602 550 746 583 eiusdem
770 549 996 582 reformatione
1020 549 1263 589 confirmantur,
1289 549 1352 583 259
1376 550 1393 582 b
1417 555 1445 583 et
1471 560 1532 593 seq.

126 605 234 638 Castra
268 610 300 637 et
335 605 401 637 loca
440 604 572 637 Sanctae
609 603 768 636 Romanae
804 602 958 636 Ecclesiae
981 611 1045 634 non
1070 601 1264 635 infeudanda
1286 607 1316 635 et
1340 602 1507 635 alienanda
1543 607 1661 636 statue—

215 660 265 688 rat
288 655 361 687 Pius
386 655 408 687 V
426 681 433 695 ,
458 654 516 688 671
546 665 593 691 a:
628 654 860 697 approbaverat
883 654 1055 698 Gregorius
1079 654 1154 695 xiil,
1180 654 1269 693 ihm„-
1293 665 1377 688 nunc
1406 655 1575 688 confirmat
1598 655 1664 688 Six-

215 714 266 742 tus
291 709 322 741 V.
347 708 424 741 ibid.

124 761 322 794 Casti-uccius
346 760 516 793 cardinalis
540 760 618 793 artis
641 759 760 793 sericae
792 765 822 793 et
839 761 921 794 Petri
939 761 1116 796 inventoris
1132 770 1296 808 protector
1319 765 1535 805 constituitur,
1551 763 1614 798 718
1641 776 1670 797 a.

122 813 302 848 Gataloniae
330 812 529 856 principatus
558 823 684 846 necnon
720 814 892 847 comitatus
915 815 1102 849 Rossilionis
1127 822 1158 850 et
1181 817 1364 851 Ceretaniae
1391 828 1409 851 a
1437 818 1614 852 latronibus
1639 824 1670 850 et

212 866 402 900 facinorosis
427 865 613 899 hominibus
637 866 726 900 valde
752 867 933 911 turbantur,
960 869 992 902 hi
1018 880 1092 903 vero
1117 871 1288 915 conquisiti
1314 883 1332 904 a
1357 871 1513 905 ministris
1530 872 1672 905 iustitiae

216 921 255 954 ad
279 920 427 953 ecclesias
455 919 645 963 confugiunt
679 919 904 964 impunitatem
933 923 1170 967 consequuturi
1189 950 1196 963 ‚
1222 922 1265 956 ‘19
1287 923 1314 955 b.
1339 923 1522 962 Quinimmo
1548 928 1579 956 ut
1606 923 1672 956 vim

214 975 320 1018 legum
345 974 484 1015 eludant,
509 978 673 1008 tonsuram
698 976 960 1017 eeclesiasticam,
984 982 1040 1010 aut
1062 976 1192 1020 aliquod
1217 976 1409 1010 beneficium
1434 977 1554 1010 habere.
1575 987 1666 1020 prae-

215 1033 356 1068 sumunt,
374 1027 418 1061 20
431 1038 460 1060 a.
478 1027 655 1072 Philippus,
674 1028 899 1073 Hispaniarum
925 1040 989 1070 rex,
1008 1030 1164 1074 supplicat
1180 1030 1333 1073 Gregorio
1351 1031 1415 1064 XIII
1439 1035 1474 1063 ut
1490 1035 1669 1073 opportune

215 1080 392 1129 provideat,
417 1080 495 1113 ibid.
520 1080 670 1114 Concedit
694 1081 835 1115 Pontifex
860 1083 1081 1126 delinquentes
1105 1084 1284 1127 praedictos
1317 1084 1357 1116 ab
1381 1082 1523 1117 ecclesiis
1547 1083 1671 1116 extrahi

213 1143 304 1178 posse
327 1144 346 1166 a
369 1133 524 1168 ministris
549 1134 699 1175 iustitiae,
724 1146 835 1169 verum
860 1137 884 1170 si
910 1138 1016 1171 clerici
1041 1139 1115 1178 sint,
1141 1137 1237 1170 iudici
1263 1137 1476 1171 ecclesiastico
1500 1137 1582 1170 tradi
1608 1137 1669 1170 de-

214 1189 291 1222 bere
315 1185 394 1221 ibid.
414 1200 424 1225 ,·
447 1189 579 1221 clericos
603 1199 676 1222 vero
700 1189 733 1221 in
765 1195 849 1223 veste
876 1190 977 1224 laicali
999 1219 1006 1231 ,
1031 1191 1063 1224 in
1095 1191 1244 1234 flagranti
1269 1190 1431 1224 crassandi
1455 1191 1592 1227 crimine
1616 1201 1675 1235 per

214 1241 281 1275 vias
304 1241 528 1284 deprehensos,
563 1252 580 1274 a
612 1242 773 1275 iudicibus
798 1244 1017 1278 saecularibus
1041 1244 1148 1289 puniri
1175 1244 1287 1284 iubet,
1313 1244 1388 1276 ibid.
1413 1244 1441 1276 b,
1465 1244 1619 1288 Deputato
1643 1250 1673 1277 et

215 1294 353 1328 auditori
379 1295 600 1328 ecclesiasticis
625 1296 690 1339 qui,
716 1297 856 1339 propriis
882 1298 1000 1330 relictis
1024 1298 1194 1332 domiciliis
1213 1324 1220 1337 ‚
1245 1298 1284 1330 ad
1308 1297 1600 1333 Barchinonensem
1626 1298 1670 1331 ci-

217 1349 348 1382 vitatem
380 1359 422 1389 se,
447 1359 519 1381 cum
544 1349 615 1382 aliis
640 1354 777 1392 quatuor
801 1351 1024 1384 saecularibus
1048 1351 1087 1384 ad
1112 1351 1231 1384 bonum
1257 1350 1400 1394 regimen
1430 1350 1531 1395 ipsius
1554 1350 1674 1394 princi-

215 1409 308 1447 patus
332 1413 389 1447 per
414 1402 588 1436 triennium
613 1403 731 1443 electis,
749 1405 921 1438 transferre
938 1415 976 1437 ac
993 1405 1037 1438 ibi
1056 1405 1175 1437 morari
1194 1404 1319 1447 magnis
1335 1404 1479 1447 expensis
1496 1408 1672 1448 coguntur,

213 1457 393 1490 facultatem
418 1456 616 1500 percipiendi
642 1456 884 1490 distributiones
908 1458 1122 1501 quotidianas,
1140 1458 1264 1491 etiamsi
1282 1458 1430 1491 absentes
1447 1457 1576 1497 fuerint,
1593 1468 1669 1491 con·

211 1510 296 1544 cedit
317 1509 493 1552 Gregorius
525 1510 589 1543 XIII
607 1537 614 1548 ,
640 1509 682 1543 96
706 1510 733 1542 b.
758 1509 817 1549 Qui
842 1510 905 1543 alia
940 1510 1169 1544 constitutione
1203 1511 1351 1545 concedit
1387 1516 1418 1543 ut
1445 1511 1616 1555 deputatus
1639 1516 1672 1544 et

214 1562 343 1597 auditor
366 1562 570 1595 ecclesiastici
595 1563 718 1605 possint
742 1563 850 1596 adesse
877 1575 951 1597 cum
968 1564 1128 1608 deputatis
1144 1565 1360 1598 saecularibus
1378 1564 1409 1597 in
1435 1565 1538 1598 causis
1563 1565 1674 1598 crimi-

214 1616 340 1650 nalibus
364 1616 484 1659 absque
504 1616 718 1649 conscientiae
744 1617 904 1660 scrupulo,
929 1627 948 1649 a
972 1622 1045 1650 voto
1069 1622 1176 1651 tamen
1201 1629 1235 1651 se
1259 1618 1451 1655 abstineant,
1476 1618 1518 1651 99
1543 1618 1569 1650 b.

124 1670 318 1705 Catharinae
343 1670 401 1714 (S.)
427 1670 464 1702 de
487 1669 576 1702 Senis
602 1669 634 1701 in
661 1669 744 1702 Urbe
768 1669 1013 1702 confraternitas
1038 1670 1246 1714 approbatur,
1270 1670 1334 1704 3⁶29
1359 1681 1393 1707 02
1417 1670 1614 1712 indulgentia
1642 1674 1673 1701 et

219 1722 392 1768 privilegiis
417 1724 445 1756 ei
471 1722 638 1763 concessis,
664 1722 740 1754 ibid.
766 1723 791 1754 b.

122 1779 308 1813 Cavalcatae
332 1790 387 1814 seu
413 1777 571 1812 adunatae
595 1781 625 1809 et
651 1775 894 1808 convocationes
919 1776 959 1809 ad
983 1786 1073 1809 arma
1090 1776 1123 1809 in
1141 1776 1231 1809 Statu
1248 1776 1467 1810 Ecclesiastico
1492 1787 1549 1820 per
1573 1786 1668 1819 quas-

215 1843 352 1878 cumque
375 1831 599 1866 universitates
622 1835 653 1862 et
677 1839 827 1872 personas
851 1828 982 1862 effectae
1006 1829 1220 1872 prohibentur
1238 1856 1245 1868 ‚
1271 1828 1357 1862 1000
1382 1840 1401 1861 α
1425 1835 1455 1861 et
1479 1838 1550 1872 seq.;
1575 1839 1668 1871 prae-

219 1891 365 1929 terquam
391 1885 424 1918 in
449 1883 573 1917 casibus
597 1881 745 1925 exceptis,
770 1880 825 1924 qui
850 1887 1095 1921 enumerantur,
1121 1881 1204 1915 1001
1232 1882 1259 1914 b.

124 1938 398 1981 Chordigerorum
423 1938 453 1971 S.
477 1935 636 1970 Francisci
660 1934 1003 1968 Archiconfraternitas
1027 1934 1162 1977 erigitur
1191 1934 1223 1966 in
1247 1935 1377 1968 ecclesia
1404 1934 1568 1967 Assisiensi
1601 1934 1662 1966 fra-

216 1997 301 2024 trum
326 1989 484 2024 Minoi-um
510 1988 783 2029 conventualium,
809 1987 872 2021 630
895 1988 923 2019 b.
947 1987 1147 2031 Indulgentia
1172 1987 1387 2020 confratribus
1413 1987 1462 2019 die
1488 1987 1663 2030 ingressus,

216 2043 276 2078 631
304 2054 334 2077 a.
359 2044 504 2087 aliaeque
536 2042 753 2085 indulgentiae
786 2040 938 2073 fratribus
968 2039 1232 2073 conventualibus
1249 2067 1256 2080 ‚
1282 2045 1312 2072 et
1342 2039 1517 2072 confalonis
1546 2039 1672 2072 confra-

216 2097 357 2132 ternitati
382 2108 560 2138 concessae,
578 2097 653 2129 ibid.
672 2094 816 2129 Generali
838 2094 987 2137 Magistro
1010 2094 1270 2127 conventualium
1295 2094 1372 2127 alias
1389 2092 1670 2126 confraternitates

217 2153 414 2196 aggregandi
439 2152 570 2185 facultas
594 2150 727 2190 tributa,
745 2148 820 2181 ibid.
848 2148 875 2179 b.
894 2147 1135 2180 praedictorum
1153 2156 1235 2180 nova
1252 2146 1462 2184 confirmatio,
1481 2151 1511 2178 et
1528 2144 1670 2179 extensio

214 2216 288 2239 cum
312 2205 491 2239 adiectione
515 2204 650 2237 aliarum
675 2203 852 2247 gratiarum
878 2207 943 2234 tam
968 2209 1026 2243 pro
1043 2199 1202 2242 religiosis
1220 2209 1316 2242 quam
1334 2209 1392 2242 pro
1410 2198 1625 2232 confratribus
1640 2203 1672 2232 et

215 2257 532 2290 confraternitatibus
556 2255 779 2299 aggregandis
806 2254 872 2289 632
895 2265 913 2286 a
940 2258 971 2286 et
995 2262 1055 2296 seq.

126 2309 326 2342 Cisterciensi
350 2309 462 2342 Ordini
490 2308 655 2352 privilegia
672 2313 703 2340 et
727 2312 844 2341 statuta
861 2306 1025 2339 asummis
1041 2305 1249 2339 Pontificibus
1267 2306 1320 2339 Pio
1345 2306 1381 2338 IV
1405 2312 1436 2338 et
1461 2306 1482 2338 V
1506 2316 1671 2347 concessa,

218 2361 451 2394 confirmantur
475 2372 494 2394 a
525 2361 679 2405 Gregorio
704 2361 778 2401 XIII,
805 2360 847 2394 74
869 2361 886 2393 b
910 2366 938 2394 et
960 2360 1001 2394 76
1017 2371 1047 2394 α.
1071 2361 1205 2405 Insuper
1228 2361 1366 2394 Abbates
1383 2366 1413 2393 et
1438 2360 1572 2404 praelati
1597 2361 1671 2394 visi-

220 2413 308 2446 tandi
333 2415 506 2447 monachos
530 2420 561 2448 et
600 2414 754 2448 moniales
777 2425 831 2447 seu
856 2414 923 2446 loca
958 2418 987 2446 et
1014 2424 1165 2457 personas
1190 2414 1239 2446 ius
1274 2413 1390 2446 habent
1406 2440 1414 2453 ,
1438 2413 1514 2445 ibid.
1549 2414 1672 2447 indulta

219 2467 397 2510 Apostotiea
421 2468 578 2511 episcopis
602 2467 737 2510 aliisque
776 2477 924 2500 concessa
948 2466 1097 2499 visitandi
1122 2466 1232 2499 eadem
1256 2467 1325 2499 loca
1349 2465 1539 2507 limitantur,
1576 2465 1618 2500 75
1641 2477 1671 2500 a.

220 2519 365 2562 Episcopi
390 2519 508 2563 aliique
548 2520 757 2564 impedientes
782 2519 1020 2564 quomodolibet
1044 2519 1076 2552 in
1100 2518 1358 2559 visitationibus,
1383 2517 1495 2561 poenis
1518 2518 1672 2551 mulctan-

221 2577 284 2612 tur,
296 2572 373 2604 ibid.
399 2577 428 2605 et
452 2572 479 2604 h.
504 2572 642 2613 Gratiae,
659 2573 825 2616 privilegia
849 2578 880 2606 et
905 2572 1026 2604 indulta
1039 2571 1150 2604 Ordini
1168 2571 1310 2605 Cistercii
1324 2575 1354 2604 et
1371 2575 1508 2614 quatuor
1524 2571 1672 2604 domibus

221 2625 347 2659 filiabus
363 2626 555 2669 nuncupatis
579 2636 753 2669 earumque
771 2625 990 2670 superioribus
1006 2635 1023 2657 a
1041 2624 1186 2668 pluribus
1210 2623 1343 2658 summis
1367 2623 1572 2667 pontificibus
1596 2635 1670 2657 con-
