2059 3228
103 217 153 240 An.
169 214 198 240 c.
219 214 284 241 {575
344 205 407 239 108

101 274 122 307 ⁵3¹
139 275 206 293 cauas
230 274 283 294 nvi-
299 265 439 298 minibus
465 265 494 297 in
520 265 603 297 dicta
628 264 718 298 curia
742 265 838 299 illatis
862 268 1042 311 appelletur

100 304 163 329 ''¹³¹¹’‘
178 306 202 325 ⁸⁴³
218 305 242 325 ‘¹'
261 304 282 326 Ο·
298 318 337 350 ad
358 318 551 350 auditorem.

340 371 354 413 ξ
378 371 425 403 13.
449 371 613 404 Postremo
633 371 813 405 exactiones
828 372 909 413 illas,
925 385 1006 416 quae
1023 385 1042 407 a

124 437 229 458 nmmum
238 444 278 459 110„
296 423 485 456 nuilierihns
505 423 681 456 inhonestis
702 424 835 468 singulis
859 426 950 458 annis
974 426 1039 459 sin-

98 470 195 519 {¹2:522}
209 469 280 520 ἳζζυξζῖ
294 476 440 518 gulisque
460 486 512 508 sex
533 476 697 510 mensibus
716 483 771 510 aut
791 478 880 518 alias,
906 479 966 511 suh
980 490 1038 512 no-

97 530 178 551 milm·
293 529 378 561 mine
400 529 523 570 tributi,
546 529 614 562 fieri
636 531 793 571 solebant,
816 532 948 565 omnino
966 543 1038 576 pro-

292 581 459 622 hibemus,
493 583 657 627 proposita
682 585 870 617 marescallo
895 585 964 617 illas
990 591 1037 618 at-

292 634 426 667 tentanti
437 645 541 678 poena
550 635 736 679 privationis
756 636 854 670 ossicii
870 637 938 681 ipso
953 638 1036 670 sacto

291 687 509 721 incurrenda.'

334 740 349 783 ἓ
377 740 431 774 14.
460 741 528 774 Non
559 742 761 775 obstantibus
782 742 885 776 (lictae
906 743 1033 783 curiae,

92 834 103 841 .
119 799 275 833 clausulaedes
289 793 386 825 etiam
406 794 583 837 longissimi
608 801 636 828 et
664 795 928 829 immemorabilis
953 802 1035 828 tem-

92 834 209 855 fflgfflmm
288 846 388 889 poris,
406 847 620 884 observantia:
638 859 675 881 ac
692 848 936 882 confirmatione
956 860 1034 893 apo-

287 899 400 932 stolica
419 901 466 933 vel
488 901 597 945 quavis
622 901 774 934 firmitate
794 901 855 934 alia
875 902 1034 935 roboratis

286 953 425 994 statutis,
448 955 737 989 consuctudinibus
761 961 792 987 et
816 956 908 999 stylo;
935 956 1033 998 privi-

286 1006 378 1049 legiis
401 1018 543 1050 quoqne,
570 1008 701 1041 indultis
719 1014 748 1041 et
772 1009 886 1041 litteris
903 1014 1033 1053 aposto-

285 1059 355 1092 licis
376 1059 421 1092 illi
441 1061 488 1093 vel
509 1072 567 1103 pro
590 1067 734 1105 tempore
755 1061 901 1094 existenti
927 1073 1031 1095 mare-

284 1113 384 1146 scallo
404 1124 439 1146 ex
461 1114 571 1156 quavis
586 1125 681 1147 causa
697 1115 868 1155 concessis,
888 1120 916 1147 et
935 1115 1031 1148 etiam

285 1166 413 1210 saepius
433 1167 642 1207 confirmatis;
668 1168 786 1211 quihus
806 1168 968 1209 omnihus,
991 1169 1031 1201 il-

284 1219 390 1252 lorum
418 1225 542 1253 tenores
567 1221 619 1254 hic
643 1231 701 1264 pro
726 1221 850 1263 integre
874 1222 1032 1265 expressis

283 1273 450 1313 habentes,
473 1274 656 1318 specialiter
675 1280 703 1307 et
726 1284 874 1318 expresse
895 1275 1030 1318 deroga-

283 1336 366 1366 mus,
379 1327 557 1370 cctcrisque
575 1327 744 1361 contrariis
755 1328 1027 1372 quibuscumque.

326 1379 411 1412 Nulli
432 1390 508 1422 ergo
528 1380 659 1412 omnino
684 1384 741 1413 etc.

326 1432 440 1464 Datum
469 1433 578 1466 Romae
616 1433 701 1477 apud
726 1433 757 1466 S.
780 1433 923 1474 Petrum,
946 1445 1029 1467 anno

284 1485 512 1523 incarnationis
537 1486 716 1519 dominicae
742 1486 913 1520 millesimo
937 1488 1030 1531 quin-

282 1539 460 1582 gentesimo
471 1540 708 1583 septuagesimo
717 1540 842 1584 quinto,
860 1546 947 1574 sexto
963 1542 1025 1574 kal.

284 1592 455 1632 februarii,
467 1593 672 1636 pontificatus
687 1593 788 1626 nostri
805 1604 889 1626 anno
904 1603 949 1626 111.

336 1649 398 1683 Dat.
414 1650 460 1680 die
479 1650 515 1681 27
531 1650 589 1680 ian.
605 1651 693 1688 1575,
713 1651 817 1690 pontif.
837 1660 913 1681 anno
929 1660 973 1682 111.

607 1823 696 1856 XLII.

276 1897 364 1935 Proh
371 1898 461 1932 z'bile‘o
468 1899 653 1942 appellandi
659 1910 716 1942 per
724 1899 884 1942 reliqz'osos
895 1899 1028 1933 Ordinis

322 1951 356 1984 S.
379 1952 410 1984 F
410 1953 549 1988 rcmcisci
557 1952 593 1985 de
607 1951 820 1990 Observanlia
837 1964 855 1985 α
871 1954 1026 1997 praelatis

320 2005 461 2037 eiusdem
487 2004 620 2040 Ordinis
643 2006 687 2038 ad
711 2006 892 2039 tribunalia
917 2017 1026 2041 saecu-

319 2057 418 2097 laria,
428 2058 475 2093 vel
485 2059 635 2093 mutandi
646 2058 867 2091 ordinationes
878 2060 1026 2092 ministri

319 2111 498 2153 ycnerulis;
511 2112 739 2154 permissioque
760 2111 901 2144 habendi
916 2123 1024 2144 recur-

319 2175 390 2196 sum
410 2165 452 2197 ad
473 2167 575 2207 ipsum
595 2165 781 2201 ministrum
803 2165 850 2197 vel
867 2170 1024 2208 protecto-

320 2227 388 2249 rem
408 2222 465 2250 aut
486 2219 669 2252 Romanum
687 2218 880 2261 Pontificem
900 2217 926 2250 1.

276 2296 422 2331 Gregorius
434 2297 503 2332 Papa
512 2297 579 2330 xm.
589 2298 622 2326 ad
631 2299 794 2333 perpetuam
803 2298 845 2326 rei
854 2297 1024 2326 memoriam.

323 2366 480 2409 Quoniam
506 2377 615 2401 nostro
640 2367 792 2412 pastorali
821 2367 1024 2412 potissimum

277 2420 437 2454 incumbit
457 2421 575 2461 officio,
599 2427 632 2453 ut
653 2432 701 2462 ea,
725 2432 807 2465 quae
827 2427 906 2454 ausu
927 2426 1025 2454 teme-

278 2473 363 2509 rario
383 2474 422 2506 ab
443 2474 678 2515 ecclesiasticis,
695 2474 886 2519 praesertim
900 2473 1025 2517 regula-

106 2426 225 2451 hortium.

313 2551 324 2577 1
347 2549 405 2577 Alia
425 2550 459 2577 de
483 2550 536 2577 hoc
552 2550 655 2578 Ordine
684 2551 796 2578 attende
820 2551 848 2578 in
877 2549 980 2578 Leonis
1003 2549 1024 2576 X

276 2598 367 2622 const,
385 2600 473 2624 xxvxi.
489 2594 538 2629 Ite,
557 2598 622 2622 tom.
639 2601 665 2629 v,
683 2602 744 2630 pag.
761 2595 822 2623 692.

887 214 1064 240 BULLARIUM
1089 215 1237 240 Romamn!

1960 0 2009 106 3

1986 132 2005 151 J!

1847 212 1896 258 ¹5¹¹·
1911 213 1943 243 ο.
1957 166 2022 271 {Q

1083 267 1188 308 ribus,
1220 265 1365 311 personis
1392 267 1584 311 plerumque
1616 270 1827 306 attentantur,

1082 325 1239 363 quantum
1264 319 1356 352 nobis
1381 330 1418 352 ex
1442 320 1507 353 alto
1532 318 1740 359 conceditur,
1769 329 1828 363 op-

1081 373 1229 416 portunis
1249 372 1400 406 remediis
1421 383 1663 417 compescamus
1679 377 1710 405 et
1725 382 1828 406 remo-

1080 437 1222 459 veamus.
2012 464 2018 466 ,

1124 479 1139 522 g
1158 479 1188 512 l.
1210 478 1332 511 Idcirco
1349 489 1435 517 cum,
1453 479 1611 512 referente
1627 478 1746 511 dilecto
1757 477 1824 511 filio
1839 490 1907 512 eausa
1959 484 2020 516 anfi.

1079 532 1175 565 fratrc
1200 532 1429 575 Christophoro
1454 532 1493 564 de
1516 531 1626 576 Capite
1655 531 1822 572 Fontium,
1839 522 2010 549 ¹²¹⁰h⁵ffi⁸⁵⁰⁰⁵¹⁹³

1079 584 1213 618 fratrum
1235 585 1392 618 Minorum
1413 585 1452 617 de
1472 584 1676 618 Observantia
1699 584 1826 618 Ordinis

1078 638 1109 671 S.
1132 638 1294 671 Francisci
1320 638 1461 681 generali
1486 637 1646 678 ministro,
1672 648 1737 671 non
1756 638 1825 671 sine

1077 690 1176 723 animi
1196 691 1297 724 nostri
1318 691 1475 731 molestia,
1501 701 1606 734 nuper
1628 690 1823 724 intellexeri-

1077 755 1149 777 mus
1172 755 1405 787 nonnunquam
1430 744 1587 787 quosdam
1607 743 1774 787 religiosos
1792 748 1824 777 et

1076 797 1241 840 religiosas
1261 796 1388 832 Ordinis
1408 797 1457 830 sui
1477 796 1681 838 huiusmodi,
1703 796 1757 829 Dei
1782 796 1823 829 ti-.

1076 860 1165 882 more
1185 851 1362 895 postposito
1397 856 1426 883 et
1447 861 1523 883 suae
1541 849 1747 894 professionis
1761 849 1821 882 im—

1075 913 1247 943 memores,
1260 909 1296 936 ut
1316 903 1348 936 in
1368 914 1479 936 eorum
1498 902 1674 936 malefactis
1690 907 1721 935 et
1732 901 1823 935 inob-

1075 955 1215 989 edientia
1243 967 1276 989 se
1306 956 1427 990 diutius
1459 956 1664 996 confoveant,
1689 956 1730 989 ab
1760 955 1819 996 iis,

1074 1019 1157 1051 quae
1170 1020 1228 1053 per
1242 1009 1401 1052 praelatos
1413 1009 1557 1041 eiusdem
1574 1008 1711 1049 Ordinis,
1724 1008 1821 1042 etiam

1073 1062 1266 1104 guardianos
1285 1062 1350 1094 sive
1368 1061 1580 1105 provinciales
1599 1061 1648 1095 vel
1673 1061 1822 1094 commis-

1072 1115 1173 1147 sarios
1193 1115 1232 1147 ab
1252 1115 1321 1159 ipso
1341 1114 1483 1158 generali
1503 1114 1650 1147 ministro
1666 1124 1725 1158 pro
1743 1119 1822 1147 tem·
2007 1109 2025 1139 i}

1072 1178 1150 1210 pore
1166 1168 1348 1211 deputatos,
1375 1173 1446 1200 acta
1469 1173 1545 1200 sunt
1568 1172 1600 1200 et
1623 1167 1764 1207 decreta,
1781 1165 1821 1200 ad
1933 1163 1936 1166 ⁴
2007 1159 2024 1170 '¹

1072 1220 1247 1253 tribunalia
1266 1220 1445 1254 saecularia
1464 1220 1640 1264 appellare,
1666 1226 1698 1253 et
1721 1219 1759 1253 ad
1784 1230 1822 1253 ea
2011 1262 2014 1264 η

1071 1279 1192 1306 temere
1213 1273 1400 1316 confugere.
2012 1260 2029 1314 ξ

1115 1327 1130 1370 ξ
1147 1326 1177 1359 ⁶2.
1195 1327 1395 1359 Auctoritate
1411 1325 1598 1370 apostolica,
1615 1331 1728 1359 tenore
1739 1336 1821 1370 prae-
1860 1340 1986 1368 Appellamus
2005 1319 2026 1366 2⁵·

1070 1379 1222 1420 sentium,
1249 1379 1466 1424 praecipimus
1487 1384 1517 1412 et
1537 1379 1733 1420 inhibemus,
1760 1379 1820 1413 sub
1833 1366 2028 1426 Ροζῇξζζζᾞζξέ

1071 1433 1413 1466 excommunicationis
1424 1433 1507 1465 latae
1520 1432 1698 1466 sententiae
1709 1443 1817 1477 poena,
1833 1430 2027 1487 ξὶζὴῐῖζοὶᾎξξῆἓῗ

1070 1497 1087 1519 a
1107 1497 1171 1529 qua
1191 1496 1255 1519 non
1274 1486 1335 1518 nisi
1355 1497 1373 1519 a
1391 1485 1484 1518 nohis
1504 1496 1561 1518 seu
1577 1485 1722 1518 Romano
1737 1485 1834 1522 Pon-‚
1885 1471 1897 1493 Ρ
2002 1479 2010 1488 ”

1071 1540 1156 1572 tifice
1170 1550 1229 1583 pro
1247 1545 1393 1583 tempore
1408 1539 1574 1580 existente,
1591 1544 1819 1583 praeterquam

1070 1593 1102 1625 in
1114 1593 1226 1625 mortis
1240 1593 1390 1633 articulo,
1407 1592 1527 1625 absolvi
1541 1592 1676 1636 possint,
1692 1602 1820 1630 necnon

1069 1646 1253 1690 privationis
1277 1651 1452 1690 perpetuae
1476 1645 1658 1679 officiorum
1681 1656 1741 1689 per
1763 1655 1819 1678 eos

1069 1700 1290 1740 obtentorum,
1308 1705 1339 1732 ct
1353 1699 1562 1731 inhabilitatis
1576 1699 1615 1732 ad
1631 1699 1687 1731 illa
1706 1704 1738 1732 et
1756 1698 1819 1732 alia

1069 1763 1294 1795 quaecumque
1325 1752 1401 1785 dicti
1432 1751 1558 1785 Ordinis
1589 1751 1696 1785 officia
1728 1761 1819 1785 exere

1070 1805 1183 1846 cenda,
1211 1816 1247 1838 ac
1271 1805 1369 1845 vocis,
1396 1810 1460 1837 tam
1485 1804 1605 1837 activae
1625 1815 1720 1848 quam
1744 1814 1819 1848 pas-

1069 1858 1165 1898 sivae,
1187 1869 1225 1891 eo
1246 1858 1314 1902 ipso
1328 1858 1531 1891 incurrendis
1547 1857 1671 1902 poenis,
1687 1868 1728 1890 ne
1743 1857 1818 1900 quis

1069 1910 1276 1955 provincialis
1301 1916 1357 1944 aut
1380 1911 1480 1950 alius,
1507 1910 1742 1953 cuiuscumque
1767 1909 1817 1942 di-

1068 1964 1211 2007 gnitatis,
1234 1969 1347 2005 status,
1365 1965 1482 2007 gradus
1499 1969 1529 1996 et
1545 1962 1749 2004 conditionis,
1762 1962 1817 2002 Or-

1068 2017 1150 2054 dinis
1175 2017 1361 2054 huiusmodi
1385 2016 1554 2060 religiosus
1583 2021 1637 2049 aut
1667 2015 1817 2059 religiosa

1067 2071 1106 2102 ad
1128 2070 1195 2115 ipsa
1216 2070 1390 2103 tribunalia
1404 2068 1591 2110 saecularia,
1606 2068 1719 2113 quovis
1734 2079 1817 2112 prae-.

1067 2129 1153 2156 textu
1174 2130 1229 2157 aut
1249 2123 1395 2167 quaesito
1420 2123 1540 2163 colore,
1562 2128 1598 2155 ut
1622 2122 1813 2164 praefertur,

1066 2177 1241 2220 appellare,
1256 2178 1305 2210 vel
1321 2177 1376 2210 illa
1397 2183 1568 2221 propterea
1581 2175 1812 2219 quoquomodo

1066 2230 1153 2263 adire
1174 2231 1312 2264 audeant
1330 2230 1379 2263 vel
1398 2235 1618 2274 praesumant,
1635 2229 1691 2262 sed
1706 2228 1732 2262 si
1746 2238 1781 2261 se
1795 2238 1814 2260 a

1065 2283 1216 2326 praelatis
1236 2283 1301 2316 suis
1321 2282 1444 2326 gravari
1464 2283 1686 2326 praetendant,
1703 2281 1744 2314 ad
1759 2291 1814 2324 ge-

1066 2337 1206 2370 neralem
1228 2336 1411 2369 ministrum
1431 2336 1531 2380 ipsius
1551 2335 1678 2370 Ordinis
1700 2345 1756 2368 seu
1775 2333 1814 2366 il—

1066 2389 1126 2422 lius
1147 2395 1364 2433 protectorem
1384 2394 1439 2422 aut
1458 2389 1755 2432 vice-protectorem
1779 2386 1812 2420 in

1066 2438 1209 2471 Romana
1228 2438 1336 2479 Cui-ia,
1356 2438 1407 2471 vel
1426 2438 1466 2470 ad
1481 2448 1538 2471 nos
1553 2437 1617 2470 sive
1629 2437 1811 2469 Romanum

1064 2486 1253 2519 Pontificem
1273 2496 1493 2519 successorem
1512 2491 1670 2524 nostrum,
1695 2494 1811 2527 supre-

1066 2545 1152 2567 mum
1174 2535 1206 2568 in
1226 2535 1369 2568 Ecclesia
1389 2534 1443 2568 Dei
1465 2534 1616 2574 iudicem,
1633 2533 1716 2566 sicut
1731 2531 1812 2565 anti-

1064 2583 1172 2627 quitus
1193 2594 1320 2629 semper
1340 2589 1531 2618 consuetum
1550 2582 1620 2624 suit,
1641 2590 1810 2616 recursum

2015 1053 2018 1060 .
1992 746 2023 1030 „.„14-;—‚S.,gb=aev·tao‘·
2004 694 2015 723 ³·—
2001 644 2010 675 ’λ’
2004 604 2009 618 '·
