2059 3228
25 270 61 298 A..
87 267 106 294 C
121 266 187 294 ¹572

46 1304 108 1328 πᾶσι
127 1306 188 1328 «ηι-

7 1343 31 1359 n:
41 1338 142 1363 umu-

806 260 980 286 cnccnmrs
1005 251 1057 284 rm
1084 259 1128 284 rr.

1670 243 1689 273 ,σ’-

202 317 447 350 confirmatione
462 316 638 360 apostolica
657 314 704 348 vel
722 313 833 357 quavis
844 312 945 345 sirmi-
988 312 1126 344 dationis
1141 310 1197 343 Pto
1215 310 1298 353 Papa
1327 309 1346 341 V
1364 307 1609 352 praedecessore
1625 309 1734 337 nostro

203 372 264 399 tate
276 366 336 398 alia
357 366 525 404 roboratis,
544 363 717 408 privilegiis
729 371 875 406 quoquc,
896 361 945 393 in-

202 415 298 447 ‹lnltis
315 422 343 447 ct
356 414 468 448 litteris
479 413 672 457 apostolicis,
683 411 847 455 quibusvis
866 410 947 443 iudi-

203 463 371 501 cibns‚t:nn
383 463 553 496 ordinariis
565 473 659 506 quam
673 459 868 503 delegatis,et
879 458 946 502 qui-

202 512 307 545 busvis
326 514 407 551 aliis.
425 513 483 545 snb
507 513 762 556 quibuscumque
782 508 946 541 tenoribus

202 567 229 594 ct
257 562 384 602 tin-inis,
411 574 446 594 ac
468 572 541 595 cnm
562 557 742 604 quibusvis,
777 557 872 589 etiam
890 557 945 590 de-

203 611 436 653 rogator-iarum
465 607 672 652 derogatoriis
711 606 845 649 aliisque
877 606 945 639 essi-

203 659 385 692 cacioribus
405 666 433 692 et
455 658 599 698 insolitis,
619 654 783 695 clausulis,
816 655 945 687 irritan-

203 708 352 752 tibusquc
382 714 409 742 et
443 708 512 741 aliis
540 705 674 740 decretis
702 704 944 748 quomodolibet

203 757 382 798 concessis,
409 755 619 795 confirmatis,
646 753 831 798 approbatis
846 759 875 786 et
896 753 945 786 in-

203 806 334 839 novatis.
358 799 659 845 Quibus'omnibus,
687 801 810 835 etiamsi
825 801 864 835 de
884 802 947 835 illis

203 866 382 899 eorumque
397 855 470 888 totis
483 852 647 886 tenoribus
658 851 805 895 specialis
815 877 824 890 ,
846 851 947 895 speci-

203 904 265 937 fica
280 909 311 949 et
319 913 463 948 expressa
473 901 591 935 mentio
602 900 761 940 habenda,
773 905 829 932 aut
839 900 946 943 aliqua

203 953 265 986 alia
279 952 432 996 exquisita
443 952 544 984 forma
559 950 597 984 ad
609 950 671 983 hoc
681 949 835 982 servanda
846 949 943 990 foret,

205 1007 330 1036 tenores
352 999 537 1034 huiusmodi
562 998 784 1044 praesentibus
813 1008 872 1042 pro
892 1009 945 1032 ex-

205 1051 320 1094 pressis
347 1050 519 1090 habentes,
556 1049 620 1082 illis
651 1049 728 1082 alias
752 1048 785 1081 in
810 1059 868 1082 suo
892 1060 945 1083 ro-

201 1099 280 1133 bore
299 1098 535 1143 permansuris,
575 1098 636 1131 hae
662 1097 730 1131 vice
759 1097 943 1138 dumtaxat,

202 1147 382 1193 specialiter
401 1153 432 1181 et
450 1157 599 1192 expresse
625 1146 830 1189 derogamus,
863 1152 947 1180 cete-

201 1197 307 1240 risque
327 1196 497 1230 contrariis
521 1196 794 1240 quibuscumque.

208 1263 223 1280 o
243 1247 258 1290 ἓ
282 1246 313 1280 6.
339 1246 499 1286 Ceterum,
515 1246 591 1289 quia
611 1245 740 1278 difficile
758 1246 839 1279 foret
855 1256 946 1289 prae-

199 1302 304 1331 sentes
332 1295 451 1329 litteras
477 1296 517 1329 ad
552 1295 677 1338 singula
701 1306 848 1338 quaeque
876 1296 946 1328 loca

199 1345 338 1386 deferri,
363 1345 512 1379 volumus
541 1350 571 1378 et
597 1344 746 1377 similiter
772 1343 946 1387 apostolica

199 1394 388 1428 auctoritate
402 1394 608 1427 decernimus
625 1392 712 1436 quod
723 1392 850 1425 illarum
861 1398 947 1425 tran-

199 1443 335 1488 sumptis
345 1453 442 1476 manu
453 1442 591 1476 alicuius
601 1441 717 1476 notarii
735 1441 857 1485 publici
869 1443 944 1475 sub-

199 1492 325 1537 scriptis
347 1497 404 1526 etc.

242 1541 357 1574 Datum
373 1541 493 1574 Romae
517 1540 605 1585 apud
622 1539 775 1573 Sanctum
795 1539 924 1573 Petrum
937 1567 944 1581 ‚

163 1605 168 1610 ·
198 1591 259 1624 sub
273 1591 393 1624 annulo
406 1589 588 1631 piscatoris,
603 1589 652 1623 die
667 1599 706 1622 xv
717 1589 791 1622 maii
804 1599 944 1630 iianxn,

34 2498 145 2559 iamt...

198 1640 405 1685 pontificatus
427 1639 529 1673 nostri
549 1650 634 1673 anno
658 1649 679 1672 1.

253 1698 317 1730 Dat.
333 1698 380 1729 die
396 1699 433 1728 15
448 1698 518 1728 maii
540 1697 632 1736 1572,
653 1697 756 1738 pontif.
776 1706 852 1728 anno
870 1707 890 1728 1.

780 1763 793 1771 ο

574 1787 611 1820 ΙΙ.

199 1854 266 1890 Pro
289 1855 532 1898 congyreqatt'one
549 1853 583 1886 S.
606 1853 773 1886 Benedicti
791 1855 828 1886 in
853 1864 948 1897 reqno

243 1903 462 1948 Portuqalliae
481 1904 643 1946 copulatio
655 1907 855 1936 necatorum
865 1903 949 1936 titte-

242 1963 355 1986 rarum
389 1952 447 1985 Ρὶἰ
489 1952 515 1985 V
540 1962 634 1995 snper
657 1953 813 1985 erectione
844 1953 949 1986 (lictae

247 1999 504 2046 covtqreqatiottis
525 2002 552 2033 1.

212 2068 357 2105 Gregorius
374 2069 515 2106 episcopus
530 2076 624 2098 servus
646 2075 786 2098 servorum
805 2069 861 2105 nei,
882 2070 951 2099 dile·

248 2119 304 2147 ctis
319 2118 386 2148 filiis
407 2118 502 2149 curiae
518 2125 662 2147 causarum
684 2119 811 2148 camerae
834 2120 950 2155 Aposto-

247 2167 316 2197 lieae
325 2168 445 2204 generati
462 2169 582 2198 auditori
596 2175 628 2197 ac
643 2168 831 2198 archidiacono
845 2169 878 2197 de
887 2169 953 2198 Ver-

247 2218 319 2247 moin
339 2217 369 2246 in
387 2218 500 2247 eeclesia
513 2218 672 2248 Bracharen.
699 2219 729 2247 et
749 2219 879 2248 ministro
897 2224 953 2247 mo-

248 2267 366 2298 nasterii
392 2274 440 2304 per
461 2268 620 2298 ministrum
629 2268 776 2304 gubernari
795 2268 871 2297 soliti
884 2269 951 2297 San-

249 2316 388 2346 ctissimae
415 2316 560 2346 Trinitatis
604 2318 808 2353 utyxbonensis,
848 2318 954 2348 ordinis

249 2366 449 2402 redemptionis
465 2365 651 2404 captivorum,
670 2367 786 2397 salutem
798 2368 828 2397 et
842 2369 953 2404 aposto-

248 2414 332 2444 licam
344 2415 565 2445 benedictionem.

254 2473 348 2508 Iustis
371 2475 550 2519 petentium
576 2475 655 2508 votis
673 2475 812 2509 libenter
835 2476 953 2510 annui-

207 2534 298 2565 mus,
323 2534 425 2568 eaque
453 2523 614 2557 favoribus
640 2525 869 2569 prosequimur
899 2535 955 2569 op-

207 2572 365 2619 portunis.
387 2573 511 2608 Dudum
536 2572 685 2617 siquidem
722 2574 823 2608 felicis
847 2584 957 2608 recor-

243 2641 256 2669 ¹
272 2640 313 2668 Ex
328 2639 426 2676 Regest
452 2641 478 2667 in
496 2640 598 2669 Secret.
620 2641 699 2668 brev.

987 371 1177 398 enianarunt
1207 364 1329 396 litterae·
1354 361 1474 395 tenoris
1497 357 1731 401 subsequentis.

1031 420 1045 459 ,ξ
1070 417 1100 449 Ἰ.
1129 416 1202 449 l‘ins
1226 416 1413 459 episcopus,
1438 422 1546 446 servus
1569 420 1733 443 servorum

989 471 1039 503 liei
1054 498 1061 510 ,
1097 470 1134 503 ad
1170 474 1357 513 perpetuam
1390 467 1435 500 rei
1462 464 1664 499 memoriam.
1700 464 1733 496 In

987 519 1140 553 ‹nnincnti
1170 517 1332 561 dignitatis
1360 515 1554 559 apostolicae
1578 513 1732 557 specula,

988 568 1108 601 meritis
1133 567 1207 600 licet
1236 564 1433 609 imparibus,
1463 563 1566 596 divina
1599 561 1734 606 disposi-

988 617 1073 649 tione
1098 615 1218 655 vocati‚
1240 614 1279 646 ad
1300 624 1335 646 ea
1360 613 1496 645 libenter
1519 611 1734 650 intendimus,

987 676 1045 709 per
1063 676 1159 709 quae,
1181 662 1352 697 eliminatis
1367 660 1733 704 singulisreligiosorum

987 714 1142 748 Ordinum
1172 712 1326 755 abusibus
1347 715 1377 744 ct
1397 710 1621 751 incommodis,
1652 721 1735 754 quae

988 764 1017 796 in
1052 774 1106 797 eos
1140 767 1243 796 tractu
1276 759 1429 804 temporis
1466 758 1676 792 diversimode
1691 759 1735 792 ir-

988 819 1176 857 repserunt,
1217 809 1357 853 antiquis
1403 807 1468 841 suis
1508 807 1736 851 praerogativis

987 867 1015 895 et
1056 861 1208 905 pristinae
1243 857 1387 902 dignitati
1430 856 1663 896 restituantu1·;
1706 863 1736 890 et

987 917 1019 943 ut
1050 911 1082 944 id
1112 909 1238 943 facilius
1279 904 1431 950 subsequi
1471 905 1590 949 possit,
1625 905 1735 938 catho-

986 959 1124 993 licorum
1145 968 1257 1002 regum
1277 962 1364 996 vota,
1391 964 1473 999 quae
1498 953 1537 986 ad
1557 953 1588 986 id
1606 953 1736 987 tendere

987 1008 1226 1053 conspicimus,
1268 1006 1408 1039 libenter
1448 1003 1487 1036 ad
1525 1002 1736 1036 exauditionis

987 1058 1122 1102 gratiam
1161 1056 1378 1095 admittimus,
1416 1052 1558 1095 aliasque
1598 1051 1736 1095 desuper·

987 1107 1189 1151 disponimus
1202 1133 1210 1147 ,
1231 1109 1350 1150 prout,
1377 1111 1486 1136 rerum
1503 1106 1533 1134 et
1553 1106 1735 1145 temporum

987 1157 1139 1201 qualitate
1160 1160 1302 1200 pensata,
1319 1151 1538 1196 conspicimus
1554 1150 1584 1183 in
1600 1150 1736 1183 Domino

987 1205 1158 1239 salubriter
1182 1204 1344 1249 expedire.
1371 1202 1453 1235 Sane
1477 1199 1684 1233 charissimus
1704 1199 1735 1232 in

987 1255 1111 1289 Cbristo
1136 1255 1222 1287 tilius
1247 1258 1355 1286 noster
1379 1249 1595 1289 Sebastianus,
1621 1249 1735 1282 Portu-

987 1305 1101 1347 galliae
1115 1311 1145 1337 et
1157 1303 1382 1346 Algarbiorum
1394 1312 1447 1333 rex
1460 1298 1606 1339 illustris,
1619 1297 1735 1342 exponi

987 1354 1079 1387 nobis
1103 1363 1209 1396 nuper
1228 1351 1299 1385 fecit
1313 1349 1492 1394 quodipsc,
1514 1347 1637 1380 dudum
1659 1357 1736 1390 pro-

987 1403 1057 1436 vide
1081 1401 1289 1435 considerans
1321 1398 1516 1443 quamplura
1540 1395 1733 1430 monasteria

987 1452 1114 1486 Ordinis
1138 1450 1246 1485 Sancti
1270 1447 1450 1487 Benedicti,
1476 1446 1509 1479 in
1530 1456 1588 1479 suo
1618 1445 1735 1478 Portu-

987 1500 1101 1545 galliae
1138 1509 1238 1543 regno
1276 1495 1480 1531 consistentia
1496 1523 1504 1537 ,
1542 1494 1660 1540 partim
1696 1494 1736 1527 ob

988 1551 1207 1595 praelatorum
1240 1556 1395 1587 suorum,
1432 1545 1488 1588 qui
1513 1544 1559 1578 eis
1582 1544 1737 1576 hactenus

988 1599 1201 1643 praefuerunt
1224 1596 1274 1630 vel
1298 1596 1353 1628 illa
1376 1595 1409 1627 in
1434 1590 1658 1627 commendam
1679 1592 1736 1625 ob-

987 1649 1174 1687 tinuerunt,
1198 1643 1425 1689 negligentiam
1451 1643 1638 1685 malumque
1656 1641 1738 1684 regi-

989 1708 1081 1737 men,
1116 1695 1233 1741 partim
1253 1694 1294 1727 ob
1324 1693 1512 1737 depravatos
1536 1690 1568 1723 in
1602 1690 1647 1723 eis
1678 1701 1737 1734 pro

988 1753 1134 1791 tempore
1144 1742 1347 1779 existentium
1367 1740 1602 1774 monachorum
1617 1749 1736 1780 mores,

989 1797 1028 1829 ab
1052 1794 1184 1838 antiqua
1220 1793 1276 1826 illa
1312 1790 1388 1824 dieti
1420 1788 1547 1822 Ordinis
1571 1787 1739 1831 disciplina

990 1851 1020 1878 et
1050 1843 1204 1887 religione
1234 1842 1278 1874 ita
1302 1838 1502 1878 discessisse,
1534 1842 1567 1869 ut
1588 1836 1631 1868 ibi
1652 1836 1740 1868 nulla

990 1895 1112 1927 formae
1127 1890 1285 1935 regularis
1304 1886 1522 1922 observantiae
1537 1885 1665 1928 vestigia
1685 1896 1740 1918 su—

990 1953 1118 1986 peresse
1146 1941 1331 1979 videantur3
1357 1948 1393 1970 ac
1413 1941 1594 1981 propterea,
1615 1934 1741 1967 afflictis

990 1993 1034 2025 ibi
1051 1991 1211 2036 praefatae
1230 1986 1404 2031 Religionis
1423 1985 1519 2019 rebus
1534 1994 1738 2024 succurrere,

991 2042 1111 2085 illaque
1135 2040 1169 2073 in
1192 2038 1305 2073 eodem
1329 2046 1428 2079 regno
1449 2044 1507 2067 suo
1521 2060 1529 2074 ,
1551 2033 1591 2066 ad
1616 2032 1742 2065 divinae,

991 2089 1161 2124 Maiestatis
1184 2089 1342 2121 honorem
1368 2090 1398 2118 et
1421 2083 1578 2127 gloriam,
1613 2080 1741 2114 meliori

993 2150 1058 2183 quo
1094 2143 1201 2183 posset
1234 2136 1331 2169 modo
1369 2142 1519 2177 reparare
1543 2130 1740 2169 desiderans,

994 2199 1069 2222 curn
1083 2187 1275 2232 praesertim
1294 2184 1382 2217 illam
1402 2183 1435 2215 in
1454 2180 1562 2214 Italiae
1583 2184 1613 2213 et
1627 2179 1741 2222 Hispa-

993 2238 1121 2271 niarum
1146 2233 1319 2280 provinciis
1343 2231 1478 2274 aliisque
1506 2230 1585 2262 locis
1608 2227 1744 2261 feliciter

993 2287 1111 2321 florere
1138 2284 1358 2330 prospiceret,
1382 2281 1464 2314 duos
1487 2282 1646 2323 spectatae
1666 2276 1743 2310 reli-

994 2335 1098 2379 gionis
1131 2340 1162 2368 et
1190 2331 1380 2377 prudentiae
1404 2328 1505 2374 ipsius
1524 2326 1651 2361 Ordinis
1675 2336 1744 2359 mo-

994 2384 1117 2418 nachos
1140 2382 1330 2416 reformatos
1354 2389 1391 2413 ex
1403 2377 1568 2423 provincia
1590 2375 1744 2410 Castellae

995 2432 1177 2473 accersivit,
1203 2439 1343 2474 quorum
1363 2438 1461 2472 opera
1479 2427 1660 2469 virtuteque
1679 2434 1744 2457 una

996 2481 1201 2526 congregatio
1225 2479 1461 2513 monachorum
1485 2475 1612 2511 Ordinis
1630 2474 1741 2507 huius-

997 2531 1084 2565 modi
1109 2531 1142 2564 in
1170 2528 1384 2572 Portugalliae
1408 2537 1508 2570 regno
1531 2523 1740 2564 huiusmodi,

997 2582 1138 2614 adinstar
1147 2579 1301 2612 Castellae
1317 2589 1372 2611 seu
1390 2577 1526 2611 Sanctae
1544 2574 1681 2621 Iustinae
1705 2573 1742 2606 de

997 2630 1105 2665 Padua
1135 2628 1185 2663 vel
1215 2626 1412 2662 cassinensis
1442 2623 1743 2670 congregationum,

1753 250 1793 278 Λη
1815 248 1843 276 C.
1864 250 1931 276 1572

1777 417 1807 439 Pu
1818 417 1843 443 V,
1851 419 1933 438 consu-

1750 455 1804 474 tutio
1813 459 1877 480 super
1886 459 1934 474 err*-

1750 487 1822 507 ctione
1839 490 1933 509 congre-

1751 517 1848 543 gationis.
