2059 3228
148 249 201 277 An.
217 248 246 275 Γ..
265 250 331 278 iss-2

210 1797 326 1820 Contrariis

143 1829 239 1856 deroga13

390 237 454 271 ssssfp
939 240 1118 264 nt'tJAtttt'it
1137 239 1287 265 noutxt'u

347 300 518 334 modolibet
549 302 668 341 spectat
690 301 717 329 et
740 295 770 328 in
801 296 944 329 futurum
972 299 1092 338 specta·
1134 292 1308 333 generevel
1331 291 1363 324 in
1382 290 1502 334 speeie,
1520 290 1614 324 etiam
1636 297 1724 326 motu
1746 294 1879 339 proprio
1931 283 1959 326 ’.

346 354 401 391 hit,
421 364 478 396 per
497 352 625 384 easdem
646 354 830 394 praesentes
862 348 1092 382 committimus
1134 358 1170 379 at·
1191 346 1268 379 alias
1287 345 1542 388 quomodolibet,
1567 345 1661 378 etiam
1690 346 1810 381 iteratis
1833 348 1878 381 vi-

345 414 372 440 et
395 406 586 438 mandamus
620 411 780 448 quatenus
799 404 859 448 ipsi
883 404 930 435 vel
951 403 1014 435 duo
1039 407 1093 434 aut
1135 400 1237 439 cibus,
1269 398 1440 439 concessis,
1473 398 1659 442 approbatis
1686 405 1716 432 et
1743 400 1879 434 innova-

345 471 429 493 unus
449 470 572 495 eorum,
595 469 654 502 per
676 469 710 491 se
732 458 783 491 vel
802 457 901 490 alium
922 468 977 489 seu
999 455 1090 495 alios,
1134 453 1183 485 tis.
1216 452 1340 491 Quibus
1361 451 1512 485 omnibus
1547 457 1576 485 ct
1606 451 1753 494 singulis,
1781 454 1879 488 etiam
1931 485 1936 491 .

1135 507 1158 539 si
1179 507 1217 539 de
1238 506 1300 538 illis
1321 516 1357 538 ac
1381 504 1454 538 totis
1481 515 1594 538 eorum
1626 505 1791 540 tenoribus
1808 517 1881 552 spe-

1135 559 1235 597 cialis,
1271 558 1442 603 specifica,
1478 558 1640 592 individua
1668 564 1700 592 et
1732 569 1882 604 expressa

343 518 527 558 praesentes
546 513 667 546 litteras
679 518 710 546 et
721 513 755 545 in
771 512 817 545 eis
832 516 980 545 contenta
992 520 1092 552 quae-

344 577 497 610 cumque,
519 566 575 600 ubi
600 572 631 599 et
651 565 781 610 quando
807 575 889 609 opus
922 564 1029 600 suerit,
1056 574 1092 595 ac

343 620 468 664 quoties
484 630 543 664 pro
563 624 653 664 parte
673 619 831 663 generatis
851 617 1022 662 praepositi
1044 616 1092 648 rel
1134 613 1254 647 mentio
1276 612 1423 646 habenda
1443 617 1497 645 aut
1516 612 1621 656 aliqua
1642 612 1702 646 alia
1723 613 1882 658 exquisita

343 674 480 707 aliarum
519 684 730 717 personarum
755 673 898 706 eiusdem
926 670 1093 705 Societatis
1134 667 1235 699 forma
1253 666 1292 699 ad
1311 667 1373 699 hoe
1393 666 1547 699 servanda
1565 670 1658 706 esset,
1680 667 1880 700 tenoreshu-

343 732 398 760 aut
417 727 555 760 alicuius
575 737 689 760 eorum
709 737 807 770 super
830 726 880 758 his
899 725 1017 757 suerint
1041 734 1091 756 re·
1135 721 1285 761 iusniodi,
1308 731 1344 753 ac
1365 720 1388 753 si
1414 720 1453 753 de
1472 720 1568 753 verbo
1584 719 1623 753 ad
1643 720 1776 753 verbum
1794 720 1880 754 inse-

343 780 464 824 quisiti,
484 780 670 814 solemniter
690 779 902 823 publicantes,
930 778 1042 821 eisque
1063 782 1093 810 et
1134 780 1284 807 rerentur
1318 774 1551 817 praesentibus,
1587 784 1647 817 pro
1684 767 1882 814 sufficienter

342 841 456 864 eorum
477 830 611 870 cuilibet.
629 830 662 863 in
673 829 857 874 praemissis
880 827 1020 861 efficacis
1040 827 1092 860 dc·
1133 828 1290 871 expressis
1309 828 1475 869 habentes,
1499 827 1561 860 illis
1592 827 1670 860 alias
1693 827 1731 860 in·
1744 837 1804 861 suo
1827 816 1881 862 ro-¹

342 884 496 918 tensionis
512 884 674 928 praesidio
684 884 879 921 assistentes,
893 881 1008 914 faciant
1022 891 1092 913 eas·
1133 882 1211 914 bore
1232 881 1462 925 permansuris,
1473 881 1533 915 hac
1549 881 1617 914 vice
1633 881 1797 915 dumtaxat
1811 891 1884 925 spe-

342 938 414 971 dein
434 942 619 982 praesentes
639 943 670 970 et
694 937 728 969 in
748 936 794 970 eis
819 940 969 968 contenta
995 944 1093 977 quae-
1134 935 1257 968 cialiter
1273 940 1302 968 et
1314 945 1461 979 expresse
1481 930 1683 979 derogamus,
1703 934 1883 979 ceterisque

343 1002 480 1035 cumque
508 991 548 1024 ab
572 991 735 1030 omnibus,
765 1000 845 1032 quos
872 989 926 1022 illa
960 996 1093 1021 roncer-
1134 988 1661 1032 contrariisquibuscumque.Seu
1673 988 1880 1035 sialiquibuS‚

339 1051 434 1086 nant,
460 1046 584 1088 integre
609 1050 640 1078 et
668 1043 896 1077 inviolabiliter
915 1040 1088 1075 observari.
1134 1042 1351 1075 communiter
1361 1042 1405 1075 vel
1423 1041 1560 1082 divisim,
1574 1042 1613 1074 ab
1627 1041 1788 1075 eademsit
1798 1040 1882 1075 Sede

338 1098 409 1132 nm
429 1098 648 1144 permittentes
669 1109 722 1131 eos
739 1102 795 1130 aut
818 1106 931 1130 eorum
951 1095 1091 1138 aliquem
1137 1095 1295 1128 indultum
1325 1096 1411 1138 quod
1442 1095 1614 1136 interdici,
1650 1094 1802 1139 suspendi
1830 1093 1883 1128 vel

337 1152 479 1196 desuper
512 1158 624 1186 contra
649 1150 838 1184 earumdem
873 1148 1092 1193 praesentium
1133 1149 1406 1182 excommunicari
1426 1160 1491 1182 non
1529 1149 1653 1193 possint
1675 1159 1735 1193 per
1758 1148 1884 1182 litteras

337 1211 485 1239 tenorem
498 1203 894 1248 quomodolibetindebite
914 1201 1089 1235 molestari.
1133 1203 1326 1245 apostolicas
1355 1213 1420 1235 non
1444 1202 1597 1236 saeientes
1616 1203 1746 1246 plenam
1769 1206 1802 1235 et
1826 1211 1882 1236 ex-

339 1258 598 1292 Contradictores
626 1257 787 1301 quoslibet
811 1263 841 1290 et
874 1256 1012 1289 rebelles
1034 1265 1093 1298 pcr
1134 1266 1277 1300 pressam
1301 1266 1338 1288 ac
1363 1256 1401 1288 de
1433 1255 1529 1289 verbo
1560 1255 1600 1288 ad
1617 1255 1752 1288 verbum
1771 1254 1811 1288 de
1829 1253 1882 1288 in-

339 1311 524 1351 sententias,
553 1322 706 1345 censuras
733 1317 763 1343 et
793 1320 914 1354 poenas
941 1308 1092 1341 ecclesia·
1134 1310 1222 1342 dulto
1237 1308 1422 1342 huiusmodi
1444 1308 1653 1343 mentionem.

341 1366 435 1399 sticas
455 1366 583 1408 aliaque
603 1370 787 1408 opportuna
806 1363 887 1396 iuris
903 1368 934 1396 et
951 1362 1023 1394 facti
1040 1372 1092 1394 re-
1112 1327 1115 1411 Ξ
1178 1364 1193 1406 g
1212 1363 1243 1396 9.
1266 1362 1420 1395 Volumus
1445 1367 1553 1395 autem
1573 1362 1661 1406 quod
1694 1361 1883 1396 earumdem

340 1419 457 1459 media,
491 1419 707 1463 appellatione
733 1417 926 1461 postposita,
962 1426 1092 1459 compe·
1134 1416 1353 1459 praesentium
1382 1416 1605 1460 transumptis,
1627 1426 1725 1448 manu
1745 1415 1883 1449 alicuius

341 1473 472 1512 scendo,
494 1471 710 1515 legitimisque
742 1481 840 1513 super
867 1470 917 1501 his
936 1469 1094 1502 habendis
1135 1470 1252 1502 notarii
1273 1470 1395 1514 publici
1416 1470 1606 1514 subscriptis
1632 1475 1662 1503 et
1681 1469 1786 1512 sigillo
1821 1468 1882 1503 ati-

341 1525 472 1558 servatis
495 1524 710 1568 processibus,
734 1523 918 1563 sententias,
941 1533 1094 1555 censuras
1135 1524 1226 1556 cuius
1246 1534 1402 1567 personae
1424 1523 1456 1555 in
1481 1523 1638 1565 dignitate
1665 1521 1883 1556 ecclesiastiea

340 1584 372 1612 et
391 1589 511 1622 poenas
533 1579 615 1621 ipsas
640 1578 736 1610 etiam
757 1577 878 1609 iteratis
896 1577 1018 1609 vicibus
1038 1587 1093 1618 ag·-
1135 1577 1326 1610 constitutae
1359 1587 1413 1609 seu
1447 1577 1544 1610 etiam
1575 1575 1676 1620 ipsius
1706 1573 1883 1620 praepositi

341 1633 504 1675 gravando
521 1643 528 1671 ;
547 1632 695 1664 invocato
712 1631 806 1664 etiam
822 1630 861 1662 ad
878 1631 952 1665 hoc,
975 1631 1000 1662 si
1012 1640 1095 1673 opus
1136 1631 1304 1663 Societatis
1341 1630 1486 1670 munitis,
1509 1630 1620 1663 eadem
1640 1630 1785 1672 ‘prorsus
1803 1628 1883 1662 fides

342 1685 449 1725 suerit,
470 1685 589 1717 auxilio
610 1684 732 1717 brachii
753 1683 939 1716 saecularis.
1136 1685 1168 1717 in
1190 1684 1306 1717 iudicio
1323 1690 1352 1716 et
1373 1689 1461 1717 extra
1479 1683 1682 1723 adhibeatur,
1704 1692 1787 1727 quae
1804 1681 1883 1726 ipsis

387 1738 402 1781 ξ
425 1737 456 1770 8.
478 1738 548 1770 Non
565 1737 767 1770 obstantibus
783 1736 886 1769 felicis
898 1736 1094 1769 recordatio·
1114 1772 1117 1794 ι
1136 1737 1348 1781 originalibus
1366 1736 1482 1770 litteris
1497 1736 1720 1778 adhiberetur,
1737 1735 1764 1769 si
1776 1735 1884 1769 forent

342 1791 392 1824 nis
416 1791 570 1824 Bonisacii
602 1791 666 1823 vill
696 1790 735 1822 de
764 1800 841 1829 una,
872 1795 903 1822 et
931 1789 963 1821 iu
985 1789 1094 1821 conci·
1114 1809 1117 1862 ι
1136 1791 1296 1824 exhibitae
1316 1792 1363 1823 vel
1383 1796 1540 1824 ostensae.

340 1846 386 1879 lio
417 1845 561 1888 generali
602 1844 686 1877 edita
725 1844 764 1876 de
802 1843 929 1876 duabus
966 1842 1092 1883 diaetis,
1114 1863 1117 1892 Ι
1181 1845 1293 1877 Datum
1309 1845 1429 1877 Romae
1449 1844 1534 1888 apud
1545 1844 1576 1877 S.
1595 1842 1814 1883 Petrum‚sub
1828 1852 1886 1876 an-

342 1894 520 1927 dummodo
541 1894 625 1926 ultra
661 1899 725 1925 tres
745 1893 866 1925 diaetas
886 1892 958 1935 quis
984 1891 1095 1935 vigore
1136 1900 1213 1932 „1110
1237 1898 1419 1939 Piscatori&
1441 1898 1493 1931 die
1527 1897 1652 1931 decima
1688 1902 1800 1930 octava
1831 1895 1886 1929 de.

342 1943 561 1988 praesentium
595 1943 635 1975 ad
656 1941 813 1974 iudicium
840 1951 904 1973 non
932 1941 1092 1980 trahatur,
1136 1952 1275 1986 [gembl-is
1317 1962 1472 1993 MDLXXVI,
1519 1951 1728 1988 Dontjfifflms
1782 1947 1886 1984 nostri

343 1998 373 2026 et
393 1992 464 2036 piae
485 1991 659 2025 memoriae
680 1989 861 2034 Symmachi
882 2001 918 2022 ac
944 1989 1034 2022 Pauli
1055 1989 1091 2029 ll,
1135 2017 1220 2039 anno
1235 2016 1265 2038 v.
1519 1990 1530 1995 ‘
1682 1992 1684 1994 '

343 2041 629 2085 praedecessorum
673 2046 872 2078 nostrorum,
912 2038 952 2071 de
997 2038 1095 2071 rebus

342 2089 503 2123 Ecclesiae
519 2100 584 2122 uon
599 2088 789 2125 alienandis,
810 2088 860 2120 vel
879 2087 1027 2120 alienatis
1044 2098 1093 2119 re·
1428 2118 1434 2123 ,
1604 2117 1611 2123 ,
1656 2118 1662 2124 ,

344 2139 537 2182 cuperandis
551 2166 559 2180 ‚
585 2139 722 2182 aliisque
759 2135 1044 2170 constitutionibus
1064 2141 1095 2168 et
1271 2172 1276 2177 ,
1336 2117 1490 2177 εθφιῑιωῖ
1508 2117 1679 2177 annam-²²⁰
1759 2170 1767 2178 .

344 2189 600 2222 ordinationibus
633 2187 832 2232 apostolicis;
861 2195 989 2218 necnon
1022 2185 1094 2228 qui·
1241 2172 1346 2204 ‘imme
1364 2175 1570 2204 ‘¹¹¹⁶tm'llal'ls
1595 2169 1775 2204 alwn‘md'·

345 2237 462 2278 bnsvis,
486 2238 580 2270 etiam
619 2237 813 2275 iuramento,
846 2234 1094 2268 confirmatione

345 2286 521 2327 apostolica
537 2286 586 2318 vel
606 2286 714 2328 quavis
746 2284 896 2317 firmitate
916 2282 978 2315 alia
998 2283 1094 2316 robo-

348 2334 433 2373 ratis,
456 2334 580 2367 statutis
613 2339 643 2366 et.
677 2331 1096 2375 consuettulinibus3‹privi-

347 2382 435 2424 legiis
455 2393 596 2426 quoque,
616 2383 751 2415 indultis
763 2388 794 2415 et
812 2377 926 2414 litteris
941 2380 1094 2423 apostoli·
1180 2377 1222 2409 Ex
1244 2377 1354 2410 debito
1373 2376 1543 2421 pastoralis
1562 2375 1659 2409 officii
1671 2375 1712 2409 ad
1730 2385 1769 2408 ea
1782 2373 1884 2407 liben-

348 2431 392 2463 cis
412 2432 588 2474 quibusvis,
615 2432 674 2465 sub
707 2431 968 2476 quibuscumque
1003 2434 1095 2463 tcnoss
1139 2437 1186 2463 tcr
1202 2430 1482 2474 intendimus,per
1501 2440 1584 2474 quae
1598 2428 1822 2472 reugiosorum
1837 2427 1884 2459 lo-

348 2479 435 2512 ribus
475 2487 504 2514 ct
545 2482 656 2514 formis
675 2509 682 2519 ,
724 2492 761 2513 ac
798 2491 870 2513 cum
906 2479 1092 2523 quibusvis,
1137 2490 1247 2512 corum
1274 2490 1311 2512 ac.
1335 2489 1545 2522 personarum
1572 2479 1604 2511 in
1623 2478 1669 2511 eis
1698 2476 1883 2520 degentium

348 2529 441 2560 etiam
472 2530 748 2572 derogatoriartuu
787 2528 996 2571 derogaturus
1036 2529 1095 2561 ali-
1115 2558 1118 2561 .
1139 2529 1292 2561 utilitates
1311 2534 1340 2561 et
1367 2528 1537 2561 commoda
1555 2527 1681 2560 valcant
1698 2524 1881 2570 procurari.

349 2576 439 2620 isque
465 2578 698 2611 efficacioribus
732 2584 764 2611 et
796 2578 940 2618 insolitis,
965 2578 1095 2610 clausu·
1181 2576 1405 2620 §tExhibiia
1425 2575 1683 2619 siquidemnobis
1695 2583 1808 2617 nuper,
1823 2583 1884 2618 pro

350 2624 400 2666 lis,
427 2635 464 2658 ac
496 2625 696 2660 irritantibus
723 2633 753 2660 et
783 2627 855 2660 aliis
884 2627 1030 2668 decretis,
1063 2626 1096 2659 in
1137 2633 1227 2670 parte
1247 2626 1356 2659 dilecti
1377 2625 1433 2658 lilii
1457 2624 1582 2658 Claudii·
1599 2623 1776 2668 Aquavivae
1787 2632 1882 2667 prae-

1181 2252 1327 2287 Gregorius
1345 2253 1488 2288 episcopus
1509 2258 1605 2280 servus
1619 2255 1761 2280 servorum
1778 2249 1840 2282 Dei.

1279 2306 1314 2334 ad
1331 2306 1492 2341 perpetuam
1505 2305 1548 2334 rei
1566 2304 1737 2333 memoriam.
