2059 3228
93 0 139 38 ἦ,

81 179 201 222 (ἕρίὸῖθ

205 262 395 307 repererint,
407 261 443 296 ad
452 261 725 303 baccalaureatus,
734 262 945 297 licentiaturae

204 315 453 359 doctoratusquc
477 322 506 348 ct
529 316 702 357 magisterii
721 316 852 359 gradus,
878 326 945 349 ser-

203 373 271 401 vata
290 368 392 402 forma
404 369 534 402 concilii
547 369 744 410 Viennensis,
766 369 852 402 iuxta
867 369 944 403 Uni-

201 421 358 456 versitatis
381 422 524 455 ciusdem
553 423 646 456 Urbis
679 422 943 456 consuetudinem

200 484 257 509 seu
285 474 363 508 alias
388 476 606 518 promovendi,
634 481 664 509 et
697 475 839 519 ipsorum
869 484 942 518 gra-

199 527 299 561 duum
316 528 409 561 solita
425 528 561 571 insignia
572 529 617 561 eis
633 528 822 567 exhibendi3
840 528 942 571 quod-

197 590 261 624 que
283 580 329 614 sic
349 582 486 627 promoti
508 582 684 622 facultates,
699 581 730 614 in
747 581 940 624 quibusstu-

197 633 338 674 duerint,
365 634 470 677 legere
495 640 525 668 et
546 634 760 678 interpretari,
780 644 816 666 ac.
836 633 874 666 de
895 634 940 666 eis

197 685 372 730 disputare,
408 694 439 721 et
477 698 699 731 quoscumque
735 687 847 730 gradui
881 698 938 720 seu

192 739 346 782 gradibus
373 741 557 774 huiusmodi
591 740 815 774 convenientes
848 746 938 774 actus

192 803 353 833 exercere,
375 805 411 827 ac
439 794 588 827 omnibus
608 799 638 826 et
661 793 794 836 singulis
813 794 934 835 gratiis,

190 845 363 887 favoribus,
391 846 620 890 praerogativis
639 852 670 879 et
690 846 833 884 indultis,
862 847 935 891 qui-

189 897 250 931 bus
269 898 323 931 alii
343 898 376 932 in
406 899 572 942 praedicta
596 909 651 932 seu
677 899 749 931 aliis
772 899 933 932 Universi-

188 951 308 984 tatibus
326 957 356 985 et
383 952 470 993 alibi,
506 952 591 985 iuxta
626 952 712 985 illius
735 957 766 985 ct
797 953 932 986 aliarum

187 1003 433 1038 Universitatum
443 1005 630 1038 huiusmodi
641 1005 887 1039 constitutiones
901 1011 933 1039 et

189 1065 306 1099 mores,
329 1058 369 1091 ad
392 1057 510 1101 gradus
533 1058 713 1102 praedictos
733 1059 871 1102 promoti
892 1059 930 1092 de

186 1110 257 1144 iure
271 1111 320 1144 vel
339 1111 575 1145 consuetudine
592 1117 739 1152 utuntur,
761 1112 931 1156 potiuntur

184 1170 216 1197 et
238 1164 394 1207 gaudent,
415 1175 452 1197 ac
476 1165 533 1205 uti,
554 1165 650 1209 potiri
670 1170 700 1198 et
718 1165 859 1207 gaudere
869 1176 928 1209 po-

183 1221 292 1250 terunt
310 1217 555 1261 quomodolibet
570 1217 602 1250 in
619 1218 776 1259 suturam,
792 1218 850 1259 uti,
873 1228 927 1262 po-

182 1270 235 1302 tiri
254 1276 285 1304 et
303 1271 444 1314 gaudere
463 1271 587 1315 possint
620 1282 657 1304 ac
694 1271 842 1312 debeant,
873 1282 928 1316 pe-

181 1323 274 1357 rinde
307 1334 344 1357 ac
372 1324 398 1357 si
425 1324 542 1367 gradus
576 1324 756 1368 praedictos
790 1324 824 1357 in
857 1324 926 1368 ipsa

181 1375 390 1410 Universitate
409 1377 496 1410 iuxta
523 1377 790 1410 consuetudinem
813 1383 843 1410 et
858 1388 926 1410 mo-

179 1439 230 1462 res
244 1429 426 1474 praedictos
438 1430 665 1474 suscepissent,
680 1431 877 1463 concedendi
893 1437 924 1463 et

176 1481 378 1525 indulgendi,
392 1483 528 1516 liberam
539 1483 650 1517 eadem
663 1483 853 1516 auctoritate
867 1484 923 1516 tri-

175 1533 307 1568 buimus
325 1535 522 1569 facultatem.

219 1587 285 1631 §7-
307 1588 348 1622 Ut
366 1599 439 1622 vero
467 1589 569 1632 ipsius
597 1588 723 1632 collegii
751 1599 919 1623 conserva-

120 1639 256 1692 Ιιζ’ζξῐὶοῐιί
274 1641 426 1685 bonoque
446 1642 606 1686 regimini,
628 1649 693 1676 tam
713 1643 745 1675 in
756 1643 818 1683 his,
837 1654 919 1686 quac

124 1719 128 1722 .
174 1694 215 1727 ad
251 1694 486 1729 institutionem
512 1703 540 1729 et
568 1696 786 1740 disciplinam,
822 1707 916 1739 quam

174 1757 257 1791 quae
275 1748 317 1781 ad
334 1748 466 1790 victum,
486 1748 634 1782 vestitum
658 1749 784 1792 aliaque
804 1749 917 1782 huius-

173 1800 260 1833 modi
289 1801 469 1834 necessaria
496 1802 671 1845 pertinent,
703 1802 917 1846 opportunius

173 1853 370 1895 consulatur,
391 1854 710 1888 venerabilessratres
728 1860 855 1888 nostros
870 1855 918 1888 10-

171 1915 288 1939 annem
295 1906 469 1940 Ostiensem
479 1908 647 1941 Moronum
655 1913 685 1940 et
695 1907 844 1941 Iacobum
853 1908 915 1941 Tu-

169 1959 338 1992 sculanum
352 1960 515 1994 Sabellum
529 1961 710 2005 episcopOS,
732 1966 762 1994 et
782 1961 915 1994 dilectos

170 2011 254 2045 filios
276 2019 403 2047 nostros
426 2014 657 2047 Tholomaeum
677 2014 709 2047 S.
731 2015 846 2057 Agame
858 2014 915 2048 Co—

159 2075 271 2101 mens.
299 2071 330 2100 et
347 2067 463 2100 Iulium
488 2067 662 2101 Antonium
690 2067 721 2101 S.
746 2067 913 2101 Bartholo-

169 2117 252 2151 maei
282 2118 315 2152 in
345 2120 452 2153 Insula
482 2120 648 2153 titulorum
674 2120 703 2153 S.
746 2120 912 2153 Severinae

168 2178 383 2215 nuncupatos,
411 2179 539 2207 sanctae
559 2174 721 2207 Romanae
751 2173 912 2207 Ecclesiae

167 2223 357 2265 cardinales,
383 2225 526 2259 eiusdem
554 2226 680 2269 collegii
713 2231 912 2270 protectores

168 2281 200 2308 et.
211 2275 395 2310 defensores
413 2279 638 2311 constituimus
653 2290 689 2312 ac
704 2279 908 2323 deputamus,

156 2338 306 2371 ,quorum
331 2330 464 2363 consilio
485 2336 516 2363 et
547 2340 644 2374 opere
672 2331 855 2374 supradicta
881 2338 911 2365 et

164 2381 228 2414 alia
247 2392 471 2426 quaecumque
484 2383 523 2416 ad
538 2384 666 2417 eosdem
682 2384 716 2416 in
736 2384 907 2427 collegium

163 2430 380 2464 admittendos
420 2431 585 2464 scholares
616 2432 838 2465 retinendosve
871 2443 909 2466 ac

154 2478 372 2521 >dimittendos
390 2480 565 2523 spectantia
588 2486 735 2523 agantur,
771 2487 910 2513 statuan-

165 2533 219 2559 tur
241 2532 272 2560 et
295 2527 502 2565 ordinentur;
526 2528 636 2561 dantes
656 2529 779 2561 eisdem
800 2535 829 2561 et
849 2538 908 2572 pro

165 2579 312 2618 tempore
331 2575 538 2611 existentibus
570 2577 808 2621 protectoribus
839 2578 907 2621 plc-

810 209 988 235 auricomus
1007 210 1061 234 ΧΠ]
1082 211 1127 235 PF.

1623 201 1686 235 ⁶253

988 274 1059 296 nam
1082 270 1111 297 et
1132 263 1262 296 liberam
1297 265 1479 298 stwultatvm
1505 270 1533 297 et
1556 265 1730 297 auctorita-

988 322 1063 357 tem,
1086 328 1144 360 pro
1165 318 1283 350 salubri
1318 319 1494 351 directione
1514 323 1542 350 et
1564 328 1731 350 conserva-

986 370 1072 403 tione
1092 370 1166 403 dicii
1189 371 1327 413 collegii,
1351 372 1501 414 illiusque
1521 371 1680 405 bonorum
1699 375 1730 403 ct

985 434 1092 456 rerum
1107 435 1143 456 ac
1160 423 1290 462 iurium,
1309 430 1370 457 tam
1393 425 1618 468 temporalium
1631 434 1727 467 quam

984 476 1212 520 spiritualium,
1230 483 1381 516 rvi-tores,
1403 484 1640 521 praeceptores,
1662 487 1728 509 ma-

982 528 1109 571 gistros,
1132 535 1289 572 regentes,
1312 541 1516 569 oemunomos,
1543 530 1723 569 advocatos,

1744 208 1797 238 An.
1815 209 1843 238 C,
1862 210 1926 238 ¹579

982 587 1208 624 procuratores
1227 582 1370 625 aliosquae¹
1406 582 1566 615 ministros
1594 588 1625 615 et
1651 582 1724 615 ossi-

981 633 1077 667 ciales
1098 635 1128 667 in
1154 645 1191 668 ce
1226 634 1400 677 deputandi
1427 634 1670 678 amovendique,
1693 640 1724 667 et

979 687 1059 719 alios
1082 695 1193 720 eorum
1225 688 1296 720 loco
1326 687 1518 727 snl'sicicndi;
1547 688 1723 720 ordinatio-

978 751 1098 783 nesque
1118 746 1147 773 et
1167 746 1295 780 statuta,
1309 740 1396 773 licita
1415 746 1519 773 tamen
1541 747 1571 773 ct
1591 741 1722 774 honesta

977 793 1139 836 sacrisque
1160 793 1339 827 canonibus
1363 800 1390 825 et
1422 793 1558 826 concilio
1586 794 1720 826 Triden-

977 846 1042 878 tino
1063 856 1127 879 non
1148 846 1370 889 repugnantia,
1395 846 1572 879 saciendiet
1588 846 1717 884 edendi,

975 909 1089 941 eaque,
1112 909 1184 932 curn
1203 898 1305 931 visum
1327 899 1437 938 fucrit,
1465 899 1644 938 revocandi,
1662 899 1719 931 im-

975 952 1119 984 mutandi
1149 958 1180 984 et
1212 952 1407 994 corrigendi,
1429 951 1554 994 aliaque
1580 951 1617 983 de
1638 962 1717 984 noro

973 1005 1146 1044 condendi,
1167 1015 1266 1048 quae,
1289 1011 1460 1048 postquam
1494 1005 1586 1043 sacta,
1619 1005 1713 1044 edita,

972 1063 1130 1097 revocata,
1151 1057 1318 1090 immutata
1348 1064 1377 1090 et
1412 1063 1556 1090 correcta
1584 1057 1712 1097 fuerint,

970 1111 1104 1154 perinde
1119 1111 1231 1144 haberi
1251 1111 1397 1144 volumus
1416 1123 1451 1143 ac
1476 1111 1501 1142 si
1526 1110 1713 1143 auctoritate

969 1164 1143 1207 apostolica
1159 1164 1336 1208 approbata
1347 1171 1375 1197 et
1393 1166 1580 1196 confirmata
1595 1169 1709 1196 essent.

1013 1218 1027 1260 ξ
1047 1217 1078 1250 8.
1100 1217 1316 1250 Decernentes
1335 1218 1389 1249 illa
1409 1218 1447 1250 ab
1467 1217 1617 1250 omnibus
1642 1227 1711 1250 rec·
1750 1231 1845 1254 clausula
1858 1233 1904 1255 sun.

967 1270 1103 1310 toribus,
1121 1270 1291 1313 magistris,
1305 1270 1505 1303 scholaribus
1516 1270 1624 1302 aliisve
1640 1280 1711 1312 per·
1723 1262 1772 1284 ¹³¹³'

966 1323 1052 1356 sonis
1079 1323 1112 1356 in
1143 1324 1280 1367 collegio
1315 1324 1527 1357 servientibus
1555 1329 1587 1356 et
1615 1323 1708 1355 mini-

965 1376 1140 1410 strantibus
1149 1377 1373 1410 inviolabiliter
1383 1377 1557 1415 observari,
1575 1388 1611 1410 ac
1623 1377 1708 1410 iuxta

964 1431 1152 1463 eorumdem
1172 1430 1413 1474 dispositionem
1431 1436 1461 1463 et
1475 1430 1606 1463 omnino
1623 1431 1706 1463 circa

963 1493 1000 1515 ea
1024 1484 1133 1516 omnia
1156 1484 1340 1527 supradicta
1372 1494 1390 1516 a
1424 1483 1588 1526 quibusvis
1620 1483 1705 1516 iudi-

963 1536 1064 1577 cibus,
1087 1537 1257 1569 ordinariis
1277 1543 1304 1569 et
1326 1537 1491 1579 delegatis,
1514 1536 1608 1569 etiam
1629 1548 1704 1569 cau-

961 1600 1069 1622 sarum
1093 1589 1203 1622 Palatii
1223 1589 1397 1633 Apostolici
1429 1590 1641 1627 auditoribus,
1668 1600 1704 1622 ac

961 1648 1088 1676 sanctae
1108 1643 1270 1676 Romanae
1294 1643 1454 1676 Ecclesiae
1489 1643 1704 1675 cardinalibus

960 1696 991 1728 in
1011 1696 1122 1740 quavis
1143 1707 1238 1729 causa
1258 1702 1288 1729 et
1312 1696 1472 1735 instantia,
1504 1696 1628 1728 sublata
1658 1696 1703 1728 cis

959 1749 1068 1792 quavis
1087 1749 1181 1781 aliter
1200 1748 1363 1781 iudicandi
1388 1749 1548 1788 facultate,
1583 1748 1701 1792 ubique

958 1801 1093 1834 iudicari
1114 1807 1144 1835 et
1163 1801 1296 1835 distiniri
1315 1801 1446 1841 dehere3
1474 1811 1596 1834 necnon
1631 1801 1700 1833 irri-

958 1861 1024 1887 tum
1046 1861 1077 1888 et
1097 1855 1191 1888 inane
1211 1855 1364 1899 quicquid
1384 1866 1476 1887 secus
1499 1865 1595 1898 super
1614 1855 1663 1886 liis
1682 1866 1700 1887 a

957 1917 1133 1951 quoquam,
1174 1908 1285 1950 quavis
1319 1907 1518 1946 auctoritate,
1562 1906 1699 1940 scienter

955 1961 1003 1994 vel
1024 1961 1221 2003 ignoranter,
1243 1960 1412 2002 contigerit
1432 1959 1589 1991 attentari.

999 2014 1014 2057 g
1031 2013 1061 2046 9.
1075 2013 1143 2046 Non
1163 2013 1362 2046 obstantibus
1381 2012 1578 2055 praemissis,
1595 2018 1625 2045 et
1641 2013 1695 2045 La-

954 2067 1130 2099 teranensis
1167 2066 1294 2099 concilii
1322 2065 1491 2097 novissime
1529 2065 1691 2106 celebrati,

954 2120 1091 2153 uniones
1110 2125 1280 2163 perpetuas
1299 2119 1358 2151 nisi
1379 2118 1411 2150 in
1432 2117 1557 2151 casibus
1582 2128 1599 2150 a
1622 2118 1693 2151 iure

952 2173 1118 2216 permissis
1142 2172 1209 2205 ficri
1232 2171 1441 2215 prohibentis,
1463 2181 1499 2203 ac
1518 2171 1635 2204 nostris
1654 2171 1693 2205 de

952 2226 1128 2259 unionibus
1148 2224 1394 2263 committendis,
1416 2223 1534 2256 vocatis
1553 2234 1690 2267 quorum

952 2279 1095 2318 interest,
1118 2284 1147 2310 et
1164 2278 1201 2310 de
1218 2287 1281 2309 non
1293 2277 1433 2309 tollendo
1446 2277 1515 2310 iure
1534 2276 1688 2319 quaesito,

951 2342 987 2364 ac
1007 2331 1045 2364 de
1071 2330 1272 2363 verilicandis
1305 2329 1419 2367 causis,
1449 2335 1581 2373 propter
1610 2340 1689 2373 quas

951 2395 1009 2417 nos
1028 2384 1065 2416 ad
1088 2383 1259 2426 praemissa
1278 2382 1475 2423 inducimur,
1497 2393 1604 2416 coram
1626 2383 1686 2416 loci

951 2431 1113 2465 ordinario
1133 2431 1179 2463 vel
1195 2430 1276 2470 aliis,
1288 2430 1381 2463 etiam
1393 2436 1557 2473 tamquam
1577 2442 1594 2464 a
1610 2431 1689 2464 Sede

950 2480 1113 2525 praedicta
1132 2478 1294 2521 delegatis,
1311 2478 1355 2511 ita
1367 2484 1403 2511 ut
1418 2484 1533 2519 rector,
1553 2479 1688 2512 ministri

949 2539 986 2561 ac
1010 2527 1180 2570 collegium
1201 2527 1689 2572 p1·aedictumnul=ibiumquam

949 2577 988 2611 ad
1002 2577 1034 2611 id
1049 2582 1235 2617 teneantur,
1253 2587 1312 2610 nec
1323 2581 1507 2620 propterca,
1519 2586 1578 2615 nce
1593 2577 1688 2609 etiam

1778 2024 1891 2049 Dei-onam

1708 2058 1870 2076 contrariorum.
