2059 3228
92 184 202 216 &¹587

67 243 70 246 ⁴
216 239 249 272 in
273 239 415 284 praelata
433 246 541 276 nostra
564 243 790 277 constitutione
811 243 850 277 ab
871 244 961 278 initio

215 301 401 337 expressum
422 294 543 329 suisset.
572 296 614 329 Ne
645 303 749 329 tamen
776 297 960 331 huiusmodi

214 345 358 390 religiosi
378 346 409 379 in
431 347 613 382 liberalium
627 351 743 383 artium
762 361 798 383 ac
814 361 960 394 pracser-

214 399 270 449 tim
291 409 400 433 sacrae
422 401 602 443 theologiae
623 403 734 435 studiis
752 408 783 435 et
802 404 961 447 religiosis

214 452 412 496 profectibus
427 455 590 497 segniores
611 455 699 495 siant,
721 463 815 500 atque
834 467 962 490 eorum-

213 504 287 540 dem
316 506 370 551 pia
398 508 502 540 studia
532 509 749 551 refrigescant,
786 520 839 542 eos
868 520 961 543 nosse

212 560 374 601 volumus,
395 561 481 605 quod
503 562 526 594 si
548 563 690 606 ipsorum
712 563 870 606 quispiam
895 564 961 596 exi-

213 614 278 647 mia
301 614 446 648 doctrina
471 615 615 658 vitaeque
641 621 671 649 et
691 627 818 648 morum
847 617 961 649 saucti-

215 673 277 701 ta·e
303 668 459 702 excellere
487 669 680 712 reperietur,
714 670 818 712 deque
847 680 958 702 corum

214 721 373 765 probitate
393 727 423 755 et
449 722 622 766 praeclaris
658 722 779 755 meritis
804 722 959 754 Orsliuum

213 775 413 819 protectores
431 785 500 808 eam
521 776 606 819 apud
624 785 682 808 nos
696 775 790 807 fids-m
813 775 958 813 feceriut,

213 833 249 861 ut
281 838 347 861 non
377 828 540 861 immerito
574 828 697 871 sperari
727 834 823 872 queat
847 839 959 861 eorum

213 880 392 921 doctrinam
415 886 445 914 et
469 891 600 925 operam
622 881 682 924 ipsi
702 881 811 918 Ordini
836 888 867 914 et.
891 892 960 913 san-

214 938 283 967 ctae
307 933 361 967 Dei
387 935 548 968 Ecclesiae
575 934 646 967 usui
672 940 700 967 et
723 935 893 966 commodo
915 935 961 966 su-

213 991 318 1020 turam
338 1014 345 1027 ,
380 993 457 1021 tunc-
491 988 621 1021 demum
657 988 887 1030 indulgentiam
930 993 958 1021 et

212 1039 440 1085 benignitatem
461 1047 604 1074 nostram
624 1042 717 1074 facile
741 1042 957 1084 experientur.

256 1095 272 1138 ἓ
297 1094 327 1127 6.
354 1094 511 1134 Quoniam
526 1105 600 1128 vero
617 1106 634 1127 a
656 1095 764 1127 multis
779 1095 958 1138 quaesitum

45 1164 56 1181 ,ε
77 1157 200 1195 uruqeeta-
213 1154 260 1181 est
275 1148 336 1182 sub
355 1148 487 1182 nomine
507 1149 679 1186 honorum,
699 1149 856 1192 graduum
872 1147 959 1181 etdi-

22 1200 24 1210 *
47 1190 200 1242 ”uini-iix&
212 1201 383 1245 gnitatum,
413 1213 431 1235 a
449 1202 567 1245 quibus
588 1202 743 1245 illegitimi
761 1201 890 1245 penitus
911 1212 961 1233 ex-

22 1261 23 1269 *
43 1253 76 1285 Ῑ·
101 1251 200 1278 ‘'⁵⁸¹⁰‘’-
213 1255 401 1295 cluduntur,
416 1256 494 1299 quid
512 1255 714 1300 potissimum
726 1255 960 1297 sitintclligen-

37 1304 43 1319 ³
69 1282 310 1349 ἓξῦὶηῒιιῗᾱυῐω
331 1309 534 1342 declaramus
553 1309 612 1341 liac
631 1309 660 1341 in
675 1319 721 1347 re,
739 1309 777 1341 de
797 1319 861 1351 qua
875 1319 961 1341 nunc

21 1385 23 1389 -
46 1345 200 1398 u'fflssifll
213 1359 331 1406 agitur,
341 1363 560 1407 appellatione
572 1362 960 1405 dignitatun1‚hon01·um‚

34 1407 102 1432 '⁸³'
213 1416 372 1459 graduum
399 1416 517 1450 debere
547 1415 679 1458 intelligi
709 1415 959 1460 praepositatus‚

213 1469 404 1511 abbatiatus,
435 1470 608 1514 prioratus,
636 1469 878 1510 guardianatus
908 1479 963 1501 cu-

214 1522 385 1563 stodimus,
417 1523 663 1567 provincialium
695 1533 732 1555 ac
761 1522 961 1566 generalium

211 1577 420 1622 superiorum
457 1578 563 1611 officia
597 1582 626 1610 et
662 1577 724 1609 alia
749 1576 798 1609 his
835 1576 962 1625 similia,

214 1641 288 1663 cum
307 1630 433 1664 honore
463 1636 492 1663 et
523 1630 749 1674 superioritatc
775 1630 960 1663 coniuncta.

213 1683 261 1716 Ab
289 1683 402 1717 officiis
433 1688 540 1717 autem
562 1683 681 1723 oneris,
702 1683 800 1716 veluti
821 1683 962 1724 lectoris,

215 1737 417 1779 confessarii,
443 1738 625 1770 studiorum
648 1743 679 1769 et.
705 1747 815 1770 sacrae
841 1737 963 1770 theolo-

214 1791 284 1834 giae
299 1791 453 1834 magistri,
466 1791 616 1833 regentis,
631 1791 863 1834 praedicatoris
877 1790 964 1824 vorbi

214 1838 270 1878 Dei
295 1849 325 1878 et
354 1845 468 1878 ceteris
492 1844 688 1884 huiusmodi,
713 1844 812 1877 immo
832 1844 927 1877 etiam
948 1855 966 1878 a

213 1908 293 1932 voce
308 1898 421 1939 activa,
443 1909 460 1931 a
475 1898 574 1931 sacris
590 1898 758 1930 ordinibus
784 1898 965 1941 suscipien-

216 1951 278 1992 dis,
291 1951 501 1996 ipsorumque
521 1951 712 1989 ministerio,
735 1952 819 1994 ipsos
838 1951 966 1993 illegiti-

216 2015 300 2045 mos,
323 2005 500 2039 dummodo
526 2016 560 2038 ex
590 2004 757 2047 sacrilegio
777 2005 823 2037 vel
843 2005 967 2039 incestu

217 2058 317 2102 geniti
334 2069 400 2092 non
413 2058 487 2099 sint,
509 2068 713 2101 nequaquam
735 2068 894 2090 arcemus.

264 2111 278 2155 ἓ
302 2111 334 2144 7.
357 2111 436 2145 Cum
449 2122 524 2144 vero
546 2112 577 2143 in
595 2111 787 2154 quibusdam
806 2111 969 2153 religioni-

50 2159 74 2197 a.
92 2164 282 2198 nea-„nohas
307 2165 449 2208 capitula
482 2164 691 2209 provincialia
711 2169 764 2196 aut
788 2175 967 2208 numquam

31 2204 277 2264 „,⁰2[‡¹;'.'-:‡aut
296 2229 361 2252 non
381 2219 564 2262 quotannis,
586 2219 641 2251 sed
660 2218 777 2258 rarius,
801 2219 968 2251 celebren-

54 2267 92 2290 '¹¹
111 2272 210 2295 “¹¹⁸¹'‘
223 2278 287 2312 tur,
309 2272 469 2316 quaedam
489 2272 584 2305 etiam
611 2271 807 2304 monasteria
837 2277 890 2304 aut
917 2273 970 2305 do-

36 2303 45 2320 ’,
111 2305 124 2319 V
167 2304 210 2319 ΙὌ-

36 2299 212 2367 :iniiuiinprro
223 2336 296 2358 mus
315 2325 503 2359 huiusmodi
524 2326 555 2358 in
584 2324 809 2358 remotissimis
829 2325 969 2365 regioni-

36 2370 53 2404 ’ἦ
77 2361 282 2414 amisii-bus
309 2374 549 2408 haereticorum
579 2380 632 2406 aut
661 2373 841 2406 infidelium
863 2379 970 2418 tyran-

34 2446 47 2456 ,.
67 2423 138 2447 ⁸¹⁴5·-
222 2423 288 2456 nidi
315 2422 460 2456 finitimis
479 2423 538 2456 sita
558 2422 632 2463 sint,
659 2433 699 2455 ue
725 2422 759 2462 ii,
779 2433 860 2465 quos
883 2429 971 2456 extra

223 2473 377 2516 capitula,
400 2472 438 2504 ad
452 2472 598 2504 habitum
614 2472 662 2504 vel
675 2471 905 2515 professionem
923 2482 971 2504 re-

221 2522 349 2564 gulares
369 2520 494 2554 admitti
513 2520 753 2564 prohibuimus,
776 2526 903 2564 tempus
920 2531 972 2553 re-

891 191 994 216 SNTI'S
1017 193 1035 216 V
1060 192 1106 216 l'P.

222 2569 386 2603 lebrandis
410 2569 558 2621 capitplis
587 2569 766 2615 praefixum
790 2569 885 2604 nimis
914 2569 971 2603 diu
1013 2568 1144 2612 tuimus,
1164 2569 1189 2602 si
1210 2580 1293 2616 quac
1312 2568 1486 2614 Religionis
1513 2579 1579 2604 non
1599 2569 1757 2614 capituto-

1642 184 1706 218 957
1765 191 1818 220 An.
1833 192 1863 222 e.
1879 173 1928 221 ιὲε

1002 251 1170 289 expectare
1190 252 1242 279 aut
1266 246 1304 278 ad
1326 256 1361 279 ea
1382 255 1457 279 cum
1472 246 1611 279 maximo
1626 245 1750 279 incom-

1003 298 1100 330 modo
1120 299 1274 331 accedero
1296 305 1463 342 rogantur,
1491 300 1702 333 concedimus
1720 303 1752 333 et.

1004 350 1208 393 indulgemus
1234 358 1265 384 ut
1289 353 1319 385 iu
1341 353 1484 396 qualibet
1503 352 1668 397 provincia
1687 346 1750 386 sal-v

1003 409 1067 436 tem
1088 404 1164 444 duo,
1191 406 1252 445 vel,
1283 405 1307 437 si
1329 406 1498 438 commode
1523 405 1592 438 fieri
1618 405 1748 449 poterit,

1004 457 1062 490 tria
1082 463 1138 490 aut
1157 459 1251 500 plura
1273 459 1465 491 monasteria
1486 469 1542 491 seu
1563 458 1678 491 domus
1697 469 1750 492 re-

1001 511 1130 553 gulares
1146 511 1355 555 deputentur,
1376 522 1513 555 quarum
1533 522 1588 545 seu
1609 522 1750 555 quorum

1003 564 1185 606 superiores
1207 565 1287 598 infra
1307 576 1428 598 aunum
1446 566 1557 599 saltem
1578 565 1618 597 ad
1644 565 1751 608 inqui-

1003 616 1150 650 sitionem
1177 628 1276 660 super
1301 618 1427 651 novitiis
1448 618 1638 658 faciendam,
1659 625 1685 650 et
1709 618 1749 651 ad

1002 670 1088 713 ipsos
1117 671 1281 713 religiosos
1312 672 1397 704 iuxta
1427 672 1561 704 formam
1589 672 1751 716 praefatae

1003 723 1240 758 constitutionis
1262 725 1474 768 recipiendos,
1493 731 1523 758 et
1539 726 1577 758 ad
1595 726 1656 758 alia
1668 736 1751 769 quae

1003 777 1036 808 in
1047 777 1113 820 ipsa
1129 778 1360 811 constitutione
1380 779 1751 823 continenturpcragcn-

1002 830 1053 868 tla,
1081 830 1210 863 insimul
1236 837 1485 874 congregentur.

1046 884 1060 927 ἓ
1086 882 1119 917 8.
1143 883 1233 923 Quod
1252 886 1277 918 si
1297 886 1441 929 paucitas
1456 885 1617 919 autnimia
1628 885 1748 919 distan-
1777 895 1809 930 ,2-
1826 892 1944 914 nectamini

1005 936 1046 969 tia
1062 937 1332 970 monasteriorum
1346 949 1384 971 ne
1397 939 1426 971 id
1443 939 1574 981 Quidem
1596 938 1747 982 patiatur,
1764 925 1944 982 Ξξζῖξὶζῖιὲᾞῑῗ

1002 990 1113 1022 saltem
1134 989 1236 1023 tribus
1253 1001 1289 1023 ex
1310 991 1547 1035 antiquioribus
1559 991 1703 1035 patribus
1714 1002 1749 1024 u-
1763 987 1861 1011 “¹¹¹⁰'¹¹¹¹¹’
1876 987 1944 1007 '⁰¹⁸¹'

1777 1020 1793 1038 is
1826 1019 1837 1038 d
1869 1021 1942 1038 utat-

1002 1043 1075 1076 nius
1095 1044 1283 1077 monasterii
1304 1050 1356 1077 aut
1387 1045 1501 1078 domus
1525 1045 1593 1078 eius
1621 1045 1748 1088 provin-
1763 1024 1807 1070 ium
1823 1024 1942 1076 »firmic

1003 1095 1070 1129 ciae
1091 1095 1276 1130 huiusmodi
1298 1097 1430 1130 facultas
1451 1103 1482 1131 et
1501 1097 1676 1131 auctoritas
1692 1109 1750 1141 per
1763 1085 1842 1133 {wne
1856 1081 1944 1109 ἠοω

1003 1150 1178 1193 capitulum
1189 1152 1350 1193 generale,
1368 1151 1489 1185 scilicet
1501 1151 1747 1190 monachorum,

1002 1203 1051 1235 vel
1089 1203 1300 1246 provinciale,
1330 1204 1580 1237 Mendicantium
1614 1209 1644 1237 et
1673 1204 1750 1237 reli-

1003 1267 1143 1300 quorum
1163 1258 1361 1301 regularium
1383 1258 1450 1291 eius
1469 1257 1609 1298 Ordinis,
1621 1258 1750 1291 deman-

1003 1310 1106 1342 detur.
1756 1343 1760 1348 ,

1048 1363 1062 1405 ξ
1086 1362 1116 1396 9.
1144 1363 1261 1396 Verum
1282 1363 1314 1396 in
1335 1364 1372 1397 iis
1401 1364 1617 1404 monasteriis,
1647 1364 1749 1398 domi·
1775 1371 1807 1407 ,3.
1827 1370 1945 1392 Decimum

1004 1417 1063 1449 bus
1089 1421 1120 1449 et
1145 1416 1225 1449 locis
1250 1417 1466 1460 regularibus,
1488 1428 1571 1461 quae
1591 1423 1646 1451 aut
1665 1427 1746 1451 non·
1761 1402 1945 1461 5234³0ssi=¹¹=1¹1'51

1004 1470 1081 1502 dum
1107 1470 1140 1502 in
1161 1471 1425 1514 congregationes
1450 1471 1578 1505 redacta
1597 1476 1652 1504 aut
1670 1471 1810 1517 aliasffi'ss¹
1819 1468 1945 1524 ’ζῗζξξζζῖ

1005 1523 1085 1555 nulli
1107 1523 1290 1566 provinciae
1310 1524 1453 1558 subiecta
1473 1531 1558 1565 sunt,
1580 1525 1749 1558 statuimus
1761 1530 1810 1549 ωε·

1005 1580 1040 1608 ut
1061 1576 1143 1609 trina
1172 1576 1311 1620 capitula
1336 1578 1559 1610 conventualia
1578 1577 1681 1610 tribus
1701 1578 1749 1609 di-

1006 1629 1128 1662 stinetis
1143 1640 1217 1663 cum
1238 1630 1404 1663 intervallo
1421 1632 1533 1665 saltem
1553 1632 1664 1665 decem
1686 1631 1752 1664 die-

1006 1693 1078 1715 rum
1099 1683 1222 1716 vicibus
1242 1684 1415 1723 celebrata,
1440 1685 1585 1718 eamdem
1615 1685 1646 1717 in
1672 1685 1751 1718 reci-

1008 1736 1131 1778 piendis
1145 1737 1282 1777 novitiis,
1301 1748 1359 1781 per
1379 1737 1478 1770 trinas
1498 1737 1684 1771 huiusmodi
1705 1738 1751 1770 di-

1006 1790 1137 1823 stinctas
1168 1790 1254 1824 vices
1289 1791 1494 1835 approbatis,
1525 1792 1661 1824 habeant
1697 1802 1752 1824 au-

1007 1844 1200 1884 ctoritatem,
1228 1855 1310 1888 quae
1337 1855 1396 1888 per
1423 1851 1566 1877 nostram
1597 1845 1752 1878 constitu-

1009 1898 1128 1930 tionem
1149 1897 1298 1941 capitulis
1322 1898 1573 1941 provincialibus
1593 1904 1639 1931 cst
1663 1898 1752 1932 attri-

1008 1952 1098 1984 buta.

1053 2005 1067 2048 ξ
1092 2004 1144 2039 10.
1183 2004 1293 2048 Neque
1323 2016 1396 2038 vero
1429 2005 1453 2037 si
1487 2005 1520 2037 in
1549 2006 1755 2047 generalibus
1783 2013 1812 2050 =⁴2⁴
1831 2013 1950 2035 Dect-ratio

1009 2059 1057 2091 vel
1081 2058 1331 2102 provincialibus
1358 2058 1506 2102 capitulis
1536 2059 1637 2101 aliqui
1664 2070 1756 2092 voca·
1768 2050 1950 2103 ξζῖζξξὲἷίζᾞ

1009 2112 1055 2144 les
1075 2111 1188 2151 desint,
1205 2122 1265 2144 nec
1284 2111 1309 2144 si
1329 2123 1346 2144 a
1367 2111 1578 2144 diffinitorum
1597 2122 1754 2145 consensu
1768 2107 1899 2164 ἷῗζζζῗὼε
1914 2112 1951 2127 ’θ’

1011 2165 1127 2208 aliquis
1146 2165 1386 2208 discrepaverit,
1409 2165 1530 2198 idcirco
1550 2165 1755 2209 receptiore-

1012 2219 1199 2261 ligiosorum
1222 2218 1390 2257 retardari,
1416 2218 1566 2261 impediri
1582 2218 1757 2262 autimpu-

1011 2272 1100 2315 gnari
1127 2272 1267 2311 debebit,
1291 2272 1347 2305 sed
1366 2272 1440 2305 satis
1461 2281 1530 2305 esse
1557 2271 1705 2305 volumus
1731 2272 1757 2305 si

1011 2325 1168 2358 vocalium
1183 2330 1211 2358 et
1232 2324 1460 2368 suffragiorum
1480 2334 1637 2358 numerus
1651 2325 1757 2367 legiti-

1013 2385 1094 2413 mus,
1117 2385 1134 2406 a
1154 2374 1223 2407 iure
1243 2375 1291 2407 vel
1307 2384 1364 2417 per
1379 2373 1615 2416 cuiuscumque
1630 2373 1758 2407 Ordinis

1013 2429 1126 2455 statuta
1147 2423 1349 2467 praefinitus,
1372 2422 1591 2456 intervenerit.

1056 2472 1070 2514 g
1094 2473 1148 2505 ll.
1176 2472 1213 2504 Et
1233 2472 1319 2516 quod
1344 2472 1384 2505 de
1404 2472 1546 2516 capitulo
1568 2471 1757 2516 provinciali
1797 2487 1816 2508 5.
1837 2487 1954 2509 neamus«,

1013 2526 1064 2553 aut
1085 2521 1227 2564 generali
1253 2521 1373 2554 dictum
1398 2527 1456 2562 est,
1483 2520 1569 2554 idem
1590 2520 1670 2555 iuris
1697 2528 1759 2555 sta·
1771 2521 1954 2580 {ffim'mffl
