2059 3228
809 253 902 278 innsx
927 243 1040 279 nentur
1535 247 1540 251 ’
1557 251 1643 286 1043

243 302 376 336 fratrum
405 304 435 337 S.
467 303 664 349 Hieronymi,
687 305 949 340 Lateranensium
976 308 1218 350 canonicorum,
1246 309 1406 345 Minorurn
1422 314 1691 348 conventualium

243 359 505 396 rel'orinatoruin,
521 357 760 391 Olivetanoruin
779 361 1025 394 monachorum.

151 408 425 452 congregationes
452 411 638 453 quindecim
669 411 699 445 S.
724 412 759 444 n.
784 412 816 444 E.
840 413 1054 447 cardinalium
1083 415 1296 450 instituuntur
1315 428 1389 450 curn
1422 418 1682 453 iurisdictionunt

240 469 269 496 et
292 464 477 497 facultatum
499 464 615 508 partita
636 465 844 498 concessione
864 466 902 499 ad
921 467 1098 500 faciliorem
1120 470 1325 511 negotiorum
1347 476 1377 503 et
1397 481 1566 504 causarum
1587 483 1682 516 expe-

239 517 397 549 ditionem
418 517 586 549 universae
616 517 788 556 Ecclesiae,
817 518 923 551 Status
949 526 979 552 et
1003 520 1152 561 civitatis,
1185 522 1247 555 986
1268 534 1286 555 a
1304 534 1311 562 ;
1332 534 1470 566 quarum
1492 524 1513 556 1.
1541 524 1681 568 Inquisi-

238 569 347 608 tionis‚
369 566 431 602 987
453 580 484 601 ιι.
506 569 543 601 ΙΙ.
567 568 755 611 Signaturae
776 570 909 612 gratiae,
932 570 994 605 988
1015 583 1044 604 α.
1069 572 1118 605 lll.
1137 573 1382 614 Consistorialis,
1400 576 1476 608 ibid.
1501 577 1529 608 b.
1553 576 1599 609 IV.
1617 577 1689 609 An-¹

239 631 358 661 nonae,
379 621 443 655 989
463 633 494 654 α.
517 622 551 654 V.
575 622 747 655 Sacrorum
769 623 901 661 rituum,
924 623 1001 664 ibid,
1023 625 1052 657 b.
1077 625 1123 657 Yl.
1146 626 1207 658 Pro
1228 628 1449 671 praeparanda
1475 634 1505 660 ct
1525 630 1679 663 servanda

237 675 348 710 classe.
371 673 434 707 990
453 684 484 706 tt.
508 674 568 706 vll.
591 674 720 713 Indicis,
743 674 801 707 991
827 686 857 707 n.
884 676 957 709 Vlll.
980 676 1114 710 Concilii
1135 678 1329 719 Tridentini,
1351 680 1428 712 ibid.
1452 680 1501 712 lx.
1517 681 1563 713 Ad
1574 681 1681 714 Status

237 727 445 759 ecclesiastici
462 727 647 769 gravamina
658 727 866 767 sublevanda,
881 728 945 761 992
956 740 986 761 α.
1008 729 1043 761 X.
1058 729 1279 763 Universitatis
1298 732 1395 764 studii
1407 732 1555 772 Romani,
1566 733 1630 767 993
1644 745 1675 767 α.

234 780 285 812 xt.
308 777 529 821 Regularium,
551 778 614 812 993
634 779 662 811 b.
685 779 749 811 xtl.
774 779 1020 824 Episcoporum,
1042 781 1115 821 994,
1133 782 1162 814 b.
1185 783 1261 815 xltt.
1275 783 1320 815 Ad
1332 783 1397 816 vias
1408 790 1522 827 pontes
1533 790 1563 818 et
1578 796 1678 829 aquas

235 832 428 871 curandum,
449 832 513 865 995
533 833 561 864 b.
584 831 658 863 ΧΠ.
681 832 1111 876 Typographiaevaticanae,
1124 835 1295 868 effluxit
1313 836 1373 868 Pro
1387 837 1677 871 consultationibus

233 886 440 927 negotiorum
467 890 566 918 status
594 885 815 925 ecclesiastici,
838 885 900 919 997
921 898 951 919 a.
974 887 1246 930 Congregationes
1266 889 1449 932 praedictae
1477 890 1555 922 siant
1575 890 1677 924 tribus

234 938 443 971 existentibus
463 937 692 976 cardinalibus,
715 937 777 971 997
798 939 826 970 b.
849 938 1043 973 Secretarios
1068 941 1218 984 proprios
1244 941 1395 982 habeant,
1418 943 1495 975 ibid.
1520 943 1674 984 Theoloei

233 996 264 1024 et
282 990 339 1023 viri
361 991 454 1034 periti
476 991 508 1022 in
529 990 818 1024 consultationibus
837 991 1062 1034 adhibeantur,
1091 993 1170 1026 ibid.
1192 994 1379 1027 Excitantur
1404 995 1568 1039 principes
1588 996 1674 1028 chri-

232 1043 349 1083 stiani,
373 1049 406 1076 nt
426 1043 499 1075 fidei
522 1043 698 1075 catholicae
721 1051 980 1087 propugnatores
1008 1051 1039 1078 et
1063 1046 1246 1079 defensores
1265 1047 1340 1087 sint,
1357 1047 1421 1081 998
1445 1058 1476 1080 α.
1506 1048 1676 1082 Monentur

232 1106 457 1140 quaecumque
489 1095 722 1129 ecclesiasticae
742 1105 898 1139 personae
923 1104 959 1131 ut
979 1098 1164 1141 praemissis
1186 1099 1309 1132 faveant
1339 1105 1367 1131 et
1401 1100 1566 1140 obediant,
1592 1102 1670 1134 ibid.

231 1149 420 1193 Sequuntur
437 1149 516 1181 aliae
535 1149 680 1191 quinque
697 1149 932 1183 declarationes
948 1161 1046 1194 supra
1062 1151 1160 1184 dubia
1178 1152 1335 1194 quaedam
1353 1152 1540 1193 evenientia,
1559 1152 1623 1187 999
1639 1165 1671 1186 a.

142 1201 301 1246 Coniugia
318 1212 375 1245 per
390 1201 556 1234 eunuchos
567 1207 595 1233 et
609 1201 767 1244 spadones
781 1209 946 1236 eontracta
961 1209 992 1236 et
1007 1204 1226 1236 contrahenda
1244 1205 1331 1237 nulla
1342 1205 1560 1246 declarantur,
1574 1205 1639 1240 870
1653 1218 1674 1240 a

231 1263 264 1290 et
279 1257 308 1289 b.
327 1257 497 1289 Inhoneste
515 1256 654 1288 vix-entes
670 1256 857 1290 huiusmodi
875 1257 1039 1300 coniugati
1057 1264 1258 1301 separentur,
1276 1258 1333 1292 8721
1359 1271 1388 1291 a.

141 1309 334 1344 Contractus
351 1309 526 1346 societatis,
543 1309 596 1351 qui
619 1309 824 1342 securitatem
843 1310 991 1353 capitalis
1015 1316 1067 1342 aut
1087 1316 1207 1343 certam
1224 1312 1470 1354 responsionem
1495 1318 1550 1345 aut
1575 1313 1670 1346 aliam

230 1362 410 1395 usurariam
425 1362 615 1405 pravitatem
630 1362 812 1401 continent,
829 1363 1036 1403 damnantur,
1053 1361 1116 1396 783
1132 1374 1164 1403 a;
1178 1364 1408 1407 compendium
1423 1370 1593 1407 pactorum
1611 1365 1672 1398 illi-

230 1415 384 1451 citorum‚
409 1425 492 1458 quae
523 1415 555 1446 in
578 1414 799 1447 contractibus
820 1415 1012 1447 societatum
1038 1415 1159 1459 apponi
1187 1416 1364 1458 contingit,
1391 1417 1483 1456 ibid.;
1506 1417 1670 1450 damnatio

231 1467 419 1500 illicitarum
432 1467 618 1510 pactionum
637 1467 669 1499 in
690 1467 900 1500 societatibus
917 1468 1198 1511 apponendarum,
1218 1468 1282 1502 784
1299 1480 1330 1509 03
1359 1470 1462 1502 forma
1479 1469 1669 1503 societatum

231 1520 270 1552 de
287 1526 395 1553 cetero
416 1519 724 1559 contrahendarum,
743 1520 822 1553 ibid.
838 1520 868 1559 b;
889 1521 1203 1554 contravenientium
1223 1532 1358 1565 poenae,
1381 1521 1444 1556 785
1461 1533 1491 1555 α.

139 1572 295 1616 Corporis
310 1572 393 1615 (SS.)
409 1572 527 1605 Christi
547 1572 821 1605 confraternitatis
834 1572 868 1605 in
881 1582 980 1615 regno
991 1572 1145 1607 Franciae
1163 1573 1307 1616 erigendi
1327 1574 1462 1607 facultas
1478 1575 1670 1609 conceditur

226 1624 462 1668 Christopboro
476 1625 513 1657 de
526 1624 637 1667 Capite
650 1624 801 1657 Pontium
813 1624 942 1658 Ordinis
957 1625 1186 1659 minoritarum
1202 1626 1241 1658 ad
1255 1627 1439 1670 augendum
1457 1627 1582 1660 cultum
1594 1637 1669 1670 erga

226 1677 281 1711 SS.
308 1677 530 1711 Eucharistiae
560 1677 804 1710 Sacramentum
829 1677 941 1710 multis
966 1678 1144 1721 propositis
1170 1678 1394 1721 indulgentiis,
1421 1679 1484 1712 ‘177
1509 1680 1526 1711 b
1553 1685 1585 1711 et
1603 1690 1667 1723 seq3

225 1730 307 1763 Huic
325 1730 582 1763 conti-aternitati
603 1730 636 1761 in
654 1730 788 1762 ecclesia
814 1729 922 1762 Sancti
947 1731 1118 1773 Augustini
1143 1731 1268 1765 ordinis
1292 1732 1509 1765 Eremitaruin
1530 1732 1569 1764 de
1586 1731 1671 1765 Urbe

227 1783 407 1822 institutae,
425 1793 516 1816 reum
540 1793 643 1815 unum
659 1782 776 1815 ultimo
791 1783 954 1826 supplicio
969 1783 1158 1816 damnatum
1176 1784 1352 1827 quotannis
1372 1784 1545 1824 liberandi,
1567 1783 1629 1818 347
1651 1785 1668 1817 b

239 1842 270 1868 et
289 1847 352 1879 seq.

139 1888 285 1922 Crimina
304 1894 418 1921 contra
445 1888 546 1920 bonos
569 1897 675 1919 mores
701 1887 821 1919 Romae
847 1892 1033 1931 perpetrata
1060 1887 1166 1921 Sixtus
1194 1889 1215 1919 Υ
1251 1889 1337 1931 gravi
1365 1895 1514 1921 sermone
1540 1899 1669 1922 execra—

228 1947 293 1981 tur,
313 1940 376 1974 789
399 1941 416 1973 b
445 1946 478 1973 et
496 1951 579 1983 seii:
605 1951 641 1972 ac
659 1940 746 1972 iubet
776 1940 930 1982 coniuges
947 1946 1068 1973 temere
1085 1952 1104 1973 a
1120 1947 1191 1974 toro
1211 1951 1244 1974 se
1264 1946 1451 1985 separantes
1475 1946 1507 1973 et
1528 1952 1547 1973 a
1570 1941 1669 1974 coha-

226 1994 386 2027 bitatione
410 1994 546 2027 arbitrio
570 1993 688 2026 iudicis
713 1994 836 2036 puniri,
859 1993 916 2027 7911
938 2005 970 2033 α;
990 1994 1123 2026 maritus
1141 2000 1172 2026 et
1198 1994 1316 2027 mulier
1335 1993 1452 2026 iudicis
1474 1993 1669 2026 auctoritate

225 2047 465 2090 separationem
476 2047 671 2086 obtinentes,
685 2052 712 2078 at
725 2046 888 2079 luxuriose
901 2046 1041 2079 viventes
1057 2046 1174 2079 ultimo
1187 2047 1350 2090 supplicio
1360 2047 1530 2090 puniendi,
1544 2046 1623 2079 ibid.
1635 2047 1667 2086 b;

225 2100 311 2142 quod
341 2099 573 2143 applicandum
600 2104 644 2131 est
670 2099 767 2131 etiam
792 2098 863 2131 aliis
880 2099 912 2131 in
931 2099 1069 2138 casibus,
1089 2098 1152 2132 7902
1176 2111 1196 2131 α
1221 2106 1251 2132 et
1270 2110 1348 2143 .s·eq.;
1373 2099 1517 2132 iudicum
1536 2098 1669 2131 faculta-

225 2158 273 2185 tes
292 2152 489 2196 procedendi
517 2158 630 2184 contra
655 2151 891 2194 delinquentes,
919 2150 982 2184 793
1008 2162 1042 2185 a.

139 2204 236 2238 Curia
245 2205 474 2248 gubernatoris
484 2206 585 2237 alinae
600 2205 693 2237 Urbis
706 2204 811 2248 quoad
824 2215 934 2237 causas
946 2203 1054 2237 civiles
1073 2205 1324 2238 locumtenentis
1344 2204 1550 2245 reformatur,
1561 2203 1621 2238 961
1635 2204 1664 2237 b.

225 2258 411 2292 audientiae
427 2259 519 2298 bora,
541 2260 641 2295 loeus,
662 2259 729 2291 dies
746 2258 981 2301 significantur,
1006 2258 1098 2297 ibid.;
1117 2258 1155 2291 de
1176 2258 1468 2301 significationibus
1489 2257 1599 2301 vigore
1614 2267 1667 2290 re-

226 2321 351 2351 cursus,
370 2311 463 2350 ibid.;
482 2311 587 2344 causis
604 2311 789 2349 ordinariis,
803 2310 866 2343 962
882 2322 913 2350 α;
935 2310 973 2343 de
995 2311 1152 2354 suspectis
1169 2311 1208 2343 de
1225 2311 1310 2353 suga,
1333 2311 1427 2350 ibid.;
1444 2309 1666 2354 appellatione

224 2371 257 2396 et
275 2374 420 2405 recursu,
437 2365 530 2401 ibid:
558 2365 665 2396 iudice
685 2364 840 2406 deputato
858 2374 875 2395 a
892 2364 1121 2406 gubernatore,
1143 2365 1236 2404 il›1'it.;
1259 2363 1426 2407 sportulis,
1445 2361 1662 2402 habitatione,

225 2417 342 2449 salario
371 2424 403 2449 et
432 2417 671 2455 emolumentis,
701 2416 792 2452 ibial.;
819 2416 1071 2449 locumtenentis
1095 2416 1365 2449 contravenientis
1384 2425 1521 2459 poenae,
1559 2414 1666 2456 ibid.;

225 2470 446 2513 notariatuum
474 2470 556 2508 loca,
581 2469 768 2513 procuratio
787 2469 832 2500 eis
852 2469 1042 2512 interdictas,
1065 2469 1158 2508 ibid.;
1179 2475 1270 2501 tax-ae
1294 2468 1510 2508 observantia,
1537 2467 1614 2500 ibid.
1633 2468 1665 2508 bg

223 2521 408 2561 citationes,
429 2523 521 2559 ibid.;
536 2522 710 2560 manuales,
735 2521 976 2564 expeditionum
997 2521 1084 2561 libri,
1104 2521 1168 2555 963
1185 2532 1217 2559 α;
1239 2531 1452 2565 expensarum
1472 2520 1664 2561 taxationes,

226 2574 318 2612 ibid.;
341 2584 472 2608 examen
492 2575 635 2613 testium,
659 2574 750 2609 ιἸη·”(Ι.;
773 2574 913 2613 dei-reta,
941 2574 1103 2609 mandata.
1125 2574 1321 2617 suspicionis
1346 2574 1452 2617 fugae,
1482 2573 1667 2608 iuramenta

223 2626 432 2669 suspicionis,
457 2633 634 2671 sequestra,
654 2626 878 2659 fidejussiones
904 2632 932 2659 et
955 2627 1220 2670 significationes,
1244 2626 1472 2670 responsiones
1491 2626 1530 2660 ad
1548 2624 1669 2664 articus
