2059 3228
54 1574 89 1786 :vgssb-ffiffih
59 1537 82 1567 pj
70 1519 74 1524 .
60 1485 62 1489 ·
56 1430 90 1466 '':³
60 1403 78 1421 ,⁵
70 1381 92 1390 v.
68 1360 73 1368 Α
68 1330 78 1338 .

730 257 903 282 caecemus
935 257 988 280 xui
1024 258 1070 280 ΙΨ.

143 311 221 356 tiqui
236 311 333 345 hostis
352 311 555 353 suggestione
575 311 739 354 dissectus,
760 311 790 344 in
804 311 881 343 alios

140 370 234 409 atque
253 364 332 397 alios
351 375 476 397 errores
502 365 616 407 passim
643 370 673 397 et.
698 365 880 408 promiscue

140 417 311 451 deseratur.
338 417 498 456 Quantum
520 428 592 449 vero
612 418 651 450 ad
679 428 736 449 nos
756 417 878 456 attinet,

138 469 212 504 totis
235 469 354 502 viribus
374 480 530 503 conamur
550 476 584 503 ut
609 470 654 503 itti
675 471 768 503 simul
785 476 880 513 atquc

138 522 320 567 prosiliunt,
348 523 475 566 penitus
499 523 741 566 opprimantur3
764 533 879 566 magno

137 575 254 609 etenim
274 585 421 608 moerore
441 575 601 608 afficimur
620 576 706 619 quod
718 575 876 619 plerique,

79 662 84 663 ⁷
135 632 294 672 spectatae
313 628 457 671 alioquin
473 629 639 672 probitatis
656 633 687 662 et
699 629 876 668 doctrinae,

68 1461 80 1485 -ἑ,

64 1981 69 1989 -
63 1950 71 1957 ·
56 1790 85 1859 swa·

62 2220 94 2312 «ψ,
58 2135 94 2211 22-12

135 680 169 714 in
187 681 289 714 varias
321 681 494 714 sententias
527 681 713 714 offensionis
741 687 772 714 ct
797 682 879 725 peri-

135 733 199 768 culi
231 734 364 778 plenas,
401 746 474 767 rum
508 734 605 768 verbo
643 740 711 767 tum
751 735 879 779 seriptis

133 793 361 830 prorumpunt,
384 787 490 831 deque
513 787 559 820 eis
582 787 676 820 etiam
703 787 734 820 in
761 788 878 821 scholis

133 839 268 873 invicem
294 846 586 881 controversantur,
600 841 781 873 cuiusmodi
803 847 877 874 sunt

133 899 316 937 sequentes.

174 945 198 978 l.
220 945 285 979 Nec
304 946 409 989 angeli
429 956 488 979 nec
499 946 594 990 primi
612 946 752 979 hominis
771 947 876 979 adhuc

133 997 246 1042 integri
267 999 390 1040 merita,
410 1005 495 1033 recte
520 1005 675 1032 vocantur
695 1001 807 1042 gratia.

173 1051 210 1084 Π.
232 1051 320 1085 Sicut
343 1063 425 1096 opus
456 1053 576 1085 matum
608 1064 644 1086 ex
678 1059 792 1086 natura
818 1065 874 1086 sua

59 1110 61 1115 ’
80 1126 81 1130 =
131 1109 178 1138 est
193 1105 304 1139 mortis
322 1110 470 1139 aeternae
491 1107 704 1145 meritorium,
731 1107 775 1139 sie
795 1118 875 1151 opus

131 1157 250 1192 bonum
270 1169 305 1192 ex
330 1157 445 1192 natura
474 1170 531 1192 sua
551 1165 597 1192 est
621 1160 701 1193 vitae
725 1166 873 1194 aeternae

131 1211 343 1245 meritorium.

172 1264 222 1297 111.
245 1265 282 1297 Et
301 1264 393 1297 honis
411 1265 532 1307 angelis
553 1270 584 1297 et
604 1265 708 1308 primo
734 1266 870 1305 homini,

130 1316 155 1351 si
185 1317 218 1350 in
245 1323 327 1351 statu
351 1318 406 1351 illo
439 1319 689 1361 permansissent
712 1330 813 1363 usque
833 1320 871 1353 ad

129 1370 279 1404 ultimum
298 1371 392 1412 vitae,
419 1371 554 1404 felicitas
587 1377 670 1404 esset
698 1383 821 1405 merces
842 1378 872 1405 et

129 1433 193 1457 non
212 1423 325 1466 gratia.

170 1477 219 1510 lv.
236 1477 306 1510 Vita
324 1483 456 1514 aeterna
473 1478 596 1511 homini
616 1479 739 1522 integro
763 1486 794 1513 et
813 1491 870 1512 an-

127 1529 199 1574 gelo
213 1529 369 1574 promissa
393 1531 451 1564 suit
474 1531 593 1564 intuitu
617 1532 775 1565 bonorum
796 1544 871 1577 ope-

127 1592 212 1624 rum,
239 1589 270 1616 et
287 1584 373 1616 bona
398 1594 497 1628 opera
525 1595 559 1616 ex
582 1585 650 1627 lege
678 1590 810 1618 naturae
830 1587 869 1619 ad

127 1634 214 1669 illam
235 1637 494 1680 consequendam
512 1648 569 1681 per
593 1648 625 1669 se
641 1638 816 1671 sufficiunt.

169 1688 204 1722 V.
230 1689 265 1737 In
284 1689 495 1733 promissione
512 1690 595 1723 sacta
615 1692 727 1733 angelo
749 1697 779 1724 et
803 1693 868 1735 pri-

86 1758 94 1774 -.
127 1751 180 1776 mo
202 1742 325 1776 homini
344 1743 527 1776 continetur
554 1744 708 1776 naturalis
728 1744 869 1778 iustitiae

127 1795 322 1836 constitutio,
342 1807 405 1839 qua
424 1806 483 1840 pro
501 1796 594 1829 bonis
611 1797 774 1840 operibus,
800 1798 868 1831 sine

126 1847 189 1882 aiio
221 1854 383 1892 respectu,
417 1848 478 1881 vita
511 1854 640 1882 aeterna
672 1849 762 1882 iustis
792 1861 867 1893 pro-

125 1900 273 1935 mittitur.

165 1951 215 1988 vt.
240 1955 382 1988 Naturali
403 1955 473 1999 lege
502 1955 710 1988 constitutum
730 1955 788 1988 fuit
812 1957 868 1989 ho-

124 2007 214 2049 mini,
235 2013 271 2041 ut
288 2009 313 2041 si
333 2009 365 2041 in
385 2008 567 2041 obedientia
587 2011 865 2052 perseveraret,ad

123 2070 193 2093 eam
211 2061 306 2094 vitam
325 2062 537 2106 pertransiret
556 2062 589 2094 in
609 2073 672 2105 qua
702 2063 785 2095 mori
801 2073 865 2096 non

123 2120 240 2158 posset.

164 2166 226 2200 VII.
251 2167 350 2200 Primi
369 2167 509 2202 hominis
526 2167 642 2211 integri
663 2167 777 2201 merita
801 2173 866 2201 lue-

112 2223 197 2258 ¹runt
216 2220 339 2264 primae
358 2221 529 2254 creationis
540 2232 686 2261 munera,
704 2221 864 2258 sed‚iuxta

95 2291 97 2295 .
123 2273 254 2306 modum
273 2273 427 2316 loquendi
447 2274 632 2317 Scripturae
649 2274 776 2315 Sacrae,
800 2285 864 2307 non

123 2330 208 2359 recte
238 2331 395 2359 vocantur
417 2327 550 2369 gratiae,
576 2337 640 2370 quo
668 2327 703 2359 fit
731 2333 766 2360 ut
795 2333 864 2360 tan-

124 2382 193 2412 tum
210 2379 334 2420 merita,
356 2390 421 2412 non
445 2379 539 2412 etiam
566 2380 701 2422 gratiae,
729 2380 865 2414 debeant

124 2433 319 2476 nuncupari.

165 2479 239 2513 VIII.
267 2481 301 2513 In
311 2480 484 2524 redemptis
508 2492 566 2524 per
585 2481 718 2523 gratiam
734 2481 862 2522 Christi,

124 2527 249 2562 millum
271 2529 405 2562 inveniri
427 2534 530 2573 potest
556 2530 677 2562 bonum
698 2529 861 2569 meritum,

97 2616 99 2622 Ι
125 2577 210 2618 quod
229 2587 293 2610 non
310 2579 349 2611 sit
367 2578 465 2621 gratis
485 2577 614 2620 indigno
635 2578 799 2610 collatum.

167 2624 216 2658 IX.
241 2626 329 2659 Dona
363 2637 513 2660 concessa
540 2626 660 2659 homini
689 2626 813 2669 integro
833 2632 861 2659 et

1557 251 1620 282 315

923 311 1035 351 angelo
1057 310 1187 343 I'orsitan
1217 323 1277 345 non
1310 314 1521 358 improbanda
1541 314 1664 347 ratione

923 368 1054 406 possunt
1069 364 1131 396 dici
1152 365 1263 405 gratia.
1286 366 1345 399 Sed
1376 367 1462 410 quia,
1485 367 1662 401 secundum

922 426 1015 447 usum
1036 416 1234 458 scripturae,
1258 419 1386 450 nominc·
1402 420 1522 461 gratiac
1539 425 1665 452 tantum

922 479 957 501 ea
978 479 1111 502 munera
1132 469 1367 513 intelliguntur,
1389 483 1470 515 quae
1490 483 1548 516 per
1560 472 1662 506 lesum

924 522 1005 554 mata
1026 522 1224 555 merentibus
1239 528 1269 555 ct
1286 524 1423 566 indignis
1440 525 1665 565 conseruntur,

922 573 992 606 ideo
1022 585 1125 618 neque
1158 576 1270 609 merita
1294 587 1398 619 neque
1428 589 1561 618 merces,
1583 589 1665 622 quae

922 626 984 659 illis
1001 628 1158 667 redditur,
1180 629 1282 671 gratia
1301 629 1364 661 diei
1385 630 1490 664 ‹It-bct.

964 679 998 711 X.
1023 680 1222 713 Solutionem
1235 692 1356 724 poenae
1368 683 1552 726 temporalis
1567 694 1663 726 quae,

920 738 1051 775 peccato
1071 733 1212 773 dimisso,
1231 745 1324 777 saepe
1346 741 1464 776 manet,
1494 742 1524 769 et
1553 748 1664 780 corpo-

920 785 961 817 ris
982 786 1250 820 resurrectionem
1270 788 1400 831 proprie
1423 790 1547 822 nonnisi
1569 791 1664 822 meri-

920 839 957 870 tis
980 839 1092 871 Christi
1115 840 1359 873 adscribendam
1380 852 1459 874 esse.

962 891 1011 923 XI.
1035 892 1124 930 Quod
1148 892 1197 936 pie
1218 899 1248 926 et
1268 893 1349 927 iuste
1372 894 1403 926 in
1416 894 1475 927 liae
1496 895 1554 927 vita
1576 906 1661 928 mor-

919 944 970 975 tali
993 946 1135 987 usquein
1148 946 1245 979 finem
1267 953 1470 980 conversatus
1484 948 1577 981 vitam
1590 960 1663 982 con-

918 998 1061 1040 sequitur
1080 1005 1256 1039 aeternam,
1279 1000 1309 1033 id
1322 1011 1385 1033 non
1402 1001 1531 1044 proprie
1542 1003 1661 1045 gratiae

917 1051 981 1090 Dei,
999 1052 1053 1083 scd
1073 1052 1267 1085 ordinationi
1288 1055 1425 1086 naturali
1446 1054 1549 1087 statim
1572 1055 1662 1089 initio

915 1105 1086 1137 creationis
1106 1105 1309 1146 constitutae,
1333 1106 1414 1139 iusto
1446 1107 1564 1140 iudicio
1593 1108 1658 1149 Dei,

914 1156 1156 1200 deputandum:
1182 1169 1242 1191 nec
1260 1160 1293 1191 in
1304 1160 1363 1193 hae
1376 1160 1586 1194 retributione
1602 1162 1660 1195 bo-

914 1220 1029 1242 norum
1051 1210 1090 1243 ad
1110 1210 1226 1244 Christi
1253 1212 1366 1245 merita
1392 1214 1583 1257 respicitur,
1605 1216 1661 1248 sed

914 1268 1035 1296 tantum
1059 1264 1098 1296 ad
1117 1264 1253 1307 primam
1274 1265 1507 1299 institutionem
1533 1269 1660 1310 generis

915 1317 1058 1353 liumani;
1086 1328 1159 1350 nam
1175 1318 1207 1350 in
1227 1319 1297 1361 lege
1322 1320 1461 1353 naturali
1476 1320 1659 1354 institutum

912 1375 1016 1409 estut,
1031 1371 1114 1403 iusto
1127 1371 1180 1403 Dei
1196 1372 1328 1413 iudicio,
1348 1373 1550 1407 obedientiae
1571 1385 1660 1408 man-

912 1423 1059 1456 datorum
1078 1424 1140 1456 vita
1159 1430 1289 1458 aeterna
1314 1427 1479 1459 reddatur.

954 1477 1017 1509 XII.
1040 1477 1159 1519 Pelagii
1175 1479 1332 1511 sententia
1348 1485 1412 1512 est:
1436 1491 1518 1524 opus
1537 1480 1657 1514 honum

911 1529 991 1562 citra
1011 1530 1146 1573 gratiam
1171 1532 1356 1576 adoptionis
1376 1534 1494 1566 sactum
1521 1544 1585 1567 non
1611 1541 1658 1567 est

911 1582 999 1625 regni
1020 1584 1167 1616 coelestis
1192 1585 1411 1618 meritorium.

952 1636 1029 1668 XIII.
1053 1636 1156 1679 Opera
1176 1637 1260 1670 bona
1284 1649 1301 1670 a
1321 1638 1396 1671 filiis
1415 1639 1597 1682 adoptionis
1610 1641 1656 1672 sa-

909 1693 958 1721 cta
978 1699 1043 1722 non
1067 1690 1232 1734 accipiunt
1256 1690 1415 1723 rationein
1432 1692 1547 1732 meriti,
1568 1704 1604 1726 ex
1618 1704 1656 1726 eo

908 1742 995 1785 quod
1020 1743 1102 1775 siunt
1121 1753 1178 1786 per
1198 1743 1352 1787 Spiritum
1387 1745 1582 1789 adoptionis,
1605 1746 1655 1778 in-

909 1795 1105 1829 habitantem
1121 1797 1217 1829 corda
1243 1797 1384 1830 filiorum
1411 1798 1477 1838 Dei,
1509 1799 1563 1832 sed
1585 1804 1654 1831 tan-

908 1853 974 1881 tum
995 1860 1032 1882 ex
1048 1851 1180 1894 eoquod
1193 1856 1266 1883 sunt
1276 1852 1537 1894 conformialegi,
1551 1853 1655 1895 quod-

907 1912 970 1945 que
989 1912 1047 1945 per
1070 1914 1106 1935 ca
1127 1908 1307 1946 praestatur
1331 1904 1511 1937 obedientia
1531 1905 1605 1947 legi.

950 1955 1024 1988 XIV.
1044 1956 1243 1999 Operabona
1268 1957 1426 1989 iustorum
1447 1968 1511 1990 non
1531 1958 1650 2001 accipi-

907 2014 960 2041 ent
973 2008 1003 2040 in
1016 2009 1066 2042 die
1086 2009 1197 2042 iudicii
1217 2010 1553 2053 extremiampliorem
1569 2021 1651 2043 mer-

907 2061 1028 2102 cedem,
1056 2073 1152 2104 quam
1173 2062 1256 2095 iusto
1271 2062 1326 2095 Dei
1346 2062 1468 2095 iudicio
1489 2074 1651 2096 mereren-

906 2119 959 2147 tur
982 2115 1141 2158 accipere.

949 2168 1010 2200 XV.
1032 2168 1113 2201 Dicit
1132 2168 1287 2201 rationem
1304 2168 1407 2201 meriti
1426 2179 1489 2201 non
1500 2169 1650 2203 consiste-

906 2231 939 2254 re
959 2221 991 2253 in
1017 2232 1053 2254 eo
1073 2223 1171 2264 quod,
1189 2222 1243 2265 qui
1256 2222 1337 2254 bene
1348 2227 1510 2264 operatur,
1533 2222 1649 2256 habeat

905 2274 1038 2316 gratiam
1070 2280 1101 2307 et
1129 2274 1358 2307 inhabitantem
1385 2274 1540 2317 Spiritum
1568 2275 1648 2308 San-

905 2332 1004 2368 ctum,
1031 2328 1085 2360 sed
1106 2328 1137 2360 in
1158 2338 1195 2360 eo
1215 2328 1332 2367 solum,
1348 2328 1434 2371 qued
1446 2328 1553 2360 obedit
1572 2329 1648 2362 divi-

905 2391 964 2413 nae
988 2381 1061 2423 legi,
1090 2392 1186 2423 quam
1218 2380 1404 2413 sententiam
1438 2381 1565 2424 saepius
1596 2393 1648 2415 rc-

905 2433 997 2476 petit⁷
1024 2438 1053 2466 et
1073 2433 1181 2465 multis
1218 2433 1395 2466 rationibus
1424 2434 1540 2477 probat
1580 2434 1647 2468 sere

904 2487 970 2515 toto
994 2482 1089 2514 libro.

946 2530 1020 2562 XVI.
1058 2531 1091 2562 In
1121 2530 1232 2562 eodem
1267 2530 1348 2563 libro
1378 2531 1503 2573 saepius
1531 2532 1647 2576 repetit

904 2579 990 2621 quod
1011 2589 1074 2611 non
1100 2584 1146 2610 est
1170 2589 1242 2611 vera
1258 2580 1336 2621 legis
1352 2580 1544 2622 obedientia,
1564 2592 1648 2624 quae

903 2626 942 2658 sit
962 2627 1029 2660 sinc
1050 2628 1214 2659 charitate.

1680 257 1731 285 An.
1748 259 1775 286 C.
1798 257 1861 285 1579
