2059 3228
147 217 189 249 An
217 221 248 251 C.
259 225 328 255 1586

184 1347 310 1371 psalterium

124 1384 162 1400 seu
200 1380 307 1402 ltusarium

125 1409 145 1429 B.
164 1410 252 1436 Virginis
297 1419 308 1433 a

123 1440 145 1460 S.
162 1442 308 1464 ttomiuicoin—

122 1473 226 1494 stitutum.

144 2092 249 2113 sodalitas
265 2093 303 2114 Ro·

117 2130 167 2144 sarii
185 2128 262 2149 gratias
281 2129 302 2147 et

118 2155 259 2180 indulgentias
288 2163 298 2176 a

118 2185 186 2205 multis
216 2186 303 2208 t’ontiti-

116 2217 175 2236 otius
190 2217 287 2238 obtinuit.

341 279 414 320 gine
435 283 687 322 perscrutamur,
701 281 730 310 ot
752 277 836 310 inter
854 287 972 310 arcana
982 283 1090 322 pecto-

339 332 383 365 ris
410 332 604 364 revolvimus
632 331 718 373 quod
746 331 826 374 ipsa,
847 336 958 376 utpote
988 336 1090 364 mater

340 383 591 424 misericordiae,
621 389 723 416 mater
746 383 867 427 gratiae
896 389 927 417 et
951 384 1087 428 pietatis,

338 437 471 469 humani
493 437 619 480 generis
639 437 743 470 amica
764 443 794 470 et
808 438 1014 479 consolatrix,
1029 449 1087 481 pro

337 491 437 523 salute
451 490 607 530 fidetium,
621 491 676 534 qui
688 490 880 524 delictorum
892 492 987 535 culpa
999 502 1087 535 prae-

335 549 519 586 gravantur,
552 544 663 577 sedula
692 544 851 578 exoratrix
879 549 910 578 et
938 544 1083 588 pervigil,

334 597 372 629 ad
386 597 517 640 Regem,
531 606 628 640 quem
640 597 751 640 genuit
772 603 803 631 et
822 597 973 631 maternis:
988 598 1084 630 tacta-

332 650 375 683 rit
399 650 566 690 uberibus,
581 650 763 691 intercedit,
778 651 922 693 dignum,
935 651 1012 694 quin
1025 662 1083 694 po-

332 704 396 736 tius
416 703 570 743 debitum,
592 704 788 737 arbitramur
819 709 854 737 ut
883 705 1035 737 ecclesias
1055 710 1085 737 et

333 757 495 800 cappellus
519 767 556 790 ac
581 757 862 791 confraternitates
882 758 913 790 in
934 758 1003 791 eius
1023 758 1082 791 lio-

331 820 442 842 norem
465 815 588 843 erectas
612 815 643 844 et
671 810 831 844 institutas
857 811 1005 854 gratiosis
1029 822 1081 845 re-

332 863 524 896 missionum
554 874 794 908 prosequamur
824 865 1009 909 impendiis,
1044 876 1081 898 ac

330 916 606 959 indulgentiarum
628 918 817 951 muneribus
829 918 1030 959 decoremus,
1044 930 1081 952 ac

330 981 389 1014 per
419 970 581 1004 Romanos
613 971 784 1005 Pontifices
816 972 1081 1015 praedecessores

330 1029 466 1063 nostros,
487 1024 606 1057 eisdem
621 1026 838 1058 confratribus
854 1036 1022 1059 concessas
1033 1026 1080 1059 in-

328 1077 509 1121 dulgentias
538 1083 568 1111 et
605 1079 773 1122 privilegia
807 1085 935 1112 nostrae
963 1090 1080 1124 appro-

326 1130 465 1164 bationis
489 1131 668 1164 munimine
685 1132 888 1172 roboremus,
901 1143 1019 1176 easque
1032 1133 1078 1166 in-

326 1194 494 1225 novemuS,
526 1191 624 1228 prout
661 1186 823 1218 salubrius
852 1187 1078 1229 cognoscimus

326 1237 488 1281 expedire.

369 1291 384 1333 ξ
409 1290 439 1322 ’1.
467 1291 675 1324 Attendentes
694 1292 803 1335 itaque
819 1303 914 1334 quam
929 1292 1076 1335 religioni

323 1349 451 1376 nostrae
464 1344 665 1377 fructuosum
679 1345 775 1377 fuerit
785 1345 977 1378 sanctissimi
992 1345 1076 1379 Psal-

323 1397 404 1436 terii,
425 1397 549 1430 Rosarii
560 1399 751 1442 nuncupati,
766 1398 923 1441 gloriosae
935 1410 1075 1442 semper-

322 1461 385 1494 que
405 1451 542 1494 Virginis
562 1452 688 1492 Mariae,
710 1453 814 1486 almae
835 1452 889 1485 Dei
904 1452 1075 1486 Genitricis

321 1504 515 1545 institutum,
528 1517 586 1549 per
602 1506 730 1539 beatum
745 1507 963 1547 Dominicum,
981 1505 1073 1540 Ordi-

321 1558 370 1590 nis
381 1558 516 1591 fratrum
537 1559 798 1593 Praedicatorum
811 1567 990 1601 auctorem,
1005 1560 1074 1604 Spi-

320 1611 386 1644 ritu
407 1612 535 1653 Sancto,
559 1614 760 1655 utcreditur,
779 1615 932 1655 afflatum,
945 1614 1072 1658 excogi-

318 1669 434 1706 tatum,
456 1672 642 1710 quantaque
654 1667 767 1701 exinde
786 1669 906 1701 mundo
918 1679 1074 1712 provene-

318 1717 384 1751 rint
403 1724 435 1752 et
454 1719 487 1752 in
507 1719 574 1753 dies
593 1721 784 1764 proveniant
807 1722 903 1762 bona,
936 1727 967 1755 et
995 1728 1074 1765 quot

318 1777 490 1815 propterea
509 1774 679 1817 utriusque
699 1786 793 1808 sexus
813 1775 1071 1809 christifidelium

319 1826 608 1867 confraternitates,
636 1828 695 1861 sub
722 1828 923 1862 invocatione
948 1829 1070 1863 Rosarii

318 1879 463 1922 eiusdem
488 1881 522 1913 Β.
545 1881 661 1914 Mariae
681 1881 834 1925 Virginis,
857 1882 889 1914 in
914 1883 1071 1917 universis

317 1931 404 1965 orbis
421 1933 565 1973 ecelesiis
585 1945 621 1967 ac
641 1935 796 1978 cappellis
807 1940 839 1968 et
849 1935 1005 1969 altaribus
1016 1947 1069 1970 ca-

316 1986 434 2019 nonice
454 1987 516 2019 sint
534 1986 708 2021 institutae.

361 2039 376 2082 g
401 2039 432 2072 2.
451 2039 635 2083 Earumque
652 2042 832 2074 confratres
848 2052 885 2075 ac
905 2052 1031 2076 sorores
1051 2054 1068 2076 a

316 2093 576 2136 quamplurimis,
590 2099 620 2128 et
637 2095 826 2139 praesertim
848 2096 950 2129 felicis
961 2107 1068 2130 recor-

316 2145 456 2179 dationis
488 2146 618 2179 Urbano
647 2148 684 2180 lV
715 2153 746 2181 et
774 2148 892 2182 Ioanne
925 2149 1004 2182 XXII
1029 2161 1066 2183 ac

315 2199 403 2232 Sixto
441 2200 537 2233 etiam
570 2207 685 2244 quarto
720 2212 848 2235 necnon
878 2202 1066 2236 Innocentio

313 2253 379 2285 vill
405 2259 435 2285 et
454 2253 634 2287 Alexandro
654 2255 689 2287 vl
711 2265 746 2287 ac
767 2255 848 2288 Iulio
869 2255 893 2288 lt
914 2261 945 2289 et
960 2257 1065 2290 Leone

313 2305 339 2338 X
359 2317 396 2338 ac
416 2307 556 2340 Adriano
581 2307 617 2340 Vt
638 2313 668 2340 et
686 2307 849 2341 Clemente
865 2308 915 2341 VII
927 2309 1065 2343 etPaulo

313 2359 351 2391 111
372 2370 409 2392 ac
429 2360 510 2393 lulio
530 2360 626 2393 etiam
651 2361 689 2393 Ill
710 2373 747 2394 ac
772 2362 872 2395 Paulo
895 2362 932 2395 tv
956 2369 987 2396 et
1010 2364 1064 2397 Pio

313 2408 408 2440 etiam
425 2414 552 2452 quarto,
576 2421 613 2443 ac
632 2410 688 2443 Pio
707 2410 730 2440 V
755 2416 785 2443 et
807 2412 1064 2455 postremo'Gre-

313 2457 404 2498 gorio
424 2458 500 2497 xlii,
525 2458 676 2492 Romanis
694 2459 904 2493 Pontificibus
928 2461 1063 2504 praede-

313 2506 492 2539 cessoribus
513 2507 638 2548 nostris,
651 2519 687 2541 ac
700 2509 864 2541 nonnullis
877 2509 967 2543 Sedis
976 2510 1062 2554 Apo-

312 2554 456 2593 stolicac‚
479 2566 552 2588 cum
581 2562 735 2599 potestate
757 2558 850 2598 legati
880 2559 918 2591 de
947 2559 1059 2600 latere,

312 2601 458 2645 nunciis,
483 2604 602 2637 nedum
628 2606 907 2641 consu-mationem
939 2613 970 2641 et
1002 2618 1061 2640 au-

922 222 1104 249 mmmmm!
1121 223 1273 250 Romnum

1889 222 1943 252 An.
1957 223 1988 253 C.
2013 225 2052 273 '2⁸¹

1130 283 1297 320 gmentum
1338 279 1522 313 earumdem
1561 279 1874 320 confraternitatum,

1131 330 1184 363 sed
1223 331 1317 364 etiam
1350 332 1567 375 indulgentias
1589 344 1626 367 ac
1657 334 1823 378 privilegia
1845 337 1876 368 et

1130 383 1252 417 indulta
1274 385 1388 418 merito
1409 386 1553 419 obtinere
1575 387 1761 421 meruerint.
1797 404 1816 418 ψ

1172 437 1187 480 ἓ
1211 437 1242 470 3.
1270 438 1874 484 N0S‚d10101·un1praedecessorumve-

1129 489 1228 533 stigiis
1247 491 1445 525 inhaerendo
1459 519 1468 531 ,
1490 503 1527 525 ac
1554 493 1688 534 eodem,
1719 505 1783 538 quo
1811 477 1977 539 ipsiginniiiin
1992 488 2048 527 „⁵2⁴

1885 537 1906 555 el
1921 535 1979 556 indat

1129 545 1390 586 praedecessores
1407 546 1527 586 nostri,
1559 547 1737 580 devotionis
1757 547 1871 582 affectu
1885 565 1953 586 um„
1990 560 1992 562 ·

1127 597 1278 631 dlvinitus
1297 599 1438 640 excitati,
1460 610 1586 632 necnon
1608 599 1716 633 dilecti
1740 600 1796 633 sitii
1817 611 1878 634 no-·

1125 651 1179 682 stri
1200 651 1363 684 Michaelis
1392 651 1476 684 tituli
1502 652 1614 685 Beatae
1635 653 1750 687 Mariae
1775 664 1874 697 super

1126 703 1297 736 Minervam
1326 704 1504 748 presbyteri
1533 705 1705 738 cardinalis
1737 707 1872 740 Alexan-

1124 756 1205 790 drini
1226 758 1405 801 nuncupati
1417 758 1707 802 supplicationibus
1719 758 1872 801 inclinati,

1124 810 1322 853 singularum
1336 811 1514 844 litterarum
1531 812 1768 855 praedictarum
1781 819 1872 846 teno-

1123 874 1172 897 res
1191 869 1221 897 et
1241 865 1361 898 formas
1386 865 1609 909 praesentibus
1626 876 1685 909 pro
1705 865 1870 900 sufficien—

1121 922 1168 951 ter
1188 918 1345 961 expressis
1365 926 1395 951 et
1425 918 1553 951 insertis
1572 919 1739 960 habentes,
1762 921 1869 954 omnia

1121 976 1151 1004 et
1169 971 1294 1014 singula
1307 971 1708 1015 privilegia,immunitates
1723 979 1754 1006 et
1766 984 1856 1007 exem

1123 1023 1256 1065 mones,
1274 1025 1509 1066 concessiones,
1538 1025 1674 1066 indulta,
1696 1026 1867 1070 indulgen-

1122 1078 1190 1119 'ias‚
1213 1077 1309 1111 etiam
1330 1078 1503 1122 plenarias,
1530 1084 1562 1112 et
1585 1085 1792 1122 peccatorum
1818 1091 1868 1113 re-

1130 1130 1286 1165 nissiones
1306 1138 1338 1165 ct
1356 1132 1580 1172 relaxationes,
1595 1132 1744 1165 omnibus
1758 1138 1789 1166 et
1805 1133 1867 1166 sin-

1117 1183 1200 1227 guliS
1219 1185 1536 1218 confraternitatibus
1555 1185 1632 1218 dicti
1643 1186 1777 1228 Rosarii,
1792 1182 1865 1219 ubi-

1118 1238 1257 1281 cumque
1276 1244 1435 1271 terrarum
1457 1239 1612 1272 canonice
1629 1239 1792 1281 institutis,
1815 1251 1866 1273 ea-

1117 1302 1256 1335 rumque
1286 1292 1502 1325 confratribus
1532 1297 1562 1325 et
1590 1293 1766 1334 sororibus,
1799 1299 1863 1326 tam

1116 1355 1173 1387 per
1198 1345 1300 1378 dictos
1322 1345 1586 1389 praedecessores
1610 1351 1736 1380 nostros
1755 1351 1786 1380 et
1805 1346 1862 1380 Se-

1115 1399 1187 1432 dem
1207 1399 1406 1442 praedictam
1431 1410 1486 1432 seu
1508 1399 1594 1432 illius
1613 1399 1761 1440 nuncios,
1787 1411 1862 1434 curn

1124 1458 1268 1486 mtestate
1288 1453 1382 1496 legati
1395 1453 1433 1486 de
1458 1453 1567 1492 latere,
1588 1464 1751 1494 concessa,
1777 1455 1860 1487 elar-

1123 1506 1177 1541 :ita
1205 1510 1237 1539 et
1261 1506 1462 1546 confirmata,
1493 1518 1530 1540 ac
1559 1518 1635 1540 cum
1655 1507 1806 1541 omnibus
1829 1512 1861 1541 et
1897 1517 1901 1521 ’

1123 1559 1249 1602 iugulis
1268 1560 1301 1592 in
1322 1560 1368 1593 eis
1387 1561 1546 1594 contentis
1558 1561 1712 1594 clausulis
1723 1561 1861 1603 desuper

1115 1614 1274 1647 confectas
1293 1614 1414 1647 litteras
1434 1614 1626 1658 praedictas,
1647 1620 1677 1648 et
1696 1614 1782 1648 vivae
1803 1625 1859 1648 vo-

1115 1667 1157 1699 ,zis
1176 1667 1309 1700 oraculo
1330 1673 1385 1700 aut
1403 1667 1480 1700 alias
1500 1667 1744 1711 quomodolibet
1771 1678 1859 1701 ema-

1113 1726 1212 1761 natas,
1234 1721 1423 1754 auctoritate
1434 1721 1623 1764 apostolica,
1638 1727 1750 1754 tenore
1762 1731 1858 1765 prae—

1112 1773 1262 1814 sentium,
1294 1779 1452 1818 perpetuo
1481 1774 1713 1807 confirmamus
1741 1779 1773 1808 et
1801 1785 1858 1819 ap·-

1113 1828 1285 1871 probamus
1298 1855 1306 1869 ,
1350 1828 1470 1871 illaque
1513 1827 1622 1860 omnia
1659 1833 1690 1861 et
1732 1827 1859 1871 singula

1113 1885 1206 1923 prout
1230 1892 1289 1925 per
1308 1881 1394 1925 ipsos
1413 1881 1678 1925 praedecessores
1688 1887 1814 1914 nostros
1828 1886 1860 1914 et

1110 1934 1189 1967 „ilios
1209 1935 1391 1979 praedictos
1411 1945 1564 1968 concessa
1579 1935 1721 1975 fuerunt,
1744 1945 1856 1978 perpe-

1111 1995 1183 2021 tuae
1203 1988 1363 2021 firmitatis
1380 1988 1480 2021 robur
1499 1987 1645 2021 obtinere
1665 1998 1702 2020 ac
1722 1987 1856 2021 inviola-

1110 2042 1215 2075 biliter
1229 2042 1391 2075 observari
1409 2042 1527 2074 debere
1544 2041 1770 2081 decernimus;
1791 2051 1858 2074 om-

1110 2106 1229 2140 nesque
1246 2101 1277 2129 et
1301 2095 1445 2138 singulos
1465 2100 1530 2128 tam
1555 2095 1634 2128 iuris
1658 2105 1755 2138 quam
1780 2094 1856 2128 facti

1108 2150 1262 2191 defectus,
1281 2149 1307 2182 si
1323 2148 1379 2192 qui
1391 2149 1499 2182 forsan
1510 2148 1741 2187 intervenerint
1751 2148 1784 2182 in
1795 2147 1856 2181 eis-

1107 2204 1191 2244 ·lem,
1211 2203 1412 2248 supplemus.
1753 2235 1766 2245 ,
1974 2239 1979 2249 5
2006 2243 2007 2246 Ἴ

1150 2257 1165 2300 ἓ
1188 2256 1221 2289 4.
1243 2256 1291 2296 Et,
1304 2256 1421 2300 potiori
1441 2266 1501 2300 pro
1524 2255 1661 2295 cautela,
1687 2266 1799 2288 omnes
1823 2260 1856 2288 et
1894 2269 2001 2291 izi-mm

1106 2310 1249 2353 singulas
1268 2310 1497 2352 indulgentias,
1515 2309 1611 2342 etiam
1632 2308 1805 2352 plenarias,
1822 2314 1855 2342 et
1955 2307 1990 2343 ἰ’

1106 2369 1313 2408 peccatorum
1338 2362 1546 2395 remissiones
1572 2367 1603 2395 et
1626 2361 1850 2402 relaxationes,

1105 2412 1334 2456 exemptiones,
1359 2412 1535 2451 facultates,
1560 2410 1796 2451 concessiones,
1816 2421 1852 2443 a-

1105 2462 1212 2505 liaque
1232 2461 1398 2505 privilegia
1413 2468 1444 2494 et
1459 2460 1583 2494 indulta
1592 2459 1768 2504 praedicta,
1780 2469 1850 2492 om-

1104 2511 1198 2543 nibus
1218 2515 1249 2543 et
1273 2510 1408 2553 singulis
1428 2509 1746 2543 confraternitatibus
1773 2507 1849 2541 dicti
1899 2549 1902 2551 Α

1103 2558 1242 2599 Rosarii,
1264 2559 1296 2592 in
1316 2558 1482 2602 quibusvis
1497 2557 1641 2591 ecclesiis
1651 2563 1682 2591 et
1694 2556 1849 2600 cappellis

1080 2590 1082 2615 Ι
1103 2618 1139 2640 ac
1164 2607 1329 2652 altaribus,
1351 2607 1552 2653 ubicumque
1571 2612 1730 2639 terrarum
1750 2615 1847 2643 cano-
