2059 3228
193 225 338 263 creverit,
355 231 384 256 nt
406 225 589 267 frequentes
611 222 697 255 illius
716 221 832 255 domus
848 221 879 253 in
890 230 941 253 va-

194 278 248 312 riis
265 278 377 311 mundi
398 277 570 322 provinciis
591 276 766 315 institutae,
784 276 940 319 etpro'pa-

192 336 283 376 gatae
303 332 573 375 1·‹.=peri:imur‚.et
586 335 717 373 propter
733 329 879 362 locorum
896 326 942 359 di-

193 384 339 418 stantiam
360 384 476 417 domus
492 384 578 428 ipsae
600 383 631 415 in
650 382 716 415 suis
737 380 941 425 provinciali-

193 438 253 471 bus
272 444 301 470 et
325 438 395 470 aliis
426 436 584 480 religiosis
612 436 652 468 ad
681 435 801 468 dictum
822 433 944 476 rapitu-

194 491 260 524 lnm
280 491 430 535 generale
452 500 650 534 unoquoque
675 488 814 521 triennio
839 493 942 519 tintus-

194 545 357 578 mittendis
383 545 520 577 maxima
545 553 654 576 rernm
676 542 943 585 etimpensarum

194 598 361 642 dispendia
375 598 483 630 subire
492 602 661 639 cogantur,
675 607 734 628 nec
747 595 826 627 infra
848 594 944 627 trien-

194 651 284 684 nium
306 651 490 684 huiusmodi
506 651 545 683 ab
565 649 678 683 eodem
696 653 878 681 correctore
893 657 945 689 ge-

193 705 295 738 nerali
320 705 489 738 commode
514 703 634 737 visitari
659 702 793 746 possint.
821 700 944 744 Singuli

194 769 269 792 vero
290 764 490 791 correctores
505 757 665 790 dictarum
686 756 870 794 domorum,
888 753 945 798 qni

195 812 326 846 annales
348 811 514 844 dumtaxat
530 810 681 847 existunt,
708 814 880 851 antequam
906 807 945 839 de

195 871 279 900 statu
303 865 491 898 earumdem
520 864 691 896 domorum
720 873 756 895 ae
781 862 878 894 rebus
906 861 945 894 ad

195 920 325 952 illarum
356 929 467 951 curam
488 923 519 950 et
538 916 850 949 administrationem
871 926 945 959 per-

194 972 372 1006 tinentibus
405 971 519 1004 instrui
557 969 692 1014 possint,
728 969 843 1002 officiis
880 968 946 1001 suis

195 1025 339 1060 destituti
369 1029 575 1063 remaneant3
611 1030 641 1055 ct
669 1022 855 1055 huiusmodi
888 1032 946 1054 an—

165 1105 168 1107 *
195 1079 279 1112 nalis
310 1089 424 1112 eorum
454 1077 607 1117 mutatio,
639 1076 790 1110 domibus
823 1075 948 1119 praedi-

197 1132 256 1166 ctis
274 1131 452 1176 plurimum
477 1130 587 1164 damni
612 1136 643 1163 et
672 1129 871 1163 incommodi
895 1129 949 1162 ad-

196 1186 288 1220 ferat.

48 1275 49 1279 ,
240 1239 256 1283 g
279 1239 311 1272 2.
330 1238 405 1279 Nos,
424 1249 460 1272 ex
480 1238 532 1271 his
549 1244 580 1271 et
597 1237 669 1271 aliis
685 1236 789 1270 causis
804 1236 948 1270 animum

25 1312 30 1315 -
52 1317 53 1323 ,
75 1306 92 1328 ιι
113 1306 184 1333 tuque
196 1298 344 1327 nostrum
360 1291 575 1332 moventibus,
598 1301 696 1334 opere
707 1290 868 1334 praetium
882 1290 949 1322 sore

60 1337 186 1390 ζζᾞζξζζ
198 1345 345 1380 arbitrati
365 1350 402 1378 ut
420 1344 611 1388 provisionis
626 1350 754 1377 nostrae
770 1342 950 1376 ministerio

26 1390 187 1451 'ffmm
198 1399 415 1434 incommodis
443 1404 474 1432 et
499 1397 675 1442 dispendiis
698 1397 870 1441 praedietis
894 1397 952 1429 ali-

33 1456 51 1475 '·
199 1463 264 1498 qua
283 1452 455 1487 commoda
478 1451 603 1485 ratione
632 1456 834 1491 occurratur,
861 1455 950 1483 motu

200 1506 346 1552 proprio,
368 1516 434 1539 non
453 1505 493 1539 ad
513 1505 650 1538 alieuius
669 1504 763 1538 nobis
779 1514 877 1548 super
890 1505 951 1537 hoe

201 1560 327 1594 oblatae
341 1559 505 1604 petitionis
524 1558 721 1599 instantiam,
744 1559 799 1592 sed
812 1570 848 1592 ex
863 1568 952 1590 mera

200 1613 434 1648 deliberatione
460 1618 491 1646 et
515 1618 602 1646 certa
622 1612 757 1645 scientia
777 1617 898 1652 nostra,
916 1622 952 1644 ae

201 1667 240 1701 de
255 1667 451 1711 apostolieae
476 1666 641 1710 potestatis
661 1666 875 1710 plenitudine,
894 1672 952 1699 sta-

202 1721 324 1754 tuimus
343 1726 375 1754 et
385 1721 575 1754 ordinamus
586 1719 671 1763 quod
687 1731 724 1753 ex
740 1730 826 1753 nunc
847 1720 886 1753 de
899 1730 952 1753 ce-

201 1779 284 1815 tero,
314 1774 479 1818 perpetuis
508 1774 624 1807 suturis
652 1773 873 1817 temporibus,
905 1773 953 1806 di-

203 1832 292 1862 ctum
325 1828 505 1872 capitulum
538 1828 687 1871 generale
718 1828 751 1860 in
785 1827 954 1860 festivitate

202 1881 406 1915 pentecostes
423 1881 610 1914 huiusmodi
628 1881 667 1914 de
687 1881 839 1914 sexennio
860 1881 893 1914 in
905 1891 954 1914 se-

203 1934 372 1975 xennium,
402 1945 468 1967 non
493 1940 600 1967 autem
630 1935 775 1977 quolibet
801 1934 953 1973 triennio,

206 1993 242 2021 ut
263 1987 422 2022 haetenus
446 1989 647 2021 observatum
668 1988 740 2028 suit,
763 1988 955 2031 congregari

207 2046 240 2074 et
258 2040 340 2082 fieri,
360 2046 391 2075 et
409 2046 473 2074 tam
494 2042 601 2074 dilecti
614 2040 670 2073 tilii
685 2041 860 2084 Gregorius
879 2041 956 2074 Car-

206 2093 355 2128 bonellus
374 2105 393 2127 a
412 2094 520 2135 Paula,
548 2099 713 2127 corrector
732 2094 903 2137 generalis,
926 2105 958 2127 e-

207 2147 323 2192 iusque
343 2148 485 2191 collegae
504 2159 542 2181 ac
562 2149 687 2181 zelosus
699 2148 731 2180 in
747 2148 889 2192 capitulo
906 2158 959 2191 ge-

207 2200 488 2235 neralinovissime
499 2201 660 2236 celebrato
670 2201 777 2242 electi,
790 2212 888 2244 quam
902 2201 958 2245 qui

209 2254 363 2298 deinceps
387 2255 428 2288 ad
457 2254 649 2288 correctoris
678 2255 850 2297 generalis,
872 2255 958 2288 eius-

210 2318 274 2351 que
303 2308 502 2351 collegarum
535 2319 571 2341 ac
597 2308 692 2341 zelosi
722 2309 867 2341 eiusdem
899 2308 957 2342 Or-

211 2356 295 2390 dinis
344 2357 451 2390 officia
487 2367 546 2400 pro
589 2363 736 2400 tempore
774 2357 957 2400 eligentur,

211 2405 245 2437 in
285 2415 420 2438 suorum
454 2406 642 2439 huiusmodi
675 2406 855 2439 officiorum
891 2407 961 2439 sun-

212 2453 318 2487 ctione
334 2465 392 2498 per
415 2454 576 2498 integrum
602 2453 790 2487 sexennium
815 2465 834 2487 a
853 2454 904 2487 die
927 2466 961 2488 e-

212 2502 362 2543 lectionis
381 2502 419 2535 de
437 2513 494 2535 sua
515 2503 673 2546 cuiusque
698 2512 836 2546 persona
862 2504 961 2535 sactae

214 2551 481 2595 computandum,
503 2557 533 2584 et
557 2562 659 2594 usque
680 2552 719 2584 ad
740 2551 883 2584 eiusdem
905 2551 962 2585 Or-

294 2600 369 2630 uult.
390 2600 468 2630 Rom.
492 2600 545 2631 t'ol.
569 2601 639 2631 wll.
790 2602 844 2631 108

843 167 948 194 SIXTUS
970 166 992 191 V
1017 166 1068 190 PP.

1646 142 1721 180 37'

981 218 1065 252 dinis
1085 217 1262 261 capitulum
1283 210 1516 259 goiwrate‘fiost
1540 214 1731 247 electionem

981 271 1168 304 huiusmodi
1196 270 1338 314 proxime
1361 270 1505 302 suun-um
1532 268 1677 301 insistere
1702 274 1733 302 et

983 334 1198 368 perseverare.
1217 323 1368 363 Singulae
1385 328 1490 355 antem
1503 323 1618 356 domus
1639 332 1733 368 prae·

982 377 1096 417 dietae,
1126 377 1216 420 lapso
1245 388 1328 409 aimo
1359 376 1646 410 administrationis
1667 387 1734 409 mo-

983 431 1157 464 dernorum
1180 441 1290 463 earnm
1313 436 1532 463 correctorum
1553 430 1732 471 annalium,

984 494 1048 517 non
1073 484 1211 527 amplius
1235 494 1293 527 per
1317 484 1460 523 annales,
1483 485 1536 516 sed
1568 484 1734 517 biennales

985 543 1197 577 correctores,
1221 538 1259 569 de
1285 538 1416 570 bit-nnio
1438 538 1468 570 in
1488 537 1653 570 biennium
1676 539 1733 570 eti-

984 591 1105 633 gendos
1133 597 1163 623 et
1183 591 1394 634 deputandos,
1417 595 1481 634 regi
1511 597 1541 624 et
1561 591 1732 633 gnbcrnari

985 644 1141 683 debeaut;
1174 650 1295 677 serrata
1327 650 1431 678 tamen
1464 645 1542 677 alias
1565 646 1679 680 forma,
1702 645 1732 676 in

986 697 1198 731 electionibus
1219 703 1280 730 tam
1302 698 1461 740 generalis
1481 710 1577 742 qnam
1595 699 1732 731 aliorum

986 757 1220 791 correctorum,
1253 762 1378 784 net-non
1406 752 1502 785 zelosi
1536 758 1566 784 et
1598 753 1736 793 collega-

987 815 1059 837 rum
1088 805 1274 838 huiusmodi
1307 806 1464 838 liat-tenus
1493 806 1654 838 observari
1687 816 1735 837 so-

988 858 1053 899 lita,
1080 869 1177 903 quarn
1198 859 1314 891 salvant»
1342 864 1372 891 et
1393 859 1533 891 illaesam
1556 870 1623 892 esse
1644 860 1734 892 volu-

988 922 1070 944 mus.

1032 965 1047 1008 ξ
1071 965 1101 997 3.
1143 966 1358 999 Decernentes
1394 976 1577 1009 praesentes
1616 968 1736 1000 litteras

990 1019 1078 1051 nullo
1099 1029 1255 1062 umquam
1276 1025 1434 1062 tempore,
1457 1020 1552 1052 etiam
1569 1027 1735 1064 praetextu

988 1073 1076 1115 quod
1101 1073 1141 1105 ad
1167 1073 1199 1105 id
1219 1072 1320 1116 ipsius
1339 1074 1466 1106 Ordinis
1487 1074 1663 1117 capitulum
1685 1086 1737 1117 ge-

989 1127 1098 1159 nerale
1131 1126 1315 1169 specialiter
1338 1126 1496 1160 indictum
1526 1134 1553 1160 et
1584 1128 1736 1162 interesse

990 1181 1145 1214 habentes
1164 1181 1266 1214 vocati
1285 1191 1351 1213 non
1370 1182 1502 1222 suerint,
1525 1193 1581 1215 sen
1599 1194 1633 1215 ex·
1660 1194 1738 1226 qua-

989 1235 1034 1267 vis
1063 1234 1125 1267 alia
1148 1235 1354 1279 ‹piantumvis
1387 1236 1530 1279 legitima
1560 1248 1668 1276 causa,
1699 1238 1737 1269 de

990 1288 1207 1332 subreptionis
1224 1289 1271 1322 vel
1297 1289 1496 1332 obreptionis
1508 1290 1596 1331 vitio,
1619 1296 1673 1323 ant
1688 1291 1737 1323 in-

990 1341 1141 1375 tentionis
1169 1348 1296 1376 nostrae
1316 1343 1365 1376 rel
1390 1343 1451 1375 alio
1476 1344 1587 1386 quovis
1613 1344 1736 1377 defectu

991 1396 1108 1437 notari,
1139 1395 1323 1439 impugnari
1343 1408 1398 1430 seu
1420 1397 1599 1437 invalidari,
1622 1404 1673 1430 aut
1699 1398 1738 1430 ad

992 1450 1042 1482 ius
1056 1450 1105 1483 rel
1126 1450 1377 1483 controversiam
1398 1451 1540 1484 revocari
1553 1462 1644 1494 posse
1658 1462 1665 1491 3
1678 1452 1722 1484 sie

992 1513 1054 1546 que
1078 1514 1136 1547 per
1157 1514 1381 1547 quoscumque
1407 1504 1530 1537 iudices·
1558 1504 1738 1537 ordinarios

992 1563 1023 1590 et
1051 1557 1226 1599 delegatos,
1258 1557 1368 1600 quavis
1395 1558 1585 1591 anctoritate
1606 1559 1739 1601 fungen-

992 1616 1051 1651 tes,
1069 1611 1194 1645 snblata
1214 1611 1259 1644 eis
1283 1617 1313 1644 et
1333 1622 1444 1645 eornm
1473 1612 1605 1645 cuilibet
1629 1613 1738 1655 quavis

993 1665 1086 1698 aliter
1119 1665 1284 1698 iudicandi
1312 1672 1343 1699 et
1372 1665 1605 1709 interpretandi
1636 1666 1738 1699 sacul-

994 1724 1056 1751 tate
1087 1724 1117 1752 et
1150 1719 1353 1759 auctoritate,
1383 1719 1517 1751 indicari
1547 1724 1575 1751 et
1603 1718 1738 1751 deffiniri

994 1772 1129 1813 debere3
1151 1772 1279 1804 irritum
1300 1782 1429 1814 quoque
1445 1778 1475 1804 et
1491 1772 1584 1804 inane
1601 1771 1624 1803 si
1650 1782 1742 1804 scens

995 1836 1093 1869 super
1111 1826 1161 1859 his
1180 1837 1197 1859 a
1217 1836 1393 1869 quoquam,
1416 1824 1526 1868 quavis
1538 1825 1740 1863 auctoritate,

995 1880 1133 1912 scienter
1151 1880 1199 1913 vei
1221 1880 1418 1923 ignoranter,
1449 1880 1619 1923 eontigerit
1644 1885 1743 1913 atten-

997 1933 1069 1966 tari.

1040 1987 1055 2030 ᾗ
1078 1987 1109 2019 4.
1132 1987 1200 2020 Non
1221 1987 1422 2020 obstantibus
1435 1987 1617 2030 praemissis
1631 1992 1746 2030 ctapo-

997 2041 1127 2080 stolieiS,
1153 2051 1190 2073 ae
1210 2041 1243 2072 in
1263 2040 1513 2084 provincialibus
1540 2045 1569 2073 et
1589 2040 1747 2084 synodali²

998 2094 1056 2127 bus
1077 2094 1223 2127 conciliis
1243 2094 1347 2133 editis,
1372 2094 1566 2137 specialibus
1585 2094 1633 2127 vel
1653 2104 1747 2136 gene-

998 2147 1131 2188 ralibus,
1161 2147 1443 2180 constitutionilnis
1474 2153 1505 2180 et
1533 2147 1747 2180 ordinationi-

998 2201 1070 2241 bus,
1093 2211 1219 2233 necnon
1239 2200 1366 2233 Ordinis
1386 2207 1415 2234 et
1436 2201 1607 2233 domorum
1633 2201 1747 2233 liuius-

999 2253 1099 2294 modi,
1120 2253 1214 2286 etiam
1237 2254 1429 2293 iuramento,
1447 2253 1691 2286 confirmatione
1717 2264 1749 2285 a·

1001 2306 1157 2350 postolica
1174 2306 1221 2340 rel
1242 2307 1352 2350 quavis
1369 2306 1519 2339 firmitate
1534 2306 1594 2339 alia
1616 2306 1749 2338 robora-

1002 2355 1051 2395 tis,
1070 2355 1195 2388 statutis
1215 2361 1243 2387 et
1257 2354 1558 2393 consuetudinibus,
1579 2355 1675 2387 etiam
1693 2354 1751 2386 im-

1002 2404 1267 2437 memorabilibus
1281 2409 1308 2436 et
1324 2409 1587 2446 quantocumque
1606 2409 1750 2447 tempore

1002 2453 1196 2493 observatis3
1219 2452 1392 2496 privilegiis
1412 2462 1554 2495 quoque,
1574 2452 1706 2485 indultis
1721 2458 1751 2485 et

1004 2502 1119 2535 litteris
1146 2502 1344 2545 apostolicis,
1377 2501 1439 2534 illis
1458 2512 1637 2545 eorumqnc
1658 2512 1753 2544 gene-

1005 2553 1063 2585 rali
1085 2558 1113 2594 et
1138 2552 1209 2585 aliis
1221 2552 1469 2593 correctoribus,
1493 2561 1618 2585 necnon
1634 2552 1749 2592 zeloso,

1747 149 1797 183 Λιῐ.
1815 153 1844 181 C.
1862 151 1929 181 4³87

1817 980 1904 1000 flamen!
1918 984 1930 999 «Β

1749 1013 1922 1038 praeservnnme

1811 1990 1942 2009 (nutanti-im

1760 2020 1877 2045 derogatio*
