2059 3228
122 215 173 243 Au.
191 217 218 243 C.
239 216 301 245 ¹581

187 807 301 828 OEconorni

119 845 161 860 non
176 839 218 859 siut
237 844 302 865 supe-

119 870 198 891 riorum
212 875 301 891 consan-

119 902 197 927 guinei-

360 203 424 236 [rol

317 264 455 298 absentis
468 264 511 295 vel
534 263 628 294 etiam
651 259 845 296 aegrotantis
859 258 943 292 vices
952 258 1061 291 subire

316 324 345 350 et
370 319 449 350 bruc
480 327 592 357 gerere
618 315 695 347 sciat
715 320 744 347 et
777 312 899 357 possit;
930 311 1063 353 singulis

316 382 389 403 vero
410 369 596 402 oeconomis
614 368 791 401 necessaria
809 377 940 399 suorum
959 365 1062 397 eitius-

316 436 377 467 (μιν
395 423 575 455 ollioiorum
604 422 726 455 functio
751 421 871 464 scripto
891 420 1061 457 tribuatur,

317 478 437 510 reditus
463 488 516 508 seu
552 476 690 519 pecunia
711 474 837 517 collegii
858 485 957 517 penes
984 473 1063 505 tide-

316 531 377 563 lem
399 536 612 562 nim-valorem
634 534 702 562 tuto
723 529 939 572 deponantur,
953 538 990 559 ac
1010 527 1063 559 de-

317 584 402 620 iude,
425 589 521 626 prout
540 583 712 616 necessitas
731 581 948 626 postulaverit,
973 591 1063 613 man-

315 637 389 669 dato
428 648 445 669 a
469 642 594 669 rectore
625 641 654 669 et
680 647 697 668 a
726 635 853 668 duobus
878 634 1063 667 oeconomis

315 690 495 734 subscripto
516 695 714 733 repetantur.

358 744 374 786 5
394 742 446 776 ⁶26.
469 743 582 776 Nullus
600 753 798 776 oeconomus
829 743 876 775 vel
908 741 1065 784 generalis

315 797 362 829 vel
383 797 598 840 particularis
619 797 728 830 nullus
747 796 824 829 item
845 795 901 838 qui
926 794 1065 837 collegio

317 850 347 882 in
367 850 480 893 quovis
501 860 635 883 munere
656 849 826 889 deserviat,
847 848 905 881 ulli
931 859 966 881 ex
988 857 1065 890 pro·

316 903 490 946 tectoribus
507 904 555 936 vel
575 903 798 946 superioribus
817 903 865 934 vel
885 901 940 945 qui
963 901 995 933 in
1004 901 1066 933 col-

316 958 400 1001 legio
424 958 473 990 ius
505 958 647 1002 aliquod,
682 956 990 990 administrationem
1017 955 1065 987 vel

315 1017 504 1056 potestatem
526 1013 654 1053 habeat,
677 1011 717 1045 sit,
736 1011 892 1054 sanguine
902 1011 950 1043 vel
960 1009 1066 1053 aliqua

314 1066 466 1099 affinitate
492 1065 698 1105 coniunctus,
737 1075 844 1107 neque
883 1065 922 1097 ab
956 1063 1066 1106 aliquo

316 1130 353 1152 ex
381 1119 554 1164 praedictis
585 1130 689 1162 neque
720 1119 759 1151 ab
785 1119 852 1151 ullo
878 1117 941 1150 alio
972 1127 1066 1161 prae-

316 1173 380 1206 lato
417 1179 471 1206 aut
505 1172 636 1206 domino
670 1172 781 1215 quovis
817 1171 914 1204 modo
945 1171 1067 1214 depen-

316 1227 462 1267 deat,aut
472 1237 545 1259 cum
557 1225 729 1269 praedietis
741 1225 925 1258 clientelam
936 1223 1064 1256 habeat.

316 1280 410 1313 Pater
433 1285 464 1312 et
483 1278 581 1319 lilius,
604 1279 669 1311 duo
690 1278 821 1317 fratres,
848 1277 914 1309 duo
934 1286 1068 1308 consan-

317 1333 425 1376 guinei
453 1333 484 1366 in
518 1333 630 1366 eadem
657 1332 783 1365 civitate
813 1335 869 1363 aut
902 1329 1069 1374 provincia

318 1397 382 1420 non
403 1387 466 1420 sint
481 1385 618 1420 alicuius
633 1385 759 1428 collegii
771 1383 952 1424 oeconomi3
965 1393 1069 1427 neque

317 1441 489 1485 quisquam
515 1440 547 1473 in
567 1439 704 1482 collegio
742 1437 911 1475 deserviat,
947 1436 1002 1480 qui
1031 1436 1071 1469 sit

319 1494 473 1538 sanguine
490 1493 694 1537 propinquus
713 1501 893 1525 oeconomo
913 1490 1068 1533 generali,

319 1558 423 1591 neque
440 1548 478 1580 ad
501 1547 607 1590 ipsum
628 1546 736 1589 aliquo
758 1546 854 1578 modo
875 1544 1046 1588 pertineat.

899 205 1075 230 RULLARIUM
1099 203 1248 227 noMANUM

1104 254 1430 294 commendationem,
1457 259 1508 287 aut
1541 259 1672 296 propter
1695 254 1852 296 cuiusque

1104 308 1414 351 consanguinitatem
1424 308 1470 340 vel
1480 307 1664 347 amicitiam,
1678 307 1851 340 etsinehoc

1105 363 1296 401 iuramento,
1336 361 1376 394 de
1411 372 1474 403 quo
1513 364 1646 400 constet,
1672 359 1812 404 quaeviS,
1834 369 1850 392 a

1105 426 1311 458 quocumque
1331 419 1363 448 et
1393 414 1592 457 ubicumque
1613 413 1705 453 sacta,
1736 413 1852 446 locatio

1106 469 1193 501 irrita
1215 469 1251 501 sit
1273 474 1303 501 et
1325 467 1478 500 invalida:
1501 467 1586 499 bona
1608 466 1769 509 praedicta
1788 472 1851 500 ter-

1107 523 1149 555 tio
1170 527 1225 554 aut
1255 526 1370 565 quarto
1391 531 1522 563 quoque
1542 530 1626 552 anno
1653 530 1669 552 a
1694 518 1804 563 peritis
1823 525 1850 552 et

1106 575 1254 608 fidelibus
1273 574 1347 607 viris
1371 573 1550 613 visitentur,
1573 578 1670 616 atque
1695 582 1759 605 una
1779 582 1851 605 cum

1106 628 1333 668 visitatoribus,
1356 627 1380 660 si
1405 626 1475 660 fieri
1493 626 1621 670 poterit,
1636 626 1718 658 adsit
1737 625 1853 668 aliquis

1106 693 1142 714 ex
1163 681 1290 724 collegii
1311 680 1545 725 superioribus,
1572 684 1627 713 aut
1646 679 1759 712 saltem
1783 678 1853 712 alu-

1107 745 1201 767 mnus
1221 734 1383 774 sacerdos,
1400 734 1447 766 vir
1462 733 1603 777 prudens
1624 737 1654 765 et
1672 732 1757 776 pius.

1150 788 1165 831 §3
1185 788 1238 821 28.
1259 789 1467 828 OEconomus,
1489 792 1553 820 tam
1574 785 1732 830 generalis
1756 795 1853 829 quam

1107 840 1324 885 particularis,
1337 841 1458 884 aliique
1471 839 1637 884 praecipui
1646 838 1770 882 collegii
1782 837 1853 871 offi-

1107 894 1215 935 ciales,
1228 895 1363 937 singulis
1372 894 1475 934 annis,
1488 903 1597 926 mense
1609 892 1767 932 ianuario,
1776 891 1855 925 fide-

1108 947 1146 980 lis
1160 953 1190 981 et
1210 953 1317 981 rectae
1342 947 1627 980 administrationis
1661 951 1693 979 et
1717 945 1757 978 ad
1785 945 1855 978 offi-

1108 1001 1282 1045 cium‚quo
1302 1001 1493 1045 funguntur,
1516 999 1716 1044 aptitudinis,
1728 1009 1856 1032 necnon

1108 1054 1300 1087 christianae
1321 1054 1448 1098 pietatis
1473 1060 1503 1087 et
1522 1054 1675 1086 honestae
1690 1062 1857 1086 conversa-

1108 1107 1205 1140 tionis
1242 1107 1462 1140 testimonium
1495 1118 1512 1139 a
1536 1112 1662 1140 rectore
1703 1106 1855 1145 habeant,

1107 1161 1195 1204 quod
1215 1160 1277 1194 nisi
1296 1160 1480 1201 habuerint,
1504 1171 1542 1193 eo
1562 1160 1632 1204 ipso
1647 1159 1760 1193 officiis
1790 1158 1858 1204 pri-

1108 1214 1171 1247 vati
1192 1219 1472 1247 essecenseantur:
1493 1213 1660 1247 Societatis
1670 1211 1857 1246 verohomi-

1109 1279 1165 1301 nes
1186 1268 1225 1301 ad
1244 1268 1456 1311 temporalem
1472 1265 1858 1300 administrationemnon

1110 1321 1306 1364 obligentur,
1333 1320 1396 1353 nisi
1416 1320 1455 1353 de
1475 1320 1523 1353 sui
1533 1319 1709 1365 praepositi
1727 1329 1860 1362 genera-

1111 1375 1149 1408 lis
1169 1375 1332 1415 mandato,
1355 1385 1373 1407 a
1387 1384 1452 1418 quo
1464 1373 1733 1407 unoinomnibus
1743 1383 1860 1416 regan-

1110 1434 1164 1463 tur
1217 1433 1247 1461 et
1283 1428 1490 1471 corrigantur
1504 1454 1514 1467 ,
1549 1432 1580 1460 et
1612 1427 1659 1460 illi
1688 1427 1746 1460 soli
1783 1437 1860 1460 suae

1112 1482 1248 1527 quisque
1291 1481 1578 1515 administrationis
1606 1480 1763 1514 rationem
1792 1485 1861 1513 tan·
1908 1515 1913 1519 ,

1112 1541 1182 1570 tum
1207 1536 1354 1569 reddant.

1909 794 2009 818 Aemi-nini

1868 826 1932 848 ttoni·
1940 825 2009 851 tatto·

1867 857 1922 884 guli·
1941 856 2000 879 ιιιιὶι
2027 869 2031 873 -

1867 888 1981 910 mennoni-
1999 894 2008 909 π
2027 910 2032 912 ,

1867 919 1943 941 denda.

1158 1591 1173 1633 ξ,
1197 1589 1250 1622 29.
1273 1589 1306 1623 Si
1323 1589 1402 1633 quid
1421 1589 1502 1622 forte
1522 1588 1553 1621 in
1582 1587 1630 1620 his
1660 1586 1861 1621 constitutio·
1917 1592 2018 1628 cmm.

1114 1643 1209 1676 nibus
1233 1643 1409 1676 desiderari
1430 1652 1508 1675 usus
1522 1652 1630 1674 rerum
1647 1640 1860 1684 magisterde-
1873 1635 2019 1691 '5¹:¹²¹“2222
2036 1660 2039 1668 .

1116 1697 1341 1730 monstraverit
1352 1702 1405 1729 aut
1418 1697 1591 1729 obscurum
1603 1694 1754 1728 fueritvel
1762 1693 1862 1727 ambi·
1874 1676 2025 1729 prgiectorth
2037 1689 2040 1713 ²·

1116 1761 1228 1794 guum,
1238 1750 1269 1783 ld
1284 1755 1482 1794 protectores
1497 1754 1528 1782 et
1537 1748 1731 1792 Superiores,
1742 1759 1777 1781 re
1794 1759 1862 1780 ma·
1875 1729 2023 1770 superioribus.

264 1635 266 1637 ,
363 1600 450 1644 527.
496 1601 584 1633 Bona
612 1599 738 1641 collegii
755 1608 981 1642 quaecumque
1006 1607 1070 1629 non

123 1667 203 1719 'non-a
221 1665 306 1691 collegii
320 1655 469 1687 locentur
489 1658 708 1697 protectorum
717 1656 771 1684 aut
781 1651 986 1694 superiorum
997 1661 1072 1683 con-

133 1705 190 1719 ocari
204 1703 245 1718 non
256 1703 307 1723 pos-

125 1729 305 1756 ,„,„9„0ffi„.„5‚
321 1707 518 1751 sanguineis,
562 1706 724 1749 nullisque
765 1704 904 1738 cuiusvis
947 1703 1073 1738 Ordinis

321 1760 497 1805 religiosis,
536 1770 602 1793 non
643 1759 767 1802 magnis
806 1758 969 1802 praelatis,
1009 1768 1075 1789 non

323 1814 510 1849 oeconomis
526 1819 581 1847 aut
600 1813 671 1846 aliis
690 1811 816 1855 collegii
834 1810 999 1851 ministris,
1018 1821 1075 1843 ne-

324 1879 388 1912 que
425 1878 539 1901 eorum
571 1865 834 1909 consanguineis,
869 1875 974 1908 neque
999 1864 1074 1904 ulli,

325 1922 380 1966 qui
398 1921 528 1965 aliquod
550 1921 611 1961 ius,
630 1924 820 1964 potestatem
852 1919 901 1951 vel
938 1917 1077 1950 admini-

326 1975 514 2009 strationem
534 1974 652 2007 habeat
676 1973 708 2006 in
734 1971 888 2014 collegi03
915 1971 1077 2004 bonorum

327 2028 504 2062 locationes
515 2038 532 2060 a
544 2033 669 2061 rectore
682 2027 730 2059 vel
738 2027 778 2059 ab
793 2035 971 2058 oeconomo
980 2035 1077 2067 gene-

329 2083 387 2115 rali
409 2082 440 2114 in
467 2082 537 2125 ipso
557 2080 695 2123 collegio
719 2080 809 2119 fiant,
831 2084 957 2111 rectore
985 2088 1078 2120 prae-

329 2141 417 2169 sente
436 2140 532 2178 atque
553 2146 606 2168 eas
633 2133 857 2177 approbante3
879 2131 1079 2174 quicumque

332 2194 435 2222 autem
458 2190 542 2221 bona
566 2187 713 2230 collegii,
748 2186 811 2219 sive
838 2186 869 2218 in
895 2185 980 2218 Urbe
1018 2186 1080 2216 sive

333 2248 419 2274 extra
439 2242 569 2282 Urbem,
588 2240 753 2279 locaverit,
776 2244 946 2282 antequam
964 2237 1081 2270 locatio

336 2295 530 2337 perficiatur,
563 2294 930 2327 iusimandumcoram
957 2296 1081 2323 rectore

334 2349 382 2380 vel
403 2348 465 2380 alio
486 2348 637 2391 deputato
657 2351 808 2390 praestet,
830 2345 992 2378 affirmans
1011 2344 1081 2376 sein

336 2406 372 2428 ea
392 2396 551 2428 locatione
571 2396 671 2428 solam
693 2394 820 2436 collegii
837 2393 1083 2435 utilitatemspe-

337 2449 449 2482 ctasse,
471 2450 498 2475 et
525 2450 657 2487 propter
673 2444 758 2475 illam
772 2453 804 2475 se
822 2442 947 2474 nullum
967 2450 1083 2472 munus

337 2494 522 2535 nullamque
549 2494 717 2526 utilitatem
739 2491 862 2535 cepisse
880 2496 934 2523 aut
958 2491 987 2521 in
1000 2489 1084 2521 sutu-

338 2552 408 2573 rum
431 2547 596 2583 sapei-tare
609 2554 616 2582 ·,
630 2542 711 2574 iuret
737 2541 812 2573 item
829 2550 862 2573 se
882 2539 961 2571 nihil
980 2538 1084 2570 facere

338 2595 393 2622 aut
419 2589 530 2622 secisse
569 2590 608 2622 ad
646 2589 783 2622 alicuius
813 2587 998 2621 instantiam
1030 2591 1083 2618 aut

1115 1809 1188 1837 ture
1212 1804 1400 1843 deliberata,
1410 1814 1446 1836 ex
1458 1801 1623 1836 communi
1635 1801 1779 1834 omnium
1788 1811 1865 1835 con-

1117 1868 1226 1897 sensu,
1261 1857 1433 1901 suppleant
1456 1861 1487 1888 et
1506 1855 1670 1888 declarent
1690 1859 1721 1887 et
1740 1854 1779 1886 ad
1803 1853 1865 1887 alia

1119 1911 1308 1949 extendaut3
1335 1909 1439 1953 quivis
1466 1913 1586 1947 autem,
1627 1908 1675 1940 vel
1704 1913 1866 1950 protector

1120 1964 1168 1996 vel
1202 1963 1296 2003 alius,
1327 1961 1536 2006 dispensandi
1573 1965 1763 2004 potestatem
1801 1970 1866 1993 non

1120 2017 1250 2055 babeat,
1272 2015 1326 2048 sed
1352 2015 1383 2048 id
1404 2015 1459 2047 fiat.
1478 2025 1512 2046 ex
1535 2013 1700 2046 communi
1720 2012 1866 2046 omnium

1121 2081 1292 2109 consensu,
1319 2079 1394 2101 raro
1414 2074 1533 2108 tamen,
1555 2072 1586 2100 et
1601 2067 1662 2100 nisi
1684 2066 1726 2100 ob
1758 2076 1869 2109 graves

1122 2122 1305 2163 causas,ubi
1315 2121 1503 2166 praesertim
1515 2119 1650 2153 nullasit
1659 2119 1868 2164 privaticom-

1123 2177 1208 2210 modi
1231 2176 1417 2220 autgratiae
1436 2174 1590 2218 suspicio,
1601 2174 1655 2207 sed
1666 2174 1716 2207 vel
1728 2173 1869 2206 necessi-

1123 2238 1169 2264 tas
1180 2236 1282 2273 cogat,
1297 2231 1344 2263 vel
1358 2239 1510 2272 magnum
1519 2228 1646 2271 collegii
1662 2229 1783 2261 bonum
1795 2237 1869 2270 aga-

1124 2290 1187 2323 tur,
1215 2295 1329 2327 resque
1345 2283 1384 2316 ad
1403 2282 1559 2315 maiorem
1579 2281 1632 2314 Dei
1644 2281 1801 2314 honorem
1822 2280 1870 2313 vel

1124 2337 1249 2380 collegii
1268 2337 1367 2380 ipsius
1387 2335 1594 2369 commodum
1616 2333 1784 2367 manifeste
1794 2343 1869 2377 per-

1124 2392 1225 2419 tinere
1245 2391 1412 2429 appareat.

1168 2436 1183 2477 ξ
1199 2435 1251 2469 30.
1270 2435 1356 2474 Quae
1370 2432 1479 2466 omnia
1489 2438 1520 2465 et
1539 2432 1663 2475 singula
1683 2431 1716 2464 in
1736 2430 1869 2463 hiscon-

1125 2593 1206 2625 quos
1226 2582 1399 2626 pertinent,
1422 2579 1561 2614 cuiusvis
1585 2584 1696 2618 status,
1710 2576 1868 2611 conditio-

1935 2443 2016 2474 Sancti·
2028 2460 2029 2470 i

1125 2484 1344 2517 stitutionibus
1364 2487 1526 2521 contenta,
1557 2481 1596 2514 ab
1622 2480 1772 2513 omnibus
1802 2483 1926 2518 tamum
1960 2482 2025 2505 σθω·

1125 2533 1265 2565 alumnis
1293 2543 1389 2575 qutun
1421 2530 1492 2563 aliis
1524 2530 1795 2573 quibuscumque,
1829 2527 1869 2560 ad
1882 2515 2032 2572 ζ’,ῗξζῗζῡζᾟ
