2059 3228
361 238 425 273 708

315 310 375 333 nec
400 298 532 332 alterius
559 298 717 341 cuiusque
747 306 807 342 pro
835 307 872 331 eo
904 297 967 331 sive
998 303 1066 331 toto

315 352 434 386 Ordine
459 351 529 395 ipso
558 350 651 384 nobis
681 351 808 384 oblatae
828 351 992 396 petitionis
1017 351 1065 384 in-

315 404 478 444 stantiam,
499 403 555 437 sed
580 414 616 436 ex
635 409 745 437 nostra
768 415 857 437 mera
881 409 912 438 et
934 410 1065 448 sponta-

315 468 375 491 nea
400 457 564 490 voluntate
584 461 614 489 et
633 462 721 490 certa
746 457 892 498 scientia,
914 468 952 491 ac
972 457 1010 490 de
1035 468 1066 490 a·

314 509 492 555 postolicae
511 509 679 554 potestatis
696 510 909 554 plenitudine,
937 510 1065 554 praedi-

315 569 365 596 cta
386 563 495 597 omnia
515 568 545 597 et
566 563 693 607 singula
721 563 900 608 privilegia,
931 575 1065 608 praero-

314 616 445 660 gativas,
467 616 699 657 immunitates,
721 618 952 661 exemptiones,
966 618 1064 651 liber-

314 675 404 710 tates,
427 669 655 713 indulgentias,
678 671 944 712 conservatorias,
962 671 1065 704 sacul-

314 728 406 764 tates,
430 723 556 756 indulta
580 729 611 757 et
630 724 709 757 alias
729 724 849 768 gratias
868 724 1014 758 Cistercii
1035 730 1066 757 ct

314 781 456 821 quatuor
480 777 616 810 aliarum
642 783 903 822 nuncupatarum
935 778 1065 822 praedi-

315 831 373 864 ctis
392 830 597 864 monasteriis
621 835 652 864 et
675 830 785 864 Ordini
806 831 956 864 universo
979 831 1064 865 eius-

314 894 376 928 que
401 883 545 928 capitulo
565 884 720 927 generali,
742 884 968 918 definitoribus
989 891 1019 918 et
1030 896 1064 918 a-

313 937 364 971 liis
392 937 614 982 superioribus
644 938 905 982 quibuscumque
934 949 992 982 per
1010 950 1063 971 su-

312 992 474 1036 pradictos
494 997 526 1025 et
549 992 630 1025 alios
659 1003 882 1036 quoscumque
902 993 1064 1026 Romanos

313 1045 485 1079 Pontifices
501 1045 766 1090 praedecessores
776 1051 903 1079 nostros
913 1056 1065 1080 concessa

314 1105 344 1133 et
375 1099 535 1139 innovata,
570 1109 802 1142 concessasque
834 1104 865 1132 et
885 1099 1061 1139 innovatas,

313 1153 503 1197 praesertim
519 1163 593 1186 vero
614 1153 699 1198 ipsas
711 1153 835 1186 litteras
849 1152 993 1195 Gregorii
1010 1153 1061 1194 IX,

313 1206 389 1240 Sim
410 1206 458 1247 lV,
476 1206 655 1240 innocentii
672 1206 749 1246 Vlll,
776 1205 822 1238 Pii
851 1206 900 1245 IV,
922 1206 969 1238 Pii
988 1206 1012 1238 V
1032 1210 1064 1239 et

313 1259 459 1304 Gregorii
483 1259 562 1300 XIII,
585 1269 643 1303 per
663 1269 801 1302 quarum
824 1269 904 1292 ausu
925 1265 1063 1293 temera-

314 1314 362 1347 rio
391 1318 609 1357 contemptam
639 1323 656 1346 a
676 1313 786 1345 multis
807 1313 1063 1347 observationem

314 1367 457 1401 eiusdem
486 1366 616 1401 Ordinis
641 1366 832 1400 convellitur
862 1366 1060 1409 immunitas,

315 1420 470 1464 regularis
499 1426 599 1453 status
623 1420 835 1464 periclitatur,
860 1419 1064 1454 uniformitas

314 1474 531 1515 decoloratur,
554 1473 795 1514 confirmamus,
823 1474 1015 1507 roboramus
1034 1479 1064 1507 et

314 1528 544 1573 approbamus,
567 1528 694 1571 illisque
714 1528 866 1561 omnibus
882 1533 910 1561 et
927 1527 1063 1571 singulis

314 1587 488 1626 perpetuae
509 1587 540 1615 et.
560 1581 754 1615 inviolabilis
781 1581 943 1615 firmitatis
964 1582 1064 1615 robur

312 1635 495 1676 adiicimus,
524 1640 567 1675 et,
589 1640 749 1678 quatenus
770 1645 852 1679 opus
872 1635 923 1674 sit,
946 1646 1062 1669 conce-

314 1689 419 1722 dimus
427 1694 458 1721 et
468 1688 844 1731 indulgemus,vetamus,
853 1688 1063 1732 prohibemus

314 1742 591 1783 etinhihemus,ac
601 1741 696 1775 etiam
706 1742 1062 1783 solemnitatum,etiam

314 1796 587 1837 substantialium,
600 1802 860 1840 etquoscumque
880 1796 959 1829 alios
976 1797 1063 1830 dese-

315 1856 396 1889 ctus,
406 1848 488 1893 siqui
505 1849 537 1881 in
546 1849 679 1892 singulis
689 1848 874 1893 privilegiis,
888 1849 1021 1883 indultis
1034 1855 1064 1883 et

315 1902 1064 1946 litterisapostolicispraedictisvelaliisquibus-

316 1966 454 1999 cumque
466 1956 711 1998 quomodolibet
723 1955 966 1997 intervenerint,
976 1963 1064 1990 motu

316 2014 346 2042 et
357 2009 489 2042 scientia
498 2009 669 2049 similibus,
680 2009 792 2042 codem
801 2010 1009 2053 praesentiiim
1021 2016 1065 2044 te-

316 2073 406 2105 nore,
434 2063 636 2107 supplemus.
666 2062 876 2096 Decernimus
901 2064 1009 2097 onmia
1034 2070 1066 2097 et

316 2117 441 2160 singula
465 2117 497 2149 in
528 2116 606 2160 ipsis
625 2116 798 2160 privilegiis
818 2122 849 2149 et
874 2116 1005 2149 indultis
1029 2128 1065 2150 ac

318 2170 540 2212 praesentibus
560 2170 679 2202 nostris
699 2175 848 2203 contenta
870 2176 900 2203 et
920 2181 1066 2215 compre-

318 2223 428 2259 hensa,
451 2228 613 2266 quatenus
632 2223 694 2255 sint
715 2223 745 2255 in
769 2234 828 2256 usu
849 2228 878 2256 ct
898 2224 996 2256 sacris
1016 2235 1066 2257 ca-

318 2276 467 2314 nonibus,
491 2277 666 2320 praecipue
689 2287 763 2310 vcro
785 2277 912 2310 concilii
932 2277 1066 2310 Triden-

319 2329 373 2362 tini
401 2329 554 2368 decretis,
576 2341 639 2363 non
661 2330 881 2370 adversentur,
908 2336 1066 2374 perpetuo

319 2383 421 2416 valida
442 2389 472 2416 et
492 2383 633 2416 efficacia
653 2395 689 2416 ac
710 2385 801 2417 firma
821 2390 851 2417 ct
862 2384 986 2417 stabilia
999 2385 1066 2417 sore

319 2437 345 2463 rt
375 2442 454 2472 esse,
486 2442 625 2476 suosque
655 2433 816 2477 plenarios
841 2433 974 2467 effectus
998 2444 1066 2466 sor-

321 2480 369 2511 tiri
399 2486 429 2512 et.
456 2480 613 2521 obtinere,
645 2492 682 2514 ac
708 2482 860 2515 omnibus
885 2488 914 2516 et
934 2482 1068 2526 singulis

320 2539 400 2570 quos
420 2534 553 2571 tangunt
580 2540 634 2562 seu
661 2536 791 2571 tangere
812 2536 966 2574 poterunt
988 2542 1068 2574 quo—

322 2576 496 2609 modolibet
519 2577 548 2609 in
583 2578 738 2620 futurum,
763 2579 989 2613 inviolabiliter
1009 2580 1066 2613 ob-

319 2624 436 2657 sci-vari
453 2625 580 2660 debere.

119 246 170 274 An.
187 245 216 275 C.
233 247 302 275 1586

913 245 1092 270 anLAmUM
1112 246 1263 271 Romnum

1152 298 1167 341 g
1191 297 1223 332 9.
1251 299 1295 331 Ac
1324 304 1509 342 praesentes
1536 307 1672 343 nostras,
1697 302 1792 337 etiam
1820 313 1857 337 ex

1107 351 1219 394 quavis
1243 362 1352 392 causa,
1379 352 1418 386 de
1449 353 1666 398 subreptionis
1698 358 1746 390 vel
1766 357 1860 391 obre-

1108 404 1228 447 ptionis
1254 416 1311 449 seu
1338 405 1494 439 nullitatis
1513 406 1601 448 vitio,
1626 415 1682 442 aut
1705 410 1858 444 intentio-

1107 457 1157 490 nis
1172 464 1300 492 nostrae
1319 459 1369 492 vel
1388 459 1502 502 quovis
1522 459 1584 493 alio
1605 461 1732 496 defectu
1752 463 1857 497 notari

1107 521 1163 543 seu
1184 511 1368 556 impugnari
1389 519 1419 545 et
1438 513 1518 546 alias
1545 515 1789 556 quomodolibet
1807 516 1858 549 in-

1107 564 1203 607 fringi
1226 565 1274 598 vel
1300 566 1468 599 retractari
1493 567 1678 601 nullatenus
1702 579 1857 613 umquam

1108 628 1218 660 posse,
1251 619 1306 652 sed
1332 629 1386 652 eas
1409 630 1538 664 semper
1561 626 1593 654 et
1616 627 1774 665 perpetuo
1806 634 1858 656 va-

1107 672 1172 704 lere
1193 677 1224 704 et
1248 678 1359 706 tenere
1384 683 1421 706 ac
1445 674 1567 707 viribus
1582 674 1767 717 subsistere,
1784 686 1859 710 nec-

1106 735 1170 757 non
1192 725 1249 765 eis,
1271 736 1352 770 quos
1376 727 1426 760 vcl
1450 737 1589 770 quorum
1615 728 1756 762 savorem
1785 739 1858 762 con-

1107 784 1244 812 cernunt
1274 784 1304 813 et
1337 786 1554 822 concernent‚
1581 782 1712 815 omnino
1741 782 1857 816 suffra-

1105 832 1185 876 gari.

1149 887 1164 929 ξ
1188 886 1241 919 10.
1270 886 1389 930 Sicque
1409 897 1466 931 per
1483 898 1706 932 quoscumque
1723 888 1856 930 iudices,

1106 938 1201 972 etiam
1223 950 1393 973 causarum
1414 941 1496 974 sacri
1518 942 1618 974 nostri
1638 942 1750 975 Palatii
1774 943 1858 986 Apo-

1106 992 1210 1025 stolici
1238 993 1403 1027 auditores
1430 1005 1465 1027 ac
1490 994 1522 1028 S.
1549 994 1585 1027 R.
1606 995 1640 1028 E.
1665 995 1854 1036 cardinales,

1106 1046 1202 1078 etiam
1223 1046 1343 1089 legatos
1364 1047 1402 1080 de
1414 1048 1526 1086 latere,
1539 1053 1788 1092 etquacumque
1798 1059 1857 1093 po-

1107 1104 1217 1132 testate
1237 1105 1268 1132 et
1288 1100 1440 1143 dignitate
1468 1101 1638 1144 fulgentes,
1661 1102 1787 1135 sublata
1810 1102 1856 1136 eis

1105 1157 1134 1184 et
1156 1162 1268 1185 corum
1290 1153 1420 1187 cuilibet
1446 1154 1557 1197 quavis
1577 1154 1670 1187 aliter
1691 1154 1854 1188 iudicandi

1105 1210 1136 1237 et
1160 1206 1393 1250 interpretandi
1421 1207 1571 1240 facultate
1598 1214 1628 1241 et
1652 1208 1852 1248 auctoritate,

1104 1258 1225 1302 ubique
1251 1259 1387 1292 iudicari
1412 1266 1441 1294 et
1462 1260 1590 1294 definiri
1611 1261 1752 1302 debere;
1779 1261 1854 1294 irri-

1104 1317 1239 1356 tumque
1260 1319 1291 1346 et
1318 1313 1425 1354 inane,
1455 1315 1480 1347 si
1513 1325 1605 1348 secus
1635 1326 1733 1359 super
1761 1315 1812 1349 his
1835 1325 1854 1348 a

1104 1376 1280 1410 quoquam,
1297 1367 1408 1410 quavis
1425 1368 1631 1409 auctoritate,
1651 1368 1791 1402 scienter
1804 1369 1853 1402 vel

1104 1419 1301 1463 ignoranter,
1331 1421 1501 1464 contigerit
1521 1421 1683 1463 attentari,
1706 1421 1853 1455 decerni-

1104 1483 1188 1506 mus.

1147 1527 1161 1571 ξ
1186 1527 1240 1560 11.
1269 1527 1426 1567 Quocirca
1447 1528 1598 1562 omnibus
1618 1529 1737 1562 nostris
1756 1534 1787 1562 et
1805 1529 1854 1562 di-

1104 1586 1174 1614 ctae
1194 1580 1284 1614 Sedis
1305 1581 1415 1625 legatis
1431 1592 1467 1614 ac
1491 1582 1628 1622 nunciis,
1654 1582 1853 1625 ubicumque

1104 1634 1322 1676 existentibus,
1345 1645 1380 1668 ac
1400 1645 1681 1680 quorumcumque
1705 1636 1852 1669 locorum

1103 1688 1275 1722 ordinariis
1295 1698 1423 1721 necnon
1431 1687 1559 1722 Ordinis
1570 1689 1704 1732 praefati
1721 1699 1852 1722 conser-

1103 1741 1280 1782 vatoribus,
1302 1752 1338 1775 ac
1355 1741 1472 1775 dilecto
1493 1742 1560 1774 tilio
1581 1742 1736 1775 moderno
1753 1747 1783 1776 et
1793 1753 1854 1786 pro

1104 1802 1250 1839 tempore
1271 1795 1414 1829 existenti
1436 1795 1550 1830 Curiae
1561 1806 1731 1829 causarum
1745 1796 1855 1830 Came-

1103 1859 1158 1882 rae
1182 1849 1383 1893 Apostolicae
1411 1849 1552 1892 generali
1583 1849 1737 1889 auditori,
1766 1849 1854 1894 ipso-

1104 1913 1243 1946 rumque
1274 1902 1420 1945 singuiis,
1453 1913 1511 1947 per
1535 1903 1711 1947 apostolica
1736 1903 1853 1947 scripta

1105 1957 1295 1990 mandamus
1330 1961 1488 1999 quatenus
1518 1961 1704 1999 praesentes
1732 1956 1855 1989 litteras

1104 2016 1136 2043 et
1159 2010 1191 2043 in
1224 2009 1269 2043 eis
1302 2015 1453 2042 contenta
1486 2019 1723 2053 quaecumque,
1745 2009 1801 2042 ubi
1825 2014 1856 2042 et

1105 2063 1237 2107 quando
1257 2073 1340 2106 opus
1364 2062 1472 2102 suerit,
1492 2073 1528 2095 ac
1548 2062 1675 2105 quoties
1690 2073 1750 2106 pro
1766 2068 1856 2106 parte

1106 2117 1205 2160 patris
1216 2116 1387 2160 generalis,
1401 2116 1551 2148 abbatum
1559 2141 1566 2155 ,
1576 2116 1856 2159 procuratorisge-

1106 2170 1235 2211 neralis,
1259 2170 1465 2209 vicariorum,
1487 2170 1687 2202 visitatorum
1715 2174 1746 2202 et
1773 2169 1854 2203 alio-

1106 2234 1178 2256 rum
1199 2223 1416 2267 praefatorum
1439 2233 1494 2255 seu
1516 2222 1652 2255 alicuius
1665 2231 1779 2255 eorum
1799 2221 1855 2255 de-

1107 2287 1204 2320 super
1224 2276 1341 2309 suerint
1364 2275 1523 2319 requisiti,
1545 2274 1732 2308 solemniter
1747 2274 1855 2319 publi-

1107 2335 1228 2370 cantes,
1250 2329 1390 2373 ipsisque
1401 2329 1539 2362 efficacis
1549 2328 1745 2362 defensionis
1761 2338 1854 2372 prae-

1108 2383 1188 2417 sidio
1196 2383 1388 2423 assistentes,
1407 2383 1523 2416 saciant
1541 2382 1730 2416 auctoritate
1749 2387 1856 2415 nostra

1107 2438 1231 2476 patrem
1263 2432 1459 2475 generalem,
1493 2431 1636 2471 abbates,
1667 2437 1856 2474 procurato·

1109 2492 1176 2514 rem
1194 2481 1389 2523 generalem,
1411 2480 1555 2520 vicarios,
1574 2480 1751 2513 visitatores
1770 2485 1801 2513 et
1819 2491 1854 2512 a·

1108 2530 1169 2562 lios
1201 2530 1384 2574 praedictos
1409 2528 1666 2567 confirmatione,
1695 2528 1854 2571 approba-

1108 2579 1207 2618 tione,
1218 2578 1407 2619 adiectione,
1417 2576 1851 2621 suppletione‚concessione,

1109 2633 1240 2669 statuto,
1262 2627 1476 2668 ordinatione,
1493 2626 1704 2666 invocatione,
1721 2634 1853 2669 praece-

1885 307 2031 343 Clausala-{js

1873 343 1993 366 seruiiu-
2010 350 2027 366 ο
2048 343 2051 350 '

1873 374 1941 402 pauiu
2047 368 2049 380 ¹

1937 894 2030 923 Clau-'h
2043 921 2045 931 Ι

1871 929 1954 950 ειιὸῑαια
1964 931 2030 961 οἱςῖι
2044 933 2046 941 '

1871 960 1910 987 dit;
2007 967 2013 970 ·

1919 1536 1989 1559 Enseu
2004 1531 2014 1565 ,⁴

1867 1570 1963 1597 deputat5
2012 1571 2018 1575 “
2040 1571 2041 1575 ’
