2059 3228
205 301 246 343 ri,
263 306 308 336 tot
322 302 501 346 quotvellct
511 302 712 347 presbyteros
724 301 867 343 idoncos,
881 294 951 336 saess

205 355 330 390 culares
339 361 370 388 et
384 355 618 399 cuiuscumque
629 356 756 389 Ordinis
767 356 942 399 regulareS,

203 407 259 452 qui
269 407 485 441 consessiones
500 418 780 452 quarumcumque
795 419 946 452 persona-

203 469 276 493 rum
285 459 324 494 de
335 460 460 493 civitate
476 466 506 494 et
521 461 660 494 dioecesi
676 461 864 495 viterbiensi
880 471 945 494 non

203 513 425 554 existentium,
451 519 482 547 et
506 515 652 548 eamdem
677 515 859 555 ecclesiam,
884 524 944 558 pro

201 565 385 599 huiusmodi
411 567 638 610 consequenda
662 567 872 610 indulgentia,
898 566 943 599 vi-

200 618 361 653 sitantium
375 645 382 659 ,
412 630 471 663 per
496 625 562 653 tres
581 620 648 653 dies
668 619 894 664 praecedentes
914 625 944 652 et

199 671 331 705 totidem
373 678 544 715 sequentes
587 672 701 706 dictam
748 672 942 705 dominicam

199 723 373 765 dumtaxat,
399 725 524 766 audire,
543 736 581 759 ac
598 735 711 758 eorum
732 725 942 759 consessioni-

197 776 259 811 bus
276 777 447 821 diligenter
475 778 592 811 auditis
604 805 611 818 ,
642 778 763 811 eisdem
782 778 940 822 personis,

197 839 257 874 pro
276 831 456 864 commissis
471 841 530 875 per
549 841 603 865 eos
614 831 819 871 criminibus,
835 842 941 865 exces-

195 882 285 916 sibus
314 888 345 916 et
368 883 492 917 delictis
518 894 555 916 ac
581 883 720 927 peccatis
740 884 889 917 omnibus
909 884 941 917 in

195 935 301 969 dictae
324 936 397 970 Sedi
415 947 482 970 non
501 936 668 970 reservatis
688 937 830 977 casibus,
851 938 941 971 debi-

196 993 261 1022 tam
281 989 516 1023 absolutionem
542 1000 580 1023 ea
603 989 672 1022 vice
693 990 857 1023 dumtaxat
877 990 939 1022 im-

195 1042 346 1087 pendere,
362 1047 393 1075 et
407 1042 638 1086 poenitentiam
650 1043 821 1076 salutarem
835 1043 941 1076 iniun-

195 1103 271 1138 gere
289 1095 440 1136 valerent‚
461 1095 634 1139 deputandi
654 1096 837 1129 facultatem
857 1097 942 1129 dicta

194 1147 385 1181 auctoritate
405 1148 599 1189 indulserat;
621 1154 652 1182 et
671 1148 744 1192 piae
764 1150 940 1183 memoriae

194 1200 293 1235 lulius
307 1201 579 1245 Papasecundus,
597 1202 691 1235 etiam
712 1203 940 1246 praedecessor

194 1259 317 1295 noster,
334 1255 566 1298 indulgentiam
582 1261 612 1289 et
629 1255 811 1289 facultatem
826 1256 938 1289 huius-

194 1307 281 1340 modi
315 1308 374 1341 sub
402 1319 609 1352 quacumque
642 1309 845 1342 revocatione
882 1320 938 1342 seu

194 1360 403 1404 suspensione
426 1372 484 1404 per
508 1372 581 1394 eum
605 1362 653 1395 vel
673 1362 788 1395 Sedem
809 1362 938 1406 praedi-

193 1418 276 1446 ctam
300 1413 339 1447 de
371 1414 531 1447 similibus
564 1414 774 1457 indulgentiis
806 1421 938 1448 eatenus

193 1465 275 1500 facta
298 1467 347 1500 vel
371 1467 516 1500 facienda
541 1468 791 1510 comprehendi,
811 1479 866 1501 seu
887 1479 938 1501 re-

193 1520 300 1554 vocari
319 1526 373 1553 aut
392 1521 541 1565 suspendi
572 1521 704 1554 minime
723 1532 815 1565 posse
834 1532 938 1566 neque

193 1572 322 1613 debere,
335 1573 395 1605 nisi
416 1573 455 1606 de
471 1573 536 1606 illis
552 1584 729 1617 earumque
744 1579 810 1607 toto
826 1580 938 1608 tenore

193 1625 352 1669 specialis,
365 1626 514 1670 specifica
527 1633 557 1660 et
573 1637 721 1670 expressa
736 1638 771 1659 ac
785 1627 824 1661 de
840 1628 937 1661 verbo

192 1677 233 1711 ad
251 1678 397 1719 verbum,
419 1689 483 1712 non
506 1685 611 1712 autem
633 1690 692 1723 per
711 1681 871 1713 clausulas
885 1691 938 1724 ge-

192 1731 317 1764 nerales
345 1731 429 1765 idem
459 1732 688 1776 importantes,
711 1733 831 1766 mentio
856 1734 937 1766 facta

191 1783 285 1824 foret,
307 1785 420 1818 eadem
437 1786 628 1819 auctoritate
645 1791 810 1827 statuerat,
828 1787 938 1820 decre-

191 1842 278 1870 verat
310 1843 340 1870 et
366 1838 597 1880 declaraverat,
621 1839 705 1872 idem
726 1839 827 1872 Iulius
845 1850 938 1883 prae-

192 1889 340 1923 decessor
358 1896 436 1924 tunc
448 1897 478 1925 et
493 1902 551 1935 pro
566 1897 712 1936 tempore
727 1892 938 1925 existentibus

194 1942 355 1987 prioribus
374 1944 476 1977 dictae
503 1944 636 1977 civitatis
651 1971 658 1985 ,
681 1945 766 1988 quod
795 1956 833 1978 ex
860 1952 937 1979 tunc

193 1996 355 2039 perpetuis
379 1997 590 2041 temporibus,
617 1998 709 2030 annis
725 1998 876 2040 singulis,
897 1999 936 2032 de

193 2047 279 2081 dicto
299 2059 408 2083 mense
428 2050 613 2093 septembri,
634 2051 796 2084 nundinas
816 2051 848 2084 in
869 2052 938 2095 ipsa

193 2100 318 2134 civitate
330 2103 507 2146 perdecem
520 2102 587 2136 dies
607 2103 777 2137 duraturas
787 2131 794 2144 ,
807 2104 839 2136 in
852 2105 938 2137 illius

193 2153 338 2187 kalendis
355 2155 553 2188 inchoandas
570 2162 599 2189 et
618 2168 654 2190 ex
670 2163 747 2190 tune
763 2157 934 2197 finiendas;

191 2216 230 2239 ac
257 2208 343 2250 quod
368 2209 584 2242 conducentes
611 2220 753 2250 merces,
785 2211 937 2243 animalia

192 2264 224 2292 et
243 2260 304 2292 alia
327 2261 412 2293 hona
435 2262 474 2294 ad
499 2262 583 2305 ipsas
603 2263 776 2303 nundinas,
799 2269 829 2296 et
849 2263 938 2296 dein-

192 2312 232 2344 de
256 2311 326 2345 illas
349 2313 560 2355 reducentes,
587 2315 627 2348 ad
651 2316 791 2359 aliquam
824 2316 933 2359 gabel-

192 2364 296 2398 larum
332 2366 524 2399 solutionem
563 2368 696 2401 minime
732 2374 934 2408 tenerentur,

192 2417 260 2450 sine
285 2423 389 2450 tamen
412 2419 611 2462 praeiudicio
631 2420 783 2455 Gamerae
804 2422 938 2464 Aposto-

193 2465 273 2499 licae
289 2472 319 2499 et
334 2467 593 2510 provincialium,
606 2469 769 2502 celebrare
784 2469 935 2509 valerent,

192 2515 382 2548 auctoritate.
404 2516 567 2558 praedicta
587 2516 731 2550 indulsit.

49 2581 184 2605 hum„-
239 2561 254 2605 ξ
274 2562 304 2595 Ξ.
339 2563 375 2595 Et
409 2564 523 2596 deinde
548 2565 738 2598 recolendae
762 2571 937 2598 memoriae

12 2613 39 2631 ¹³¹¹
55 2613 77 2630 ‘²
89 2611 184 2632 ‘unffi‘-
197 2610 258 2643 Leo
270 2611 424 2651 decimus,
434 2612 579 2645 similiter
593 2613 810 2655 przcdecessor
819 2620 937 2655 noster,

809 247 985 276 canconms
1002 248 1058 275 X'ffl
1076 249 1125 275 PP.

1622 244 1687 280 293
1742 246 1790 271 An.
1813 244 1841 270 c.
1862 243 1928 269 1379

1815 302 1925 320 nundina-

985 308 1050 335 tam
1074 302 1175 346 priori
1196 308 1227 335 et
1247 304 1417 338 conventui
1437 305 1540 339 dictae
1559 306 1675 340 domus
1693 317 1730 340 ac
1743 308 1794 348 212¹,ss
1817 330 1926 347 „mma

985 354 1146 398 deputatis
1170 355 1256 389 illius
1271 357 1414 390 'fabricae
1433 369 1530 401 quam
1564 359 1662 392 etiam
1682 359 1729 393 ci-

985 407 1085 440 vitatis
1098 407 1302 449 huiusm.,ut
1314 420 1351 443 ex
1370 416 1445 444 tunc
1462 412 1626 456 perpetuis
1645 412 1729 446 sutu-

985 459 1028 492 ris
1052 460 1252 504 temporibus
1284 463 1444 495 nundinas
1477 465 1656 507 praedictas
1688 465 1727 498 li-

984 512 1071 553 bere,
1092 523 1158 547 non
1190 515 1223 547 in
1247 514 1341 548 dictis
1373 516 1516 550 kalendis
1539 519 1728 561 septembris

984 576 1041 609 per
1061 566 1172 600 decem
1193 567 1260 600 dies
1279 568 1462 609 duraturas,
1479 577 1514 603 ut
1534 572 1725 614 praefertur,

983 619 1037 651 sed
1058 630 1116 662 per
1135 620 1321 663 quindecim
1341 621 1407 654 dies
1422 628 1493 655 ante
1514 624 1628 657 festum
1645 625 1726 659 Pen-

983 676 1118 705 tecostes
1138 672 1347 714 inchoandas,
1362 680 1392 706 et
1408 675 1502 707 etiam
1518 687 1575 719 per
1592 678 1727 721 quinde-

983 724 1048 758 cim
1074 725 1142 759 dies
1174 732 1247 770 post
1280 727 1385 770 ipsum
1421 728 1535 761 festum
1556 730 1725 771 finiendas,

985 788 1049 811 non
1065 779 1171 811 solum
1191 780 1224 812 in
1239 779 1324 812 dicta
1344 780 1478 821 civitate,
1504 782 1556 814 sed
1579 784 1672 816 etiam
1693 784 1726 816 in

985 830 1105 875 Campo
1126 832 1289 873 Gratiano,
1306 843 1406 877 prope
1418 833 1534 867 dietam
1548 836 1725 875 ecclesiam,

981 883 1060 916 alias
1082 884 1169 917 iuxta
1193 891 1337 919 tenorem
1362 886 1477 919 indulti
1497 887 1568 920 Iulii
1595 890 1726 931 praede-

981 937 1116 970 cessoris
1140 938 1350 979 huiusmodi,
1384 940 1545 973 celebrare
1577 948 1722 984 possent,

980 989 1065 1022 dicta
1097 992 1286 1024 auctoritate
1324 992 1482 1026 concessit
1501 999 1530 1026 et
1559 994 1653 1027 etiam
1675 995 1722 1027 in-

980 1041 1087 1075 dulsit.

1023 1094 1089 1138 53.
1117 1095 1155 1128 Et
1183 1098 1360 1131 successive
1398 1097 1511 1131 similis
1549 1102 1723 1134 memoriae
1746 1106 1926 1152 }‡]¹3{⁰⁵„?[¹¹02{

981 1147 1135 1182 Clementi
1149 1149 1210 1189 vll,
1225 1150 1344 1193 pariter
1356 1152 1585 1195 praedecessori
1597 1160 1719 1195 nostro,
1737 1143 1873 1205 imsi'ffiijatu}
1888 1149 1928 1204 {¹3⁴2

979 1211 1038 1244 pro
1058 1207 1147 1245 parte
1171 1202 1288 1245 prioris
1307 1209 1339 1237 et
1362 1212 1536 1238 conventus
1556 1206 1669 1240 domus
1693 1214 1721 1240 et
1738 1190 1827 1232 ¹2¹3?ss
1841 1193 1925 1237 gissarii.

979 1254 1205 1298 deputatorum
1221 1256 1359 1290 fabricae
1378 1258 1563 1291 huiusmodi
1580 1261 1723 1304 exposito

978 1308 1076 1350 quod,
1099 1319 1136 1342 ex
1155 1310 1390 1344 consuetudine
1411 1317 1441 1344 et
1466 1312 1723 1357 ordineprioris

978 1366 1008 1393 et
1023 1367 1196 1394 conventus
1205 1362 1456 1397 Praedicatorum
1473 1376 1508 1397 ac
1531 1365 1721 1400 dilectorum

977 1414 1118 1447 filiorum
1139 1416 1378 1450 communitatis
1395 1423 1425 1451 et
1441 1418 1606 1452 hominum
1624 1420 1723 1463 ipsius

978 1467 1123 1509 civitatis,
1138 1475 1242 1502 certos
1257 1480 1294 1502 ex
1311 1470 1430 1503 eisdem
1446 1471 1644 1510 hominibus,
1659 1484 1722 1506 una

978 1530 1050 1552 cum
1068 1521 1176 1564 priore
1200 1522 1315 1556 domus
1348 1523 1534 1557 huiusmodi
1560 1536 1656 1569 super
1677 1527 1721 1558 l'a-

977 1573 1065 1606 brica
1076 1574 1238 1617 praedicta
1258 1587 1295 1609 ac
1311 1576 1585 1611 administratione
1606 1585 1635 1611 et
1657 1579 1721 1611 dis-

977 1626 1179 1669 spensatione
1203 1629 1363 1662 bonorum
1399 1631 1654 1674 provenientium
1686 1643 1722 1665 ex

977 1679 1187 1724 eleemosynis
1201 1681 1346 1715 fidelium
1360 1682 1398 1715 ad
1409 1683 1526 1716 dictam
1544 1684 1721 1721 ecclesiam,

976 1738 1109 1776 propter
1123 1735 1224 1766 multa
1250 1735 1406 1769 miracula
1425 1747 1507 1779 quae
1527 1736 1646 1770 ibidem
1670 1738 1721 1769 ,xl-

978 1785 1130 1827 tissimus,
1151 1787 1272 1820 meritis
1288 1794 1319 1821 et
1333 1788 1561 1822 intercessione
1579 1790 1720 1823 eiusdem

976 1838 1010 1871 B.
1032 1839 1179 1882 Virginis,
1201 1841 1317 1884 iugiter
1341 1842 1545 1885 operabatur,
1558 1849 1633 1875 tunc
1646 1854 1721 1876 con-

976 1891 1156 1934 fluentium,
1175 1894 1214 1926 ad
1235 1894 1322 1927 illius
1345 1895 1501 1928 honorem
1526 1906 1561 1927 ac
1580 1896 1720 1928 eiusdem

976 1945 1129 1978 ecclesiae
1151 1953 1181 1979 et
1200 1946 1298 1980 divini
1314 1948 1417 1980 cultus
1439 1948 1469 1980 in
1490 1959 1526 1980 ea
1545 1948 1723 1990 ampliatio-

976 2008 1190 2038 nem,necnon
1200 2000 1423 2043 religiosorum
1433 2001 1510 2033 inibi
1523 2000 1721 2033 existentium

977 2052 1242 2085 sustentationem
1271 2054 1323 2095 pie
1344 2053 1466 2091 oblatis,
1484 2053 1650 2096 deputari;
1674 2054 1723 2096 ip-

976 2114 1060 2147 sosq.
1083 2105 1250 2149 deputatos
1265 2107 1359 2138 unius
1379 2112 1499 2138 tantum
1524 2106 1599 2139 anni
1621 2108 1724 2150 spatio

978 2157 1121 2189 officium
1132 2169 1226 2190 suum
1239 2169 1387 2191 exercerc
1400 2159 1615 2197 consuevisse,
1628 2170 1663 2192 ac
1682 2160 1722 2192 ob

977 2210 1078 2242 varias
1098 2210 1215 2244 civium
1240 2211 1486 2244 Viterbiensium
1507 2211 1680 2245 seditiones
1693 2218 1723 2245 et

977 2263 1163 2304 discordias,
1209 2264 1494 2305 nmltitmlinesque
1533 2265 1721 2298 eorumdem

977 2317 1203 2359 deputatorum
1225 2323 1255 2350 et
1273 2318 1399 2350 crebras
1419 2317 1548 2350 illorum
1570 2319 1722 2351 mutatio-

979 2379 1035 2401 nes
1052 2380 1145 2413 saepe
1168 2370 1305 2402 evenerit
1326 2375 1359 2401 ut
1381 2370 1438 2412 ipsi
1467 2370 1621 2412 deputati,
1642 2370 1722 2403 invi-

981 2432 1049 2454 cem
1078 2423 1258 2459 discordes,
1279 2423 1318 2454 ab
1339 2422 1473 2465 inceptis
1498 2423 1589 2456 bonis
1614 2425 1721 2467 operi-

977 2469 1036 2502 bus
1056 2475 1085 2503 et
1106 2481 1212 2503 rerum
1243 2471 1518 2504 administratione
1549 2479 1720 2507 cessarent,

979 2518 1114 2561 ideoque
1136 2519 1187 2562 pia
1209 2519 1337 2551 illorum
1363 2522 1460 2561 opera
1481 2531 1607 2562 semper
1627 2520 1722 2553 inter-

979 2572 1073 2610 rupta
1094 2572 1123 2600 et
1148 2567 1334 2609 imperfecta
1354 2569 1574 2607 remanebant,
1601 2574 1629 2601 et
1651 2580 1723 2612 prc-

978 2620 1087 2657 ptcrea
1108 2616 1279 2649 multitudo
1300 2615 1367 2659 ipsa
1385 2616 1527 2650 fidelium
1547 2618 1584 2650 ad
1606 2618 1721 2650 dictam
