2059 3228
152 1184 198 1209 Quo
212 1185 236 1204 in
249 1185 297 1205 loeo

126 1213 143 1232 ἰ.
165 1213 297 1231 Sacramen-

106 1242 152 1258 tum
163 1239 297 1259 servandum

146 1723 245 1744 facultas
266 1730 304 1748 ag-

110 1751 304 1774 gregauonisalia.

124 1784 157 1796 uin
185 1779 303 1797 confrater-

112 1805 215 1825 nuatum.

125 2461 242 2486 Dorogauo
253 2467 303 2482 eon-

111 2490 236 2510 uariorum.

314 288 379 330 qui,
405 289 435 322 id
461 292 560 326 facere
588 294 752 337 impediti,
778 296 817 328 ad
841 306 955 330 sonum
986 309 1057 341 par-

311 352 368 374 vae
393 354 562 387 campanae
580 348 749 389 geuutlexi,
767 349 862 382 semel
875 349 1056 383 Orationem

312 394 507 429 Dominicaiu
525 404 552 430 ot
572 400 797 434 Salutationem
812 403 993 445 Angelicam
1010 415 1057 437 rc-

312 447 487 485 citavcrint,
505 456 532 482 et
561 462 616 493 pro
641 452 769 486 infirmo
792 456 963 497 oraverint,
981 467 1058 499 quo-

313 499 369 531 tics
389 500 418 531 itl
436 501 578 541 fecerint,
596 511 723 538 centum
741 507 818 547 dies;
836 508 875 541 iis
892 519 966 542 vero
983 519 1057 542 con—

311 551 472 594 fratribus,
487 556 539 598 qui
555 558 794 592 Sacramentum
814 560 917 604 ipsum
936 561 968 593 in
985 572 1057 605 pro·

311 606 521 647 processione,
540 615 608 650 post
633 611 784 646 maiorem
803 614 930 647 missam
948 614 1055 647 eadem

313 658 403 691 tvi-tia
427 659 586 695 dominica
611 664 679 697 fieri
705 672 865 703 consueta,
883 667 1055 700 associave-

311 710 386 750 riut‚
401 717 527 746 centum
545 715 666 759 dies3>et
684 718 830 752 similiter
847 720 965 752 eisdem
983 730 1055 752 con-

309 762 461 797 fratribus
486 777 558 799 verc
584 769 822 811 poenitentibus
846 777 874 804 et
894 772 1054 811 confessis,

310 816 364 857 qui
396 819 574 861 sepulcrum
609 822 640 854 iu
672 823 755 856 dicta
786 825 914 857 ecclesia
945 825 1054 858 Beatac

308 868 433 910 Mariae,
451 871 528 904 feria
547 874 657 916 quinta
676 875 707 907 in
726 876 826 908 Coena
840 877 964 909 Domini
981 888 1052 910 con-

307 922 387 954 strui
412 924 548 965 solitum,
575 926 784 968 visitaverint,
811 933 930 971 septem
954 939 1053 961 annos

307 980 338 1007 et
362 976 494 1009 totidem
521 978 738 1021 quadragenas
756 980 794 1012 de
813 980 964 1013 iniunctis
982 980 1050 1013 sibi.

308 1038 362 1060 seu
386 1029 463 1062 alias
487 1032 721 1074 quomodolibet
747 1032 870 1073 debitis,
888 1033 1052 1075 poeniteu-

309 1080 362 1113 tiis
386 1082 572 1116 relaxamus.

353 1134 368 1177 ἓ
392 1134 422 1167 5.
447 1136 618 1177 Postremo,
636 1138 710 1180 quia
735 1139 860 1172 difficile
883 1145 963 1173 esset
987 1151 1052 1173 cer-

312 1192 379 1220 tum
405 1189 528 1230 locum,
554 1191 586 1223 in
611 1201 674 1234 quo
699 1191 938 1225 Sacramentum
962 1203 1052 1236 repo-

312 1247 427 1283 natur,
454 1243 571 1286 ubique
606 1244 809 1277 uniformiter
839 1245 1051 1284 constituere;

267 1293 270 1296 ”
310 1295 437 1336 idcirco,
452 1302 485 1329 ut
503 1297 740 1331 Sacramentum
757 1298 861 1341 ipsum
878 1299 925 1331 vel
941 1298 974 1330 in
988 1308 1052 1330 me-

309 1349 362 1382 dio
380 1350 487 1382 altaris
505 1350 634 1383 maioris
649 1351 697 1383 vel
713 1350 746 1383 in
765 1351 826 1384 alio
842 1350 1049 1384 commodiori

308 1402 388 1442 loco,
406 1402 539 1436 arbitrio
564 1403 622 1436 loci
645 1403 812 1444 ordinarii,
829 1404 854 1437 si
872 1404 1001 1438 ecclesia
1017 1405 1049 1437 in

309 1465 370 1498 qua
396 1456 637 1490 confraternitas
661 1457 849 1499 celebratur,
873 1458 1049 1492 saecularis:

310 1508 336 1540 si
361 1519 434 1540 vero
458 1509 611 1550 regularis
635 1510 744 1550 fuerit;
762 1511 895 1544 arbitrio
912 1512 1049 1545 eiusdem

308 1561 458 1594 ecelesiae
483 1563 665 1605 superioris,
683 1570 860 1607 reponatur
883 1570 913 1598 et
936 1566 1051 1599 consti-

309 1618 428 1646 tuatur.

354 1666 369 1708 ξ
394 1667 422 1700 o.
439 1667 473 1700 Et
492 1673 522 1700 ut
543 1669 636 1702 huius
653 1672 843 1706 sanctissimi
861 1674 1051 1709 Sacramenti

312 1721 478 1754 celebritas
496 1727 582 1754 tanto
599 1723 630 1754 in
650 1724 762 1757 maiori
780 1728 982 1761 veneratione
999 1729 1053 1761 ha—

312 1773 434 1815 beatur,
457 1780 575 1817 quanto
600 1787 656 1820 per
679 1778 817 1812 diversas
841 1781 927 1813 orbis
950 1788 1055 1824 partes

313 1825 408 1859 latius
433 1828 638 1870 diffundetur,
656 1836 690 1863 ut
707 1832 826 1874 gratias
842 1838 871 1865 et
890 1833 1056 1878 indulgen-

312 1881 371 1913 tias
396 1881 589 1923 praedictas,
617 1889 741 1925 praeter
764 1896 859 1928 quam
884 1897 951 1927 eas,
976 1899 1055 1931 quae

311 1935 433 1967 ratione
458 1936 631 1969 stationum
656 1937 750 1970 Urbis
774 1938 853 1971 lucri
878 1939 968 1980 fiunt,
988 1941 1055 1973 aliis

310 1988 500 2020 sanctissimi
519 1988 715 2022 Sacramenti
741 1991 1056 2026 confraternitatibus

310 2045 396 2071 extra
411 2040 526 2072 Urbem
545 2041 658 2074 erectis
670 2046 701 2074 et
717 2042 886 2085 erigendis,
902 2055 958 2087 per
972 2050 1056 2078 tran-

312 2097 446 2134 sumpta,
473 2104 569 2126 manu
594 2095 690 2128 unius
713 2096 822 2129 saltem
848 2107 883 2129 ex
905 2097 1055 2132 ministii·

312 2143 351 2175 ad
376 2144 406 2176 id
424 2146 590 2188 deputatis,
605 2148 659 2190 qui
673 2148 705 2180 in
719 2159 808 2182 sacro
825 2151 1057 2194 presbyteratus

312 2196 423 2229 ordine
438 2200 626 2234 constitutus
643 2202 764 2242 existat,
782 2203 969 2248 subscripta,
987 2218 1056 2249 gra—

314 2249 353 2281 tis
377 2253 605 2286 communicari
632 2256 740 2296 valeat,
758 2256 860 2289 eidem
885 2258 1057 2291 confrater-

313 2301 405 2334 nitati
430 2306 641 2347 concedimus,
656 2307 768 2341 litteris
792 2319 887 2352 super
911 2321 1057 2353 praesen-

315 2354 400 2388 tibus
424 2359 627 2392 conficiendis
651 2367 804 2404 perpetuo
829 2362 998 2396 duraturis.

358 2409 373 2450 ,ξ
398 2408 426 2441 7.
444 2410 511 2442 Non
528 2412 725 2446 obstantibus
738 2414 919 2456 praemissis
936 2426 971 2448 ac
985 2427 1058 2460 apo-

316 2461 433 2495 stolicis
457 2473 590 2504 necnon,
610 2466 641 2497 in
667 2467 913 2509 provincialibus
925 2474 1058 2512 etsyno-

316 2513 441 2548 dalibus
476 2517 618 2550 conciliis
653 2520 761 2561 editis,
791 2522 978 2564 specialibus
1012 2524 1058 2556 vel

316 2569 530 2611 generalibus,
560 2572 853 2614 constitutionibus,
883 2575 1057 2618 ceterisque

316 2622 484 2656 contrariis
509 2624 770 2669 quibuscumque.
788 2628 937 2662 Volumus
953 2633 1058 2663 autem

882 244 1066 271 BULLAlllUM
1091 249 1242 273 ROMANUM

1087 301 1181 344 quod,
1198 302 1222 334 si
1248 303 1348 337 dictae
1372 308 1622 343 confraternitati
1646 309 1751 353 aliqua
1767 310 1829 344 alia

1089 353 1283 398 indulgentia
1307 369 1364 401 per
1387 369 1443 392 nos
1466 367 1619 405 perpetuo
1635 363 1681 395 vel
1694 363 1733 395 ad
1751 367 1829 396 tem-

1088 417 1144 448 pus
1157 410 1297 442 nondum
1311 411 1451 454 elapsum
1464 423 1613 447 concessa
1625 415 1829 458 sue1·i1‚prae-

1088 465 1189 492 sentes
1207 468 1331 496 nostrae
1348 464 1464 498 nullius
1480 466 1542 499 sint
1560 468 1684 501 roboris
1700 468 1748 501 vel
1763 478 1831 501 mo-

1089 518 1194 545 menti.

1129 565 1143 606 ξ
1167 564 1195 597 8.
1222 566 1301 598 Nulli
1326 577 1403 611 ergo
1426 570 1558 603 omnino
1586 571 1752 605 hominum
1775 575 1831 605 etc.

1129 616 1240 649 Datum
1265 619 1382 653 Romae
1405 623 1489 665 apud
1513 623 1543 656 S.
1567 624 1722 667 Marcum,
1746 636 1832 659 anno

1086 668 1315 704 lucarnationis
1346 672 1524 708 dominicae
1548 676 1714 711 millesimo
1738 678 1833 721 quin-

1085 723 1260 762 gentesimo
1274 728 1507 769 septuagesimo
1520 729 1624 770 tertio,
1637 735 1745 763 octavo
1759 730 1830 764 idus

1085 775 1221 816 augusti,
1246 778 1449 819 pontificatus
1473 781 1571 815 nostri
1598 793 1682 816 anno
1705 783 1741 816 ΙΙ.

1127 829 1192 862 Dat.
1208 830 1258 863 die
1283 831 1302 865 6
1326 834 1451 876 augusti
1477 834 1572 876 1573,
1590 840 1678 879 pont.
1698 845 1829 869 annon.

1418 992 1491 1025 XXI.

1085 1092 1169 1124 Nora
1185 1094 1341 1128 *institutio
1356 1097 1476 1140 colleyii
1489 1098 1668 1131 Germanici
1686 1099 1722 1132 in
1750 1099 1829 1132 Urbe

1122 1157 1179 1188 pro
1213 1148 1406 1181 scholaribus
1444 1150 1584 1182 nationis
1623 1150 1828 1184 Germanicae

1123 1202 1173 1242 pie
1201 1200 1316 1235 ibidem
1349 1204 1520 1237 educandis
1548 1209 1575 1238 et
1606 1205 1801 1238 instmendis
1817 1231 1828 1245 ,

1125 1268 1197 1290 cum
1228 1258 1440 1300 assiynalione
1471 1258 1575 1290 annui
1598 1258 1740 1291 redditus
1758 1258 1829 1302 pri·

1125 1311 1297 1353 vileffl'oque
1317 1310 1523 1353 coecmptionis
1544 1320 1564 1342 a
1587 1311 1716 1344 decimis
1735 1314 1763 1343 et
1773 1321 1828 1354 pe-

1124 1365 1236 1407 claqiis.

1128 1472 1266 1508 Gregorius
1287 1474 1425 1508 episcopus
1445 1478 1540 1500 servus
1561 1478 1697 1500 servorum
1718 1469 1776 1506 nei,

1237 1520 1269 1549 ad
1284 1523 1434 1556 perpetuam
1449 1520 1487 1548 rei
1509 1519 1669 1548 memoriam.

1126 1623 1294 1665 Postquam
1310 1622 1374 1655 Deo
1389 1620 1505 1664 placuit
1523 1619 1744 1664 omnipotenti,
1761 1618 1964 1677 qni’fflffi.
1975 1631 2026 1647 m-

1083 1686 1119 1708 ex
1142 1685 1265 1709 summa
1288 1673 1506 1706 misericordia
1529 1677 1559 1705 et
1583 1672 1725 1705 bonitate
1749 1682 1829 1711 sua,

1085 1733 1171 1761 vocat
1195 1738 1232 1760 ea
1256 1737 1336 1770 quae
1360 1736 1424 1758 non
1437 1731 1511 1758 sunt>
1523 1731 1686 1769 tamquam
1699 1736 1735 1759 ea
1748 1735 1830 1769 quae

1085 1787 1167 1822 sunt,
1186 1780 1396 1813 humilitatem
1421 1785 1562 1812 nostram
1587 1779 1626 1812 ad
1643 1778 1830 1812 universalis

1086 1833 1239 1868 Ecclesiae
1262 1832 1405 1876 regimen
1429 1843 1552 1873 vocare,
1568 1843 1603 1865 ex
1627 1843 1664 1865 eo
1689 1837 1831 1876 ternpore

1086 1899 1159 1928 nos,
1184 1887 1325 1920 eiusdem
1350 1885 1518 1918 adiuvante
1542 1885 1658 1927 gratia,
1683 1895 1721 1918 ea
1743 1884 1830 1929 cogi-

1087 1947 1153 1975 tare
1177 1946 1208 1974 et
1224 1951 1338 1984 urgere
1355 1950 1419 1973 non
1437 1940 1625 1981 destitimus,
1643 1950 1733 1983 quae,
1750 1940 1832 1973 sicut

1086 1995 1180 2028 officii
1211 1993 1311 2028 nostri
1343 1993 1425 2026 ratio
1449 1993 1600 2036 postulat,
1625 1993 1664 2025 ad
1688 1992 1832 2026 divinum

1086 2048 1205 2091 ubique
1228 2048 1347 2080 cultum
1371 2051 1400 2079 et
1425 2046 1668 2079 ecclesiasticam
1693 2045 1832 2090 discipli-

1088 2112 1160 2135 nam
1184 2099 1425 2134 restaurandam
1450 2105 1477 2132 et
1503 2100 1692 2142 augendam,
1709 2098 1832 2132 anima-

1087 2165 1221 2198 rumque
1259 2154 1392 2187 salutem
1431 2153 1662 2196 procurandam
1698 2153 1833 2186 maxime

1087 2208 1289 2250 cognovimus
1312 2206 1482 2250 pertinere.
1499 2207 1533 2239 In
1547 2206 1658 2250 primis
1670 2217 1744 2239 vero
1760 2206 1834 2239 ani-

1088 2270 1138 2293 mo
1173 2259 1346 2292 recolentes
1380 2256 1606 2301 amplissimam
1645 2258 1833 2292 Germaniae

1088 2312 1292 2355 provinciam,
1317 2321 1408 2354 quae,
1425 2310 1586 2353 perpetuis
1610 2310 1830 2354 superioribus

1087 2365 1218 2398 saeculis
1235 2392 1243 2406 ,
1268 2364 1350 2396 inter
1377 2368 1496 2396 ceteras
1519 2362 1709 2396 fortissimae
1732 2363 1831 2406 ipsius

1088 2418 1225 2451 nationis
1247 2417 1354 2450 laudes
1378 2420 1473 2459 atque
1497 2416 1639 2457 vii-tutes,
1656 2422 1743 2450 tanto
1766 2416 1832 2449 sin-

1087 2481 1175 2503 cerae
1199 2469 1272 2503 fidei
1297 2474 1325 2502 et
1350 2468 1542 2501 christianae
1566 2468 1728 2512 religionis
1745 2470 1832 2502 cultu

1087 2524 1227 2556 eminere
1259 2522 1394 2563 solebat,
1419 2526 1453 2553 ut
1484 2521 1614 2564 reliquis
1639 2521 1832 2556 christianae

1088 2576 1279 2619 reipublicae
1302 2575 1445 2619 partibus
1469 2584 1532 2608 non
1557 2574 1672 2608 minori
1690 2577 1831 2620 exemplo

1087 2641 1182 2674 quam
1199 2634 1387 2664 ornamento
1405 2634 1498 2673 atque
1515 2628 1621 2662 decori
1638 2633 1728 2670 esset,
1745 2639 1830 2662 nunc

1847 249 1898 275 An.
1911 251 1946 280 C.
1958 249 2030 280 ¹573,
