<?xml version="1.0" encoding="UTF-8"?>
<!DOCTYPE html PUBLIC "-//W3C//DTD XHTML 1.0 Transitional//EN"
    "http://www.w3.org/TR/xhtml1/DTD/xhtml1-transitional.dtd">
<html xmlns="http://www.w3.org/1999/xhtml" xml:lang="en" lang="en">
 <head>
  <title>
</title>
<meta http-equiv="Content-Type" content="text/html;charset=utf-8" />
  <meta name='ocr-system' content='tesseract 3.04.00' />
  <meta name='ocr-capabilities' content='ocr_page ocr_carea ocr_par ocr_line ocrx_word'/>
</head>
<body>
  <div class='ocr_page' id='page_1' title='image "./bullarumdiplomat08cath_0020.png"; bbox 0 0 2059 3228; ppageno 0'>
   <div class='ocr_carea' id='block_1_1' title="bbox 102 293 284 320">
    <p class='ocr_par' dir='ltr' id='par_1_1' title="bbox 102 293 284 320">
     <span class='ocr_line' id='line_1_1' title="bbox 102 293 284 320; baseline 0.011 -2"><span class='ocrx_word' id='word_1_1' title='bbox 102 293 148 318; x_wconf 75' lang='grc' dir='ltr'>Αη,</span> <span class='ocrx_word' id='word_1_2' title='bbox 168 293 187 318; x_wconf 83' lang='lat' dir='ltr'>C</span> <span class='ocrx_word' id='word_1_3' title='bbox 218 294 284 320; x_wconf 62' lang='lat'>¹⁵72</span> 
     </span>
    </p>
   </div>
   <div class='ocr_carea' id='block_1_2' title="bbox 253 1629 406 1670">
    <p class='ocr_par' dir='ltr' id='par_1_2' title="bbox 253 1629 406 1670">
     <span class='ocr_line' id='line_1_2' title="bbox 253 1629 406 1670; baseline 0 -9"><span class='ocrx_word' id='word_1_4' title='bbox 253 1643 256 1647; x_wconf 93' lang='lat'>·</span> <span class='ocrx_word' id='word_1_5' title='bbox 284 1629 384 1661; x_wconf 85' lang='lat' dir='ltr'>nostri</span> <span class='ocrx_word' id='word_1_6' title='bbox 398 1656 406 1670; x_wconf 93' lang='lat'>,</span> 
     </span>
    </p>
   </div>
   <div class='ocr_carea' id='block_1_3' title="bbox 342 285 360 311">
    <p class='ocr_par' dir='ltr' id='par_1_3' title="bbox 342 285 360 311">
     <span class='ocr_line' id='line_1_3' title="bbox 342 285 360 311; baseline 0 0"><span class='ocrx_word' id='word_1_7' title='bbox 342 285 360 311; x_wconf 63' lang='grc' dir='ltr'>Γ,</span> 
     </span>
    </p>
   </div>
   <div class='ocr_carea' id='block_1_4' title="bbox 285 340 1059 1308">
    <p class='ocr_par' dir='ltr' id='par_1_4' title="bbox 285 340 1059 1298">
     <span class='ocr_line' id='line_1_4' title="bbox 298 340 1044 385; baseline -0.001 -9"><span class='ocrx_word' id='word_1_8' title='bbox 298 343 400 376; x_wconf 84' lang='lat' dir='ltr'>dictae</span> <span class='ocrx_word' id='word_1_9' title='bbox 425 341 683 385; x_wconf 69' lang='lat' dir='ltr'>congregationis</span> <span class='ocrx_word' id='word_1_10' title='bbox 697 340 893 374; x_wconf 86' lang='lat' dir='ltr'>Cassincnsis</span> <span class='ocrx_word' id='word_1_11' title='bbox 912 347 1044 382; x_wconf 87' lang='lat' dir='ltr'>statuta,</span> 
     </span>
     <span class='ocr_line' id='line_1_5' title="bbox 297 394 1045 439; baseline 0.001 -12"><span class='ocrx_word' id='word_1_12' title='bbox 297 403 327 429; x_wconf 79' lang='lat' dir='ltr'>et</span> <span class='ocrx_word' id='word_1_13' title='bbox 364 395 442 428; x_wconf 78' lang='lat' dir='ltr'>alias</span> <span class='ocrx_word' id='word_1_14' title='bbox 476 395 560 428; x_wconf 77' lang='lat' dir='ltr'>iuxta</span> <span class='ocrx_word' id='word_1_15' title='bbox 599 394 684 427; x_wconf 91' lang='lat' dir='ltr'>illius</span> <span class='ocrx_word' id='word_1_16' title='bbox 722 394 905 439; x_wconf 85' lang='lat' dir='ltr'>privilegia,</span> <span class='ocrx_word' id='word_1_17' title='bbox 928 395 1045 439; x_wconf 78' lang='lat' dir='ltr'>eligere</span> 
     </span>
     <span class='ocr_line' id='line_1_6' title="bbox 296 447 1045 493; baseline 0 -11"><span class='ocrx_word' id='word_1_18' title='bbox 296 449 433 482; x_wconf 83' lang='lat' dir='ltr'>debeant</span> <span class='ocrx_word' id='word_1_19' title='bbox 459 454 490 482; x_wconf 90' lang='lat' dir='ltr'>et</span> <span class='ocrx_word' id='word_1_20' title='bbox 514 453 704 488; x_wconf 82' lang='lat' dir='ltr'>teneantur,</span> <span class='ocrx_word' id='word_1_21' title='bbox 734 447 790 491; x_wconf 88' lang='lat' dir='ltr'>qui</span> <span class='ocrx_word' id='word_1_22' title='bbox 815 459 852 482; x_wconf 91' lang='lat' dir='ltr'>eo</span> <span class='ocrx_word' id='word_1_23' title='bbox 873 448 942 493; x_wconf 85' lang='lat' dir='ltr'>ipso</span> <span class='ocrx_word' id='word_1_24' title='bbox 962 448 1045 482; x_wconf 85' lang='lat' dir='ltr'>dicta</span> 
     </span>
     <span class='ocr_line' id='line_1_7' title="bbox 295 501 1044 545; baseline 0 -10"><span class='ocrx_word' id='word_1_25' title='bbox 295 503 482 536; x_wconf 84' lang='lat' dir='ltr'>auctoritate</span> <span class='ocrx_word' id='word_1_26' title='bbox 503 501 679 545; x_wconf 82' lang='lat' dir='ltr'>apostolica</span> <span class='ocrx_word' id='word_1_27' title='bbox 699 502 882 543; x_wconf 87' lang='lat' dir='ltr'>constituti,</span> <span class='ocrx_word' id='word_1_28' title='bbox 905 513 978 536; x_wconf 87' lang='lat' dir='ltr'>cum</span> <span class='ocrx_word' id='word_1_29' title='bbox 999 502 1044 536; x_wconf 86' lang='lat' dir='ltr'>ci-</span> 
     </span>
     <span class='ocr_line' id='line_1_8' title="bbox 295 555 1044 589; baseline 0 0"><span class='ocrx_word' id='word_1_30' title='bbox 295 557 383 589; x_wconf 80' lang='lat' dir='ltr'>sdein</span> <span class='ocrx_word' id='word_1_31' title='bbox 404 555 592 589; x_wconf 75' lang='lat' dir='ltr'>anctoritate</span> <span class='ocrx_word' id='word_1_32' title='bbox 612 561 642 588; x_wconf 87' lang='lat' dir='ltr'>et</span> <span class='ocrx_word' id='word_1_33' title='bbox 665 555 814 589; x_wconf 79' lang='lat' dir='ltr'>facultate</span> <span class='ocrx_word' id='word_1_34' title='bbox 839 555 901 588; x_wconf 90' lang='lat' dir='ltr'>sint</span> <span class='ocrx_word' id='word_1_35' title='bbox 926 561 957 589; x_wconf 88' lang='lat' dir='ltr'>et</span> <span class='ocrx_word' id='word_1_36' title='bbox 977 566 1044 589; x_wconf 89' lang='lat' dir='ltr'>esse</span> 
     </span>
     <span class='ocr_line' id='line_1_9' title="bbox 295 609 1043 653; baseline -0.001 -10"><span class='ocrx_word' id='word_1_37' title='bbox 295 615 498 649; x_wconf 69' lang='lat' dir='ltr'>censeanturj,</span> <span class='ocrx_word' id='word_1_38' title='bbox 520 619 647 642; x_wconf 88' lang='lat' dir='ltr'>necnon</span> <span class='ocrx_word' id='word_1_39' title='bbox 657 615 840 653; x_wconf 72' lang='lat' dir='ltr'>praesentes</span> <span class='ocrx_word' id='word_1_40' title='bbox 854 609 987 650; x_wconf 77' lang='lat' dir='ltr'>litteras,</span> <span class='ocrx_word' id='word_1_41' title='bbox 1007 620 1043 642; x_wconf 89' lang='lat' dir='ltr'>ac</span> 
     </span>
     <span class='ocr_line' id='line_1_10' title="bbox 294 662 1041 706; baseline 0.004 -13"><span class='ocrx_word' id='word_1_42' title='bbox 294 663 468 706; x_wconf 83' lang='lat' dir='ltr'>praemissa</span> <span class='ocrx_word' id='word_1_43' title='bbox 479 662 587 696; x_wconf 90' lang='lat' dir='ltr'>omnia</span> <span class='ocrx_word' id='word_1_44' title='bbox 600 668 631 696; x_wconf 88' lang='lat' dir='ltr'>et</span> <span class='ocrx_word' id='word_1_45' title='bbox 641 663 765 705; x_wconf 77' lang='lat' dir='ltr'>singula</span> <span class='ocrx_word' id='word_1_46' title='bbox 779 662 811 696; x_wconf 93' lang='lat' dir='ltr'>in</span> <span class='ocrx_word' id='word_1_47' title='bbox 823 662 868 696; x_wconf 86' lang='lat' dir='ltr'>eis</span> <span class='ocrx_word' id='word_1_48' title='bbox 879 668 1041 702; x_wconf 90' lang='lat' dir='ltr'>contenta,</span> 
     </span>
     <span class='ocr_line' id='line_1_11' title="bbox 293 715 1042 760; baseline 0 -12"><span class='ocrx_word' id='word_1_49' title='bbox 293 717 381 749; x_wconf 91' lang='lat' dir='ltr'>nullo</span> <span class='ocrx_word' id='word_1_50' title='bbox 405 726 549 759; x_wconf 88' lang='lat' dir='ltr'>unquam</span> <span class='ocrx_word' id='word_1_51' title='bbox 569 721 733 760; x_wconf 90' lang='lat' dir='ltr'>tempore,</span> <span class='ocrx_word' id='word_1_52' title='bbox 764 715 875 760; x_wconf 86' lang='lat' dir='ltr'>quovis</span> <span class='ocrx_word' id='word_1_53' title='bbox 895 716 1042 759; x_wconf 87' lang='lat' dir='ltr'>quaesito</span> 
     </span>
     <span class='ocr_line' id='line_1_12' title="bbox 292 769 1042 814; baseline -0.001 -12"><span class='ocrx_word' id='word_1_54' title='bbox 292 770 400 802; x_wconf 79' lang='lat' dir='ltr'>colore</span> <span class='ocrx_word' id='word_1_55' title='bbox 415 770 463 803; x_wconf 80' lang='lat' dir='ltr'>vel</span> <span class='ocrx_word' id='word_1_56' title='bbox 476 769 623 813; x_wconf 83' lang='lat' dir='ltr'>ingenio,</span> <span class='ocrx_word' id='word_1_57' title='bbox 641 770 679 803; x_wconf 91' lang='lat' dir='ltr'>de</span> <span class='ocrx_word' id='word_1_58' title='bbox 694 769 910 814; x_wconf 73' lang='lat' dir='ltr'>subreptionis</span> <span class='ocrx_word' id='word_1_59' title='bbox 921 769 969 802; x_wconf 83' lang='lat' dir='ltr'>vel</span> <span class='ocrx_word' id='word_1_60' title='bbox 984 769 1042 801; x_wconf 89' lang='lat' dir='ltr'>ob-</span> 
     </span>
     <span class='ocr_line' id='line_1_13' title="bbox 291 822 1042 866; baseline 0 -12"><span class='ocrx_word' id='word_1_61' title='bbox 291 822 445 866; x_wconf 83' lang='lat' dir='ltr'>reptionis</span> <span class='ocrx_word' id='word_1_62' title='bbox 464 828 520 856; x_wconf 89' lang='lat' dir='ltr'>aut</span> <span class='ocrx_word' id='word_1_63' title='bbox 534 823 690 856; x_wconf 85' lang='lat' dir='ltr'>nullitatis</span> <span class='ocrx_word' id='word_1_64' title='bbox 700 823 775 856; x_wconf 73' lang='lat' dir='ltr'>vitio</span> <span class='ocrx_word' id='word_1_65' title='bbox 788 833 843 856; x_wconf 89' lang='lat' dir='ltr'>seu</span> <span class='ocrx_word' id='word_1_66' title='bbox 856 822 1042 855; x_wconf 88' lang='lat' dir='ltr'>intentionis</span> 
     </span>
     <span class='ocr_line' id='line_1_14' title="bbox 290 876 1038 921; baseline 0.001 -13"><span class='ocrx_word' id='word_1_67' title='bbox 290 881 417 910; x_wconf 87' lang='lat' dir='ltr'>nostrae</span> <span class='ocrx_word' id='word_1_68' title='bbox 427 877 552 910; x_wconf 81' lang='lat' dir='ltr'>defectu</span> <span class='ocrx_word' id='word_1_69' title='bbox 563 878 667 910; x_wconf 88' lang='lat' dir='ltr'>notari</span> <span class='ocrx_word' id='word_1_70' title='bbox 676 877 724 910; x_wconf 77' lang='lat' dir='ltr'>vel</span> <span class='ocrx_word' id='word_1_71' title='bbox 736 876 921 921; x_wconf 75' lang='lat' dir='ltr'>impugnari</span> <span class='ocrx_word' id='word_1_72' title='bbox 933 886 1038 920; x_wconf 85' lang='lat' dir='ltr'>posse,</span> 
     </span>
     <span class='ocr_line' id='line_1_15' title="bbox 289 929 1040 974; baseline 0 -12"><span class='ocrx_word' id='word_1_73' title='bbox 289 930 344 963; x_wconf 81' lang='lat' dir='ltr'>sed</span> <span class='ocrx_word' id='word_1_74' title='bbox 362 930 417 963; x_wconf 88' lang='lat' dir='ltr'>illa</span> <span class='ocrx_word' id='word_1_75' title='bbox 432 931 540 964; x_wconf 92' lang='lat' dir='ltr'>omnia</span> <span class='ocrx_word' id='word_1_76' title='bbox 560 936 591 964; x_wconf 87' lang='lat' dir='ltr'>et</span> <span class='ocrx_word' id='word_1_77' title='bbox 611 931 737 974; x_wconf 79' lang='lat' dir='ltr'>singula</span> <span class='ocrx_word' id='word_1_78' title='bbox 759 930 862 963; x_wconf 74' lang='lat' dir='ltr'>valida</span> <span class='ocrx_word' id='word_1_79' title='bbox 882 935 912 963; x_wconf 90' lang='lat' dir='ltr'>et</span> <span class='ocrx_word' id='word_1_80' title='bbox 932 929 1040 962; x_wconf 88' lang='lat' dir='ltr'>effica-</span> 
     </span>
     <span class='ocr_line' id='line_1_16' title="bbox 289 982 1039 1028; baseline -0.001 -12"><span class='ocrx_word' id='word_1_81' title='bbox 289 983 338 1016; x_wconf 89' lang='lat' dir='ltr'>cia</span> <span class='ocrx_word' id='word_1_82' title='bbox 357 984 425 1017; x_wconf 85' lang='lat' dir='ltr'>sore</span> <span class='ocrx_word' id='word_1_83' title='bbox 441 1010 449 1025; x_wconf 88' lang='lat'>,</span> <span class='ocrx_word' id='word_1_84' title='bbox 482 994 622 1028; x_wconf 89' lang='lat' dir='ltr'>suosque</span> <span class='ocrx_word' id='word_1_85' title='bbox 648 983 810 1028; x_wconf 87' lang='lat' dir='ltr'>plenarios</span> <span class='ocrx_word' id='word_1_86' title='bbox 838 989 869 1016; x_wconf 88' lang='lat' dir='ltr'>et</span> <span class='ocrx_word' id='word_1_87' title='bbox 897 982 1039 1025; x_wconf 81' lang='lat' dir='ltr'>integros</span> 
     </span>
     <span class='ocr_line' id='line_1_17' title="bbox 287 1036 1037 1076; baseline 0 -7"><span class='ocrx_word' id='word_1_88' title='bbox 287 1036 420 1071; x_wconf 82' lang='lat' dir='ltr'>effectus</span> <span class='ocrx_word' id='word_1_89' title='bbox 436 1038 543 1071; x_wconf 89' lang='lat' dir='ltr'>sortiri</span> <span class='ocrx_word' id='word_1_90' title='bbox 569 1042 599 1071; x_wconf 91' lang='lat' dir='ltr'>et</span> <span class='ocrx_word' id='word_1_91' title='bbox 616 1037 842 1071; x_wconf 74' lang='lat' dir='ltr'>inviolabiliter</span> <span class='ocrx_word' id='word_1_92' title='bbox 857 1036 1037 1076; x_wconf 86' lang='lat' dir='ltr'>observari;</span> 
     </span>
     <span class='ocr_line' id='line_1_18' title="bbox 288 1090 1038 1136; baseline 0 -13"><span class='ocrx_word' id='word_1_93' title='bbox 288 1090 399 1135; x_wconf 84' lang='lat' dir='ltr'>sicque</span> <span class='ocrx_word' id='word_1_94' title='bbox 428 1101 486 1136; x_wconf 90' lang='lat' dir='ltr'>per</span> <span class='ocrx_word' id='word_1_95' title='bbox 513 1101 739 1135; x_wconf 87' lang='lat' dir='ltr'>quoscumque</span> <span class='ocrx_word' id='word_1_96' title='bbox 756 1090 879 1124; x_wconf 83' lang='lat' dir='ltr'>iudices</span> <span class='ocrx_word' id='word_1_97' title='bbox 898 1096 929 1124; x_wconf 89' lang='lat' dir='ltr'>et</span> <span class='ocrx_word' id='word_1_98' title='bbox 948 1101 1038 1124; x_wconf 89' lang='lat' dir='ltr'>com-</span> 
     </span>
     <span class='ocr_line' id='line_1_19' title="bbox 286 1144 1035 1189; baseline 0.001 -13"><span class='ocrx_word' id='word_1_99' title='bbox 286 1144 459 1186; x_wconf 87' lang='lat' dir='ltr'>missarios,</span> <span class='ocrx_word' id='word_1_100' title='bbox 497 1146 608 1189; x_wconf 79' lang='lat' dir='ltr'>quavis</span> <span class='ocrx_word' id='word_1_101' title='bbox 637 1144 827 1178; x_wconf 87' lang='lat' dir='ltr'>auctoritate</span> <span class='ocrx_word' id='word_1_102' title='bbox 847 1145 1035 1188; x_wconf 80' lang='lat' dir='ltr'>fungentes,</span> 
     </span>
     <span class='ocr_line' id='line_1_20' title="bbox 285 1198 1039 1244; baseline -0.001 -13"><span class='ocrx_word' id='word_1_103' title='bbox 285 1199 380 1232; x_wconf 89' lang='lat' dir='ltr'>ctiam</span> <span class='ocrx_word' id='word_1_104' title='bbox 397 1199 577 1234; x_wconf 58' lang='lat' dir='ltr'>c‘udin‘tles</span> <span class='ocrx_word' id='word_1_105' title='bbox 589 1200 785 1244; x_wconf 69' lang='lat' dir='ltr'>praedictos</span> <span class='ocrx_word' id='word_1_106' title='bbox 799 1198 922 1231; x_wconf 88' lang='lat' dir='ltr'>sublata</span> <span class='ocrx_word' id='word_1_107' title='bbox 943 1199 988 1232; x_wconf 88' lang='lat' dir='ltr'>eis</span> <span class='ocrx_word' id='word_1_108' title='bbox 1008 1203 1039 1232; x_wconf 88' lang='lat' dir='ltr'>et</span> 
     </span>
     <span class='ocr_line' id='line_1_21' title="bbox 286 1248 1059 1308; baseline 0 -23"><span class='ocrx_word' id='word_1_109' title='bbox 286 1263 400 1286; x_wconf 80' lang='lat' dir='ltr'>coium</span> <span class='ocrx_word' id='word_1_110' title='bbox 426 1253 560 1287; x_wconf 78' lang='lat' dir='ltr'>cuilibet</span> <span class='ocrx_word' id='word_1_111' title='bbox 579 1254 718 1298; x_wconf 56' lang='lat' dir='ltr'>quatis</span> <span class='ocrx_word' id='word_1_112' title='bbox 709 1253 802 1286; x_wconf 80' lang='lat' dir='ltr'>aliter</span> <span class='ocrx_word' id='word_1_113' title='bbox 822 1252 986 1285; x_wconf 89' lang='lat' dir='ltr'>iudicandi</span> <span class='ocrx_word' id='word_1_114' title='bbox 1007 1248 1057 1285; x_wconf 79' lang='lat' dir='ltr'>et¹</span> <span class='ocrx_word' id='word_1_115' title='bbox 1054 1267 1059 1308; x_wconf 72' lang='lat' dir='ltr'>¹i</span> 
     </span>
    </p>
   </div>
   <div class='ocr_carea' id='block_1_5' title="bbox 285 1291 1557 1364">
    <p class='ocr_par' dir='ltr' id='par_1_5' title="bbox 285 1291 1557 1364">
     <span class='ocr_line' id='line_1_22' title="bbox 285 1291 1557 1364; baseline 0 -26"><span class='ocrx_word' id='word_1_116' title='bbox 285 1306 517 1364; x_wconf 80' lang='lat' dir='ltr'>interpretandi</span> <span class='ocrx_word' id='word_1_117' title='bbox 546 1307 714 1347; x_wconf 75' lang='lat' dir='ltr'>facultate,</span> <span class='ocrx_word' id='word_1_118' title='bbox 746 1305 881 1339; x_wconf 82' lang='lat' dir='ltr'>iudicari</span> <span class='ocrx_word' id='word_1_119' title='bbox 902 1310 933 1339; x_wconf 89' lang='lat' dir='ltr'>ct</span> <span class='ocrx_word' id='word_1_120' title='bbox 953 1291 1057 1338; x_wconf 80' lang='lat' dir='ltr'>diffi-</span> <span class='ocrx_word' id='word_1_121' title='bbox 1077 1302 1130 1336; x_wconf 84' lang='lat' dir='ltr'>liis</span> <span class='ocrx_word' id='word_1_122' title='bbox 1154 1297 1341 1345; x_wconf 84' lang='lat' dir='ltr'>abbatibus,</span> <span class='ocrx_word' id='word_1_123' title='bbox 1375 1304 1557 1349; x_wconf 82' lang='lat' dir='ltr'>priolibus,</span> 
     </span>
    </p>
   </div>
   <div class='ocr_carea' id='block_1_6' title="bbox 282 1358 1040 2726">
    <p class='ocr_par' dir='ltr' id='par_1_6' title="bbox 284 1358 1036 1458">
     <span class='ocr_line' id='line_1_23' title="bbox 285 1358 1036 1403; baseline 0 -11"><span class='ocrx_word' id='word_1_124' title='bbox 285 1359 348 1392; x_wconf 86' lang='lat' dir='ltr'>niti</span> <span class='ocrx_word' id='word_1_125' title='bbox 369 1360 666 1402; x_wconf 75' lang='lat' dir='ltr'>debere31r11tum</span> <span class='ocrx_word' id='word_1_126' title='bbox 687 1371 817 1403; x_wconf 87' lang='lat' dir='ltr'>quoque</span> <span class='ocrx_word' id='word_1_127' title='bbox 847 1366 877 1393; x_wconf 86' lang='lat' dir='ltr'>et</span> <span class='ocrx_word' id='word_1_128' title='bbox 896 1358 990 1392; x_wconf 89' lang='lat' dir='ltr'>inane</span> <span class='ocrx_word' id='word_1_129' title='bbox 1011 1359 1036 1392; x_wconf 90' lang='lat' dir='ltr'>si</span> 
     </span>
     <span class='ocr_line' id='line_1_24' title="bbox 284 1413 1037 1458; baseline -0.001 -12"><span class='ocrx_word' id='word_1_130' title='bbox 284 1424 378 1447; x_wconf 89' lang='lat' dir='ltr'>secus</span> <span class='ocrx_word' id='word_1_131' title='bbox 397 1424 496 1457; x_wconf 85' lang='lat' dir='ltr'>super</span> <span class='ocrx_word' id='word_1_132' title='bbox 507 1414 557 1447; x_wconf 87' lang='lat' dir='ltr'>his</span> <span class='ocrx_word' id='word_1_133' title='bbox 572 1425 589 1447; x_wconf 93' lang='lat' dir='ltr'>a</span> <span class='ocrx_word' id='word_1_134' title='bbox 600 1425 777 1458; x_wconf 88' lang='lat' dir='ltr'>quoquam,</span> <span class='ocrx_word' id='word_1_135' title='bbox 799 1413 910 1457; x_wconf 69' lang='lat' dir='ltr'>quavis</span> <span class='ocrx_word' id='word_1_136' title='bbox 927 1418 1037 1446; x_wconf 88' lang='lat' dir='ltr'>aucto-</span> 
     </span>
    </p>

    <p class='ocr_par' dir='ltr' id='par_1_7' title="bbox 282 1466 1040 2726">
     <span class='ocr_line' id='line_1_25' title="bbox 285 1466 1037 1511; baseline 0 -12"><span class='ocrx_word' id='word_1_137' title='bbox 285 1466 389 1508; x_wconf 88' lang='lat' dir='ltr'>ritate,</span> <span class='ocrx_word' id='word_1_138' title='bbox 411 1467 551 1501; x_wconf 78' lang='lat' dir='ltr'>scienter</span> <span class='ocrx_word' id='word_1_139' title='bbox 569 1468 618 1501; x_wconf 80' lang='lat' dir='ltr'>vel</span> <span class='ocrx_word' id='word_1_140' title='bbox 643 1468 844 1511; x_wconf 75' lang='lat' dir='ltr'>ignoranter,</span> <span class='ocrx_word' id='word_1_141' title='bbox 867 1467 1037 1509; x_wconf 80' lang='lat' dir='ltr'>contigerit</span> 
     </span>
     <span class='ocr_line' id='line_1_26' title="bbox 287 1521 1037 1565; baseline 0 -12"><span class='ocrx_word' id='word_1_142' title='bbox 287 1521 449 1554; x_wconf 86' lang='lat' dir='ltr'>attentari.</span> <span class='ocrx_word' id='word_1_143' title='bbox 475 1521 545 1554; x_wconf 89' lang='lat' dir='ltr'>Non</span> <span class='ocrx_word' id='word_1_144' title='bbox 559 1521 757 1554; x_wconf 75' lang='lat' dir='ltr'>obstantibus</span> <span class='ocrx_word' id='word_1_145' title='bbox 772 1521 844 1565; x_wconf 89' lang='lat' dir='ltr'>piae</span> <span class='ocrx_word' id='word_1_146' title='bbox 861 1521 1037 1554; x_wconf 84' lang='lat' dir='ltr'>memoriae</span> 
     </span>
     <span class='ocr_line' id='line_1_27' title="bbox 283 1574 1037 1618; baseline 0 -11"><span class='ocrx_word' id='word_1_147' title='bbox 283 1574 438 1608; x_wconf 80' lang='lat' dir='ltr'>Bonisacii</span> <span class='ocrx_word' id='word_1_148' title='bbox 448 1575 553 1618; x_wconf 86' lang='lat' dir='ltr'>Papae</span> <span class='ocrx_word' id='word_1_149' title='bbox 562 1575 625 1608; x_wconf 75' lang='lat' dir='ltr'>VIII</span> <span class='ocrx_word' id='word_1_150' title='bbox 637 1601 645 1615; x_wconf 97' lang='lat'>,</span> <span class='ocrx_word' id='word_1_151' title='bbox 671 1574 764 1608; x_wconf 89' lang='lat' dir='ltr'>etiam</span> <span class='ocrx_word' id='word_1_152' title='bbox 781 1574 1037 1618; x_wconf 75' lang='lat' dir='ltr'>praedecessoris</span> 
     </span>
     <span class='ocr_line' id='line_1_28' title="bbox 441 1628 1035 1672; baseline -0.002 -10"><span class='ocrx_word' id='word_1_153' title='bbox 441 1634 472 1662; x_wconf 91' lang='lat' dir='ltr'>et</span> <span class='ocrx_word' id='word_1_154' title='bbox 500 1628 570 1661; x_wconf 90' lang='lat' dir='ltr'>aliis</span> <span class='ocrx_word' id='word_1_155' title='bbox 589 1628 774 1672; x_wconf 89' lang='lat' dir='ltr'>apostolicis</span> <span class='ocrx_word' id='word_1_156' title='bbox 794 1628 1035 1661; x_wconf 87' lang='lat' dir='ltr'>constitutioni-</span> 
     </span>
     <span class='ocr_line' id='line_1_29' title="bbox 282 1681 1036 1722; baseline -0.001 -7"><span class='ocrx_word' id='word_1_157' title='bbox 282 1682 356 1722; x_wconf 77' lang='lat' dir='ltr'>bus3</span> <span class='ocrx_word' id='word_1_158' title='bbox 387 1692 424 1716; x_wconf 85' lang='lat' dir='ltr'>ac</span> <span class='ocrx_word' id='word_1_159' title='bbox 441 1682 712 1717; x_wconf 83' lang='lat' dir='ltr'>monasteriorum</span> <span class='ocrx_word' id='word_1_160' title='bbox 732 1686 763 1715; x_wconf 90' lang='lat' dir='ltr'>et</span> <span class='ocrx_word' id='word_1_161' title='bbox 781 1681 908 1716; x_wconf 85' lang='lat' dir='ltr'>Ordinis</span> <span class='ocrx_word' id='word_1_162' title='bbox 927 1681 1036 1715; x_wconf 83' lang='lat' dir='ltr'>Sancti</span> 
     </span>
     <span class='ocr_line' id='line_1_30' title="bbox 283 1735 1035 1780; baseline -0.001 -11"><span class='ocrx_word' id='word_1_163' title='bbox 283 1735 448 1769; x_wconf 81' lang='lat' dir='ltr'>Benedicti</span> <span class='ocrx_word' id='word_1_164' title='bbox 468 1735 722 1780; x_wconf 87' lang='lat' dir='ltr'>praedictorum,</span> <span class='ocrx_word' id='word_1_165' title='bbox 744 1735 936 1776; x_wconf 89' lang='lat' dir='ltr'>iuramento,</span> <span class='ocrx_word' id='word_1_166' title='bbox 957 1745 1035 1768; x_wconf 88' lang='lat' dir='ltr'>con-</span> 
     </span>
     <span class='ocr_line' id='line_1_31' title="bbox 284 1788 1036 1834; baseline 0 -13"><span class='ocrx_word' id='word_1_167' title='bbox 284 1789 468 1823; x_wconf 84' lang='lat' dir='ltr'>firmatione</span> <span class='ocrx_word' id='word_1_168' title='bbox 488 1790 663 1834; x_wconf 85' lang='lat' dir='ltr'>apostolica</span> <span class='ocrx_word' id='word_1_169' title='bbox 682 1790 730 1823; x_wconf 84' lang='lat' dir='ltr'>vel</span> <span class='ocrx_word' id='word_1_170' title='bbox 750 1789 860 1832; x_wconf 72' lang='lat' dir='ltr'>quavis</span> <span class='ocrx_word' id='word_1_171' title='bbox 884 1788 1036 1822; x_wconf 86' lang='lat' dir='ltr'>firmitate</span> 
     </span>
     <span class='ocr_line' id='line_1_32' title="bbox 284 1843 1034 1884; baseline -0.001 -8"><span class='ocrx_word' id='word_1_172' title='bbox 284 1843 345 1877; x_wconf 90' lang='lat' dir='ltr'>alia</span> <span class='ocrx_word' id='word_1_173' title='bbox 360 1844 532 1884; x_wconf 88' lang='lat' dir='ltr'>roboratis,</span> <span class='ocrx_word' id='word_1_174' title='bbox 550 1844 674 1877; x_wconf 88' lang='lat' dir='ltr'>statutis</span> <span class='ocrx_word' id='word_1_175' title='bbox 690 1848 721 1876; x_wconf 89' lang='lat' dir='ltr'>et</span> <span class='ocrx_word' id='word_1_176' title='bbox 731 1843 1034 1884; x_wconf 85' lang='lat' dir='ltr'>consuetudinibus;</span> 
     </span>
     <span class='ocr_line' id='line_1_33' title="bbox 283 1896 1037 1942; baseline 0 -13"><span class='ocrx_word' id='word_1_177' title='bbox 283 1897 458 1942; x_wconf 83' lang='lat' dir='ltr'>privilegiis</span> <span class='ocrx_word' id='word_1_178' title='bbox 470 1907 613 1941; x_wconf 92' lang='lat' dir='ltr'>quoque,</span> <span class='ocrx_word' id='word_1_179' title='bbox 636 1897 771 1930; x_wconf 90' lang='lat' dir='ltr'>indultis</span> <span class='ocrx_word' id='word_1_180' title='bbox 788 1908 824 1930; x_wconf 88' lang='lat' dir='ltr'>ac</span> <span class='ocrx_word' id='word_1_181' title='bbox 836 1896 950 1930; x_wconf 87' lang='lat' dir='ltr'>litteris</span> <span class='ocrx_word' id='word_1_182' title='bbox 961 1907 1037 1940; x_wconf 89' lang='lat' dir='ltr'>apo-</span> 
     </span>
     <span class='ocr_line' id='line_1_34' title="bbox 283 1949 1037 1991; baseline -0.003 -7"><span class='ocrx_word' id='word_1_183' title='bbox 283 1951 404 1984; x_wconf 85' lang='lat' dir='ltr'>stolicis</span> <span class='ocrx_word' id='word_1_184' title='bbox 424 1950 527 1984; x_wconf 91' lang='lat' dir='ltr'>eidem</span> <span class='ocrx_word' id='word_1_185' title='bbox 543 1950 652 1984; x_wconf 89' lang='lat' dir='ltr'>Ordini</span> <span class='ocrx_word' id='word_1_186' title='bbox 672 1950 780 1984; x_wconf 87' lang='lat' dir='ltr'>Sancti</span> <span class='ocrx_word' id='word_1_187' title='bbox 802 1950 983 1991; x_wconf 88' lang='lat' dir='ltr'>Benedicti,</span> <span class='ocrx_word' id='word_1_188' title='bbox 1002 1949 1037 1982; x_wconf 92' lang='lat' dir='ltr'>il-</span> 
     </span>
     <span class='ocr_line' id='line_1_35' title="bbox 284 2004 1035 2050; baseline -0.001 -12"><span class='ocrx_word' id='word_1_189' title='bbox 284 2006 346 2038; x_wconf 87' lang='lat' dir='ltr'>lius</span> <span class='ocrx_word' id='word_1_190' title='bbox 370 2005 593 2050; x_wconf 87' lang='lat' dir='ltr'>superioribus</span> <span class='ocrx_word' id='word_1_191' title='bbox 612 2010 643 2038; x_wconf 86' lang='lat' dir='ltr'>et</span> <span class='ocrx_word' id='word_1_192' title='bbox 662 2004 824 2048; x_wconf 90' lang='lat' dir='ltr'>personis,</span> <span class='ocrx_word' id='word_1_193' title='bbox 852 2015 926 2037; x_wconf 90' lang='lat' dir='ltr'>cum</span> <span class='ocrx_word' id='word_1_194' title='bbox 961 2004 1035 2048; x_wconf 90' lang='lat' dir='ltr'>qui-</span> 
     </span>
     <span class='ocr_line' id='line_1_36' title="bbox 284 2057 1035 2102; baseline 0 -10"><span class='ocrx_word' id='word_1_195' title='bbox 284 2059 392 2093; x_wconf 83' lang='lat' dir='ltr'>busvis</span> <span class='ocrx_word' id='word_1_196' title='bbox 411 2059 566 2093; x_wconf 86' lang='lat' dir='ltr'>clausulis</span> <span class='ocrx_word' id='word_1_197' title='bbox 585 2064 616 2092; x_wconf 89' lang='lat' dir='ltr'>et</span> <span class='ocrx_word' id='word_1_198' title='bbox 635 2058 772 2093; x_wconf 82' lang='lat' dir='ltr'>decretis</span> <span class='ocrx_word' id='word_1_199' title='bbox 785 2084 793 2099; x_wconf 92' lang='lat'>,</span> <span class='ocrx_word' id='word_1_200' title='bbox 816 2057 910 2092; x_wconf 87' lang='lat' dir='ltr'>etiam</span> <span class='ocrx_word' id='word_1_201' title='bbox 931 2058 1035 2102; x_wconf 90' lang='lat' dir='ltr'>impe-</span> 
     </span>
     <span class='ocr_line' id='line_1_37' title="bbox 285 2111 1037 2157; baseline -0.003 -11"><span class='ocrx_word' id='word_1_202' title='bbox 285 2113 400 2146; x_wconf 86' lang='lat' dir='ltr'>ratoris</span> <span class='ocrx_word' id='word_1_203' title='bbox 416 2118 446 2146; x_wconf 88' lang='lat' dir='ltr'>et</span> <span class='ocrx_word' id='word_1_204' title='bbox 462 2123 575 2156; x_wconf 85' lang='lat' dir='ltr'>regum</span> <span class='ocrx_word' id='word_1_205' title='bbox 587 2112 872 2157; x_wconf 86' lang='lat' dir='ltr'>contemplatione,</span> <span class='ocrx_word' id='word_1_206' title='bbox 889 2117 944 2145; x_wconf 90' lang='lat' dir='ltr'>aut</span> <span class='ocrx_word' id='word_1_207' title='bbox 958 2111 1037 2145; x_wconf 88' lang='lat' dir='ltr'>alias</span> 
     </span>
     <span class='ocr_line' id='line_1_38' title="bbox 285 2165 1037 2210; baseline -0.001 -11"><span class='ocrx_word' id='word_1_208' title='bbox 285 2166 528 2210; x_wconf 87' lang='lat' dir='ltr'>quomodolibet</span> <span class='ocrx_word' id='word_1_209' title='bbox 548 2165 719 2208; x_wconf 86' lang='lat' dir='ltr'>concessis,</span> <span class='ocrx_word' id='word_1_210' title='bbox 741 2165 957 2207; x_wconf 85' lang='lat' dir='ltr'>confirmatis,</span> <span class='ocrx_word' id='word_1_211' title='bbox 983 2176 1037 2209; x_wconf 90' lang='lat' dir='ltr'>ap-</span> 
     </span>
     <span class='ocr_line' id='line_1_39' title="bbox 284 2218 1033 2264; baseline 0 -12"><span class='ocrx_word' id='word_1_212' title='bbox 284 2220 427 2264; x_wconf 87' lang='lat' dir='ltr'>probatis</span> <span class='ocrx_word' id='word_1_213' title='bbox 457 2226 488 2253; x_wconf 89' lang='lat' dir='ltr'>et</span> <span class='ocrx_word' id='word_1_214' title='bbox 521 2219 689 2253; x_wconf 85' lang='lat' dir='ltr'>innovatis.</span> <span class='ocrx_word' id='word_1_215' title='bbox 721 2218 844 2258; x_wconf 89' lang='lat' dir='ltr'>Quibus</span> <span class='ocrx_word' id='word_1_216' title='bbox 863 2219 1033 2260; x_wconf 87' lang='lat' dir='ltr'>omnibus,</span> 
     </span>
     <span class='ocr_line' id='line_1_40' title="bbox 286 2272 1037 2317; baseline -0.001 -10"><span class='ocrx_word' id='word_1_217' title='bbox 286 2273 411 2307; x_wconf 88' lang='lat' dir='ltr'>etiamsi</span> <span class='ocrx_word' id='word_1_218' title='bbox 431 2273 470 2307; x_wconf 90' lang='lat' dir='ltr'>de</span> <span class='ocrx_word' id='word_1_219' title='bbox 490 2274 536 2307; x_wconf 89' lang='lat' dir='ltr'>eis</span> <span class='ocrx_word' id='word_1_220' title='bbox 562 2283 741 2317; x_wconf 90' lang='lat' dir='ltr'>eorumque</span> <span class='ocrx_word' id='word_1_221' title='bbox 768 2272 844 2307; x_wconf 90' lang='lat' dir='ltr'>totis</span> <span class='ocrx_word' id='word_1_222' title='bbox 870 2273 1037 2307; x_wconf 89' lang='lat' dir='ltr'>tenoribus</span> 
     </span>
     <span class='ocr_line' id='line_1_41' title="bbox 285 2327 1036 2372; baseline -0.001 -11"><span class='ocrx_word' id='word_1_223' title='bbox 285 2327 453 2372; x_wconf 86' lang='lat' dir='ltr'>specialis,</span> <span class='ocrx_word' id='word_1_224' title='bbox 491 2328 642 2372; x_wconf 87' lang='lat' dir='ltr'>specifica</span> <span class='ocrx_word' id='word_1_225' title='bbox 674 2333 705 2361; x_wconf 86' lang='lat' dir='ltr'>et</span> <span class='ocrx_word' id='word_1_226' title='bbox 734 2337 882 2372; x_wconf 86' lang='lat' dir='ltr'>expressa</span> <span class='ocrx_word' id='word_1_227' title='bbox 915 2327 1036 2360; x_wconf 85' lang='lat' dir='ltr'>mentio</span> 
     </span>
     <span class='ocr_line' id='line_1_42' title="bbox 286 2380 1037 2425; baseline -0.001 -11"><span class='ocrx_word' id='word_1_228' title='bbox 286 2380 446 2422; x_wconf 88' lang='lat' dir='ltr'>habenda,</span> <span class='ocrx_word' id='word_1_229' title='bbox 476 2382 525 2414; x_wconf 87' lang='lat' dir='ltr'>vel</span> <span class='ocrx_word' id='word_1_230' title='bbox 550 2381 658 2425; x_wconf 88' lang='lat' dir='ltr'>aliqua</span> <span class='ocrx_word' id='word_1_231' title='bbox 677 2381 740 2414; x_wconf 81' lang='lat' dir='ltr'>alia</span> <span class='ocrx_word' id='word_1_232' title='bbox 759 2380 915 2425; x_wconf 86' lang='lat' dir='ltr'>exquisita</span> <span class='ocrx_word' id='word_1_233' title='bbox 933 2381 1037 2414; x_wconf 85' lang='lat' dir='ltr'>forma</span> 
     </span>
     <span class='ocr_line' id='line_1_43' title="bbox 286 2433 1034 2476; baseline -0.001 -9"><span class='ocrx_word' id='word_1_234' title='bbox 286 2434 325 2467; x_wconf 88' lang='lat' dir='ltr'>ad</span> <span class='ocrx_word' id='word_1_235' title='bbox 345 2434 407 2467; x_wconf 89' lang='lat' dir='ltr'>hoc</span> <span class='ocrx_word' id='word_1_236' title='bbox 416 2435 672 2476; x_wconf 80' lang='lat' dir='ltr'>servandaforet,</span> <span class='ocrx_word' id='word_1_237' title='bbox 688 2440 818 2468; x_wconf 86' lang='lat' dir='ltr'>tenores</span> <span class='ocrx_word' id='word_1_238' title='bbox 832 2433 1034 2475; x_wconf 89' lang='lat' dir='ltr'>huiusmodi,</span> 
     </span>
     <span class='ocr_line' id='line_1_44' title="bbox 287 2483 1038 2528; baseline 0 -12"><span class='ocrx_word' id='word_1_239' title='bbox 287 2494 324 2516; x_wconf 87' lang='lat' dir='ltr'>ac</span> <span class='ocrx_word' id='word_1_240' title='bbox 344 2483 369 2516; x_wconf 86' lang='lat' dir='ltr'>si</span> <span class='ocrx_word' id='word_1_241' title='bbox 390 2484 429 2517; x_wconf 91' lang='lat' dir='ltr'>de</span> <span class='ocrx_word' id='word_1_242' title='bbox 447 2484 544 2517; x_wconf 88' lang='lat' dir='ltr'>verbo</span> <span class='ocrx_word' id='word_1_243' title='bbox 565 2484 603 2517; x_wconf 89' lang='lat' dir='ltr'>ad</span> <span class='ocrx_word' id='word_1_244' title='bbox 623 2484 775 2525; x_wconf 89' lang='lat' dir='ltr'>verbum,</span> <span class='ocrx_word' id='word_1_245' title='bbox 807 2483 889 2517; x_wconf 90' lang='lat' dir='ltr'>nihil</span> <span class='ocrx_word' id='word_1_246' title='bbox 908 2483 1038 2528; x_wconf 88' lang='lat' dir='ltr'>penitus</span> 
     </span>
     <span class='ocr_line' id='line_1_45' title="bbox 287 2532 1037 2574; baseline 0.001 -9"><span class='ocrx_word' id='word_1_247' title='bbox 287 2532 418 2574; x_wconf 75' lang='lat' dir='ltr'>omisso,</span> <span class='ocrx_word' id='word_1_248' title='bbox 436 2538 467 2566; x_wconf 93' lang='lat' dir='ltr'>et</span> <span class='ocrx_word' id='word_1_249' title='bbox 486 2533 589 2566; x_wconf 87' lang='lat' dir='ltr'>forma</span> <span class='ocrx_word' id='word_1_250' title='bbox 602 2533 635 2565; x_wconf 94' lang='lat' dir='ltr'>in</span> <span class='ocrx_word' id='word_1_251' title='bbox 652 2533 715 2566; x_wconf 90' lang='lat' dir='ltr'>illis</span> <span class='ocrx_word' id='word_1_252' title='bbox 730 2533 846 2566; x_wconf 86' lang='lat' dir='ltr'>tradita</span> <span class='ocrx_word' id='word_1_253' title='bbox 856 2532 1037 2574; x_wconf 81' lang='lat' dir='ltr'>observata,</span> 
     </span>
     <span class='ocr_line' id='line_1_46' title="bbox 287 2581 1037 2627; baseline 0.001 -13"><span class='ocrx_word' id='word_1_254' title='bbox 287 2581 397 2615; x_wconf 88' lang='lat' dir='ltr'>inserti</span> <span class='ocrx_word' id='word_1_255' title='bbox 413 2583 518 2615; x_wconf 85' lang='lat' dir='ltr'>forent</span> <span class='ocrx_word' id='word_1_256' title='bbox 544 2583 789 2626; x_wconf 87' lang='lat' dir='ltr'>praesentibus,</span> <span class='ocrx_word' id='word_1_257' title='bbox 821 2593 881 2627; x_wconf 90' lang='lat' dir='ltr'>pro</span> <span class='ocrx_word' id='word_1_258' title='bbox 908 2592 1037 2626; x_wconf 80' lang='lat' dir='ltr'>expres-</span> 
     </span>
     <span class='ocr_line' id='line_1_47' title="bbox 287 2631 1038 2672; baseline 0 -8"><span class='ocrx_word' id='word_1_259' title='bbox 287 2631 330 2665; x_wconf 84' lang='lat' dir='ltr'>sis</span> <span class='ocrx_word' id='word_1_260' title='bbox 361 2631 527 2672; x_wconf 79' lang='lat' dir='ltr'>habentes,</span> <span class='ocrx_word' id='word_1_261' title='bbox 558 2631 621 2664; x_wconf 90' lang='lat' dir='ltr'>illis</span> <span class='ocrx_word' id='word_1_262' title='bbox 655 2632 733 2665; x_wconf 85' lang='lat' dir='ltr'>alias</span> <span class='ocrx_word' id='word_1_263' title='bbox 770 2631 804 2664; x_wconf 92' lang='lat' dir='ltr'>in</span> <span class='ocrx_word' id='word_1_264' title='bbox 834 2642 893 2665; x_wconf 86' lang='lat' dir='ltr'>suo</span> <span class='ocrx_word' id='word_1_265' title='bbox 922 2631 1038 2665; x_wconf 90' lang='lat' dir='ltr'>robore</span> 
     </span>
     <span class='ocr_line' id='line_1_48' title="bbox 286 2679 1040 2726; baseline 0 -11"><span class='ocrx_word' id='word_1_266' title='bbox 286 2680 528 2725; x_wconf 79' lang='lat' dir='ltr'>permansuris,</span> <span class='ocrx_word' id='word_1_267' title='bbox 552 2679 614 2721; x_wconf 82' lang='lat' dir='ltr'>hac</span> <span class='ocrx_word' id='word_1_268' title='bbox 636 2680 706 2717; x_wconf 84' lang='lat' dir='ltr'>vice</span> <span class='ocrx_word' id='word_1_269' title='bbox 720 2681 894 2724; x_wconf 75' lang='lat' dir='ltr'>dumtaxat,</span> <span class='ocrx_word' id='word_1_270' title='bbox 917 2681 1040 2726; x_wconf 81' lang='lat' dir='ltr'>specia-</span> 
     </span>
    </p>
   </div>
   <div class='ocr_carea' id='block_1_7' title="bbox 889 290 1241 315">
    <p class='ocr_par' dir='ltr' id='par_1_8' title="bbox 889 290 1241 315">
     <span class='ocr_line' id='line_1_49' title="bbox 889 290 1241 315; baseline 0.003 -2"><span class='ocrx_word' id='word_1_271' title='bbox 889 290 1067 315; x_wconf 69' lang='lat' dir='ltr'>mmmmm(</span> <span class='ocrx_word' id='word_1_272' title='bbox 1091 290 1241 315; x_wconf 66' lang='lat' dir='ltr'>commui</span> 
     </span>
    </p>
   </div>
   <div class='ocr_carea' id='block_1_8' title="bbox 1075 342 1835 1189">
    <p class='ocr_par' dir='ltr' id='par_1_9' title="bbox 1075 342 1835 1189">
     <span class='ocr_line' id='line_1_50' title="bbox 1087 342 1834 389; baseline 0.005 -15"><span class='ocrx_word' id='word_1_273' title='bbox 1087 342 1159 375; x_wconf 82' lang='lat' dir='ltr'>liter</span> <span class='ocrx_word' id='word_1_274' title='bbox 1190 348 1221 375; x_wconf 78' lang='lat' dir='ltr'>et</span> <span class='ocrx_word' id='word_1_275' title='bbox 1240 352 1387 386; x_wconf 80' lang='lat' dir='ltr'>expresse</span> <span class='ocrx_word' id='word_1_276' title='bbox 1414 342 1619 385; x_wconf 76' lang='lat' dir='ltr'>derogamus,</span> <span class='ocrx_word' id='word_1_277' title='bbox 1653 344 1834 389; x_wconf 87' lang='lat' dir='ltr'>ceterisque</span> 
     </span>
     <span class='ocr_line' id='line_1_51' title="bbox 1087 395 1834 440; baseline 0.005 -13"><span class='ocrx_word' id='word_1_278' title='bbox 1087 395 1258 428; x_wconf 87' lang='lat' dir='ltr'>contrariis</span> <span class='ocrx_word' id='word_1_279' title='bbox 1277 395 1548 438; x_wconf 88' lang='lat' dir='ltr'>quibuscumque.</span> <span class='ocrx_word' id='word_1_280' title='bbox 1574 396 1660 429; x_wconf 90' lang='lat' dir='ltr'>Nulli</span> <span class='ocrx_word' id='word_1_281' title='bbox 1676 406 1753 440; x_wconf 85' lang='lat' dir='ltr'>ergo</span> <span class='ocrx_word' id='word_1_282' title='bbox 1763 407 1834 431; x_wconf 90' lang='lat' dir='ltr'>om-</span> 
     </span>
     <span class='ocr_line' id='line_1_52' title="bbox 1086 446 1835 490; baseline 0.007 -11"><span class='ocrx_word' id='word_1_283' title='bbox 1086 446 1163 480; x_wconf 89' lang='lat' dir='ltr'>nino</span> <span class='ocrx_word' id='word_1_284' title='bbox 1183 447 1276 481; x_wconf 82' lang='lat' dir='ltr'>liceat</span> <span class='ocrx_word' id='word_1_285' title='bbox 1297 448 1378 480; x_wconf 81' lang='lat' dir='ltr'>lianc</span> <span class='ocrx_word' id='word_1_286' title='bbox 1400 447 1549 490; x_wconf 78' lang='lat' dir='ltr'>paginam</span> <span class='ocrx_word' id='word_1_287' title='bbox 1565 453 1692 482; x_wconf 85' lang='lat' dir='ltr'>nostrae</span> <span class='ocrx_word' id='word_1_288' title='bbox 1707 449 1835 484; x_wconf 84' lang='lat' dir='ltr'>absolu-</span> 
     </span>
     <span class='ocr_line' id='line_1_53' title="bbox 1085 500 1834 544; baseline 0.007 -11"><span class='ocrx_word' id='word_1_289' title='bbox 1085 500 1200 542; x_wconf 89' lang='lat' dir='ltr'>tionis,</span> <span class='ocrx_word' id='word_1_290' title='bbox 1226 501 1397 534; x_wconf 76' lang='lat' dir='ltr'>erectionis</span> <span class='ocrx_word' id='word_1_291' title='bbox 1414 527 1421 541; x_wconf 97' lang='lat'>,</span> <span class='ocrx_word' id='word_1_292' title='bbox 1454 500 1684 544; x_wconf 86' lang='lat' dir='ltr'>institutionis,</span> <span class='ocrx_word' id='word_1_293' title='bbox 1724 503 1834 538; x_wconf 87' lang='lat' dir='ltr'>subie-</span> 
     </span>
     <span class='ocr_line' id='line_1_54' title="bbox 1085 553 1831 600; baseline 0.008 -15"><span class='ocrx_word' id='word_1_294' title='bbox 1085 553 1199 586; x_wconf 88' lang='lat' dir='ltr'>ctionis</span> <span class='ocrx_word' id='word_1_295' title='bbox 1215 580 1223 594; x_wconf 93' lang='lat'>,</span> <span class='ocrx_word' id='word_1_296' title='bbox 1249 553 1502 597; x_wconf 84' lang='lat' dir='ltr'>suppositionis,</span> <span class='ocrx_word' id='word_1_297' title='bbox 1538 554 1831 600; x_wconf 86' lang='lat' dir='ltr'>incorporationis,</span> 
     </span>
     <span class='ocr_line' id='line_1_55' title="bbox 1085 606 1833 652; baseline 0.009 -14"><span class='ocrx_word' id='word_1_298' title='bbox 1085 606 1333 650; x_wconf 56' lang='lat' dir='ltr'>aggregationis,</span> <span class='ocrx_word' id='word_1_299' title='bbox 1356 607 1584 650; x_wconf 86' lang='lat' dir='ltr'>concessionis,</span> <span class='ocrx_word' id='word_1_300' title='bbox 1607 609 1738 652; x_wconf 89' lang='lat' dir='ltr'>indulti,</span> <span class='ocrx_word' id='word_1_301' title='bbox 1754 621 1833 645; x_wconf 91' lang='lat' dir='ltr'>con-</span> 
     </span>
     <span class='ocr_line' id='line_1_56' title="bbox 1083 659 1834 705; baseline 0.009 -14"><span class='ocrx_word' id='word_1_302' title='bbox 1083 660 1275 700; x_wconf 85' lang='lat' dir='ltr'>stitutionis,</span> <span class='ocrx_word' id='word_1_303' title='bbox 1311 659 1549 704; x_wconf 89' lang='lat' dir='ltr'>deputationis,</span> <span class='ocrx_word' id='word_1_304' title='bbox 1586 663 1713 705; x_wconf 88' lang='lat' dir='ltr'>statuti,</span> <span class='ocrx_word' id='word_1_305' title='bbox 1749 664 1834 698; x_wconf 90' lang='lat' dir='ltr'>ordi-</span> 
     </span>
     <span class='ocr_line' id='line_1_57' title="bbox 1083 712 1833 759; baseline 0.008 -14"><span class='ocrx_word' id='word_1_306' title='bbox 1083 712 1238 753; x_wconf 86' lang='lat' dir='ltr'>nationis,</span> <span class='ocrx_word' id='word_1_307' title='bbox 1272 712 1392 746; x_wconf 88' lang='lat' dir='ltr'>decreti</span> <span class='ocrx_word' id='word_1_308' title='bbox 1416 719 1445 747; x_wconf 91' lang='lat' dir='ltr'>et</span> <span class='ocrx_word' id='word_1_309' title='bbox 1469 714 1686 759; x_wconf 89' lang='lat' dir='ltr'>derogationis</span> <span class='ocrx_word' id='word_1_310' title='bbox 1718 717 1833 750; x_wconf 83' lang='lat' dir='ltr'>infrin-</span> 
     </span>
     <span class='ocr_line' id='line_1_58' title="bbox 1082 766 1830 813; baseline 0.007 -13"><span class='ocrx_word' id='word_1_311' title='bbox 1082 777 1169 809; x_wconf 78' lang='lat' dir='ltr'>gere,</span> <span class='ocrx_word' id='word_1_312' title='bbox 1191 771 1248 799; x_wconf 91' lang='lat' dir='ltr'>aut</span> <span class='ocrx_word' id='word_1_313' title='bbox 1275 766 1304 800; x_wconf 90' lang='lat' dir='ltr'>ei</span> <span class='ocrx_word' id='word_1_314' title='bbox 1335 777 1416 800; x_wconf 86' lang='lat' dir='ltr'>ausu</span> <span class='ocrx_word' id='word_1_315' title='bbox 1443 769 1618 803; x_wconf 87' lang='lat' dir='ltr'>temerario</span> <span class='ocrx_word' id='word_1_316' title='bbox 1647 771 1830 813; x_wconf 89' lang='lat' dir='ltr'>contrairc;</span> 
     </span>
     <span class='ocr_line' id='line_1_59' title="bbox 1082 819 1832 869; baseline 0.008 -17"><span class='ocrx_word' id='word_1_317' title='bbox 1082 819 1107 852; x_wconf 89' lang='lat' dir='ltr'>si</span> <span class='ocrx_word' id='word_1_318' title='bbox 1127 819 1200 863; x_wconf 90' lang='lat' dir='ltr'>quis</span> <span class='ocrx_word' id='word_1_319' title='bbox 1224 824 1331 853; x_wconf 91' lang='lat' dir='ltr'>autem</span> <span class='ocrx_word' id='word_1_320' title='bbox 1352 820 1414 855; x_wconf 90' lang='lat' dir='ltr'>hoc</span> <span class='ocrx_word' id='word_1_321' title='bbox 1433 826 1589 855; x_wconf 91' lang='lat' dir='ltr'>attentare</span> <span class='ocrx_word' id='word_1_322' title='bbox 1607 832 1832 869; x_wconf 87' lang='lat' dir='ltr'>praesumpse-</span> 
     </span>
     <span class='ocr_line' id='line_1_60' title="bbox 1082 872 1832 920; baseline 0.008 -15"><span class='ocrx_word' id='word_1_323' title='bbox 1082 873 1143 914; x_wconf 88' lang='lat' dir='ltr'>rit,</span> <span class='ocrx_word' id='word_1_324' title='bbox 1177 872 1434 917; x_wconf 80' lang='lat' dir='ltr'>indignationem</span> <span class='ocrx_word' id='word_1_325' title='bbox 1466 875 1696 920; x_wconf 86' lang='lat' dir='ltr'>omnipotentis</span> <span class='ocrx_word' id='word_1_326' title='bbox 1718 877 1774 911; x_wconf 88' lang='lat' dir='ltr'>Dei</span> <span class='ocrx_word' id='word_1_327' title='bbox 1793 888 1832 912; x_wconf 86' lang='lat' dir='ltr'>ac</span> 
     </span>
     <span class='ocr_line' id='line_1_61' title="bbox 1080 927 1832 974; baseline 0.007 -14"><span class='ocrx_word' id='word_1_328' title='bbox 1080 927 1249 960; x_wconf 89' lang='lat' dir='ltr'>beatorum</span> <span class='ocrx_word' id='word_1_329' title='bbox 1266 927 1351 961; x_wconf 90' lang='lat' dir='ltr'>Petri</span> <span class='ocrx_word' id='word_1_330' title='bbox 1367 933 1398 962; x_wconf 91' lang='lat' dir='ltr'>et</span> <span class='ocrx_word' id='word_1_331' title='bbox 1411 928 1502 963; x_wconf 87' lang='lat' dir='ltr'>Pauli</span> <span class='ocrx_word' id='word_1_332' title='bbox 1518 930 1739 974; x_wconf 84' lang='lat' dir='ltr'>apostolorum</span> <span class='ocrx_word' id='word_1_333' title='bbox 1761 930 1832 965; x_wconf 88' lang='lat' dir='ltr'>eius</span> 
     </span>
     <span class='ocr_line' id='line_1_62' title="bbox 1079 980 1831 1029; baseline 0.007 -16"><span class='ocrx_word' id='word_1_334' title='bbox 1079 991 1112 1014; x_wconf 87' lang='lat' dir='ltr'>sc</span> <span class='ocrx_word' id='word_1_335' title='bbox 1119 980 1244 1014; x_wconf 85' lang='lat' dir='ltr'>noverit</span> <span class='ocrx_word' id='word_1_336' title='bbox 1255 981 1476 1022; x_wconf 82' lang='lat' dir='ltr'>incursurum.</span> <span class='ocrx_word' id='word_1_337' title='bbox 1489 983 1604 1016; x_wconf 89' lang='lat' dir='ltr'>Datum</span> <span class='ocrx_word' id='word_1_338' title='bbox 1613 983 1734 1018; x_wconf 89' lang='lat' dir='ltr'>Romae</span> <span class='ocrx_word' id='word_1_339' title='bbox 1745 984 1831 1029; x_wconf 87' lang='lat' dir='ltr'>apud</span> 
     </span>
     <span class='ocr_line' id='line_1_63' title="bbox 1078 1033 1833 1077; baseline 0.007 -10"><span class='ocrx_word' id='word_1_340' title='bbox 1078 1033 1232 1067; x_wconf 86' lang='lat' dir='ltr'>Sanctum</span> <span class='ocrx_word' id='word_1_341' title='bbox 1244 1035 1374 1068; x_wconf 85' lang='lat' dir='ltr'>Petrum</span> <span class='ocrx_word' id='word_1_342' title='bbox 1386 1062 1394 1077; x_wconf 98' lang='lat'>,</span> <span class='ocrx_word' id='word_1_343' title='bbox 1416 1046 1502 1070; x_wconf 90' lang='lat' dir='ltr'>anno</span> <span class='ocrx_word' id='word_1_344' title='bbox 1518 1036 1754 1071; x_wconf 89' lang='lat' dir='ltr'>Incarnationis</span> <span class='ocrx_word' id='word_1_345' title='bbox 1774 1037 1833 1072; x_wconf 86' lang='lat' dir='ltr'>do-</span> 
     </span>
     <span class='ocr_line' id='line_1_64' title="bbox 1078 1087 1830 1134; baseline 0.007 -14"><span class='ocrx_word' id='word_1_346' title='bbox 1078 1087 1217 1122; x_wconf 88' lang='lat' dir='ltr'>minicae</span> <span class='ocrx_word' id='word_1_347' title='bbox 1248 1088 1422 1123; x_wconf 82' lang='lat' dir='ltr'>millesimo</span> <span class='ocrx_word' id='word_1_348' title='bbox 1452 1089 1711 1134; x_wconf 88' lang='lat' dir='ltr'>quingentesimo</span> <span class='ocrx_word' id='word_1_349' title='bbox 1738 1102 1830 1125; x_wconf 84' lang='lat' dir='ltr'>sexa-</span> 
     </span>
     <span class='ocr_line' id='line_1_65' title="bbox 1075 1141 1830 1189; baseline 0.007 -15"><span class='ocrx_word' id='word_1_350' title='bbox 1075 1141 1195 1185; x_wconf 83' lang='lat' dir='ltr'>gesimo</span> <span class='ocrx_word' id='word_1_351' title='bbox 1208 1148 1312 1184; x_wconf 83' lang='lat' dir='ltr'>sexto,</span> <span class='ocrx_word' id='word_1_352' title='bbox 1327 1142 1431 1187; x_wconf 88' lang='lat' dir='ltr'>pridie</span> <span class='ocrx_word' id='word_1_353' title='bbox 1448 1143 1603 1178; x_wconf 85' lang='lat' dir='ltr'>kalendas</span> <span class='ocrx_word' id='word_1_354' title='bbox 1621 1144 1710 1186; x_wconf 90' lang='lat' dir='ltr'>maii,</span> <span class='ocrx_word' id='word_1_355' title='bbox 1725 1144 1830 1189; x_wconf 90' lang='lat' dir='ltr'>ponti-</span> 
     </span>
    </p>
   </div>
   <div class='ocr_carea' id='block_1_9' title="bbox 1054 1187 1859 1295">
    <p class='ocr_par' dir='ltr' id='par_1_10' title="bbox 1054 1187 1859 1295">
     <span class='ocr_line' id='line_1_66' title="bbox 1054 1187 1468 1245; baseline 0.007 -18"><span class='ocrx_word' id='word_1_356' title='bbox 1054 1187 1059 1245; x_wconf 84' lang='grc' dir='ltr'>ΙΙ</span> <span class='ocrx_word' id='word_1_357' title='bbox 1076 1195 1191 1229; x_wconf 85' lang='lat' dir='ltr'>ficatus</span> <span class='ocrx_word' id='word_1_358' title='bbox 1214 1196 1316 1230; x_wconf 79' lang='lat' dir='ltr'>nostti</span> <span class='ocrx_word' id='word_1_359' title='bbox 1338 1206 1422 1230; x_wconf 90' lang='lat' dir='ltr'>anno</span> <span class='ocrx_word' id='word_1_360' title='bbox 1446 1206 1468 1230; x_wconf 91' lang='lat'>1.</span> 
     </span>
     <span class='ocr_line' id='line_1_67' title="bbox 1120 1249 1859 1295; baseline 0.005 -13.005"><span class='ocrx_word' id='word_1_361' title='bbox 1120 1250 1135 1293; x_wconf 65' lang='grc' dir='ltr'><strong>ξ</strong></span> <span class='ocrx_word' id='word_1_362' title='bbox 1160 1249 1192 1282; x_wconf 73' lang='lat'>2.</span> <span class='ocrx_word' id='word_1_363' title='bbox 1218 1250 1281 1284; x_wconf 76' lang='lat' dir='ltr'>Nos</span> <span class='ocrx_word' id='word_1_364' title='bbox 1307 1250 1423 1294; x_wconf 81' lang='lat' dir='ltr'>igitur,</span> <span class='ocrx_word' id='word_1_365' title='bbox 1449 1250 1620 1295; x_wconf 88' lang='lat' dir='ltr'>cupientes</span> <span class='ocrx_word' id='word_1_366' title='bbox 1644 1251 1770 1286; x_wconf 87' lang='lat' dir='ltr'>dilectis</span> <span class='ocrx_word' id='word_1_367' title='bbox 1788 1252 1828 1286; x_wconf 88' lang='lat' dir='ltr'>fi-</span> <span class='ocrx_word' id='word_1_368' title='bbox 1856 1282 1859 1286; x_wconf 91' lang='lat'>.</span> 
     </span>
    </p>
   </div>
   <div class='ocr_carea' id='block_1_10' title="bbox 1595 1300 2026 1361">
    <p class='ocr_par' dir='ltr' id='par_1_11' title="bbox 1595 1300 2026 1361">
     <span class='ocr_line' id='line_1_68' title="bbox 1595 1300 2026 1361; baseline 0.007 -23"><span class='ocrx_word' id='word_1_369' title='bbox 1595 1306 1764 1339; x_wconf 88' lang='lat' dir='ltr'>monachis</span> <span class='ocrx_word' id='word_1_370' title='bbox 1797 1311 1829 1340; x_wconf 89' lang='lat' dir='ltr'>et</span> <span class='ocrx_word' id='word_1_371' title='bbox 1840 1300 2026 1361; x_wconf 54' lang='grc' dir='ltr'>ἷζξξξξξζωᾚζ</span> 
     </span>
    </p>
   </div>
   <div class='ocr_carea' id='block_1_11' title="bbox 1075 1356 1830 1886">
    <p class='ocr_par' dir='ltr' id='par_1_12' title="bbox 1075 1356 1830 1886">
     <span class='ocr_line' id='line_1_69' title="bbox 1076 1356 1827 1402; baseline 0.005 -13"><span class='ocrx_word' id='word_1_372' title='bbox 1076 1356 1221 1400; x_wconf 89' lang='lat' dir='ltr'>personis</span> <span class='ocrx_word' id='word_1_373' title='bbox 1252 1358 1512 1402; x_wconf 80' lang='lat' dir='ltr'>congregationis</span> <span class='ocrx_word' id='word_1_374' title='bbox 1536 1358 1644 1393; x_wconf 86' lang='lat' dir='ltr'>Sancti</span> <span class='ocrx_word' id='word_1_375' title='bbox 1663 1359 1827 1394; x_wconf 88' lang='lat' dir='ltr'>Benedicti</span> 
     </span>
     <span class='ocr_line' id='line_1_70' title="bbox 1075 1410 1826 1458; baseline 0.005 -15"><span class='ocrx_word' id='word_1_376' title='bbox 1075 1410 1276 1453; x_wconf 87' lang='lat' dir='ltr'>huiusmodi,</span> <span class='ocrx_word' id='word_1_377' title='bbox 1303 1413 1343 1446; x_wconf 90' lang='lat' dir='ltr'>de</span> <span class='ocrx_word' id='word_1_378' title='bbox 1372 1418 1557 1456; x_wconf 87' lang='lat' dir='ltr'>opp01tuna</span> <span class='ocrx_word' id='word_1_379' title='bbox 1585 1412 1743 1455; x_wconf 90' lang='lat' dir='ltr'>iudicum,</span> <span class='ocrx_word' id='word_1_380' title='bbox 1769 1413 1826 1458; x_wconf 90' lang='lat' dir='ltr'>qui</span> 
     </span>
     <span class='ocr_line' id='line_1_71' title="bbox 1076 1464 1827 1509; baseline 0.005 -12"><span class='ocrx_word' id='word_1_381' title='bbox 1076 1464 1137 1498; x_wconf 90' lang='lat' dir='ltr'>sibi</span> <span class='ocrx_word' id='word_1_382' title='bbox 1174 1464 1207 1497; x_wconf 89' lang='lat' dir='ltr'>in</span> <span class='ocrx_word' id='word_1_383' title='bbox 1241 1466 1424 1509; x_wconf 83' lang='lat' dir='ltr'>piaemissis</span> <span class='ocrx_word' id='word_1_384' title='bbox 1462 1466 1602 1500; x_wconf 85' lang='lat' dir='ltr'>efficacis</span> <span class='ocrx_word' id='word_1_385' title='bbox 1632 1466 1827 1502; x_wconf 86' lang='lat' dir='ltr'>defensionis</span> 
     </span>
     <span class='ocr_line' id='line_1_72' title="bbox 1075 1518 1826 1565; baseline 0.005 -14"><span class='ocrx_word' id='word_1_386' title='bbox 1075 1518 1236 1563; x_wconf 90' lang='lat' dir='ltr'>praesidio</span> <span class='ocrx_word' id='word_1_387' title='bbox 1253 1519 1411 1561; x_wconf 77' lang='lat' dir='ltr'>assistant,</span> <span class='ocrx_word' id='word_1_388' title='bbox 1425 1520 1633 1565; x_wconf 84' lang='lat' dir='ltr'>deputatione</span> <span class='ocrx_word' id='word_1_389' title='bbox 1646 1520 1826 1565; x_wconf 87' lang='lat' dir='ltr'>providere,</span> 
     </span>
     <span class='ocr_line' id='line_1_73' title="bbox 1076 1573 1828 1618; baseline 0.005 -13"><span class='ocrx_word' id='word_1_390' title='bbox 1076 1574 1264 1606; x_wconf 87' lang='lat' dir='ltr'>eorumdem</span> <span class='ocrx_word' id='word_1_391' title='bbox 1297 1573 1470 1615; x_wconf 89' lang='lat' dir='ltr'>abbatum,</span> <span class='ocrx_word' id='word_1_392' title='bbox 1510 1574 1678 1618; x_wconf 83' lang='lat' dir='ltr'>priorum,</span> <span class='ocrx_word' id='word_1_393' title='bbox 1717 1585 1828 1609; x_wconf 81' lang='lat' dir='ltr'>mona-</span> 
     </span>
     <span class='ocr_line' id='line_1_74' title="bbox 1076 1626 1827 1672; baseline 0.004 -14"><span class='ocrx_word' id='word_1_394' title='bbox 1076 1626 1212 1659; x_wconf 89' lang='lat' dir='ltr'>chorum</span> <span class='ocrx_word' id='word_1_395' title='bbox 1246 1632 1275 1660; x_wconf 88' lang='lat' dir='ltr'>et</span> <span class='ocrx_word' id='word_1_396' title='bbox 1305 1637 1520 1671; x_wconf 85' lang='lat' dir='ltr'>personarum</span> <span class='ocrx_word' id='word_1_397' title='bbox 1540 1627 1729 1661; x_wconf 88' lang='lat' dir='ltr'>huiusmodi</span> <span class='ocrx_word' id='word_1_398' title='bbox 1748 1638 1827 1672; x_wconf 92' lang='lat' dir='ltr'>sup-</span> 
     </span>
     <span class='ocr_line' id='line_1_75' title="bbox 1075 1679 1830 1725; baseline 0.004 -13"><span class='ocrx_word' id='word_1_399' title='bbox 1075 1679 1305 1723; x_wconf 86' lang='lat' dir='ltr'>plicationibus</span> <span class='ocrx_word' id='word_1_400' title='bbox 1329 1681 1362 1714; x_wconf 90' lang='lat' dir='ltr'>in</span> <span class='ocrx_word' id='word_1_401' title='bbox 1386 1681 1447 1715; x_wconf 88' lang='lat' dir='ltr'>hac</span> <span class='ocrx_word' id='word_1_402' title='bbox 1461 1686 1551 1725; x_wconf 90' lang='lat' dir='ltr'>parte</span> <span class='ocrx_word' id='word_1_403' title='bbox 1576 1681 1740 1725; x_wconf 85' lang='lat' dir='ltr'>inclinati,</span> <span class='ocrx_word' id='word_1_404' title='bbox 1765 1681 1830 1715; x_wconf 83' lang='lat' dir='ltr'>dis-</span> 
     </span>
     <span class='ocr_line' id='line_1_76' title="bbox 1079 1733 1828 1779; baseline 0.003 -14"><span class='ocrx_word' id='word_1_405' title='bbox 1079 1733 1215 1767; x_wconf 83' lang='lat' dir='ltr'>cretioni</span> <span class='ocrx_word' id='word_1_406' title='bbox 1239 1739 1361 1768; x_wconf 89' lang='lat' dir='ltr'>vestrae</span> <span class='ocrx_word' id='word_1_407' title='bbox 1385 1745 1444 1779; x_wconf 89' lang='lat' dir='ltr'>per</span> <span class='ocrx_word' id='word_1_408' title='bbox 1469 1740 1655 1779; x_wconf 88' lang='lat' dir='ltr'>praesentes</span> <span class='ocrx_word' id='word_1_409' title='bbox 1682 1734 1828 1769; x_wconf 85' lang='lat' dir='ltr'>commit-</span> 
     </span>
     <span class='ocr_line' id='line_1_77' title="bbox 1077 1786 1827 1832; baseline 0.004 -13"><span class='ocrx_word' id='word_1_410' title='bbox 1077 1786 1176 1820; x_wconf 87' lang='lat' dir='ltr'>timus</span> <span class='ocrx_word' id='word_1_411' title='bbox 1189 1792 1221 1820; x_wconf 86' lang='lat' dir='ltr'>et</span> <span class='ocrx_word' id='word_1_412' title='bbox 1231 1788 1424 1821; x_wconf 89' lang='lat' dir='ltr'>mandamus</span> <span class='ocrx_word' id='word_1_413' title='bbox 1442 1794 1603 1832; x_wconf 90' lang='lat' dir='ltr'>quatenus</span> <span class='ocrx_word' id='word_1_414' title='bbox 1619 1799 1674 1822; x_wconf 92' lang='lat' dir='ltr'>vos</span> <span class='ocrx_word' id='word_1_415' title='bbox 1693 1789 1743 1831; x_wconf 82' lang='lat' dir='ltr'>vel</span> <span class='ocrx_word' id='word_1_416' title='bbox 1761 1789 1827 1824; x_wconf 92' lang='lat' dir='ltr'>duo</span> 
     </span>
     <span class='ocr_line' id='line_1_78' title="bbox 1076 1843 1827 1886; baseline 0.003 -13"><span class='ocrx_word' id='word_1_417' title='bbox 1076 1846 1132 1873; x_wconf 86' lang='lat' dir='ltr'>aut</span> <span class='ocrx_word' id='word_1_418' title='bbox 1151 1851 1236 1878; x_wconf 89' lang='lat' dir='ltr'>unus</span> <span class='ocrx_word' id='word_1_419' title='bbox 1255 1847 1409 1883; x_wconf 86' lang='lat' dir='ltr'>vestrum,</span> <span class='ocrx_word' id='word_1_420' title='bbox 1433 1853 1490 1886; x_wconf 91' lang='lat' dir='ltr'>per</span> <span class='ocrx_word' id='word_1_421' title='bbox 1508 1853 1563 1876; x_wconf 88' lang='lat' dir='ltr'>vos</span> <span class='ocrx_word' id='word_1_422' title='bbox 1580 1843 1630 1876; x_wconf 87' lang='lat' dir='ltr'>vel</span> <span class='ocrx_word' id='word_1_423' title='bbox 1649 1843 1749 1877; x_wconf 86' lang='lat' dir='ltr'>alium</span> <span class='ocrx_word' id='word_1_424' title='bbox 1769 1853 1827 1876; x_wconf 91' lang='lat' dir='ltr'>seu</span> 
     </span>
    </p>
   </div>
   <div class='ocr_carea' id='block_1_12' title="bbox 1075 1894 1837 1940">
    <p class='ocr_par' dir='ltr' id='par_1_13' title="bbox 1075 1894 1837 1940">
     <span class='ocr_line' id='line_1_79' title="bbox 1075 1894 1837 1940; baseline 0.003 -13"><span class='ocrx_word' id='word_1_425' title='bbox 1075 1894 1167 1935; x_wconf 87' lang='lat' dir='ltr'>alios,</span> <span class='ocrx_word' id='word_1_426' title='bbox 1187 1895 1309 1928; x_wconf 87' lang='lat' dir='ltr'>litteras</span> <span class='ocrx_word' id='word_1_427' title='bbox 1324 1895 1505 1940; x_wconf 85' lang='lat' dir='ltr'>praedictas</span> <span class='ocrx_word' id='word_1_428' title='bbox 1524 1901 1556 1929; x_wconf 90' lang='lat' dir='ltr'>et</span> <span class='ocrx_word' id='word_1_429' title='bbox 1570 1896 1603 1929; x_wconf 89' lang='lat' dir='ltr'>in</span> <span class='ocrx_word' id='word_1_430' title='bbox 1617 1896 1663 1930; x_wconf 89' lang='lat' dir='ltr'>eis</span> <span class='ocrx_word' id='word_1_431' title='bbox 1678 1901 1837 1939; x_wconf 35' lang='lat' dir='ltr'>contenta-</span> 
     </span>
    </p>
   </div>
   <div class='ocr_carea' id='block_1_13' title="bbox 1076 1949 1830 2724">
    <p class='ocr_par' dir='ltr' id='par_1_14' title="bbox 1076 1949 1830 2724">
     <span class='ocr_line' id='line_1_80' title="bbox 1076 1949 1827 1994; baseline 0.003 -13"><span class='ocrx_word' id='word_1_432' title='bbox 1076 1958 1302 1993; x_wconf 68' lang='lat' dir='ltr'>queecumque,</span> <span class='ocrx_word' id='word_1_433' title='bbox 1328 1949 1381 1982; x_wconf 85' lang='lat' dir='ltr'>ubi</span> <span class='ocrx_word' id='word_1_434' title='bbox 1403 1955 1434 1982; x_wconf 89' lang='lat' dir='ltr'>et</span> <span class='ocrx_word' id='word_1_435' title='bbox 1458 1949 1589 1993; x_wconf 84' lang='lat' dir='ltr'>quando</span> <span class='ocrx_word' id='word_1_436' title='bbox 1608 1960 1691 1994; x_wconf 88' lang='lat' dir='ltr'>opus</span> <span class='ocrx_word' id='word_1_437' title='bbox 1709 1949 1827 1990; x_wconf 85' lang='lat' dir='ltr'>suerit,</span> 
     </span>
     <span class='ocr_line' id='line_1_81' title="bbox 1078 2003 1828 2048; baseline 0.001 -13"><span class='ocrx_word' id='word_1_438' title='bbox 1078 2012 1115 2035; x_wconf 89' lang='lat' dir='ltr'>ac</span> <span class='ocrx_word' id='word_1_439' title='bbox 1139 2003 1264 2046; x_wconf 87' lang='lat' dir='ltr'>quoties</span> <span class='ocrx_word' id='word_1_440' title='bbox 1284 2014 1342 2047; x_wconf 88' lang='lat' dir='ltr'>pro</span> <span class='ocrx_word' id='word_1_441' title='bbox 1362 2009 1453 2047; x_wconf 90' lang='lat' dir='ltr'>parte</span> <span class='ocrx_word' id='word_1_442' title='bbox 1473 2003 1638 2046; x_wconf 88' lang='lat' dir='ltr'>abbatum,</span> <span class='ocrx_word' id='word_1_443' title='bbox 1665 2003 1828 2048; x_wconf 87' lang='lat' dir='ltr'>priorum,</span> 
     </span>
     <span class='ocr_line' id='line_1_82' title="bbox 1077 2055 1829 2102; baseline 0.001 -13"><span class='ocrx_word' id='word_1_444' title='bbox 1077 2056 1311 2090; x_wconf 88' lang='lat' dir='ltr'>monachorum</span> <span class='ocrx_word' id='word_1_445' title='bbox 1344 2063 1375 2090; x_wconf 89' lang='lat' dir='ltr'>et</span> <span class='ocrx_word' id='word_1_446' title='bbox 1401 2067 1614 2102; x_wconf 87' lang='lat' dir='ltr'>personarum</span> <span class='ocrx_word' id='word_1_447' title='bbox 1640 2055 1829 2096; x_wconf 76' lang='lat' dir='ltr'>vhuiusmodi</span> 
     </span>
     <span class='ocr_line' id='line_1_83' title="bbox 1077 2109 1829 2154; baseline 0.001 -12"><span class='ocrx_word' id='word_1_448' title='bbox 1077 2119 1135 2142; x_wconf 87' lang='lat' dir='ltr'>seu</span> <span class='ocrx_word' id='word_1_449' title='bbox 1154 2109 1291 2143; x_wconf 88' lang='lat' dir='ltr'>alicuius</span> <span class='ocrx_word' id='word_1_450' title='bbox 1308 2120 1421 2144; x_wconf 90' lang='lat' dir='ltr'>eorum</span> <span class='ocrx_word' id='word_1_451' title='bbox 1435 2110 1560 2145; x_wconf 87' lang='lat' dir='ltr'>fueritis</span> <span class='ocrx_word' id='word_1_452' title='bbox 1574 2110 1722 2154; x_wconf 87' lang='lat' dir='ltr'>requisiti</span> <span class='ocrx_word' id='word_1_453' title='bbox 1739 2137 1747 2152; x_wconf 96' lang='lat'>‚</span> <span class='ocrx_word' id='word_1_454' title='bbox 1777 2121 1829 2144; x_wconf 91' lang='lat' dir='ltr'>so-</span> 
     </span>
     <span class='ocr_line' id='line_1_84' title="bbox 1077 2163 1828 2207; baseline 0.003 -12"><span class='ocrx_word' id='word_1_455' title='bbox 1077 2163 1226 2196; x_wconf 87' lang='lat' dir='ltr'>lemniter</span> <span class='ocrx_word' id='word_1_456' title='bbox 1245 2163 1469 2207; x_wconf 88' lang='lat' dir='ltr'>publicantes,</span> <span class='ocrx_word' id='word_1_457' title='bbox 1509 2163 1635 2207; x_wconf 90' lang='lat' dir='ltr'>sibique</span> <span class='ocrx_word' id='word_1_458' title='bbox 1663 2163 1697 2197; x_wconf 90' lang='lat' dir='ltr'>in</span> <span class='ocrx_word' id='word_1_459' title='bbox 1732 2173 1828 2207; x_wconf 87' lang='lat' dir='ltr'>prae-</span> 
     </span>
     <span class='ocr_line' id='line_1_85' title="bbox 1077 2216 1829 2261; baseline 0.003 -12"><span class='ocrx_word' id='word_1_460' title='bbox 1077 2216 1182 2250; x_wconf 83' lang='lat' dir='ltr'>missis</span> <span class='ocrx_word' id='word_1_461' title='bbox 1205 2217 1344 2251; x_wconf 84' lang='lat' dir='ltr'>efficacis</span> <span class='ocrx_word' id='word_1_462' title='bbox 1377 2218 1573 2252; x_wconf 84' lang='lat' dir='ltr'>defensionis</span> <span class='ocrx_word' id='word_1_463' title='bbox 1596 2216 1757 2261; x_wconf 87' lang='lat' dir='ltr'>praesidio</span> <span class='ocrx_word' id='word_1_464' title='bbox 1776 2227 1829 2251; x_wconf 86' lang='lat' dir='ltr'>as-</span> 
     </span>
     <span class='ocr_line' id='line_1_86' title="bbox 1077 2270 1829 2313; baseline 0 -9"><span class='ocrx_word' id='word_1_465' title='bbox 1077 2270 1235 2313; x_wconf 83' lang='lat' dir='ltr'>sistentes,</span> <span class='ocrx_word' id='word_1_466' title='bbox 1263 2271 1397 2313; x_wconf 81' lang='lat' dir='ltr'>faciatis,</span> <span class='ocrx_word' id='word_1_467' title='bbox 1426 2271 1616 2306; x_wconf 86' lang='lat' dir='ltr'>auctoritate</span> <span class='ocrx_word' id='word_1_468' title='bbox 1643 2276 1752 2306; x_wconf 87' lang='lat' dir='ltr'>nostra</span> <span class='ocrx_word' id='word_1_469' title='bbox 1772 2270 1829 2305; x_wconf 86' lang='lat' dir='ltr'>ab·</span> 
     </span>
     <span class='ocr_line' id='line_1_87' title="bbox 1076 2325 1830 2370; baseline 0 -12"><span class='ocrx_word' id='word_1_470' title='bbox 1076 2326 1183 2366; x_wconf 88' lang='lat' dir='ltr'>bates,</span> <span class='ocrx_word' id='word_1_471' title='bbox 1218 2325 1360 2369; x_wconf 90' lang='lat' dir='ltr'>priores,</span> <span class='ocrx_word' id='word_1_472' title='bbox 1399 2326 1575 2360; x_wconf 87' lang='lat' dir='ltr'>monachos</span> <span class='ocrx_word' id='word_1_473' title='bbox 1611 2331 1643 2359; x_wconf 91' lang='lat' dir='ltr'>et</span> <span class='ocrx_word' id='word_1_474' title='bbox 1675 2334 1830 2370; x_wconf 87' lang='lat' dir='ltr'>personas</span> 
     </span>
     <span class='ocr_line' id='line_1_88' title="bbox 1077 2378 1829 2423; baseline -0.001 -10"><span class='ocrx_word' id='word_1_475' title='bbox 1077 2378 1254 2420; x_wconf 86' lang='lat' dir='ltr'>erectione,</span> <span class='ocrx_word' id='word_1_476' title='bbox 1280 2379 1493 2423; x_wconf 86' lang='lat' dir='ltr'>institutione,</span> <span class='ocrx_word' id='word_1_477' title='bbox 1512 2379 1728 2420; x_wconf 88' lang='lat' dir='ltr'>subiectione,</span> <span class='ocrx_word' id='word_1_478' title='bbox 1750 2389 1829 2423; x_wconf 90' lang='lat' dir='ltr'>sup-</span> 
     </span>
     <span class='ocr_line' id='line_1_89' title="bbox 1078 2432 1827 2477; baseline -0.001 -10"><span class='ocrx_word' id='word_1_479' title='bbox 1078 2432 1247 2477; x_wconf 86' lang='lat' dir='ltr'>positione,</span> <span class='ocrx_word' id='word_1_480' title='bbox 1276 2432 1558 2477; x_wconf 88' lang='lat' dir='ltr'>incorporatione,</span> <span class='ocrx_word' id='word_1_481' title='bbox 1580 2432 1827 2477; x_wconf 77' lang='lat' dir='ltr'>aggregatione,</span> 
     </span>
     <span class='ocr_line' id='line_1_90' title="bbox 1078 2481 1830 2524; baseline 0 -9"><span class='ocrx_word' id='word_1_482' title='bbox 1078 2481 1286 2516; x_wconf 86' lang='lat' dir='ltr'>concessione</span> <span class='ocrx_word' id='word_1_483' title='bbox 1299 2508 1307 2523; x_wconf 89' lang='lat'>,</span> <span class='ocrx_word' id='word_1_484' title='bbox 1329 2483 1456 2516; x_wconf 87' lang='lat' dir='ltr'>indulto</span> <span class='ocrx_word' id='word_1_485' title='bbox 1469 2509 1477 2524; x_wconf 89' lang='lat'>,</span> <span class='ocrx_word' id='word_1_486' title='bbox 1499 2482 1745 2523; x_wconf 88' lang='lat' dir='ltr'>constitutione,</span> <span class='ocrx_word' id='word_1_487' title='bbox 1775 2481 1830 2515; x_wconf 85' lang='lat' dir='ltr'>de-</span> 
     </span>
     <span class='ocr_line' id='line_1_91' title="bbox 1078 2530 1828 2576; baseline 0 -11"><span class='ocrx_word' id='word_1_488' title='bbox 1078 2532 1247 2576; x_wconf 90' lang='lat' dir='ltr'>putatione</span> <span class='ocrx_word' id='word_1_489' title='bbox 1263 2559 1272 2574; x_wconf 96' lang='lat'>,</span> <span class='ocrx_word' id='word_1_490' title='bbox 1312 2537 1429 2566; x_wconf 86' lang='lat' dir='ltr'>statuto</span> <span class='ocrx_word' id='word_1_491' title='bbox 1444 2558 1453 2573; x_wconf 91' lang='lat'>,</span> <span class='ocrx_word' id='word_1_492' title='bbox 1497 2531 1698 2566; x_wconf 89' lang='lat' dir='ltr'>ordinatione</span> <span class='ocrx_word' id='word_1_493' title='bbox 1715 2558 1724 2574; x_wconf 92' lang='lat'>,</span> <span class='ocrx_word' id='word_1_494' title='bbox 1769 2530 1828 2565; x_wconf 88' lang='lat' dir='ltr'>de-</span> 
     </span>
     <span class='ocr_line' id='line_1_92' title="bbox 1078 2578 1827 2625; baseline -0.004 -10"><span class='ocrx_word' id='word_1_495' title='bbox 1078 2588 1185 2623; x_wconf 89' lang='lat' dir='ltr'>creto,</span> <span class='ocrx_word' id='word_1_496' title='bbox 1229 2580 1434 2625; x_wconf 84' lang='lat' dir='ltr'>derogatione</span> <span class='ocrx_word' id='word_1_497' title='bbox 1459 2586 1490 2614; x_wconf 91' lang='lat' dir='ltr'>et</span> <span class='ocrx_word' id='word_1_498' title='bbox 1527 2580 1597 2614; x_wconf 88' lang='lat' dir='ltr'>aliis</span> <span class='ocrx_word' id='word_1_499' title='bbox 1629 2578 1827 2625; x_wconf 82' lang='lat' dir='ltr'>praemissis,</span> 
     </span>
     <span class='ocr_line' id='line_1_93' title="bbox 1078 2629 1828 2664; baseline 0.001 -1"><span class='ocrx_word' id='word_1_500' title='bbox 1078 2630 1166 2664; x_wconf 84' lang='lat' dir='ltr'>iuxta</span> <span class='ocrx_word' id='word_1_501' title='bbox 1176 2630 1334 2664; x_wconf 88' lang='lat' dir='ltr'>dictarum</span> <span class='ocrx_word' id='word_1_502' title='bbox 1353 2629 1534 2663; x_wconf 86' lang='lat' dir='ltr'>litterarum</span> <span class='ocrx_word' id='word_1_503' title='bbox 1549 2629 1779 2664; x_wconf 85' lang='lat' dir='ltr'>continentiam</span> <span class='ocrx_word' id='word_1_504' title='bbox 1796 2634 1828 2664; x_wconf 83' lang='lat' dir='ltr'>et</span> 
     </span>
     <span class='ocr_line' id='line_1_94' title="bbox 1078 2678 1827 2724; baseline -0.001 -10"><span class='ocrx_word' id='word_1_505' title='bbox 1078 2686 1245 2722; x_wconf 85' lang='lat' dir='ltr'>tenorem,</span> <span class='ocrx_word' id='word_1_506' title='bbox 1276 2678 1412 2724; x_wconf 82' lang='lat' dir='ltr'>pacifice</span> <span class='ocrx_word' id='word_1_507' title='bbox 1433 2679 1499 2714; x_wconf 78' lang='lat' dir='ltr'>frui</span> <span class='ocrx_word' id='word_1_508' title='bbox 1521 2684 1554 2713; x_wconf 86' lang='lat' dir='ltr'>et</span> <span class='ocrx_word' id='word_1_509' title='bbox 1569 2679 1731 2724; x_wconf 84' lang='lat' dir='ltr'>gaudere,</span> <span class='ocrx_word' id='word_1_510' title='bbox 1759 2686 1827 2713; x_wconf 85' lang='lat' dir='ltr'>non</span> 
     </span>
    </p>
   </div>
   <div class='ocr_carea' id='block_1_14' title="bbox 1846 294 2028 323">
    <p class='ocr_par' dir='ltr' id='par_1_15' title="bbox 1846 294 2028 323">
     <span class='ocr_line' id='line_1_95' title="bbox 1846 294 2028 323; baseline 0.005 -1"><span class='ocrx_word' id='word_1_511' title='bbox 1846 294 1896 322; x_wconf 88' lang='grc' dir='ltr'>Αη.</span> <span class='ocrx_word' id='word_1_512' title='bbox 1913 294 1941 322; x_wconf 90' lang='lat' dir='ltr'>C·</span> <span class='ocrx_word' id='word_1_513' title='bbox 1962 294 2028 323; x_wconf 64' lang='lat'>¹572</span> 
     </span>
    </p>
   </div>
   <div class='ocr_carea' id='block_1_15' title="bbox 1889 1269 2025 1292">
    <p class='ocr_par' dir='ltr' id='par_1_16' title="bbox 1889 1269 2025 1292">
     <span class='ocr_line' id='line_1_96' title="bbox 1889 1269 2025 1292; baseline 0.007 -2"><span class='ocrx_word' id='word_1_514' title='bbox 1889 1269 2025 1292; x_wconf 72' lang='lat' dir='ltr'>confirmatio</span> 
     </span>
    </p>
   </div>
   <div class='ocr_carea' id='block_1_16' title="bbox 1840 1364 2025 1417">
    <p class='ocr_par' dir='ltr' id='par_1_17' title="bbox 1840 1364 2025 1417">
     <span class='ocr_line' id='line_1_97' title="bbox 1840 1364 2025 1385; baseline 0.005 -1"><span class='ocrx_word' id='word_1_515' title='bbox 1840 1369 1886 1384; x_wconf 79' lang='lat' dir='ltr'>rum</span> <span class='ocrx_word' id='word_1_516' title='bbox 1925 1364 2025 1385; x_wconf 77' lang='lat' dir='ltr'>executio</span> 
     </span>
     <span class='ocr_line' id='line_1_98' title="bbox 1841 1396 1984 1417; baseline 0.007 -1"><span class='ocrx_word' id='word_1_517' title='bbox 1841 1396 1984 1417; x_wconf 72' lang='lat' dir='ltr'>committunt-</span> 
     </span>
    </p>
   </div>
   <div class='ocr_carea' id='block_1_17' title="bbox 2009 1657 2059 3228">
    <p class='ocr_par' dir='ltr' id='par_1_18' title="bbox 2009 1657 2059 3228">
     <span class='ocr_line' id='line_1_99' title="bbox 2009 1657 2059 3228; baseline 0 0"><span class='ocrx_word' id='word_1_518' title='bbox 2009 1657 2059 3228; x_wconf 95' lang='lat' dir='ltr'> </span> 
     </span>
    </p>
   </div>
  </div>
 </body>
</html>
