2059 3228
391 267 453 301 752

345 338 448 371 turae,
468 330 564 364 etiam
580 338 654 363 cum
666 325 934 369 funebripompa,
947 321 1093 356 christia-

344 396 385 419 no
407 385 471 418 ritu
493 383 574 417 tradi
595 381 730 426 possint.

389 438 476 482 3212.
499 437 630 470 Necnon
658 431 929 478 quadragesimali
959 436 990 463 et
1021 428 1091 462 aliis

172 505 328 529 StationesUr-
344 491 544 535 temporibus
563 500 600 522 ac
613 488 726 521 diebus
746 486 922 520 stationum
942 483 1091 517 basilica-

147 539 179 560 ΜΞ
195 539 256 559 ''³⁹¹5“
272 537 325 557 ‘m‘
344 556 415 578 rum
433 550 463 578 et
479 543 690 578 ecclesiarum
711 541 815 574 dictae
834 539 929 573 Urbis
949 544 979 571 et
1004 542 1091 569 extra

147 570 251 591 remmus
278 569 330 588 visi-

147 600 238 621 ¹³·¹²*⁵¹¹⁵
258 599 329 636 9⁰⁰¹&
343 598 411 632 eius
431 608 553 638 muros,
574 598 600 630 si
620 595 652 628 in
670 595 708 628 iis
727 594 819 635 locis,
842 593 875 625 in
895 592 1013 636 quibus
1037 600 1092 623 eos

146 631 227 687 {2⁸5³}ss
243 631 329 683 ’335ηὲἕῖ
343 652 438 685 etiam
454 652 587 691 Romae,
609 660 677 683 esse
691 646 873 690 contigerit,
895 646 974 678 duas
985 644 1090 677 eccle-

146 693 182 713 ‘m'
342 705 405 739 sias
424 710 479 739 aut
498 705 595 738 unius
604 704 653 737 vel
663 703 861 736 diversarum
879 698 1090 732 ecclesiarum

342 770 455 793 eorum
484 758 618 792 arbitrio
642 756 805 800 eligendas
825 752 1031 792 visitaverint,
1053 762 1091 784 ac

341 813 461 846 ibidem
481 811 664 846 Orationem
685 808 884 843 Dominieam
909 813 942 840 et
963 806 1089 839 Saluta-

342 867 463 900 tionem
483 865 666 910 Angelicam
685 864 797 897 saltem
818 867 868 895 ter
887 861 997 894 devote
1011 859 1091 892 reci-

342 920 489 961 taverint,
511 930 624 953 omnes
644 924 674 952 et
703 917 845 960 singulas
875 913 1091 956 indulgentias

341 979 372 1007 et
390 979 597 1018 peccatorum
615 971 821 1005 remissiones
835 972 1088 1010 consequantur,

327 1037 421 1072 ,quas
450 1031 726 1070 consequerentur
750 1022 916 1068 sieisdem
937 1019 1092 1063 tempori-

339 1081 401 1115 bus
412 1081 569 1115 etdiebus
579 1079 752 1113 stationum
768 1076 916 1110 basilicas
932 1085 969 1108 ac
989 1073 1092 1107 eecle-

341 1135 403 1168 sias
438 1134 532 1167 Urbis
562 1139 593 1166 et
622 1138 709 1166 extra
747 1130 816 1164 eius
838 1138 950 1161 muros
980 1127 1091 1159 huius-

341 1187 428 1221 modi
440 1188 479 1220 ad
499 1187 528 1219 id
549 1187 731 1229 deputatas,
744 1181 961 1228 personaliter
970 1180 1092 1213 visitas-

346 1247 429 1275 sent.

386 1294 466 1338 513.
481 1293 607 1326 Eisdem
621 1301 752 1336 quoque
764 1295 800 1323 ut
819 1286 1091 1332 quadragesimali

223 1361 326 1382 eanum
342 1354 374 1381 et
393 1348 464 1380 aliis
484 1345 694 1390 temporibus,
714 1344 832 1388 quibus
843 1353 916 1376 esus
929 1341 1088 1380 carnium,

145 1393 233 1447 23:222
270 1393 327 1414 'em
343 1412 476 1435 ovorum
497 1405 527 1433 et
546 1399 784 1432 lacticiniorum
805 1406 882 1429 usus
902 1395 940 1428 de
961 1395 1030 1428 iure
1043 1393 1091 1427 vel

343 1453 577 1488 consuetudine
597 1458 643 1486 cst
664 1450 858 1495 prohibitus,
880 1449 999 1482 eisdem
1021 1458 1091 1481 ear-

342 1508 450 1547 nibus,
472 1507 538 1540 ovis
558 1503 816 1540 etlacticiniisde
828 1502 961 1536 consilio
970 1501 1092 1535 utrius-

343 1572 406 1605 que
426 1559 555 1600 mediei,
577 1570 614 1592 ac
634 1563 757 1592 secreto
782 1562 813 1590 et
832 1556 900 1589 sine
928 1554 1092 1594 scandalo,

344 1614 391 1647 uti
411 1620 442 1648 et
465 1613 548 1646 vesci
567 1613 669 1645 libere
689 1617 719 1645 et
738 1611 824 1644 licite
848 1610 986 1649 valeant,
1009 1608 1093 1641 dicta

345 1666 547 1707 auctoritate,
579 1672 690 1699 tenore
720 1663 952 1709 praesentium,
975 1671 1092 1695 conce-

346 1720 452 1754 dimus
473 1727 503 1753 et
520 1719 737 1761 indulgemus.

390 1775 405 1818 ἓ
425 1774 477 1807 14.
501 1774 681 1812 Praeterea,
708 1769 971 1804 constitutionem
992 1768 1093 1802 felicis

173 1840 277 1866 nignitate
286 1845 333 1865 gau·
347 1826 582 1860 recordationis
598 1825 751 1859 Bonifacii
764 1825 868 1868 Papae
879 1823 993 1863 octavi,
1004 1832 1096 1866 prae-

147 1871 334 1929 ἶξζζῖῑὲῗαῗῇἶῖζ
349 1881 526 1915 decessoris
545 1880 662 1921 nostri,
685 1889 767 1923 quae
787 1876 1092 1922 incipitStatutum,

147 1933 208 1984 ,1ζή
230 1932 334 1959 ”“”“Ῥ’·
350 1936 389 1968 ad
409 1935 538 1968 eosdem
558 1933 795 1968 referendarios
809 1942 896 1964 nunc
907 1936 937 1964 et
947 1940 1006 1973 pro
1019 1935 1097 1962 tem-

349 1999 428 2032 pore
448 1988 617 2022 existentes
637 1986 847 2025 extendimus,
866 1984 910 2017 ita
931 1989 964 2016 ut
984 1983 1042 2026 ipsi
1061 1993 1096 2015 o-

350 2053 441 2075 mnes
459 2042 523 2075 sint
542 2047 572 2075 et
584 2051 652 2075 esse
672 2044 865 2074 censeantur
884 2035 1097 2071 ecclesiastica

350 2096 505 2139 dignitate
525 2094 674 2139 praediti,
699 2099 729 2127 et
747 2094 833 2126 iuxta
853 2090 1097 2135 dispositionem

350 2149 589 2183 constitutionis
604 2147 790 2181 huiusmodi
800 2145 987 2190 qualificati‚
1001 2144 1097 2177 etiam

350 2204 389 2237 ad
409 2204 471 2237 hoc
490 2209 526 2237 ut
554 2202 586 2236 in
614 2213 728 2236 eorum
750 2207 915 2244 tamquam
944 2209 1097 2243 persona-

351 2268 423 2289 rum
444 2257 476 2289 in
496 2256 651 2300 dignitate
671 2254 890 2289 ecclesiastica
909 2252 1098 2286 constituta-

351 2321 424 2343 rum
446 2310 594 2343 manibus
614 2309 787 2354 pensiones
816 2307 855 2340 ab
876 2306 913 2339 iis
934 2305 988 2349 qui
1009 2305 1099 2338 suffi-

354 2363 453 2396 cienti
482 2364 522 2396 ad
550 2364 614 2397 hoc
639 2363 792 2396 facultate
817 2360 939 2394 suffulti
968 2359 1099 2398 fuerint,

356 2416 519 2450 transferri
530 2417 666 2456 valeant,
678 2427 716 2449 ac
731 2413 957 2448 translationes
974 2411 1102 2457 pensio-

356 2475 433 2497 num
453 2466 493 2498 ab
514 2465 591 2510 ipsis
607 2460 1101 2498 faciendaeliuiusmodivalidae

357 2519 388 2546 et
407 2514 553 2547 efficaces
573 2514 721 2555 existant,
734 2523 873 2556 suosque
888 2512 1022 2545 effectus
1036 2521 1103 2544 sor-

358 2561 407 2594 tiri
429 2563 574 2596 debeant.

402 2611 416 2653 ξ,
441 2612 494 2643 15.
528 2611 742 2644 Decernentes
772 2615 956 2654 praesentas
981 2609 1103 2641 litteras

359 2659 448 2692 nullo
469 2669 623 2702 umquam
647 2665 792 2704 tempore
820 2659 858 2692 de
886 2657 1104 2702 subreptionis

147 284 200 313 An.
216 283 247 311 C.
264 282 332 310 ¹58ss

940 263 1119 291 BULLARIUM
1137 263 1290 288 ROMANUM

1131 320 1179 353 vel
1204 318 1402 362 obreptionis
1429 319 1517 359 vitio,
1539 325 1593 352 aut
1612 320 1797 353 intentionis
1816 331 1875 353 no-

1133 378 1215 406 strae
1234 373 1283 405 vel
1306 372 1369 405 alio
1389 372 1503 415 quovis
1527 372 1653 406 defectu
1672 374 1789 414 notari,
1817 374 1877 406 iiu-

1132 426 1281 470 pugnari,
1304 426 1470 459 invalidari
1491 425 1592 459 autin
1614 426 1662 458 ius
1681 427 1726 459 vel
1747 433 1877 460 contro-

1132 480 1266 513 versiam
1288 480 1444 521 revocari,
1473 490 1533 513 nee
1560 480 1619 512 sub
1644 480 1810 523 quibusvis
1835 481 1877 513 si-

1132 533 1258 566 milium
1274 534 1322 567 vel
1342 533 1546 567 dissimilium
1562 533 1744 577 ¹gratiarum
1755 545 1880 567 revoca-

1132 586 1274 620 tionibus
1299 592 1352 620 aut
1373 586 1442 620 aliis
1468 586 1639 620 contrariis
1659 586 1879 630 dispositioni-

1132 640 1193 674 bus
1212 641 1456 684 comprehendi,
1476 641 1531 674 sed
1546 651 1675 684 semper
1689 641 1728 673 ab
1749 640 1810 673 illis
1829 651 1881 674 ex-

1132 699 1252 738 ceptas,
1264 695 1449 737 validasque
1470 700 1501 728 et
1518 694 1665 728 efficaces
1676 705 1743 727 esse
1755 699 1783 727 et
1797 694 1877 734 fore,

1132 757 1271 791 suosque
1293 748 1454 791 plenarios
1472 754 1504 782 et
1522 748 1804 792 integroseffectus
1814 759 1881 782 sor-

1132 800 1197 840 tiri,
1225 812 1261 833 ac
1292 802 1331 834 ab
1352 801 1516 841 omnibus,
1538 802 1577 835 ad
1597 813 1679 846 quos
1703 807 1826 846 spectat
1849 807 1880 836 et

1132 865 1190 897 pro
1229 860 1374 898 tempore
1412 855 1587 899 spectabit,
1609 857 1788 899 observari3
1818 858 1879 891 sic-

1131 918 1194 951 que
1236 919 1294 952 per
1335 920 1557 957 quoscumque.
1595 910 1719 943 iudices
1753 911 1880 945 ordina-

1132 962 1199 994 rios
1223 962 1270 994 vel
1290 962 1462 1005 delegatos,
1483 963 1578 996 etiam
1600 974 1771 997 causarum
1791 966 1880 999 Pala-

1130 1015 1165 1048 tii
1193 1016 1367 1060 Apostolici
1393 1017 1556 1050 auditores
1580 1028 1616 1050 ac
1637 1018 1667 1051 S.
1690 1018 1726 1051 R.
1749 1019 1784 1052 E.
1808 1030 1878 1053 car-

1131 1067 1265 1110 dinales,
1287 1070 1411 1102 sublata
1431 1070 1514 1103 eiset
1526 1081 1639 1103 eorum
1650 1071 1784 1105 cuilibet
1798 1083 1879 1116 qua-

1130 1121 1176 1154 vis
1199 1123 1291 1156 aliter
1318 1123 1482 1157 iudicandi
1508 1130 1538 1157 et
1570 1124 1803 1168 interpretandi
1833 1127 1880 1160 fa-
2000 1154 2002 1157 .

1131 1176 1250 1209 cultate
1271 1181 1301 1209 et
1320 1177 1520 1218 auctoritate,
1544 1178 1681 1211 iudicari
1701 1185 1732 1213 et
1751 1180 1897 1214 definiri.
1939 1178 1942 1179 ⁷
1992 1174 1997 1179 ’
2029 1175 2030 1178 '

1131 1230 1268 1268 dehere;
1291 1230 1418 1263 irritum
1439 1242 1570 1276 quoque
1590 1237 1621 1265 et
1645 1233 1752 1274 inane,
1779 1234 1804 1267 si
1829 1245 1878 1268 se-

1132 1293 1188 1316 cus
1207 1294 1306 1327 super
1323 1284 1373 1317 his
1398 1295 1414 1317 a
1435 1296 1611 1328 quoquam,
1632 1287 1743 1331 quavis
1767 1293 1879 1321 aucto-

1131 1338 1236 1378 ritate,
1261 1338 1399 1372 scienter
1418 1340 1463 1372 vel
1486 1339 1686 1383 ignoranter,
1708 1343 1880 1386 contigerit

1131 1391 1294 1425 attentari.

1176 1444 1190 1487 ἓ
1210 1444 1263 1478 16.
1285 1445 1443 1485 Quocirca
1463 1447 1619 1481 universis
1634 1454 1665 1482 et
1677 1448 1811 1492 singulis
1823 1461 1877 1484 ve·
1947 1463 1997 1485 κε

1132 1498 1329 1532 nerabilibus
1354 1499 1505 1533 fratribus
1529 1502 1645 1534 nostris
1672 1502 1876 1545 patriarchis,
1892 1495 1956 1548 ἓξὲξ

1132 1552 1394 1596 archiepiscopiS,
1421 1553 1580 1598 episeopis
1608 1566 1734 1589 necnon
1754 1557 1880 1590 dilectis
1893 1560 1915 1579 θ’
1967 1548 1999 1593 ’“”,

1132 1606 1207 1638 filiis
1226 1606 1406 1648 abbatibus,
1428 1607 1592 1651 prioribus
1612 1613 1644 1642 et
1663 1610 1829 1653 quibusvis
1845 1622 1880 1644 a·
1893 1591 1968 1610 conce

1133 1660 1184 1692 liis
1204 1660 1350 1703 personis
1369 1661 1402 1693 in
1429 1661 1583 1704 dignitate
1605 1663 1822 1698 ecclesiastica
1849 1670 1882 1698 et

1132 1713 1332 1757 ubicumque
1352 1715 1500 1748 locorum
1516 1716 1706 1758 constitutis,
1718 1728 1776 1761 per
1790 1729 1883 1762 prae-

1135 1773 1240 1800 sentes
1260 1767 1491 1801 committimus
1516 1774 1548 1802 et
1563 1770 1753 1804 mandamus
1771 1777 1883 1815 quate-

1135 1831 1195 1854 nus
1220 1821 1279 1865 ipsi
1305 1823 1353 1855 vel
1385 1823 1449 1856 duo
1470 1828 1527 1856 aut
1550 1834 1634 1856 unus
1668 1834 1793 1865 eorum,
1824 1836 1883 1870 per

1135 1885 1168 1907 se
1187 1875 1235 1908 vel
1254 1876 1354 1909 alium
1374 1887 1429 1909 sen
1444 1876 1534 1915 alios,
1556 1882 1741 1921 praesentes
1760 1877 1884 1912 litteras

1136 1935 1168 1963 et
1196 1930 1229 1962 in
1259 1931 1304 1963 eis
1329 1935 1480 1963 contenta
1508 1939 1752 1975 quaecumque,
1777 1931 1833 1965 uhi
1852 1937 1885 1965 et

1136 1983 1265 2027 quando
1285 1994 1367 2027 opus
1386 1984 1496 2024 fuerit,
1513 1990 1569 2017 aut
1581 1984 1708 2028 quoties
1723 1995 1782 2028 pro
1793 1991 1886 2052 parte2

1137 2037 1429 2070 referendariorum
1453 2037 1694 2081 praedictorum
1713 2038 1761 2071 vel
1781 2038 1884 2071 alicu-

1138 2090 1188 2123 ius
1216 2101 1329 2124 eorum
1362 2090 1482 2124 fuerint
1514 2091 1670 2136 requisiti,
1698 2091 1886 2125 solemniter

1138 2144 1349 2188 publicantes,
1367 2145 1489 2189 eisque,
1508 2145 1540 2178 in
1555 2145 1752 2189 praemissis,
1775 2145 1884 2179 efficaa

1139 2198 1184 2231 eis
1208 2198 1405 2231 defensionis
1432 2198 1592 2242 praesidio
1619 2198 1812 2240 assistentes,
1839 2199 1885 2232 sa-

1140 2250 1226 2285 ciant
1244 2251 1434 2285 auctoritate
1462 2257 1573 2285 nostra
1596 2258 1781 2296 praesentes
1799 2251 1886 2285 litte-

1140 2316 1191 2338 ras
1211 2311 1239 2338 et
1261 2305 1293 2338 in
1318 2304 1363 2338 eis
1383 2311 1533 2339 contenta
1552 2305 1738 2338 huiusmodi
1758 2305 1798 2338 ab
1817 2315 1887 2338 om-

1141 2359 1248 2398 nibus,
1271 2358 1309 2391 ad
1329 2369 1409 2401 quos
1421 2364 1543 2402 spectat
1555 2363 1584 2392 et
1594 2369 1652 2402 pro
1662 2364 1808 2403 tempore
1818 2369 1889 2402 spe-

1142 2412 1249 2452 ctabit,
1274 2411 1500 2444 inviolabiliter
1525 2411 1701 2452 observari;
1737 2411 1887 2455 ipsosque

1142 2461 1376 2494 referendarios
1394 2472 1431 2494 ac
1451 2471 1564 2494 eorum
1586 2460 1728 2503 singulos
1747 2460 1810 2493 illis
1833 2469 1888 2503 pa-

1143 2509 1234 2543 cifice
1258 2510 1321 2543 frui
1347 2516 1379 2543 et
1402 2510 1555 2551 gaudere3
1582 2520 1642 2542 nee
1667 2509 1888 2554 permittentes

1143 2569 1198 2592 cos
1216 2560 1354 2603 desuper
1384 2570 1441 2602 per
1464 2569 1687 2601 quoscumque
1707 2556 1887 2601 quomodo-

1143 2607 1220 2641 libet
1251 2607 1390 2640 indebite
1425 2607 1603 2646 niolestari;
1634 2605 1887 2639 contradatorcs

1144 2657 1344 2701 quoslibctct
1365 2656 1513 2696 rebelles,
1531 2666 1589 2699 per
1608 2654 1793 2694 sententias,
1811 2663 1887 2686 cen-
