2059 3228
139 273 186 300 An
213 272 244 302 c.
261 273 330 304 15⁷8
385 276 448 310 238
919 288 1102 312 cucumim}

341 334 438 368 litatis
472 335 616 377 publicae
652 341 873 380 contemptor,
912 341 998 372 omni
1039 341 1102 380 ili—3

338 388 457 430 gnitate
502 390 705 433 magistratus
748 391 891 433 priorum
909 419 917 432 ,
956 403 1079 426 necnon
1098 389 1102 431 ξ

341 441 453 474 ordine
479 442 542 475 sive
569 453 702 477 numero
725 445 978 478 consiliariorum
1003 446 1086 478 eius-

341 496 411 528 dem
451 495 594 536 civitatis,
632 502 663 529 ct
700 497 844 530 similiter
883 498 993 530 officiis
1031 509 1083 530 scu

339 547 556 590 pensionibus,
581 559 661 592 quae
693 550 825 592 singulis
852 551 943 584 annis
966 551 1086 584 civibus

339 610 375 632 ex
400 600 529 633 bussulo
554 601 622 634 dari
648 603 758 643 solent,
777 609 929 646 perpetuo
946 604 1086 646 privatus

338 651 473 684 existat:
498 653 542 685 ita
574 660 608 686 ut
633 655 671 688 de
695 661 798 689 cetero
822 667 879 689 nee
902 657 934 688 in
959 657 1086 689 bassulo

338 703 494 746 priorum,
512 716 570 739 nec
595 707 851 741 consiliariorum
878 710 1007 742 maioris
1031 720 1087 752 pu-

339 756 412 789 blici
436 758 561 791 consilii
588 760 753 793 matricula
778 761 841 793 sive
866 772 1010 802 numerO,
1031 772 1087 794 nec

338 808 516 843 officiorum
539 812 793 856 pensionumque
819 814 946 847 bussulo
970 814 1088 847 descri—

339 862 434 895 batur
467 868 497 897 et
532 864 738 902 includatu1·;
764 867 912 910 descripti
945 878 1017 900 vero
1041 868 1086 900 vel

339 915 464 957 inclusi,
487 916 662 959 deleantur,
681 924 878 959 revocentur,
896 929 932 951 ac
949 929 1006 962 pro
1023 929 1086 951 non

339 969 467 1012 scriptis
490 975 517 1003 et
537 970 750 1004 iinbussulatis
768 971 893 1014 penitus
909 976 938 1003 et
956 971 1087 1004 omnino

339 1021 518 1055 habeantur
536 1028 600 1056 toto
615 1030 755 1066 tempore
769 1024 850 1056 vitae
864 1034 948 1062 suae,
963 1024 1085 1056 etiamsi

339 1073 419 1107 forte
436 1086 493 1118 per
508 1076 666 1109 incuriam
685 1078 731 1109 vel
749 1077 825 1109 alias
841 1077 1087 1110 extraherentur

339 1132 404 1160 tam
422 1128 459 1161 de
474 1129 603 1162 bussulo
617 1130 820 1171 magistratus
833 1130 976 1172 priorum
992 1140 1085 1172 quam

339 1181 378 1214 de
413 1182 540 1215 bussulo
576 1184 763 1224 officiorum,
788 1184 893 1216 statim
931 1185 1086 1217 laceretur

338 1234 499 1275 schedula,
524 1237 587 1268 sive
608 1236 736 1278 potina,
762 1242 796 1268 ut
820 1236 940 1276 dicunt,
958 1241 986 1268 et
1007 1237 1086 1269 alius

340 1287 441 1331 ipsius
471 1290 539 1321 loco
572 1289 783 1322 incontinenti
811 1289 1005 1329 extrahatur,
1031 1289 1083 1332 qui

337 1340 443 1373 officio
467 1341 531 1374 sive
555 1341 707 1385 pensione
733 1342 865 1374 fruatur.

381 1394 396 1436 ἓ
419 1394 449 1427 4.
474 1395 509 1427 Et
533 1400 567 1427 ut
584 1395 795 1437 undequaque
812 1394 987 1434 fraudibus,
1005 1405 1085 1438 quae

165 1456 277 1477 Pacttones
290 1458 329 1476 do-
339 1452 448 1479 contra
465 1447 547 1480 lianc
563 1447 794 1479 condictionem
814 1446 881 1479 fieri
899 1448 946 1480 vel
962 1447 1084 1488 excogi-

137 1484 330 1531 {affinis-iffi?
341 1500 398 1533 tari
430 1500 561 1543 possint,
587 1505 741 1543 quantum
772 1500 919 1543 possibile
949 1504 1003 1539 est,
1028 1499 1085 1531 ob-

139 1538 188 1557 ⁶20.
339 1555 452 1595 vietur,
469 1554 617 1587 statuitur
640 1559 669 1587 et
694 1554 860 1586 ordinatur
884 1552 969 1596 quod
994 1558 1082 1595 pacta

340 1607 466 1647 dotalia,
491 1607 636 1650 pignora,
661 1606 917 1645 assecurationes,
950 1605 1085 1648 promis-

338 1661 442 1693 siones
465 1660 584 1692 dotium
611 1660 806 1702 puellarum,
841 1659 1007 1690 viduarum
1038 1659 1083 1689 vel

339 1712 510 1745 mulierum
550 1722 825 1754 quarumcumque
864 1711 1082 1743 nubendarum

338 1766 474 1799 debeant
508 1765 642 1798 describi
667 1771 694 1798 et
720 1765 867 1798 annotari
903 1774 959 1807 per
982 1763 1085 1806 publi-

337 1830 411 1853 cum
429 1825 458 1852 et
474 1818 693 1851 authenticum
708 1817 879 1856 notarium,
893 1822 922 1849 et
936 1816 968 1848 in
985 1816 1085 1849 forma

338 1871 523 1905 authentica
535 1871 784 1904 instrumentum
802 1870 884 1901 inter
901 1875 1005 1912 partes
1029 1880 1085 1912 per

338 1925 485 1958 eumdem
509 1923 670 1956 notarium
695 1922 808 1964 redigi,
834 1921 886 1964 qui
901 1921 938 1953 sit
961 1921 1001 1953 de
1026 1931 1083 1953 nu-

337 1988 426 2012 mero
450 1976 572 2019 collegii
596 1974 827 2009 Camerinensis
844 2001 851 2014 ‚
878 1974 909 2006 in
932 1973 1082 2006 comitatu

337 2042 412 2065 vero
435 2032 544 2064 saltem
568 2030 602 2062 in
625 2029 790 2062 matricula
814 2027 1013 2060 notariorum
1031 2027 1083 2059 de-

337 2085 482 2128 scriptus,
506 2083 582 2116 alias
600 2093 657 2126 per
673 2087 766 2114 testes
782 2081 829 2114 vel
846 2081 921 2113 alias
949 2081 1082 2123 scriptu-

335 2148 388 2170 ras
404 2137 542 2180 privatas
554 2135 600 2168 vel
616 2134 758 2178 publicas
774 2133 854 2166 facta
868 2133 991 2165 illorum
1010 2143 1082 2176 pro-

335 2189 422 2222 batio
457 2189 543 2221 nulla
567 2189 631 2229 sit,
661 2187 839 2230 nulliusque
878 2186 1001 2219 roboris
1036 2188 1082 2219 vel

334 2242 497 2281 momenti;
522 2247 551 2275 et
577 2247 683 2274 tamen
707 2240 860 2281 notarius,
885 2239 938 2282 qui
963 2240 1001 2272 de
1018 2240 1081 2272 dic-

333 2294 374 2327 tis
397 2295 496 2338 pactis
513 2300 543 2327 et
576 2294 733 2327 dotalibus
766 2292 1028 2326 conventionibus
1051 2299 1081 2325 et

332 2347 591 2380 concessionibus
625 2351 755 2390 rogatus
778 2345 871 2378 suerit
913 2351 1079 2386 tencatur,

333 2398 416 2431 insi-a
440 2400 546 2432 decem
571 2400 638 2433 dies
662 2410 680 2432 a
703 2399 753 2432 die
776 2398 924 2432 celebrati
937 2404 1080 2432 contrac-

334 2456 384 2483 tus
401 2453 640 2495 computandos,
655 2453 730 2486 dare
751 2458 859 2486 notam
877 2451 1079 2484 instrumenti

333 2504 498 2545 praedicti,
515 2515 588 2537 cum
606 2505 780 2538 summario
797 2505 981 2549 quantitatis
998 2504 1080 2537 dotis

335 2562 507 2590 conventae
542 2563 571 2591 et
596 2559 794 2602 promissae,
830 2556 1017 2590 cancellario
1049 2562 1076 2588 et

335 2610 458 2642 scribae
485 2612 721 2644 communitatis
740 2611 940 2654 praedictae,
968 2609 1078 2642 rescri-

334 2662 454 2695 bcndae
480 2663 510 2695 in
543 2664 622 2697 libro
651 2664 776 2707 publico
806 2663 908 2704 adid
939 2662 1079 2696 consecto

1127 286 1281 311 ROMANUM

1115 350 1210 372 manu
1233 340 1332 383 ipsius
1357 338 1485 379 notarii,
1503 338 1561 370 sub
1577 347 1679 381 poena
1695 320 1858 370 scutofum

1114 394 1323 426 ducentorum
1369 402 1427 435 pro
1465 391 1632 424 medietate
1669 389 1860 423 reverendae

1113 447 1270 485 flamm-an,
1296 456 1354 489 pro
1378 445 1438 478 alia
1455 444 1621 477 medietate
1637 441 1859 476 communitati

1114 499 1325 532 Camerinensi
1351 497 1609 541 applicandorum
1627 523 1635 537 ‚
1670 500 1698 529 et
1728 494 1858 538 insuper

1115 551 1172 583 sub
1207 561 1307 594 poena
1342 550 1554 594 sospensionis
1587 550 1626 582 ab
1660 538 1763 582 officio
1800 557 1858 591 per

1115 604 1379 647 ‹iguinquenniunu
1405 603 1490 646 quod
1506 602 1531 635 si
1550 602 1664 634 iterum
1680 601 1714 633 in
1737 600 1857 633 eisdem

1115 657 1344 691 contravenerit
1365 684 1372 697 ‚
1407 656 1502 688 etiam
1541 655 1716 688 notariatus
1754 652 1858 686 officio

1116 716 1266 754 perpetuo
1291 710 1430 752 privatus
1453 709 1574 741 existat.

1159 763 1174 806 g
1197 763 1225 795 5.
1252 763 1285 794 Et
1323 762 1396 805 quia
1421 762 1453 794 in
1487 760 1638 794 comitatu
1668 771 1733 794 non
1756 762 2031 809 potestsffffiss„

1116 815 1280 847 commode
1305 814 1412 847 haberi
1437 813 1526 856 copia
1543 812 1752 853 notariorum,
1775 812 1932 845 sicuteonfl·
2028 808 2031 817 ⁴

1117 867 1146 899 in
1172 867 1307 907 cix-itate,
1335 877 1392 907 ne,
1417 871 1546 910 propter
1570 865 1750 899 huiusmodi
1775 865 1857 898 diffi-

1116 919 1275 959 cultatem,
1293 919 1496 951 matrimonia
1512 918 1657 961 impediri
1672 923 1727 951 aut
1737 917 1859 951 differri

1120 972 1250 1014 possint,
1268 977 1433 1014 propterea
1450 971 1617 1004 statuimus
1633 976 1661 1004 et
1675 971 1861 1006 ordinamus

1116 1025 1199 1066 quod
1217 1024 1248 1056 in
1266 1025 1418 1057 comitatu
1435 1024 1606 1068 praedicto,
1624 1023 1678 1056 uhi
1707 1023 1860 1056 celebrari

1115 1077 1284 1119 contigerit
1301 1078 1550 1117 matrimonium,
1570 1076 1789 1120 praesentibus
1804 1085 1860 1119 pa-

1115 1130 1210 1163 rocho
1228 1135 1258 1163 et
1282 1130 1392 1163 iisdem
1417 1130 1559 1170 testibus
1577 1129 1628 1172 qui
1654 1127 1859 1162 celebrationi

1115 1183 1311 1215 matrimonii
1331 1183 1542 1223 interfuerint,
1561 1183 1699 1215 debeata
1716 1181 1860 1225 partibus

1115 1235 1267 1268 declarari
1292 1240 1321 1268 et
1339 1235 1472 1278 exprimi
1490 1234 1649 1278 quantitas
1676 1233 1757 1266 dotis
1772 1233 1859 1276 puel-

1115 1288 1160 1321 lae
1177 1293 1304 1331 nuptae,
1321 1294 1351 1321 et
1368 1293 1475 1330 postea
1491 1287 1593 1320 dictae
1609 1291 1714 1330 partes
1730 1291 1859 1319 tenean-

1116 1346 1166 1373 tur
1186 1341 1268 1373 dotis
1291 1340 1500 1383 quantitatem
1524 1339 1607 1372 infra
1630 1339 1761 1381 triginta
1792 1337 1859 1371 dies

1114 1393 1293 1426 immediate
1311 1398 1475 1436 sequentes
1498 1392 1600 1435 redigi
1617 1392 1719 1425 facere
1742 1392 1776 1424 in
1798 1402 1858 1435 pu-

1115 1445 1228 1477 blicum
1255 1445 1498 1477 instrumentum
1523 1450 1616 1488 atque
1640 1444 1858 1477 authenticum

1114 1507 1170 1540 per
1193 1497 1355 1540 publicum
1380 1498 1552 1539 notarium,
1576 1503 1611 1531 ut.
1638 1508 1758 1541 supra;
1783 1497 1860 1530 alias

1114 1551 1196 1583 dotis
1220 1551 1381 1595 quantitas
1404 1550 1533 1593 probari
1563 1561 1626 1583 non
1654 1550 1776 1593 possit,
1801 1560 1860 1583 neo

1112 1614 1168 1646 per
1196 1608 1289 1636 testes
1305 1613 1362 1636 nec
1377 1614 1434 1646 per
1451 1603 1536 1636 aliud
1559 1604 1781 1647 quodcumque
1804 1614 1858 1647 ge-

1113 1665 1172 1688 nus
1196 1655 1413 1698 probationis,
1445 1661 1476 1688 et
1500 1656 1645 1699 probatio
1680 1656 1756 1689 alias
1790 1660 1859 1688 acta

1113 1718 1207 1750 quam
1243 1719 1300 1751 per
1334 1709 1493 1751 publicum
1529 1709 1800 1750 instrumentum,
1823 1714 1860 1742 ut

1114 1772 1218 1804 supra,
1243 1762 1281 1794 sit
1299 1762 1367 1805 ipso
1395 1762 1464 1795 iure
1477 1763 1572 1803 nulla,
1589 1763 1679 1796 irrita
1696 1768 1727 1796 et
1743 1763 1859 1803 inanis;

1115 1816 1256 1848 notarius
1280 1821 1403 1855 autem,
1429 1816 1483 1859 qui
1507 1816 1754 1848 instrumentum
1777 1815 1860 1849 dotis

1115 1868 1294 1901 huiusmodi
1318 1868 1500 1909 confecerit,
1525 1873 1669 1901 teneatur
1704 1868 1779 1901 dare
1803 1877 1859 1900 no-

1113 1924 1210 1955 tulam
1234 1927 1261 1955 et
1280 1922 1478 1954 subscribere
1502 1921 1535 1953 in
1559 1921 1640 1953 libro
1665 1920 1802 1964 publico,
1825 1924 1862 1952 ut

1113 1986 1229 2019 supra,
1254 1974 1312 2007 sub
1343 1974 1461 2007 eisdem
1485 1973 1594 2017 poenis
1630 1973 1776 2016 superius
1809 1983 1862 2006 ex-

1111 2029 1235 2072 pressis.

1154 2083 1169 2125 ξ
1193 2082 1222 2114 [5.
1246 2081 1444 2113 Declarantes
1466 2079 1549 2122 quod
1566 2078 1789 2122 praesentibus
1805 2077 1859 2110 de·
1869 2076 1966 2122 „m‘ffgffl
1975 2096 1998 2119 γρ
2016 2112 2023 2118 ,

1111 2134 1204 2167 cretis
1231 2132 1438 2176 capitulisque
1455 2132 1541 2164 nullo
1566 2131 1670 2171 modo,
1695 2135 1787 2174 pacto
1811 2129 1946 2163 vel¹⁵¹¹⁰¹¹
1972 2163 1975 2165 ,

1111 2187 1220 2230 quovis
1243 2185 1385 2229 quaesito
1409 2185 1513 2217 colore
1537 2183 1720 2217 renunciat-i
1745 2181 1855 2225 possit,

1111 2251 1167 2273 nec
1184 2240 1276 2272 tacite
1294 2249 1352 2272 nec
1368 2248 1521 2282 expresse,
1532 2236 1741 2270 necintotum
1757 2234 1858 2267 necin

1113 2293 1218 2335 aliqua
1234 2292 1281 2325 sui
1307 2296 1406 2334 parte,
1431 2296 1461 2323 et.
1485 2289 1642 2333 quaelibet
1658 2286 1858 2320 renunciatio

1110 2345 1243 2388 desuper
1273 2344 1352 2376 sacta
1373 2344 1420 2376 vel
1443 2343 1584 2376 facienda
1600 2369 1608 2382 ,
1633 2341 1674 2374 sit
1696 2340 1764 2384 ipso
1788 2339 1859 2372 iure

1110 2399 1195 2430 nulla
1219 2402 1247 2430 et
1275 2396 1424 2429 invalida.

1152 2451 1167 2494 ξ
1191 2450 1220 2483 7.
1245 2450 1280 2482 Et
1297 2450 1336 2482 ad
1360 2447 1611 2482 convincendum
1635 2457 1699 2487 eos,
1716 2444 1770 2488 qui
1794 2444 1815 2476 h
1864 2471 1946 2491 „unm

1109 2502 1244 2536 iusmodi
1269 2501 1402 2535 decretis
1424 2507 1455 2534 et
1478 2501 1622 2545 capitulis
1650 2490 2009 2547 οοηῑι“ἱινθιιθ-Ετ;“ψ’ῗ-ῥ
2021 2491 2042 2509 ”

1110 2557 1193 2597 rint,
1218 2555 1377 2589 sufficiant
1400 2554 1495 2587 etiam
1526 2550 1798 2596 praesumptiones
1821 2554 1853 2582 et
1863 2550 1957 2574 Ρῑῑῠω·
1978 2554 1983 2560 ‘

1108 2609 1305 2643 coniecturae
1329 2612 1488 2650 urgentes
1512 2610 1543 2639 et
1566 2604 1779 2647 magistratus,
1796 2601 1851 2645 qui
1986 2607 1993 2613 ··

1110 2672 1165 2705 pro
1190 2666 1330 2704 tempore
1353 2659 1422 2700 erit,
1448 2663 1592 2691 tencatur
1615 2662 1643 2690 ct
1669 2656 1780 2689 debeat
1797 2664 1850 2688 cu·

1818 2454 1854 2476 u,
2005 2445 2009 2447 ’
2038 2450 2042 2473 ;
