2059 3228
145 238 196 262 An.
217 234 243 261 c,
266 237 332 262 1579
388 234 452 267 306

346 307 480 340 mnaquc
495 298 553 339 ipsi
572 296 719 329 Societati
734 296 899 329 occasione
909 292 1090 326 huiusmodi

347 352 431 383 illata
448 349 601 382 resarcire
619 349 754 381 debeant
769 352 798 381 et
818 351 994 380 teneantur.

390 403 450 445 {9-
467 403 503 434 Et
527 402 657 445 insuper
682 411 738 444 pro
756 406 898 444 tempore
930 397 1091 432 existenti-

145 457 404 512 peffifffiscggjbus
426 454 605 499 praeposito
629 453 770 497 generali
793 463 830 486 ac
852 452 923 485 aliis
948 450 1091 494 superio-

146 521 206 533 ‘vm
222 515 337 537 „memen-
349 509 435 541 ribus
460 508 561 540 dictae
585 506 749 540 Societatis
783 516 838 538 seu
862 504 958 537 etiam
982 512 1091 536 eorum

146 542 337 586 22,¹¹23s.{;'2„'2321²1²?‘
348 560 623 594 conservatoribus
651 587 658 600 ,
697 559 736 592 ad
782 568 876 591 omne
915 554 1092 589 calumniae

347 625 446 657 genus
469 613 700 646 obstruendum
719 638 728 653 ,
751 617 782 644 et
806 621 864 654 pro
889 615 1068 652 temporum
1085 635 1092 648 ‚

347 677 515 699 causarum
551 671 582 698 et
611 665 815 698 occasionum
851 662 1037 696 necessitate
1061 661 1093 693 in

347 718 466 751 eisdem
484 718 629 761 partibus
646 723 732 750 extra
751 718 910 760 Europam
926 723 1095 748 occurren-

348 777 388 811 te,
414 781 630 814 quascumque
647 781 853 803 censurarum
873 774 902 802 et
920 778 1093 812 poenarum

347 824 584 864 declarationes,
602 834 659 867 pro
687 822 924 856 conservatione
948 826 978 854 et
1002 830 1094 853 causa

348 878 587 922 privilegiorum
612 883 640 910 et
674 876 811 917 iurium,
837 885 944 908 rerum
969 879 999 906 et
1024 882 1095 916 per-

349 941 499 964 sonarum
521 930 619 974 ipsius
637 929 800 963 Societatis
824 933 959 968 tantum,
983 927 1095 965 facere,

350 991 379 1017 et
408 990 520 1017 contra
537 984 613 1016 tales
634 983 821 1026 effugientes
838 979 1002 1024 quibusvis
1018 977 1097 1011 iuris

332 1046 334 1048 ·
350 1043 382 1070 et
405 1037 478 1070 sacti
497 1035 645 1069 remediis
669 1042 700 1068 et
716 1035 784 1075 viis,
801 1034 896 1067 etiam
922 1043 978 1076 per
1002 1042 1034 1064 se
1051 1031 1097 1063 vel

351 1100 450 1123 manu
473 1089 694 1128 saecularium,
724 1087 853 1120 obtenta
878 1083 1098 1128 appellationis

350 1142 494 1182 alicuius,
518 1152 599 1185 quae
623 1152 659 1174 ex
683 1151 768 1173 nunc
791 1144 886 1182 prout
909 1149 945 1171 ex
970 1144 1045 1170 tunc
1068 1141 1095 1169 et

349 1206 366 1228 e
383 1201 495 1228 contra
511 1195 602 1227 irrita
616 1195 656 1228 sit
668 1200 698 1227 et
711 1191 1098 1233 censeatur,admissione,

350 1249 522 1293 procedere
553 1259 608 1281 seu
632 1247 760 1292 procedi
785 1246 937 1279 mandare
954 1245 1053 1278 libere
1069 1249 1098 1276 et

352 1302 435 1335 licite
460 1302 606 1342 valeant,
629 1300 750 1333 eisdem
778 1297 969 1331 auctoritate
992 1301 1023 1329 et
1049 1300 1099 1328 te-

354 1365 430 1388 nore
447 1354 660 1387 concedimus*

397 1408 472 1451 {1ss.
489 1408 696 1440 Decernentes
712 1406 852 1448 singulas
865 1404 985 1438 litteras
1008 1413 1099 1447 prae-

151 1461 431 1512 ξεῐζξξξῑζξεῩηε-Γιῑωε
455 1461 531 1494 alias
555 1459 587 1492 in
612 1469 669 1492 suo
693 1459 807 1491 robore
834 1457 971 1501 pristino
996 1466 1098 1489 rema·

352 1526 439 1556 nere,
462 1525 498 1547 ac
523 1518 703 1558 praesentes
726 1513 812 1545 nullo
837 1520 989 1554 umquam
1019 1514 1097 1541 tem-

352 1579 430 1612 pore
447 1569 485 1601 de
506 1567 702 1611 obreptionis
717 1566 764 1598 vel
782 1563 996 1608 subreptionis
1011 1562 1099 1603 vitio,

354 1628 409 1655 aut
432 1620 619 1654 intentionis
635 1624 760 1652 nostrae
777 1618 900 1651 defectu
924 1616 1028 1649 notari
1052 1616 1100 1649 vel

354 1675 548 1720 impugnari,
576 1673 738 1717 suspendi,
754 1670 907 1711 revocari,
931 1668 1098 1709 annullari,

354 1728 521 1762 invalidari
545 1732 600 1760 aut
623 1726 662 1759 ad
691 1726 773 1758 viam
805 1724 884 1756 iuris
907 1722 1027 1758 reduci.
1052 1722 1099 1754 vel

354 1789 466 1817 contra
503 1782 571 1814 illas
609 1779 749 1813 deveniri
789 1787 878 1820 posse
897 1803 904 1817 ,
943 1775 997 1808 sed
1033 1775 1100 1807 illas

354 1841 508 1880 perpetuo
545 1833 663 1866 validas
706 1837 734 1864 et
779 1830 920 1863 efficaces
966 1839 1003 1861 ac
1041 1827 1101 1861 illi-

355 1891 445 1922 balas
483 1888 614 1921 existere
633 1914 641 1927 ,
664 1891 694 1919 et
719 1884 842 1928 quoties
881 1882 1002 1926 aliquid
1025 1892 1101 1915 con-

356 1949 404 1975 tra
421 1952 474 1974 eas
497 1938 677 1983 extorqueri
706 1944 736 1971 ct
759 1936 897 1970 obtineri
921 1935 1100 1978 contigerit,

356 1995 449 2028 toties
472 1993 597 2026 easdem
622 1992 654 2024 in
677 1991 846 2034 pristinum
871 1994 988 2023 statum
1011 1989 1101 2022 resti-

357 2053 449 2087 tutas,
463 2046 667 2079 confirmatas
683 2050 713 2077 et
726 2044 889 2076 innovatas
905 2048 934 2075 et
955 2043 992 2075 de
1009 2052 1100 2083 novo,

356 2102 450 2134 etiam
475 2100 533 2133 sub
557 2099 629 2132 data
653 2109 709 2142 per
733 2097 834 2130 dictae
862 2096 1026 2129 Societatis
1049 2106 1100 2128 su-

357 2155 497 2198 periores
521 2153 566 2186 vel
590 2161 742 2196 personas
765 2149 920 2192 eligenda,
939 2158 1100 2181 concessas

357 2209 422 2241 t'ore
446 2212 472 2240 et
499 2217 580 2246 csse,
605 2216 642 2238 ac
673 2204 702 2236 ia
726 2213 783 2236 suo
807 2203 898 2246 pleno
923 2206 951 2234 et
977 2201 1100 2243 integro

356 2261 469 2292 robore
487 2287 494 2300 ,
519 2259 638 2302 absque
675 2267 714 2290 co
748 2255 833 2300 quod
870 2255 1005 2298 desuper
1042 2254 1101 2286 im-

357 2314 510 2356 petranda
527 2312 565 2345 sit
583 2323 600 2344 a
618 2310 696 2344 Sede
719 2308 881 2354 praedicta
906 2307 1030 2340 illarum
1055 2307 1101 2339 ul—

358 2367 455 2399 terior
478 2365 676 2398 confirmatio
693 2390 701 2404 ‚
726 2361 894 2401 restitutio,
918 2359 1100 2393 revalidatio

358 2420 404 2451 vel
430 2430 506 2451 nova
531 2419 712 2458 concessio,
737 2425 933 2461 permanere.
963 2415 1099 2458 Sicque,

357 2464 389 2495 in
413 2464 560 2495 omnibus
591 2468 622 2495 et
650 2462 783 2504 singulis
818 2459 1020 2504 praemissis,
1045 2469 1101 2501 per

357 2518 572 2550 quoscumque
598 2507 717 2539 iudices
740 2504 919 2538 ordinarios
949 2504 996 2536 vel
1020 2503 1100 2535 dele-

358 2557 457 2593 gatos,
482 2551 604 2583 sublata
629 2551 674 2584 eis
698 2556 728 2583 et
752 2560 862 2583 eorum
879 2547 1006 2580 cuilibet
1025 2557 1101 2589 qua-

358 2596 403 2627 vis
427 2595 516 2627 aliter
552 2594 710 2627 iudicandi
746 2599 774 2626 et
805 2591 1033 2635 interpretandi
1059 2591 1101 2623 sa-

358 2641 470 2671 cultatt¹
496 2645 524 2671 ct
550 2639 745 2677 auctoritate,
771 2637 904 2670 iudicari
926 2642 957 2669 et
972 2635 1103 2668 diffiniri

926 241 1106 265 BULLARIUM
1134 239 1286 263 ROMANUM

1120 292 1244 331 debere,
1261 292 1389 325 irritum
1413 302 1538 336 quoque
1554 297 1582 325 et
1601 291 1694 324 inane
1710 287 1865 333 quidquid

1120 355 1208 377 secus
1232 355 1327 388 super
1351 345 1401 377 his
1423 356 1442 378 a
1466 355 1627 390 quoquam
1644 371 1652 385 ‚
1677 342 1787 387 quavis
1810 352 1866 374 au-

1121 397 1265 430 ctoritate
1283 425 1290 438 ,
1315 398 1451 431 scienter
1474 399 1522 432 vel
1545 398 1741 441 ignoranter,
1765 393 1868 428 conti-

1121 450 1201 493 gerit
1226 451 1387 483 attentari.

1164 504 1254 547 §tt
1278 504 1348 537 Non
1383 503 1583 537 obstantibus
1617 501 1800 546 praemissis
1830 510 1865 533 ac

1122 557 1310 600 apostolicis,
1322 567 1445 589 necnon
1462 556 1496 589 in
1512 556 1757 600 provincialibus
1773 560 1804 587 et
1820 565 1868 597 sy-

1123 609 1289 642 nodalibus
1313 609 1456 643 conciliis
1479 609 1584 650 editis,
1601 608 1802 652 generalibus
1822 606 1869 640 vel

1123 663 1321 706 specialibus,
1335 662 1616 695 constitutionibus
1638 667 1668 694 et
1692 660 1869 694 ordinatio-

1124 715 1226 755 nibus;
1250 715 1424 758 privilegiis
1448 726 1584 759 quoque,
1612 714 1742 748 indultis
1765 720 1796 747 et.
1818 714 1869 746 lit-

1125 768 1199 801 teris
1223 770 1403 812 apostolicis
1427 769 1591 813 quibusvis
1613 768 1793 808 Ordinibus,
1817 778 1869 801 eo-

1124 831 1258 864 rumque
1289 822 1508 864 superioribus
1526 849 1534 863 ,
1559 822 1766 854 conventibus
1783 848 1790 862 ‚
1815 821 1871 854 do-

1125 874 1229 907 mibus
1252 881 1283 907 et
1306 875 1460 918 personis,
1474 875 1532 909 sub
1556 875 1810 918 quibuscumque
1825 879 1871 907 te-

1126 927 1256 960 noribus
1279 933 1310 961 et
1333 927 1452 969 formis,
1467 938 1503 961 ac
1519 938 1592 960 cum
1609 926 1772 970 quibusvis
1788 928 1872 960 clau-

1126 982 1201 1014 sulis
1224 987 1254 1015 et
1277 981 1428 1022 decretis,
1453 981 1550 1014 etiam
1574 986 1662 1014 motu
1686 981 1818 1023 proprio
1841 986 1872 1013 et

1125 1046 1162 1068 ex
1184 1041 1271 1069 certa
1294 1035 1427 1068 scientia
1451 1045 1488 1067 ac
1511 1035 1550 1067 de
1573 1034 1762 1077 apostolicae
1785 1038 1872 1076 pote-

1127 1089 1215 1121 statis
1234 1088 1442 1132 plenitudine,
1459 1097 1582 1120 necnon
1611 1086 1874 1120 consistorialiter

1127 1149 1157 1176 et
1180 1142 1256 1175 alias
1291 1141 1528 1185 quomodolibet
1556 1140 1712 1173 concessis
1726 1167 1735 1181 ‚
1757 1138 1873 1172 confir-

1129 1196 1221 1229 matis
1243 1201 1274 1228 et
1297 1194 1464 1227 innovatis.
1502 1193 1622 1233 Quibus
1659 1192 1808 1226 omnibus
1841 1197 1874 1225 et

1128 1248 1271 1291 singulis,
1290 1248 1386 1280 etiam
1410 1247 1435 1280 si
1460 1247 1498 1280 de
1521 1247 1582 1280 illis
1605 1257 1641 1279 ac
1665 1247 1739 1279 totis
1761 1256 1873 1279 eorum

1130 1302 1292 1335 tenoribus
1308 1300 1461 1345 specialis,
1474 1299 1630 1344 specifica,
1654 1299 1817 1332 individua
1840 1303 1873 1332 et.

1127 1365 1273 1399 expressa
1296 1354 1415 1387 mentio
1439 1353 1595 1392 habenda,
1612 1357 1666 1384 aut
1682 1351 1788 1394 aliqua
1810 1351 1872 1384 alia

1127 1408 1281 1453 exquisita
1315 1408 1417 1441 forma
1440 1407 1480 1440 ad
1504 1406 1563 1438 hoc
1591 1405 1744 1438 servanda
1767 1404 1845 1436 foret
1864 1429 1874 1444 ,

1130 1470 1253 1497 tenores
1276 1460 1471 1502 huiusmodi,
1483 1470 1519 1493 ac
1543 1459 1567 1493 si
1585 1458 1623 1491 de
1635 1457 1731 1491 verbo
1747 1456 1787 1490 ad
1804 1466 1873 1489 ver-

1128 1518 1215 1558 bum,
1239 1516 1320 1549 nihil
1336 1514 1461 1559 penitus
1476 1512 1603 1552 omisso,
1619 1515 1649 1544 et
1665 1510 1766 1543 forma
1778 1509 1812 1542 in
1835 1509 1873 1541 il-

1129 1572 1165 1605 lis
1178 1571 1293 1604 tradita
1305 1569 1481 1608 observata,
1491 1564 1601 1599 inserti
1618 1564 1720 1596 forent
1735 1571 1873 1605 praesen-

1129 1625 1222 1665 tibus,
1250 1633 1308 1667 pro
1325 1621 1516 1655 sufficienter
1538 1616 1692 1661 expressis
1708 1616 1874 1656 habentes,

1129 1677 1188 1710 illis
1211 1676 1289 1709 alias
1305 1675 1338 1708 in
1359 1685 1415 1708 suo
1439 1673 1553 1706 robore
1571 1669 1799 1715 permansuris,
1815 1669 1875 1702 hac

1129 1732 1193 1765 vice
1217 1730 1390 1770 dumtaxat,
1407 1725 1584 1771 specialiter
1606 1730 1635 1758 et
1660 1733 1804 1767 expresse
1820 1721 1874 1754 de-

1129 1793 1288 1827 rogamus;
1313 1790 1436 1815 necnon
1459 1778 1609 1812 omnibus
1633 1776 1694 1809 illis
1710 1785 1791 1819 quae
1813 1774 1874 1817 ipsi

1129 1837 1386 1881 praedecessores
1408 1833 1441 1866 in
1454 1831 1546 1864 dictis
1563 1830 1628 1863 suis
1640 1828 1754 1862 litteris
1769 1828 1876 1861 volue-

1130 1895 1205 1923 runt
1221 1900 1285 1923 non
1298 1885 1616 1928 obstare‚ceterisque
1624 1881 1792 1916 contrariis
1805 1880 1876 1924 qui-

1131 1945 1337 1987 buscumque.
1354 1943 1415 1975 Aut
1430 1939 1456 1973 si
1478 1938 1647 1982 aliquibus,
1661 1935 1876 1970 communiter

1130 1999 1177 2031 vel
1200 1996 1337 2036 divisim,
1354 1995 1394 2028 ab
1417 1993 1527 2027 eadem
1551 1991 1589 2024 sit
1615 1990 1694 2024 Sede
1718 1990 1875 2022 indultum

1130 2052 1215 2096 quod
1238 2048 1396 2088 interdici,
1420 2044 1568 2089 suspendi
1593 2044 1640 2076 vel
1663 2042 1878 2076 excommuni-

1130 2104 1193 2138 cari
1218 2113 1282 2137 non
1305 2101 1425 2145 possint
1465 2108 1521 2143 per
1544 2097 1663 2130 litteras
1686 2095 1875 2140 apostolicas

1130 2167 1194 2190 non
1217 2155 1367 2189 facientes
1390 2153 1516 2196 plenam
1540 2157 1571 2184 et
1594 2159 1772 2192 expressam
1785 2158 1822 2180 ac
1835 2147 1874 2180 de

1131 2210 1225 2243 verbo
1249 2208 1289 2242 ad
1312 2206 1445 2240 verbum
1483 2204 1522 2237 de
1545 2203 1667 2236 indulto
1691 2199 1873 2234 huiusmodi

1132 2262 1334 2296 mentionem.

1172 2316 1187 2359 ἓ
1203 2314 1256 2348 12.
1272 2314 1421 2347 Volumus
1437 2316 1541 2344 autem
1559 2309 1643 2353 quod
1658 2307 1872 2353 praesentium
1883 2307 2023 2360 argm-
2046 2328 2051 2332 .

1132 2366 1338 2411 transumptis
1361 2369 1414 2398 etc.
1439 2364 1628 2398 constitutae
1646 2389 1653 2403 ‚
1685 2373 1740 2395 seu
1778 2361 1874 2394 etiam
1923 2380 1931 2390 .

1130 2420 1286 2465 generalis
1310 2417 1482 2463 praepositi
1508 2414 1608 2461 ipsius
1621 2414 1784 2448 Societatis
1806 2423 1875 2446 mu-

1131 2474 1205 2507 nitis
1223 2501 1231 2514 ,
1255 2473 1362 2506 eadem
1399 2481 1527 2514 prorsus
1562 2469 1639 2501 fides
1663 2466 1851 2500 adhibeatur
1867 2493 1876 2507 ,

1131 2537 1211 2571 quae
1235 2525 1312 2569 ipsis
1336 2522 1555 2567 praesentibus
1593 2520 1802 2563 originalibus
1825 2520 1877 2552 lit-

1131 2580 1207 2613 teris
1231 2577 1446 2616 adhiberetur,
1472 2575 1496 2609 si
1522 2574 1624 2607 forent
1648 2572 1805 2606 exhibitae
1829 2573 1876 2606 vel

1130 2639 1284 2667 ostensae,

1873 493 1997 542 m

1948 2307 1987 2328 du
