2059 3228
159 196 201 224 Λη
227 195 255 223 (ἶ.
275 195 340 223 1572

175 310 233 360 Νιίοῐιι
236 311 277 344 nati
313 310 337 329 ml

155 341 180 361 he
199 343 235 360 uwt
267 346 301 360 ‘tri
304 344 322 360 at
327 347 337 360 a

156 348 194 390 :ibn
226 372 284 391 ordin
289 372 324 391 ssilr

155 402 174 421 lo
163 407 213 422 ow
217 409 247 422 utu
260 408 293 428 nm
296 407 335 422 ro-

155 433 178 453 ὐιι
170 433 216 453 audi

198 1527 329 1549 Executores

145 1559 289 1585 praesentium
296 1558 329 1580 lit-

145 1592 248 1612 terarum,

398 182 458 215 516

398 244 412 285 g
437 243 490 275 [Η.
518 243 685 276 Praeterea
694 243 843 276 volumus
859 248 890 276 et
908 242 1099 275 mandamus

353 295 438 338 quod
459 295 503 331 hi,
530 295 585 338 qui
605 295 643 327 ad
664 295 822 329 beneficia
842 306 952 329 euram
974 295 1096 328 anima-

328 358 423 388 ιιιιιι
445 349 474 380 1ι
469 348 594 380 theutii
619 348 776 381 nominati
800 349 930 389 sueiint‚
956 359 1020 382 non
1041 349 1096 381 ad-

352 401 531 440 mittantm
553 400 613 434 nisi
635 401 724 438 prius
743 401 782 434 ab
815 402 988 435 ordinariis
1012 402 1096 435 loco-

350 454 591 497 1um,p1aexio
612 454 757 488 examine
784 455 906 498 absque
935 465 1096 488 concuisu

349 507 508 547 faciendo,
531 508 650 541 fuerint
660 508 838 552 approbati,
850 508 1041 553 quodquein
1052 508 1097 541 eis

349 560 561 604 personaliter
580 560 721 595 residere
746 567 935 602 teneantur3
971 572 1031 596 nec
1063 572 1096 595 se

349 624 386 646 eo
411 613 544 647 nomine
568 616 721 647 excusare
741 615 875 658 possint,
902 615 989 659 quod
1004 615 1037 648 in
1051 615 1097 648 di-

348 667 405 700 ctis
426 667 555 700 Univrei
545 667 634 701 itate
655 673 685 701 et
704 668 853 702 facultate
873 669 990 702 aitium
1002 669 1096 702 scho-

347 721 430 754 lates
446 719 508 753 sint
528 731 583 754 seu
604 721 757 755 docentes
780 728 836 755 aut
859 722 1024 765 inagist1i;
1045 722 1095 755 di-

347 762 490 807 stiiotius¹
509 773 692 807 inhibentes
713 780 777 808 tam
797 775 945 808 locorum
966 749 1095 808 ordina-

347 826 403 859 1iis
427 837 524 870 quam
550 827 716 870 quibusvis
745 828 899 871 collegiis
931 828 1093 872 capitulis,

347 881 568 921 conventibus,
588 881 752 925 praelatis,
773 881 993 923 collatoribuS,
1027 883 1094 916 col-

346 932 512 966 latricibus
544 939 574 966 et
602 934 674 967 aliis
702 934 924 978 superioribus
948 935 1095 979 personis

345 987 530 1030 praedictis,
552 987 586 1020 in
606 987 725 1021 virtute
738 993 866 1021 sanctae
879 988 1092 1029 obedientiae,

345 1050 386 1072 ne
403 1040 534 1073 eosdem
555 1040 601 1073 sic
620 1040 802 1074 nominatos
822 1041 986 1085 perpetuis
1005 1042 1093 1074 futu-

344 1093 388 1126 ris
422 1093 636 1137 temporibus,
663 1093 777 1137 quovis
806 1094 951 1137 quaesito
985 1095 1094 1128 colore

343 1147 392 1180 vel
403 1147 546 1190 ingenio,
568 1148 739 1191 impedire,
762 1148 935 1182 molestare
952 1149 999 1182 vel
1019 1159 1094 1193 per-

343 1200 475 1234 turbare
494 1200 634 1234 audeant
659 1210 715 1234 seu
746 1201 842 1234 etiam
873 1208 1091 1245 praesumant.

342 1253 557 1287 Decernentes
576 1264 708 1298 quoque
731 1253 861 1287 irritum
883 1260 914 1287 et
933 1255 1040 1295 inane,
1068 1255 1093 1288 si

342 1317 436 1340 secus
446 1317 543 1350 super
562 1306 611 1340 his
630 1318 649 1340 a
668 1317 845 1351 quoquam,
864 1308 1093 1352 quavisaucto-

342 1361 448 1401 ritate,
475 1361 614 1394 scienter
632 1362 681 1395 vel
700 1361 900 1405 ignoranter,
923 1362 1094 1406 contigerit

341 1414 503 1448 attentari.

386 1468 402 1511 5
426 1467 479 1501 12.
515 1469 554 1502 Et
588 1467 801 1501 nihilominus
820 1468 852 1502 S.
873 1468 1039 1502 Gertrudis
1063 1475 1095 1502 et

341 1522 457 1555 Beatae
473 1521 589 1555 Mariae
608 1521 790 1555 Parmensis
809 1522 978 1556 abhatibus
999 1533 1092 1566 prae-

342 1574 446 1615 dictis,
470 1585 506 1608 ac
525 1575 648 1612 ,dilecto
677 1574 744 1608 filio
783 1575 906 1609 decano
940 1577 1092 1610 ecclesiae

342 1628 450 1662 Sancti
465 1628 572 1661 Iacobi
591 1627 668 1662 dicti
687 1628 798 1672 oppidi
818 1629 1021 1663 Lovaniensis
1036 1641 1093 1674 per

338 1682 518 1726 'apostolica
526 1681 645 1725 scripta
655 1681 846 1715 mandamus
860 1688 1020 1726 quatenus
1033 1683 1092 1727 ipsi

341 1735 390 1769 vel
410 1734 474 1768 duo
494 1739 549 1767 aut
572 1745 658 1767 unus
677 1744 873 1779 eorum,per
886 1746 918 1769 se
928 1736 976 1769 vel
991 1736 1091 1769 alium

342 1798 400 1822 seu
419 1787 509 1828 alios,
528 1792 713 1831 praesentes
732 1787 855 1821 litteras
866 1793 897 1821 et
911 1789 944 1821 in
957 1790 1003 1823 eis
1019 1800 1090 1823 eon—

342 1842 429 1875 tenta
454 1851 693 1885 quaecumque,
722 1840 777 1875 ubi
807 1847 837 1876 et
861 1843 990 1885 quando
1011 1854 1092 1887 opus

342 1895 451 1935 suerit,
482 1905 518 1928 ac
549 1894 676 1938 quoties
699 1904 758 1938 pro
788 1900 878 1938 parte
908 1896 1041 1930 rectoris
1061 1904 1092 1930 et

342 1948 456 1982 decani
475 1949 523 1981 vel
543 1948 741 1982 vice-decani
761 1959 798 1982 ao
818 1949 1045 1993 deputatorum
1054 1961 1091 1984 ac

342 2002 544 2044 singularum
576 2012 787 2045 personarum
818 2002 1005 2036 huiusmodi
1035 2014 1090 2037 seu

341 2055 480 2089 alicuius
498 2064 612 2088 eorum
627 2055 747 2089 fuerint
764 2055 922 2099 requisiti,
941 2057 1091 2090 solemni-

341 2114 392 2142 ter
409 2108 623 2152 publicantes,
639 2109 749 2153 eisque
769 2109 801 2142 in
825 2110 1010 2153 praemissis
1021 2111 1089 2143 effi-

343 2161 427 2194 cacis
469 2161 663 2195 defensionis
699 2163 859 2206 praesidio
894 2163 1089 2204 assistentes,

339 2214 470 2265 tradant
481 2219 641 2248 rectoiem
661 2220 692 2249 et
704 2216 862 2249 decanum
881 2216 930 2249 vel
949 2216 1032 2250 vice-
1021 2217 1090 2250 --de

340 2277 460 2307 canum
481 2278 518 2301 ae
533 2268 702 2312 deputatos
724 2274 755 2302 et
773 2269 913 2326 singulas
937 2280 1090 2313 personas

340 2304 528 2354 huiusmodi
549 2331 675 2355 necnon
696 2321 787 2362 alios,
809 2332 890 2366 quos
901 2332 987 2366 ipsae
996 2334 1088 2367 piae-

343 2378 398 2402 sei
406 2376 423 2398 t
420 2379 450 2402 s
467 2369 592 2404 litterae
612 2376 822 2412 concernunt,
840 2372 977 2404 nosuis.
971 2382 1087 2415 appio-

343 2415 502 2462 batione‚.
500 2418 767 2467 confirmatione,
801 2420 973 2460 voluntate,
1006 2430 1085 2452 nova

345 2465 561 2508 concessione,
563 2462 772 2508 ‘adiectione,
794 2468 1020 2507 declaratione,
1033 2469 1087 2501 de

346 2521 436 2549 creto
467 2516 661 2558 extensione,
684 2517 912 2561 prohibitione,
937 2518 1088 2550 mandato

345 2570 378 2603 et
391 2565 460 2598 aliis
479 2566 662 2609 praemissis
672 2566 877 2611 pacificefrui
897 2571 928 2601 et
937 2567 1087 2611 gaudere,

947 189 1125 214 nummum
1148 188 1297 213 ROMANUM

1139 250 1203 273 non
1225 240 1445 284 permittentes
1464 250 1518 273 eos
1533 240 1581 273 vel
1601 249 1713 274 eorum
1737 240 1881 283 aliquem

1139 303 1197 336 per
1216 293 1362 326 locorum
1375 293 1566 333 ordinarios,
1577 298 1815 326 conservatores
1827 303 1883 327 seu

1138 356 1361 390 quoscumque
1381 347 1472 387 alios,
1494 346 1800 390 quavisauctoritate
1812 345 1884 380 fun-

1138 406 1260 442 centes,
1285 399 1528 443 quomodolibet
1553 399 1726 440 molestari,
1753 404 1882 443 pertur-

1137 452 1206 485 bari
1226 452 1274 486 vel
1299 452 1483 496 inquietari.
1511 451 1768 486 Contradictores
1788 462 1884 496 quos-

1137 505 1216 539 libet
1235 511 1265 539 et
1285 506 1433 545 rebelles,
1454 516 1510 548 per
1530 504 1715 546 sententias,
1732 515 1884 539 censuras

1138 563 1168 591 et
1178 569 1299 603 poenas
1313 558 1544 592 ecclesiasticas
1554 558 1682 602 aliaque
1702 563 1885 602 opportuna

1137 612 1218 645 iuris
1238 617 1269 645 et
1292 612 1365 645 sacti
1380 611 1536 651 remedia,
1559 611 1775 655 appellatione
1795 616 1883 655 post-

1138 666 1252 709 posita,
1275 666 1530 710 compescendo3
1551 665 1767 709 legitimisque
1787 676 1885 709 super

1137 718 1174 751 iis
1194 718 1350 752 habendis
1370 718 1499 752 servatis
1519 719 1734 763 processibus,
1755 723 1884 752 senten·

1137 772 1207 813 tias,
1230 783 1383 806 censuras
1403 777 1433 805 et
1449 782 1568 816 poenas
1588 772 1673 816 ipsas
1698 772 1794 806 etiam
1824 771 1883 806 ite-

1137 825 1214 859 ratis
1232 825 1355 860 vicibus
1379 826 1593 869 aggravando,
1616 826 1761 860 invocato
1787 824 1883 859 etiam

1135 878 1174 911 ad
1200 880 1272 921 hoe,
1307 880 1332 913 si
1363 890 1444 925 opus
1469 878 1578 920 suerit,
1610 879 1731 913 auxilio
1758 878 1883 913 brachii

1135 933 1317 966 saecularis.

1179 987 1193 1029 ἓ
1218 986 1272 1020 13.
1309 987 1378 1020 Non
1412 986 1611 1020 obstantibus
1630 985 1742 1020 similis
1761 995 2007 1051 memo·

1135 1039 1200 1073 riae
1220 1040 1375 1074 Bonisacii
1400 1041 1504 1084 Papae
1523 1040 1606 1081 VlIl,
1627 1039 1722 1073 etiarn
1746 1040 1881 1084 praede-

1136 1093 1270 1127 cessoris
1290 1094 1403 1134 nostri,
1431 1094 1463 1126 in
1488 1105 1552 1137 qua
1576 1099 1705 1127 cavetur
1735 1104 1776 1128 ne
1808 1093 1881 1138 quis

1135 1151 1222 1179 extra
1246 1157 1336 1180 suam
1358 1147 1517 1180 civitatem
1536 1148 1585 1180 vel
1603 1146 1790 1189 dioecesim,
1820 1146 1882 1181 nisi

1134 1199 1167 1231 in
1199 1199 1294 1233 certis
1313 1201 1454 1245 exceptis
1469 1200 1605 1241 casibus,
1622 1206 1652 1233 et
1668 1200 1701 1233 in
1720 1200 1784 1234 illis
1797 1200 1883 1234 ultra

1135 1263 1232 1285 unam
1241 1253 1377 1287 diaetam
1389 1254 1477 1288 asine
1492 1265 1569 1287 suae
1588 1253 1742 1287 dioecesis
1753 1253 1883 1287 adiudi-

1135 1306 1221 1339 cium
1240 1312 1402 1348 evocetur,
1413 1318 1469 1341 seu
1477 1318 1517 1341 ne
1533 1307 1655 1341 iudices
1671 1307 1779 1342 aSede
1791 1317 1882 1352 prae-

1135 1361 1220 1394 dicta
1239 1361 1382 1406 deputati
1399 1368 1486 1396 extra
1506 1362 1664 1396 civitatem
1683 1363 1732 1397 vel
1752 1363 1882 1398 dioece-

1134 1413 1206 1454 sim,
1238 1414 1270 1447 in
1291 1415 1409 1458 quibus
1429 1416 1573 1460 deputati
1596 1416 1738 1457 fuerint,
1769 1422 1881 1450 contra

1134 1477 1358 1511 quoscumque
1378 1469 1568 1512 procedere,
1591 1474 1646 1502 aut
1669 1469 1723 1502 alii
1742 1469 1791 1503 vel
1810 1469 1881 1503 aliis

1133 1520 1217 1553 vices
1238 1531 1310 1554 suas
1335 1521 1537 1555 committere
1549 1522 1780 1566 quoquomodo
1790 1533 1882 1567 prae-

1133 1579 1282 1615 sumant,
1302 1579 1333 1608 et
1352 1575 1391 1608 de
1412 1575 1537 1608 duabus
1557 1575 1669 1608 diaetis
1689 1575 1722 1608 in
1741 1575 1880 1609 concilio

1133 1627 1274 1669 generali
1296 1628 1392 1669 edita,
1407 1629 1583 1662 dummodo
1594 1629 1679 1662 ultra
1689 1629 1879 1662 tresdiaetas

1133 1680 1206 1724 quis
1228 1681 1336 1724 vigore
1356 1682 1576 1726 praesentium
1597 1682 1636 1715 ad
1647 1682 1803 1716 iudicium
1814 1693 1877 1716 non

1133 1735 1297 1776 trahatur,
1321 1741 1351 1769 et
1375 1747 1393 1769 a
1426 1736 1728 1779 praedecessoribus
1759 1736 1878 1770 nostris

1132 1789 1361 1833 quoquomodo
1381 1790 1544 1829 emanatis,
1565 1800 1601 1822 ac
1621 1789 1783 1833 quibusvis
1807 1790 1878 1824 aliis

1132 1841 1326 1885 apostolicis,
1355 1853 1482 1876 necnon
1505 1842 1538 1875 in
1553 1842 1815 1886 provincialibus,
1827 1854 1877 1888 sy-

1132 1895 1302 1929 nodalibus
1316 1901 1347 1929 et
1366 1895 1753 1930 universalibusconciliis
1772 1896 1876 1938 editis,

1132 1948 1335 1991 generalibus
1354 1949 1403 1981 vel
1417 1948 1622 1993 specialibus,
1637 1949 1876 1984 constitutioni-

1131 2001 1191 2034 bus
1211 2007 1241 2034 et
1257 2002 1515 2036 ordinationibus
1527 2007 1577 2043 ,et
1597 2002 1876 2046 quibusvis,etiam

1131 2054 1323 2097 iuramento,
1352 2055 1599 2089 confirmatione
1624 2056 1801 2100 apostolica
1828 2055 1878 2089 vel

1131 2108 1241 2151 quavis
1265 2108 1415 2142 firmitate
1439 2109 1499 2142 alia
1520 2109 1690 2149 roboratis,
1712 2108 1878 2142 statutiset

1131 2162 1612 2206 consuetudinibus3privilegiis
1619 2172 1761 2206 quoque,
1771 2161 1877 2195 indul-

1130 2214 1169 2248 tis
1189 2220 1221 2248 et
1240 2215 1355 2248 litteris
1375 2216 1569 2260 apostolicis,
1592 2216 1651 2249 suh
1671 2216 1877 2259 quibuscum-

1130 2278 1193 2311 que
1214 2269 1379 2301 tenoribus
1391 2274 1421 2302 et
1442 2270 1562 2310 formis
1587 2280 1624 2302 ae
1650 2279 1724 2302 cum
1740 2267 1875 2311 quibus-

1130 2320 1290 2361 vis,etiam
1317 2322 1594 2365 derogatoriarum
1609 2320 1820 2365 derogatoriis
1843 2331 1875 2353 a-

1130 2369 1244 2413 liisque
1255 2370 1489 2404 efficacioribus
1501 2376 1531 2404 et
1548 2370 1685 2404 insolitis
1707 2368 1872 2410 clausulis,
1917 2402 1921 2407 ,
1947 2364 1954 2395 .'

1130 2418 1395 2462 irritantibusque
1415 2425 1446 2452 et
1462 2419 1532 2452 aliis
1541 2419 1687 2459 decretis,
1704 2418 1737 2450 in
1755 2427 1874 2460 genere

1131 2467 1177 2499 vel
1203 2468 1235 2500 in
1267 2468 1385 2512 specie,
1416 2468 1659 2512 quomodolibet
1695 2467 1872 2508 concessis,

1130 2516 1339 2557 confirmatiS,
1361 2517 1546 2561 approbatis
1565 2521 1596 2550 et
1614 2514 1779 2548 innovatis.
1795 2513 1873 2553 Qui-

1129 2564 1189 2599 bus
1208 2566 1371 2607 omnibus,
1398 2565 1522 2599 etiamsi
1551 2565 1590 2599 de
1612 2564 1673 2598 illis
1692 2573 1872 2607 eorumque
