2059 3228
286 226 351 262 654

240 289 319 324 nulo
339 287 519 327 piscatoris,
535 286 586 320 <lie
596 297 651 320 vni
661 285 799 320 ianuarii
814 296 983 327 nntxxxw,

241 342 449 388 pontificatus
468 341 570 374 nostri
596 351 680 373 anno
701 350 721 373 1.

334 399 396 430 Dat.
411 399 457 429 die
470 399 486 428 8
504 400 563 429 ian.
578 400 664 434 1555,
677 399 780 438 pontis.
793 407 899 429 annot.

42 231 97 263 An.
110 231 143 263 C.
157 232 226 264 1586

549 533 681 567 XXVlll.

245 603 334 644 Quod
351 603 468 645 festum
487 601 603 634 Sancti
619 600 759 634 Antonii
777 600 939 639 Lusitani,
955 599 992 632 de

286 658 404 690 Panna
428 656 619 699 nuncupati,
649 655 704 687 sub
737 655 788 688 die
819 664 874 688 xm
902 665 991 686 meu-

285 711 330 743 sis
349 710 436 742 iunii
464 709 586 752 duplici
604 709 704 753 officio
730 709 767 742 de
790 712 889 741 cetero
915 707 991 740 cele-

287 764 396 797 bretur
420 762 447 796 1.

310 843 406 872 sixtus
426 843 576 878 episcopus.
598 849 694 871 servus
714 848 853 870 servorum
868 840 924 875 Dei.

393 897 427 925 ad
445 898 608 933 perpetuam
626 896 668 924 rei
686 895 856 924 memoriam.

279 969 447 1002 *immensa
455 968 579 1001 divinae
599 967 774 1012 sapientiae
786 966 932 1008 altitudo,
942 977 995 1000 cu-

245 1022 296 1056 ius
309 1021 532 1055 inscrutabilia
551 1026 627 1054 sunt
646 1020 777 1060 iudicia,
800 1020 928 1063 dignata
949 1026 996 1052 est

245 1077 322 1110 olim
355 1086 412 1120 pel·
441 1075 637 1120 Proplietam
663 1075 807 1108 revelare
835 1074 936 1107 Deum
962 1074 994 1106 in

245 1129 363 1164 sanctis
383 1130 449 1162 suis
469 1129 593 1162 laudari
603 1129 696 1161 velle.
715 1128 805 1167 Quod
818 1127 929 1160 nosad
940 1138 994 1160 eo-

245 1184 394 1217 rumdem
411 1187 596 1216 sanctorum
610 1181 800 1215 memoriam
816 1181 923 1214 debita
944 1191 995 1214 so-

244 1237 413 1270 lemnitate
433 1235 661 1269 celebrandam
682 1245 720 1268 eo
745 1234 845 1277 magis
870 1233 994 1274 invitat,

72 1028 191 1051 Exordium.

245 1291 334 1335 quia,
357 1291 435 1323 dum
446 1300 559 1323 eorum
571 1288 684 1322 merita
698 1293 918 1328 recensentur,
932 1288 996 1320 vir-
1016 1307 1019 1311 -

246 1350 353 1378 tutum
379 1341 998 1387 quoqueexemplafidelibusimitanda

247 1405 487 1443 proponuntur,
509 1403 545 1430 ut
564 1407 622 1441 per
646 1408 683 1429 ea
707 1396 818 1429 fideles
838 1395 899 1439 ipsi
925 1406 998 1438 gra-

248 1452 428 1492 dientes,ad
441 1452 609 1485 caelestem
619 1449 1000 1487 beatitudinem,eoruin-

249 1506 321 1539 dem
342 1511 527 1539 sanctoruni
548 1503 711 1546 suffragiis
736 1502 850 1544 adiuti,
872 1502 1001 1536 facilius

248 1560 375 1593 valeant
391 1559 571 1603 pervenire.
832 1596 836 1603 ‚

293 1614 308 1657 ἓ
339 1614 370 1647 ’1.
402 1614 604 1657 Quapropter
636 1622 719 1653 nos,
761 1611 1001 1644 considerantes=

77 1674 99 1696 S-
115 1673 236 1708 Antonitue
250 1668 339 1713 quod
360 1667 443 1700 inter
463 1667 583 1699 multos
607 1665 775 1698 sanctitate
800 1670 831 1697 et
855 1664 1002 1697 doctrina

51 1704 239 1756 ἷῗὼῖἶυαεῗωιιζῗ
251 1722 437 1767 praeclaros
456 1720 553 1760 viros,
580 1720 635 1763 qui
657 1719 688 1752 S.
715 1718 876 1751 Francisei
905 1717 1001 1751 vesti-

53 1769 177 1789 ‘⁰¹¹⁸⁹¹¹‘¹'‘'
252 1776 303 1820 gia
321 1775 423 1809 secuti
444 1775 586 1814 suerunt,
607 1774 720 1806 beatus
746 1772 903 1805 Antonius
924 1771 1004 1804 Ulis-

251 1829 431 1874 siponensis
440 1855 447 1869 ,
458 1828 626 1861 patavinus
637 1831 852 1870 nuncupatus,
869 1825 1004 1859 eximiae

252 1882 431 1917 sanctitatis
446 1881 493 1914 vir
509 1881 578 1920 suit,
590 1880 658 1924 qui,
681 1880 720 1913 ab
735 1879 868 1912 ineunte
887 1886 1001 1917 aetate,

255 1933 1005 1978 mundumeiusqueillecebrasvelutivenenum

255 1990 402 2033 aspidum
424 1988 562 2032 fugiens,
592 1988 656 2020 Deo
686 1997 718 2020 se
739 1986 867 2027 dicavit,
892 1986 1007 2030 ipsius-

256 2054 319 2088 que
348 2042 509 2087 seraphici
534 2040 696 2074 Francisei
726 2039 908 2072 institutum
939 2050 1007 2072 rna-

257 2107 319 2140 gna
339 2107 413 2129 cum
434 2106 489 2140 spe
514 2093 740 2138 desiderioque
761 2093 905 2137 martyrii
931 2093 1007 2126 reli-

258 2150 346 2194 giose
378 2154 425 2183 est
459 2149 657 2193 complexus,
671 2147 753 2180 acin
765 2152 913 2190 suscepta
928 2147 1008 2179 vitae

259 2204 429 2247 disciplina
450 2202 670 2247 progrediens,
683 2207 879 2245 cooperante
899 2200 1009 2233 Domi-

260 2268 315 2296 no,
337 2257 462 2297 mundi,
485 2256 590 2290 carnis
609 2261 640 2288 et
659 2254 778 2288 diaboli
797 2253 928 2287 humani
955 2264 1009 2297 ge-

261 2311 347 2343 neris
388 2310 529 2344 hostium
572 2308 709 2352 egregiis
752 2307 1011 2341 dimicationibus

262 2364 462 2408 triumphum
487 2364 673 2407 reportavit,
705 2362 810 2396 divina
844 2368 1010 2406 praeterea

264 2418 405 2450 imbutus
434 2417 607 2461 sapientia,
642 2417 815 2460 multisque
849 2416 1010 2460 variisque

264 2470 437 2513 provinciis
446 2471 634 2514 peragratis,
642 2471 817 2523 ,maximam
828 2470 1010 2510 hominurn,

301 2543 310 2568 1
337 2541 419 2568 Hunc
445 2542 578 2569 Sanctum
594 2542 770 2570 canonizavit
795 2541 948 2578 Gregorius
967 2541 1010 2575 lx,

265 2585 383 2619 eiusque
409 2585 585 2614 festivitatem
606 2587 722 2614 instituit
745 2586 774 2614 in
793 2586 856 2615 eius
875 2586 1011 2628 constitu-

264 2629 348 2660 tione.
358 2636 439 2665 xxxi,
455 2629 523 2663 Cum
543 2631 624 2666 dicat,
641 2634 710 2660 tom.
726 2637 767 2665 111,
783 2638 845 2666 pag.
867 2631 929 2659 464.

832 233 1009 258 mittamini
1034 233 1183 257 Romnum

1032 285 1070 318 ab
1090 285 1134 318 Eo
1152 285 1207 328 qui
1223 285 1288 325 lux,
1310 285 1371 325 via,
1384 285 1502 319 veritas
1510 290 1540 320 et
1553 285 1616 320 vita
1629 285 1778 321 estaber-

1030 337 1184 378 mutium,
1204 338 1330 382 copiam
1343 339 1518 382 praeclaris
1529 339 1778 375 christianarum

1030 390 1184 424 virtutum
1206 390 1360 435 exemplis
1377 391 1546 425 illustravit
1566 403 1603 425 ac
1612 393 1699 426 verbi
1709 394 1778 436 Dei,

1032 444 1118 487 quod
1137 444 1223 477 velut
1242 443 1346 477 imber
1358 444 1396 478 de
1408 445 1499 478 coelo
1510 445 1706 480 descendens
1716 440 1785 485 ter-¹,

1032 508 1166 540 ramque
1201 497 1365 531 inebrians
1393 498 1469 532 facit
1493 509 1561 532 eam
1587 499 1781 542 germinare,

1033 550 1086 594 pia
1105 551 1330 594 soecundaque
1339 551 1579 595 praedicatione
1590 558 1712 586 mentes
1721 553 1781 587 ho-

1034 604 1158 637 minum
1188 604 1381 638 salutaribus
1406 605 1587 650 praeceptis
1607 603 1783 640 foecunda-²

1032 657 1084 699 vit,
1107 659 1291 702 multosque
1311 659 1351 691 ad
1366 659 1543 692 catholicae
1557 659 1722 694 doctrinae
1735 661 1785 693 lu-

1034 721 1103 744 cem
1134 717 1164 745 et
1196 712 1301 746 verbis
1331 717 1362 745 et.
1393 713 1666 757 consequentibus
1685 713 1785 757 signis

1035 765 1198 809 perduxit,
1229 776 1266 799 ac
1295 766 1428 800 demum
1455 767 1587 801 diversis
1610 767 1644 801 in
1663 768 1726 802 vita
1753 774 1785 803 et.

1035 824 1107 862 post
1121 819 1246 852 obitum
1266 819 1431 854 miraculis
1451 821 1569 863 clarus,
1591 822 1631 856 ad
1654 833 1784 866 perma-

1035 877 1164 905 nentem
1176 872 1264 905 illam
1274 873 1420 918 nullique
1428 875 1598 908 mutationi
1614 876 1785 910 obnoxiam

1035 925 1171 969 patriam
1183 933 1270 960 recto
1287 928 1522 971 atqueincitato
1530 940 1627 963 cursu
1637 930 1784 972 evolavit,

1036 979 1091 1012 ubi
1101 980 1134 1013 in
1145 981 1285 1014 aeternis
1298 981 1444 1015 caelestis
1457 982 1548 1025 regni
1563 983 1785 1017 mansionibus

1035 1034 1149 1067 beatus
1169 1035 1359 1078 perfruitur.

1081 1089 1096 1131 ἓ
1121 1088 1151 1121 2.
1181 1090 1249 1133 lpse
1269 1095 1376 1123 autem
1395 1100 1414 1122 a
1433 1088 1535 1123 felicis
1554 1090 1787 1125 recordationis

1037 1140 1191 1185 Gregorio
1220 1143 1305 1186 Papa
1333 1154 1433 1184 nono,
1461 1145 1708 1188 praedecessore
1728 1157 1787 1180 no-

1038 1201 1114 1236 stro,
1135 1202 1333 1238 sanctorum,
1352 1208 1434 1241 quos
1446 1198 1606 1231 catholica
1616 1204 1789 1233 veneratur

1016 1250 1019 1306 Ι
1038 1250 1192 1291 Ecclesia,
1215 1251 1359 1293 catalogo
1374 1252 1508 1285 solemni
1521 1253 1585 1285 ritu
1596 1253 1789 1296 adscriptus,

1039 1302 1071 1335 in
1097 1304 1186 1336 caelo
1219 1315 1276 1347 pro
1299 1305 1365 1348 ipsa
1385 1315 1513 1348 semper
1536 1306 1678 1339 Ecclesia
1703 1306 1789 1350 apud

1017 1371 1020 1416 1
1039 1357 1153 1398 Deum,
1176 1368 1239 1390 una
1252 1369 1325 1390 cum
1342 1359 1494 1392 omnibus
1508 1360 1626 1393 sanctis
1645 1360 1788 1394 eiusdem

1040 1410 1161 1453 gloriae
1182 1411 1398 1453 consortibus,
1417 1412 1544 1445 assidue
1564 1418 1595 1446 et
1605 1423 1664 1457 pro
1674 1424 1789 1457 peeca-

1041 1463 1164 1497 toribus
1185 1464 1369 1498 intercedit.

1086 1518 1100 1561 ἓ
1125 1517 1156 1551 3.
1184 1518 1300 1560 Quare,
1321 1524 1356 1552 ut
1381 1519 1523 1553 eiusdem
1542 1519 1626 1553 beati
1646 1520 1716 1560 viri,
1735 1521 1791 1565 qui

1042 1572 1172 1606 Ordinis
1188 1573 1288 1617 ipsius
1308 1573 1339 1607 S.
1363 1573 1523 1607 Francis-ci
1544 1575 1707 1618 professor
1722 1576 1790 1616 suit,

1043 1627 1200 1659 memoria
1224 1637 1242 1659 a
1270 1627 1420 1661 fidelibus
1446 1627 1592 1661 crebrius
1617 1629 1790 1670 recolatur,

1044 1681 1228 1725 celebrique
1244 1681 1342 1714 totius
1351 1681 1512 1715 Ecclesiae
1527 1682 1793 1716 venerationece-

1044 1735 1200 1775 lebretur,
1223 1745 1294 1774 nos,
1317 1740 1347 1767 et
1363 1735 1478 1768 divinis
1498 1735 1584 1768 illius
1604 1735 1726 1768 meritis
1736 1736 1793 1769 ad-

1045 1789 1145 1828 ducti,
1169 1795 1199 1821 et
1217 1789 1390 1833 praecipue
1407 1800 1481 1832 erga
1493 1789 1583 1822 illum
1595 1794 1723 1822 nostrae
1737 1790 1794 1822 de-

1045 1842 1180 1875 votiouis
1188 1843 1293 1876 studio
1307 1843 1445 1882 excitati,
1460 1843 1520 1875 hac
1539 1843 1698 1886 praesenti
1716 1851 1794 1877 con·-

1047 1897 1210 1929 stitutiene
1231 1896 1449 1940 praecipimus
1468 1903 1498 1929 et
1513 1897 1704 1930 mandamus
1720 1903 1796 1931 ute-

1048 1951 1171 1983 jusdem
1198 1951 1280 1983 beati
1305 1951 1435 1983 Antonii
1467 1951 1505 1983 de
1534 1951 1641 1984 Padua
1671 1962 1797 1985 nuncu-

1049 2005 1112 2048 pati
1133 2004 1324 2037 confessoris
1340 2004 1469 2047 gloriosi
1485 2004 1553 2038 dies
1573 2005 1671 2038 festus
1692 2006 1796 2039 idibus

1049 2058 1128 2090 iunii
1143 2085 1150 2098 ‚
1182 2068 1246 2101 quo
1283 2058 1334 2090 die
1364 2069 1399 2090 ex
1446 2058 1508 2090 hoc
1546 2057 1797 2102 collacrymabili

1026 2099 1030 2148 1
1049 2113 1178 2145 saeculo
1200 2112 1238 2144 ad
1259 2112 1428 2144 caelestem
1449 2112 1586 2156 patriam
1603 2111 1693 2150 abiit,
1713 2112 1796 2144 sole-

1051 2165 1168 2199 mniter
1188 2171 1370 2209 peragatur,
1400 2176 1436 2198 ac
1456 2166 1515 2198 sub
1535 2165 1654 2209 duplici
1681 2165 1797 2199 minori

1051 2224 1083 2251 et
1103 2218 1234 2263 proprio
1255 2218 1371 2258 officio,
1389 2224 1485 2262 atque
1502 2218 1556 2251 ubi
1577 2218 1709 2263 propria
1733 2228 1799 2251 non

1051 2278 1157 2313 erunt,
1179 2273 1219 2305 de
1230 2271 1395 2305 communi
1408 2273 1626 2305 consessorum
1644 2282 1707 2304 non
1720 2281 1801 2315 pon·
1853 2272 1856 2275 '

1050 2326 1185 2366 tisicum,
1201 2326 1335 2370 posthac
1355 2326 1521 2369 perpetuis
1537 2325 1654 2358 futuris
1673 2332 1800 2369 tempo-

1051 2375 1152 2415 ribus,
1168 2375 1197 2408 in
1209 2375 1360 2408 omnibus
1375 2374 1515 2407 universi
1534 2374 1622 2407 orbis
1641 2374 1798 2415 ecclesiis,

1052 2424 1109 2457 rite
1126 2425 1318 2464 celebretur,
1341 2429 1372 2456 et
1388 2423 1421 2455 in
1440 2422 1626 2456 kalendario
1647 2433 1719 2455 cum
1739 2421 1800 2455 du-

1052 2473 1145 2517 plicis
1168 2473 1239 2506 sesti
1257 2472 1438 2506 adiectione
1462 2471 1676 2512 inscribatur3
1698 2470 1800 2504 sicubi

1052 2533 1128 2556 vero
1142 2522 1209 2555 dies
1225 2521 1430 2565 supradictus
1440 2532 1477 2554 ex
1490 2520 1635 2554 fidelium
1656 2519 1801 2553 devotio-

1053 2581 1093 2604 ne
1118 2581 1173 2604 seu
1198 2570 1431 2604 consuetudine
1465 2575 1520 2603 aut
1547 2575 1716 2614 praecepte
1727 2568 1800 2613 ⁴¹,vel

1053 2621 1180 2654 indulto
1199 2619 1377 2665 apostolico
1397 2618 1512 2653 maiori
1532 2617 1748 2659 observantia,
1769 2627 1803 2651 e·

1790 231 1844 263 An.
1859 227 1987 266 ωειῑ,
2011 231 2013 264 ;

1847 1100 1978 1123 &nonin
2005 1110 2008 1115 ·
2034 1123 2036 1125 ,

1800 1133 1896 1155 eiusdem
1916 1131 1950 1154 nt
1971 1137 1983 1171 Ι·

1800 1167 1842 1186 1111·-

1830 1527 1938 1551 ΙηειΙιιιῑΙο

1806 1561 1868 1588 plicis
1883 1559 1959 1601 1⁴21qu
