2059 3228
129 247 177 272 Au.
198 246 226 272 C.
254 247 321 273 1578
392 245 455 277 ⁶21⁹]

169 289 282 309 scholares
300 293 322 309 et

126 316 214 347 ninum}-
221 317 321 336 eiusdem

315 354 322 358 ,
348 316 444 349 liuius
464 309 1090 355 collegiialumnos,postlongosstudio-

253 402 274 414 m
300 376 321 415 ζ
350 381 418 402 rum
439 368 487 399 vot
514 371 700 408 coeptorum
726 364 774 396 vcl
794 369 1089 397 consummatorum

126 428 154 466 'r'
202 428 210 467 ζ
234 410 323 469 0ῗῖοῇζέ
348 424 484 460 labores,
507 418 695 451 sacerdotali
713 417 862 457 militiae,
884 428 943 461 pro
967 423 1091 461 tempo-

253 482 270 519 ξν
299 480 320 519 {gt
349 475 389 507 ris
409 475 455 507 vel
475 473 537 505 loci
558 471 757 509 necessitate,
778 470 960 504 adscribere
970 471 1091 504 condu-

266 517 321 547 '‘⁸·
347 534 406 563 cat.
432 533 463 559 ut
485 525 671 558 ministeriis
691 530 721 557 ct
745 524 962 557 functionibus
992 525 1091 557 sacris

345 585 540 619 assuescant,
562 579 730 621 dictaeque
750 579 903 611 ecclcsiae
920 578 1086 611 Sanctissi—

347 645 416 666 mae
436 632 598 665 Trinitatis
611 631 715 664 ot‘ticia
737 637 907 673 praestent,
933 642 986 663 scu
1005 637 1040 663 ut
1053 642 1088 664 0-

346 686 461 728 perarii
484 685 664 724 mittantur,
691 684 808 717 eisdm
828 683 978 722 alumnis,
1000 690 1035 716 ut
1050 684 1088 716 de

346 739 475 772 licentia
495 737 696 782 protei-toris,
719 748 754 769 ac
775 736 851 769 dicti
880 736 1006 777 collegii
1037 747 1088 768 re-

345 792 442 825 ctoris
461 802 620 825 consensu
641 797 671 823 et.
684 789 829 822 examine
850 789 1060 832 praecedente
1078 816 1085 827 ,

344 846 437 878 etiam
460 850 547 879 extra
570 849 716 887 tempora
740 855 757 877 a
777 843 846 875 iure
871 847 1004 879 statuta,
1038 842 1088 874 in-

344 898 549 941 terstitiisque
569 903 750 940 temporum
771 907 787 928 a
804 895 940 928 concilio
956 895 1088 928 Triden—

343 952 409 984 tino
429 950 626 994 praestitutis
640 959 704 982 non
725 948 914 991 expectatis,
935 954 966 981 et
992 949 1086 981 etiam

342 1005 461 1047 absque
479 1013 611 1036 suorum
628 1001 864 1035 ordinariorum
895 1001 1010 1034 litteris
1039 1002 1087 1034 di-

341 1057 584 1095 missorialibus,
607 1067 644 1089 ac
665 1055 731 1087 siue
748 1055 855 1097 aliquo
875 1054 1024 1087 beneficii
1038 1055 1087 1087 vel

340 1110 524 1153 patrimonii
547 1109 639 1141 titulo
660 1114 690 1140 et
710 1118 774 1140 non
805 1108 949 1140 obstante
974 1107 1087 1150 quovis

340 1164 493 1196 natalium
514 1163 652 1201 defectu,
670 1172 767 1204 super
786 1172 850 1204 quo
871 1171 944 1193 cum
970 1161 1087 1193 talibus

342 1227 398 1260 per
416 1216 543 1249 easdem
570 1220 754 1259 praesentes
775 1213 996 1257 dispensamus
1009 1240 1016 1254 ‚
1048 1213 1085 1246 ad

341 1279 464 1309 omnes,
487 1268 582 1301 etiam
603 1277 711 1300 sacros
727 1272 755 1299 et
770 1266 1019 1309 presbyteratus,
1037 1277 1086 1299 or-

937 254 1114 281 miLLAmtnt
1137 254 1286 281 Romnum

1131 312 1261 347 nentur,
1297 307 1408 340 dantes
1438 307 1540 342 cidem
1579 314 1608 341 et
1647 318 1704 352 pro
1729 303 1874 352 tompore

1131 360 1305 403 protectori
1326 360 1471 393 existenti
1490 362 1644 405 praedicti
1658 361 1797 403 collegii,
1816 371 1875 404 pro

1131 414 1251 446 salubri
1272 413 1358 446 illius
1382 415 1633 455 conservatione,
1656 421 1682 447 et
1697 414 1875 448 directione

1130 466 1406 506 scholasticorum,
1428 467 1587 500 bonorum
1599 473 1746 501 etrerum
1768 478 1804 500 ac.
1823 467 1875 500 iu-

1131 520 1213 552 rium
1235 520 1461 563 temporalium
1487 521 1753 564 etspiritualium
1787 521 1874 554 eius-

1130 566 1215 612 dem,
1238 574 1366 617 plenam
1380 579 1410 606 et
1422 574 1558 607 liberam
1573 575 1755 608 facultatem
1773 579 1805 606 et
1816 585 1874 607 au-

1131 627 1311 660 ctoritatem
1340 637 1547 667 oeconomos,
1568 627 1738 661 advocatos
1755 632 1786 660 et
1801 637 1875 671 pro-

1129 685 1293 712 curatores
1314 679 1345 712 in
1366 690 1404 713 eo
1427 680 1602 723 deputandi
1626 685 1658 713 et
1682 679 1871 722 amovendi,

1129 738 1159 765 et
1189 733 1268 765 alios
1303 744 1416 765 eorum
1445 734 1517 767 loeo
1550 733 1750 775 sufficicudi;
1782 733 1874 767 stiffe-

1129 786 1259 823 rcntias,
1286 786 1358 818 lites
1379 792 1407 819 et
1429 786 1661 819 controversias
1676 786 1758 819 inter
1777 797 1874 829 quas-

1129 849 1266 881 cumque
1293 849 1456 881 personas,
1475 845 1538 871 tam
1556 839 1759 872 alumnorum
1777 850 1873 882 quam

1128 891 1379 924 ministrantium
1413 892 1607 938 clericorum
1639 897 1668 924 et
1702 892 1872 931 laicorum,

1128 954 1192 977 non
1214 950 1321 977 tamen
1342 945 1603 989 presbyterorum
1625 945 1726 988 ipsius
1742 945 1875 978 societa-

1127 996 1167 1028 tis
1191 1003 1328 1037 exortas,
1355 998 1540 1037 summarie,
1569 998 1760 1042 simpliciter
1778 1003 1810 1031 et
1833 998 1874 1031 de

1128 1050 1236 1093 plano,
1264 1051 1331 1083 sine
1363 1051 1466 1094 figura
1500 1056 1555 1084 aut
1584 1052 1719 1095 strepitu
1747 1050 1871 1092 iudicii,

1128 1103 1344 1146 appellatione
1382 1116 1587 1148 quacumque
1618 1110 1752 1145 remota,
1786 1103 1874 1138 deci-

1128 1157 1872 1202 dendi‚definiendi,terininandietexequendi;

1127 1209 1347 1242 ordinationes
1372 1216 1539 1253 praeterea
1567 1216 1598 1243 et
1627 1216 1754 1252 statuta,
1785 1210 1874 1244 licita

1127 1268 1235 1295 tamen
1255 1268 1286 1295 et
1305 1263 1449 1304 honesta,
1468 1263 1631 1307 sacrisque
1649 1264 1828 1297 canonibus
1843 1268 1875 1296 et

339 1322 429 1354 dines
448 1320 648 1364 promoveri,
671 1325 839 1363 postquam
861 1318 1000 1362 promoti
1016 1319 1086 1351 fue-
1105 1323 1109 1351 t
1127 1316 1265 1349 concilio
1286 1316 1473 1349 Tridentino
1505 1316 1670 1360 praedicto
1695 1327 1762 1350 non
1794 1327 1874 1350 con-

340 1375 414 1413 rint,
432 1374 465 1406 in
485 1373 559 1413 illis,
581 1372 677 1406 etiam
698 1373 730 1405 in
752 1372 860 1404 altaris
886 1371 1084 1411 ministerio,
1105 1354 1109 1401 l

340 1427 535 1467 ministrare,
557 1437 594 1459 ac
614 1426 710 1459 etiam
730 1431 796 1458 tam
817 1424 877 1468 ipsi
904 1435 1001 1468 quarn
1033 1435 1086 1457 ce·
1127 1433 1209 1465 opus
1228 1422 1337 1463 suerit,
1350 1423 1534 1464 revocandi,
1554 1422 1746 1455 immutandi
1757 1427 1789 1456 et
1803 1433 1878 1456 cor·

339 1480 399 1513 teri
420 1490 532 1513 omnes
548 1479 581 1512 in
601 1479 686 1512 dicto
707 1477 843 1521 collegio
863 1478 1030 1520 degentes,
1052 1483 1087 1510 ut

340 1533 557 1565 Poenitentiae
579 1543 615 1565 ac
651 1530 886 1570 Eucharistiae,
921 1531 1015 1563 etiam
1035 1531 1086 1564 die

340 1585 511 1625 Paschafis,
537 1590 567 1618 et
586 1585 753 1617 Extremae
787 1583 954 1616 Unctionis
981 1594 1086 1616 sacra-

341 1643 448 1671 menta
477 1649 494 1670 a
521 1637 716 1671 confessario
748 1642 803 1669 aut
824 1637 887 1669 alio'
920 1636 1085 1669 sacerdote

340 1690 440 1734 ipsius
461 1691 600 1734 collegii,
614 1689 863 1723 arectoreillius
886 1689 1085 1722 constituen-

340 1744 392 1784 do,
407 1744 568 1787 suscipere
588 1743 688 1776 libere
719 1749 750 1776 ct
778 1742 863 1775 licite
889 1743 1013 1775 valeant
1038 1742 1085 1774 in-

339 1796 521 1839 dulgemus.

381 1849 396 1892 ξ,
416 1849 469 1882 13.
492 1849 532 1882 Ut
551 1859 626 1881 vero
642 1854 785 1881 eiusdem
805 1847 932 1890 collegii
953 1858 1085 1880 conser-

337 1903 455 1935 vationi
474 1903 626 1945 bonoque
640 1900 801 1943 regimini,
821 1900 928 1932 tamin
944 1900 980 1932 iis
1000 1910 1084 1943 quae

338 1956 378 1988 ad
402 1956 608 1988 alumnorum
630 1955 773 1998 ipsorum
801 1953 1036 1986 institutionem
1054 1959 1084 1986 et

339 2008 553 2052 disciplinam,
571 2017 665 2050 quam
683 2017 767 2049 quae
786 2006 825 2038 ad
846 2005 960 2038 victum
983 2011 1013 2038 et
1033 2017 1083 2038 ve-

339 2063 449 2095 stitum
469 2062 595 2104 aliaque
615 2059 800 2093 huiusmodi
817 2059 998 2091 necessaria
1013 2070 1084 2102 per-

339 2116 462 2155 tinent,
490 2113 706 2158 opportunius
740 2112 949 2151 consulatur,
983 2116 1083 2153 utque

338 2173 523 2212 promptum
554 2172 768 2211 paratumque
800 2164 1080 2205 siteisauxillium,

338 2221 551 2253 venerabilem
587 2221 715 2252 fratrem
752 2223 897 2250 nostrum
930 2218 1082 2249 loannem

339 2274 525 2317 episcopum
550 2274 738 2312 Ostiensem,
759 2271 955 2304 cardinalem
982 2271 1083 2303 Moro-

339 2337 414 2359 uum
436 2332 672 2369 nuncupatum,
694 2325 838 2358 eiusdem
864 2323 990 2366 collegii
1006 2333 1082 2366 pro-

339 2385 490 2411 tectorem
521 2387 548 2412 οι
571 2378 774 2412 defensorem
799 2375 1025 2409 constituimus
1052 2379 1083 2407 et

339 2429 544 2470 deputamus,
577 2428 670 2460 cuius
694 2425 829 2459 consilio
849 2431 880 2458 et
899 2435 997 2468 opera
1017 2429 1080 2456 bam

339 2476 524 2519 supradicta
558 2487 653 2519 qnam
688 2483 912 2518 quaecumque
944 2472 1006 2505 alia
1042 2472 1082 2505 ad

340 2523 545 2557 scholasticos
580 2524 612 2556 in
651 2524 763 2556 eodem
801 2522 937 2565 collegio
969 2520 1083 2554 admit-

190 1895 320 1916 Protectorts

127 1923 240 1945 deputatio
254 1925 276 1943 et
289 1924 321 1943 fa-

127 1951 229 1971 culmina.

341 2572 453 2605 tendos
479 2578 510 2604 et
531 2573 715 2605 rotinomtos
735 2577 763 2603 et
789 2572 828 2603 ab
854 2581 890 2603 eo
916 2569 1080 2603 dimitten-

340 2620 398 2655 dos
409 2620 586 2667 spectantia
604 2627 751 2665 agantur,
763 2624 941 2656 statuantur
952 2623 983 2653 et
993 2617 1080 2653 ordi-

1127 1369 1237 1409 traria,
1263 1369 1400 1402 faciendi
1433 1375 1464 1402 et
1496 1369 1623 1410 edendi,
1658 1380 1772 1414 eaque,
1798 1379 1874 1403 cum

1127 1475 1263 1518 rigendi,
1284 1476 1411 1519 aliaque
1423 1476 1462 1509 de
1479 1486 1561 1509 novo
1583 1475 1758 1517 condendi,
1773 1487 1869 1519 quae,

1127 1534 1297 1572 postquam
1308 1529 1402 1570 sacta,
1417 1529 1514 1570 edita,
1528 1536 1687 1569 revocata,
1705 1529 1874 1564 immutata

1127 1589 1155 1614 et
1177 1587 1323 1615 correcta
1343 1582 1472 1622 suerint,
1499 1582 1633 1626 perinde
1652 1582 1833 1616 habeantur
1842 1589 1874 1616 et

1126 1635 1349 1676 observentur,
1372 1646 1408 1668 ac
1428 1635 1454 1668 si
1473 1636 1665 1669 auctoritate
1696 1636 1873 1680 apostolica

1125 1689 1303 1732 approbata
1316 1694 1347 1721 et
1362 1689 1552 1723 confirmata
1565 1694 1682 1730 essent,
1699 1694 1798 1733 prout
1811 1700 1872 1723 nos

1126 1741 1181 1773 illa
1200 1741 1240 1773 ab
1261 1742 1412 1774 omnibus
1431 1741 1508 1775 dicti
1524 1741 1656 1785 Collegit
1671 1741 1810 1775 alumnis
1827 1742 1872 1775 ita

1125 1794 1236 1828 haberi
1268 1800 1299 1828 et
1325 1794 1553 1828 inviolabiliter
1585 1795 1748 1828 observari
1779 1805 1872 1828 man-

1125 1848 1250 1880 damus.

1169 1902 1183 1944 ᾗ
1207 1901 1261 1933 14.
1283 1900 1372 1940 Quod
1390 1906 1496 1933 autem
1521 1901 1559 1934 ad
1580 1901 1740 1934 dictorum
1767 1901 1870 1934 atum-

1124 1965 1242 1987 norum
1275 1954 1476 1987 admissionis
1503 1954 1636 1987 modurn
1669 1959 1700 1987 et
1732 1954 1867 1987 sormam

1124 2008 1277 2051 deinceps
1296 2007 1476 2040 habendam
1497 2006 1620 2047 attinet,
1646 2007 1815 2039 statuimus
1839 2013 1870 2040 et

1124 2059 1322 2100 ordinamus,
1357 2070 1423 2099 ecs,
1462 2059 1518 2102 qui
1552 2059 1741 2092 admittendi
1759 2064 1866 2100 erunt,

1124 2112 1216 2156 prius
1234 2113 1274 2145 ab
1295 2111 1564 2145 examinatoribus
1583 2122 1642 2155 per
1657 2112 1780 2144 dictum
1795 2121 1869 2156 pro-

1125 2170 1279 2198 tectorem
1305 2165 1337 2197 in
1362 2164 1474 2205 Gallia,
1510 2164 1607 2197 etiam
1642 2164 1782 2206 Belgica,
1814 2170 1871 2198 aut

1124 2217 1210 2258 alibi,
1230 2223 1326 2260 prout
1354 2217 1400 2249 illi
1424 2216 1669 2249 convenientius
1694 2216 1867 2256 videbitur,

1123 2270 1296 2313 designatis
1319 2271 1366 2302 vel
1388 2269 1604 2312 designandis,
1627 2270 1712 2302 iuxta
1733 2270 1871 2302 formam

1123 2322 1163 2355 ab
1188 2323 1256 2366 ipso
1276 2328 1459 2366 protectore
1480 2321 1776 2366 praescribendam,
1799 2331 1870 2354 exa-

1124 2375 1250 2416 minari,
1264 2380 1295 2408 et
1308 2375 1498 2418 praehabito
1510 2374 1695 2407 huiusmodi
1710 2373 1866 2412 examine,

1123 2423 1148 2456 si
1162 2423 1339 2456 constiterit
1353 2423 1414 2466 ipsi
1426 2423 1614 2467 protectori,
1627 2421 1865 2466 praedictorum

1123 2471 1379 2505 examinatorum
1417 2471 1651 2514 significatione
1681 2469 1740 2502 sibi
1769 2470 1868 2503 verbo

1121 2521 1170 2553 vel
1205 2520 1325 2563 scripto
1354 2519 1511 2560 facienda,
1538 2529 1592 2552 eos
1616 2517 1745 2561 ingenio
1775 2523 1866 2561 aptos

1123 2574 1154 2601 et
1187 2568 1333 2602 moribus
1353 2568 1504 2611 probatos
1527 2573 1559 2600 et
1578 2567 1667 2607 tales,
1687 2565 1742 2608 qui
1762 2565 1867 2612 recipi

1122 2617 1272 2658 debeant,
1293 2617 1367 2653 illos
1381 2616 1538 2650 admittat.

1893 223 1951 275 All-'¹
1970 254 1984 270 e.

1891 1916 1968 1936 aiendi
1994 1922 2004 1933 υ

1891 1943 1944 1963 oon
1953 1943 1970 1964 μ·

1987 3011 2005 3020 j
1991 2986 1995 2992 .
1974 2891 2001 2965 ‚³113-
1976 2836 1998 2855 -'r
1979 2790 1984 2801 '

1987 2775 1996 2783 ι
