2059 3228
389 230 453 266 340
933 243 1114 269 ΒυηΑπῐηι
1135 244 1289 270 ῃωτυιωι

340 302 415 326 nem
435 291 608 333 civitatum,
635 298 808 335 terrarum,
831 300 1022 338 castrorum,
1044 298 1090 330 lo·
1107 315 1111 333 ι
1129 298 1362 338 iatores‚iuxta
1372 298 1508 331 sormam
1518 297 1875 338 dictarumlitterarum,
1926 299 1928 301 ’

339 356 466 387 corum,
486 346 660 388 bonorum,
675 347 797 381 iurium
808 353 838 382 et
848 349 986 384 aliorum
996 361 1089 394 prae·
1128 350 1160 383 in
1179 351 1286 394 vigilia
1306 356 1337 384 et
1355 351 1523 384 festivitate
1535 351 1719 396 praedictis,
1741 351 1876 395 singulis

338 399 513 440 dictorum,
535 410 593 443 pro
613 400 695 434 Sede
715 406 745 434 et
760 401 1085 447 Camerapraedictis,
1127 403 1293 447 quibusvis
1320 405 1516 445 successivis,
1546 415 1612 438 non
1642 410 1749 438 autem
1776 404 1877 437 inter-

337 452 489 486 omnihus
507 454 703 496 praemissis,
725 465 851 489 necnon
863 457 951 490 omni
963 463 992 490 et
1005 469 1085 502 qua·
1126 458 1243 498 missis,
1257 458 1359 499 annis,
1370 458 1403 491 in
1423 459 1492 502 ipsa
1511 457 1654 499 Camera,
1674 458 1874 502 ubicumque

336 515 478 549 cumque
507 506 735 550 appellatione,
766 510 995 544 reclamatione
1027 521 1084 545 seu
1125 521 1195 543 eam
1220 511 1330 544 adesse
1354 512 1536 555 contigerit,
1563 517 1594 545 et
1620 522 1686 545 non
1711 511 1787 544 alibi
1812 522 1875 545 nec

145 235 199 265 An.
215 237 244 266 C.
259 239 329 268 1580

334 568 469 592 recursu
485 560 614 604 penitus
623 561 766 601 remotis,
776 562 924 596 devenire
935 563 1083 598 debuisse

333 616 364 644 et
382 612 535 655 potuisse,
555 624 593 647 ac
611 614 714 647 teneri
736 620 766 648 et
796 615 954 659 obligatos
984 617 1082 651 fuisse

331 669 363 696 et
385 675 466 698 esse.

374 717 389 761 ἓ
409 717 441 751 8.
463 718 501 752 Et
524 719 736 753 nihilominus
755 731 851 755 omne
875 722 1012 756 dubium
1028 734 1080 757 re-

165 778 314 814 reudatariqs-
329 781 458 805 movere
476 773 630 814 volentes,
653 774 692 807 de
716 780 873 817 potestate
895 781 927 808 et
946 776 1080 810 scientia

132 813 228 861 lsssssefss'i‘:
257 811 312 863 ἓξὲξ
327 824 513 867 praedictis,
551 827 723 860 statuimus
756 834 787 861 et
819 829 1007 862 ordinamus
1044 836 1080 863 ut

130 872 259 897 ‘³⁰⁰²⁵⁰⁶‘⁵¹¹
274 874 308 894 ⁴⁵³⁴
328 888 441 912 omnes
469 884 501 912 et
531 879 731 925 quicumque
764 881 948 922 feudatarii,
991 883 1077 916 vica-

129 908 187 923 mera
223 904 239 924 Α
257 908 313 924 osto-

129 929 177 953 ’Μ’
207 910 253 951 “bip
265 937 310 952 ²³⁰¹
326 931 376 972 rii,
391 932 625 975 gubernatores
644 940 675 967 et
690 934 743 967 alii
757 935 912 978 praedicti
929 936 1078 980 superius

128 960 203 981 adesse
239 964 311 982 eonti-

127 991 190 1015 gerit,
207 992 309 1027 ⁵¹'Y'2gff'i2
324 989 356 1017 et
373 984 470 1018 etiam
489 986 522 1019 in
547 986 668 1020 eisdem
688 988 974 1031 praedecessorum
994 990 1078 1023 litte-

125 1025 158 1072 ἓξ
192 1021 308 1075 ’ἓῖῗῖἶωὲῗ
322 1037 366 1071 ris
386 1040 623 1083 comprehensi,
634 1040 691 1085 qui
701 1042 749 1074 vel
761 1052 900 1084 quorum
912 1048 1072 1084 auctores,

124 1083 308 1137 ssssssn‘fflssbss
321 1091 381 1124 sub
405 1092 666 1137 quibuscumque
694 1095 863 1128 tenoribus
891 1101 922 1128 et
947 1096 1072 1138 formis,

122 1145 304 1204 Αὲᾗξῑθὲξῆἶὲῑ-
321 1145 418 1178 etiam
438 1158 645 1191 quacumque
661 1149 700 1181 de
709 1159 817 1189 causa,
832 1150 982 1192 gratiosa,
994 1160 1074 1183 one-

318 1209 392 1232 rosa
410 1201 459 1233 vel
479 1200 588 1241 mixta,
607 1201 704 1234 etiam
715 1202 748 1234 in
757 1202 821 1234 vim
836 1202 1073 1247 cuiuscumque

318 1258 514 1294 contractus,
536 1264 647 1297 regna,
670 1254 819 1296 ducatus,
839 1255 994 1296 civitates,
1017 1267 1072 1290 ca-

317 1311 392 1346 stra,
407 1307 538 1350 oppida,
550 1312 665 1347 terras,
677 1318 780 1348 arces,
790 1309 1068 1351 fortalitwiaffillas,

315 1370 419 1402 agros,
440 1360 658 1403 possessiones
678 1362 781 1394 cultas
796 1366 827 1394 et
845 1362 996 1403 incultas,
1015 1375 1070 1397 ca-

315 1413 406 1451 salia,
429 1413 528 1455 lacus,
552 1415 665 1458 sylvas,
691 1415 919 1459 proprietates,
941 1416 1026 1450 bona
1039 1423 1070 1451 et

315 1464 385 1498 iura
408 1476 634 1510 quaecumque
644 1478 682 1500 ac
695 1468 931 1512 cuiuscumque
941 1471 1069 1512 generis

313 1524 344 1550 et
363 1519 556 1553 conditionis
575 1521 696 1554 fuerint
722 1527 753 1554 et
779 1521 853 1562 sint,
882 1522 915 1555 in
940 1533 1065 1565 verum,

312 1572 484 1615 proprium
499 1573 548 1606 vel
563 1573 778 1618 improprium
795 1574 929 1609 seudum
945 1578 1064 1620 regale,

312 1625 427 1658 ducale
446 1626 496 1659 vel
519 1627 598 1660 alias
626 1628 872 1671 quomodolibet
900 1630 1008 1663 nobile
1037 1636 1068 1664 et

310 1679 427 1721 gentile
443 1691 500 1713 seu
510 1679 666 1723 ignobile,
683 1682 854 1725 antiquum
866 1693 922 1716 seu
932 1694 1063 1725 novum,

310 1732 356 1765 vel
382 1732 415 1765 in
449 1733 653 1775 vicariatum,
691 1735 905 1777 gubernium,
931 1747 1065 1771 censum

308 1786 356 1818 rel
377 1787 616 1831 emphyteusim
636 1788 675 1820 ad
700 1799 942 1832 quamcumque
971 1802 1066 1833 agna-

309 1839 430 1872 tionem
449 1846 481 1873 et
491 1840 764 1882 nominationem,
781 1843 855 1875 etin
867 1849 1064 1886 perpetuum

307 1893 354 1925 vel
376 1893 415 1925 ad
435 1898 563 1937 tempus
582 1899 639 1927 aut
657 1895 736 1928 alias
755 1897 1064 1940 quomodocumque

308 1952 338 1979 et
357 1947 639 1992 qualitercumque
654 1959 673 1981 a
689 1949 770 1982 Sede
782 1955 812 1982 et
823 1949 956 1983 Camera
969 1962 1062 1994 prae-

308 1999 417 2040 dictis,
453 2000 512 2034 sub
552 2002 766 2036 conventione
797 2003 845 2036 vel
879 2005 1061 2047 provisione

307 2053 412 2086 iurata
430 2054 479 2087 vel
499 2064 565 2087 non
584 2055 701 2096 iurata,
723 2067 760 2088 ac
772 2056 830 2089 sub
845 2058 1062 2100 praestatione

308 2117 434 2147 census,
470 2107 615 2150 canonis,
650 2109 826 2153 pensionis,
847 2110 1005 2152 regalium
1032 2116 1062 2144 et

308 2159 445 2193 aliarum
466 2172 748 2206 quarumcumque
763 2163 1013 2207 responsionum
1030 2170 1061 2197 ct

308 2215 580 2256 recognitionum,
603 2216 838 2260 cuiuscumque
852 2217 1014 2261 qualitatis
1030 2223 1061 2251 et

308 2267 504 2309 quantitatis,
519 2268 615 2301 etiam
631 2269 719 2312 parvi
732 2270 779 2303 vel
791 2270 916 2304 minimi
929 2271 1057 2311 valoris,

308 2320 579 2362 superioritatem,
602 2323 891 2366 praeeminentiam,
910 2325 1058 2367 recogni-

310 2372 429 2405 tionem
449 2374 595 2415 dominii,
615 2377 823 2409 commodum
843 2377 1057 2421 pecuniarum

309 2425 482 2459 antatium
507 2439 749 2473 quemcumque
773 2430 924 2463 effectum
950 2437 981 2464 et
1004 2441 1056 2463 re-

308 2479 454 2516 spectum
479 2476 715 2518 denotantium,
733 2479 917 2523 receperint
944 2486 975 2512 et
998 2480 1055 2512 lia-

308 2522 437 2555 buerint
461 2535 497 2557 ac
517 2525 636 2559 babent
655 2527 694 2560 de
713 2530 888 2571 praesenti,
904 2534 934 2561 ct
947 2528 1057 2561 lmius-

308 2572 394 2604 modi
430 2583 555 2613 census,
582 2586 722 2610 canones
745 2583 776 2610 ct
809 2578 1051 2621 responsiones,

307 2631 365 2663 per
388 2622 511 2665 seipsos
535 2623 582 2656 vel
607 2635 719 2660 eorum
745 2626 905 2670 legitimos
934 2637 1054 2671 procu-

1125 564 1188 597 alio
1215 565 1278 603 die,
1314 565 1574 608 quibuscumque
1607 565 1873 598 conventionibus

1123 617 1156 649 in
1181 617 1381 651 contrarium
1398 617 1641 661 quomodolibet
1659 618 1750 650 factis
1763 623 1796 651 et
1808 628 1872 652 usu

1122 671 1271 714 receptis,
1299 682 1335 704 ac
1360 671 1662 709 consuetudinibus,
1688 671 1784 705 etiam
1809 671 1871 704 im-

1122 725 1398 765 memorabilibus,
1421 724 1666 768 quomodolibet
1679 724 1872 764 introductis

1121 782 1152 809 et
1159 778 1230 811 aliis
1239 778 1499 822 quibuscumque
1511 777 1783 819 concessionibus,
1791 778 1870 823 ipsis

1119 831 1168 863 vel
1188 841 1302 864 eorum
1323 831 1511 864 auctoribus
1526 831 1630 871 factis,
1650 841 1715 864 non
1739 831 1868 865 obstan-

1120 883 1215 924 tibus,
1238 895 1302 918 non
1322 884 1475 918 solverint
1494 890 1525 917 et
1544 884 1670 927 inte-gre
1689 895 1755 918 non
1778 885 1868 919 satis-
1911 903 1915 908 ·
1966 886 1972 893 '

1118 937 1263 977 fecerint,
1285 948 1322 970 ac
1341 943 1434 981 pacta
1454 943 1486 970 et
1509 937 1750 979 conventiones,
1780 943 1812 972 et
1825 939 1865 972 ad

1117 1000 1201 1032 quae
1210 996 1274 1023 tam
1285 1001 1321 1024 ex
1327 991 1431 1024 forma
1439 991 1599 1024 dictarum
1607 991 1864 1030 concessionum,

1116 1053 1213 1086 quam
1233 1044 1530 1088 interpellationum
1550 1049 1582 1077 et
1600 1045 1861 1088 requisitionum.

1115 1096 1193 1129 alias
1211 1097 1250 1130 de
1269 1097 1350 1137 iure,
1370 1108 1432 1130 usu
1456 1103 1487 1130 et
1503 1098 1738 1132 consuetudine
1752 1104 1864 1132 tenen-

1113 1154 1179 1190 tur,
1200 1161 1265 1183 non
1285 1151 1529 1194 adimpleverint
1548 1157 1579 1184 et
1606 1162 1673 1184 non
1703 1152 1863 1196 adimple-

1113 1202 1194 1236 visse
1214 1203 1333 1236 ibidem
1353 1204 1525 1237 docuerint
1543 1210 1573 1237 et
1592 1204 1802 1245 ostenderint,
1823 1216 1861 1239 eo

1112 1255 1194 1298 ipso,
1217 1257 1337 1300 absque
1357 1257 1418 1289 alia
1438 1257 1629 1297 monitione,
1650 1258 1862 1302 requisitione

1111 1310 1159 1342 vel
1180 1311 1291 1353 quavis
1311 1311 1372 1343 alia
1390 1310 1507 1343 iudicis
1530 1310 1748 1345 declaratione
1766 1312 1861 1345 desu-

1111 1373 1170 1406 per
1188 1364 1345 1404 facienda,
1365 1363 1481 1405 feudis,
1499 1363 1718 1405 vicariatibus,
1742 1365 1861 1408 guber·

1110 1416 1173 1449 niis
1192 1422 1223 1449 et
1241 1417 1312 1450 aliis
1330 1417 1480 1461 praelatis
1500 1417 1652 1450 omnibus
1670 1423 1702 1451 et
1724 1417 1860 1462 singulis

1110 1470 1238 1514 privati;
1259 1471 1394 1514 ipsaque
1410 1471 1516 1511 feuda,
1536 1471 1718 1513 vicariatus,
1742 1472 1859 1515 guber-

1109 1523 1162 1556 nia
1181 1529 1212 1557 et
1231 1524 1293 1557 alia
1313 1525 1352 1557 ad
1373 1524 1488 1557 Sedem
1512 1530 1544 1557 et
1567 1524 1735 1560 Cameram
1763 1536 1857 1569 prae-

1108 1577 1209 1609 dictas
1233 1577 1394 1618 devoluta,
1420 1571 1564 1621 utileque
1580 1578 1762 1612 dominium
1781 1590 1857 1612 cum

1107 1629 1231 1663 directo
1252 1632 1501 1671 consolidatum,
1521 1632 1617 1664 etiam
1638 1632 1759 1675 absque
1783 1632 1856 1666 illo-

1107 1694 1180 1716 rum
1213 1684 1424 1728 possessionis
1449 1684 1720 1728 apprehensione,
1735 1685 1776 1719 ad
1792 1685 1854 1723 ius,

1106 1732 1349 1776 proprietatem,
1378 1733 1561 1765 dominium
1585 1738 1616 1765 et
1635 1733 1856 1768 omnimodam

1106 1783 1342 1826 possessionem
1367 1783 1512 1816 eiusdem
1536 1782 1690 1816 Gamerae
1718 1795 1756 1817 eo
1786 1784 1856 1828 ipso

1106 1831 1238 1865 rediisse
1249 1838 1442 1865 censeantur
1455 1838 1487 1864 et
1504 1832 1579 1873 sint,
1598 1832 1694 1865 etiam
1707 1833 1734 1866 si
1743 1833 1853 1875 feuda,

1105 1880 1286 1921 vicariatus,
1305 1881 1463 1924 gubernia
1482 1886 1513 1913 et
1526 1880 1588 1914 alia
1600 1880 1789 1915 huiusmodi
1801 1894 1855 1916 an-

1104 1929 1192 1972 tiqua
1212 1934 1243 1962 et
1262 1929 1488 1970 haereditaria,
1516 1929 1663 1963 formalia
1681 1931 1731 1963 vel
1754 1930 1855 1965 insor-

1104 1977 1210 2018 mafia,
1233 1988 1269 2010 ac
1289 1977 1560 2011 descendentibus
1584 1978 1632 2010 vel
1656 1979 1852 2013 collaterali-

1102 2027 1163 2060 bus
1181 2032 1237 2059 aut
1260 2026 1521 2070 quibuscumque
1551 2027 1623 2060 aliis
1649 2027 1850 2067 hominihus,

1102 2075 1151 2107 vel
1175 2075 1255 2117 legis
1279 2075 1479 2119 providentia
1503 2075 1548 2108 eis
1571 2075 1621 2108 ius
1651 2077 1783 2120 aliquod
1811 2079 1850 2111 ad

1101 2123 1156 2156 illa
1180 2124 1383 2167 competierit
1413 2125 1461 2157 vel
1492 2130 1662 2168 competat,
1687 2136 1744 2160 seu
1771 2127 1852 2160 alias

1100 2173 1295 2216 acquisitum
1314 2173 1397 2206 soret
1416 2178 1447 2205 et
1466 2178 1558 2213 esset,
1579 2184 1615 2206 ac
1631 2174 1719 2206 omni
1740 2185 1852 2218 quam-

1100 2223 1217 2255 tumvis
1255 2222 1350 2265 longo
1390 2227 1549 2265 tempore,
1576 2229 1607 2255 et
1645 2233 1851 2268 quacumque

1099 2270 1350 2309 immemorabili
1369 2271 1635 2316 praescriptione,
1654 2271 1750 2305 etiam
1774 2283 1850 2306 cen-

1099 2326 1167 2353 tum
1184 2330 1357 2361 annorum,
1379 2326 1410 2353 et
1429 2331 1495 2353 non
1515 2321 1612 2361 ultra,
1633 2331 1699 2354 non
1718 2321 1850 2355 obstan-

1099 2370 1197 2409 tibus,
1219 2370 1287 2402 sine
1307 2369 1402 2412 spolii
1419 2375 1474 2402 aut
1482 2375 1678 2403 attentorum
1689 2369 1702 2392 1
1718 2370 1769 2403 vel
1783 2370 1848 2404 alio

1099 2428 1305 2460 quocumque
1327 2417 1414 2458 vitio,
1446 2418 1579 2451 illorum
1611 2419 1847 2462 possessionem

1098 2467 1256 2500 actualem
1276 2467 1488 2510 apprehendi,
1511 2472 1542 2500 et
1565 2467 1605 2500 ad
1630 2467 1761 2501 illorum
1776 2478 1846 2501 rea-

1098 2518 1160 2550 lem
1181 2516 1476 2560 incorporationem
1496 2527 1554 2560 pro
1574 2517 1655 2550 Sede
1670 2524 1701 2551 et
1712 2517 1845 2550 Camera

1096 2566 1271 2609 praedictis
1294 2565 1437 2599 deveniri
1461 2565 1577 2610 possit;
1607 2571 1639 2599 et
1668 2565 1844 2599 solutiones

1132 2638 1142 2663 1
1164 2635 1288 2664 Cherub.
1306 2636 1372 2672 legit
1386 2638 1580 2665 attentatarum
1593 2637 1634 2671 (n.
1650 2635 1699 2670 τ.).
