2059 3228
51 255 58 264 .
76 235 106 265 C.
120 234 186 264 1875

36 1881 100 1905 Gom
111 1883 188 1904 cousti-

35 1914 94 1936 itant:
125 1914 189 1936 eden-

813 228 988 255 aumonius
1007 229 1061 253 xm
1082 230 1129 254 FP.

199 291 354 326 personas
372 280 454 315 vitae
477 281 625 326 exemplo
645 285 676 314 et
695 291 823 314 morum
849 281 950 314 hone-

197 339 278 368 state
294 334 449 377 insignes,
477 335 577 367 inulta
602 334 733 378 quidem
754 334 901 367 doctrina
918 339 948 367 et

196 387 334 421 lectione
350 387 520 431 praeditos,
538 388 794 428 transmiserunt,
817 393 848 420 et
868 387 948 420 inibi

193 441 253 475 Dei
265 441 387 474 cultum
401 451 437 474 ac
449 441 611 474 ministros
625 440 859 475 ecclesiasticos
871 451 949 484 pau-

194 494 283 528 latim
307 493 482 534 introduci,
510 505 635 528 necnon
649 493 813 534 ecclesias,
834 505 948 527 mona-

195 547 302 588 steria,
325 547 459 591 collegia
479 552 510 579 et
535 547 596 580 alia
616 548 668 591 pia
693 548 763 580 loca
786 547 948 580 aedilicari

195 605 228 633 et
252 599 417 639 fabricari,
445 610 482 632 ae
507 600 562 633 illa
582 599 779 643 paramentis
799 605 830 633 et
850 610 947 633 orna-

194 652 311 687 mentis
326 652 551 686 ecclesiasticis
571 653 690 694 fulciri,
713 659 744 686 et
763 654 893 687 tandem
916 654 947 687 in

193 706 266 739 sinu
285 705 439 739 Omnium
465 706 669 745 Sanctorum,
691 706 777 738 Bata
797 707 834 739 de
862 707 948 740 coctos

194 760 240 793 los
267 759 387 793 Santos
418 765 623 803 nuncupato,
653 759 794 802 partium
823 760 947 793 Brasilii

193 812 395 853 huiusmodi,
416 823 516 845 unam
541 812 759 845 cathedralem
779 813 947 847 ecclesiam

193 865 254 899 sub
270 865 470 899 invocatione
481 864 512 898 S.
526 864 699 898 Salvatoris
711 872 944 909 nuncupatam,

193 919 234 952 de
253 918 323 952 iure
342 924 531 962 patronatus
574 919 731 962 praedicti
769 920 947 953 Sebastiam

193 972 300 1014 regis,
328 982 366 1005 ex
392 971 562 1015 privilegio
589 972 785 1015 apostolico,
809 973 860 1005 eui
883 984 948 1006 non

193 1030 242 1058 est
261 1024 418 1057 haetenus
446 1024 479 1056 in
504 1024 613 1067 aliquo
641 1025 851 1068 derogatum,
879 1027 945 1059 exi-

193 1082 343 1118 stentem,
374 1083 405 1110 et
428 1076 468 1109 ad
495 1088 647 1121 praesens
673 1078 811 1121 pastoris
831 1080 947 1112 solatio

193 1129 391 1170 destitutam,
409 1129 468 1162 sub
485 1130 583 1163 certis
596 1131 692 1163 niodo
709 1137 740 1164 et
754 1132 857 1165 forma
870 1139 948 1166 tune

193 1182 362 1226 expressis,
386 1182 563 1226 apostolica
587 1184 793 1224 auctoritate,
816 1186 894 1229 erigi
916 1191 947 1219 et

192 1234 334 1277 institui,
361 1247 399 1269 ac
425 1236 529 1269 eidem
558 1237 718 1270 eeclesiae
749 1238 793 1271 sic
823 1245 948 1272 erectae

155 1320 157 1322 .
194 1294 320 1328 certum
340 1295 418 1323 tunc
437 1300 623 1333 expressum
643 1291 800 1334 oppidum
822 1303 882 1336 pro
904 1293 949 1325 ei-

195 1343 302 1385 vitate,
315 1349 346 1377 et
355 1342 462 1377 sinum
472 1343 623 1377 Omnium
639 1345 831 1379 Sanctorum
839 1347 952 1384 huius-

198 1396 288 1429 modi
297 1406 423 1430 necnon
434 1397 631 1441 provinciam
642 1409 698 1432 seu
709 1405 833 1444 partem
846 1407 950 1436 terrae

198 1449 348 1482 Fluvium
367 1450 508 1483 Ianuarii
532 1457 766 1495 nuncupatam,
795 1464 950 1498 oramque

198 1501 233 1535 in
249 1502 342 1536 dietis
357 1503 504 1547 partibus
520 1504 656 1546 Brasilii,
670 1510 735 1538 tam
751 1517 862 1540 versus
875 1519 950 1551 par-

198 1560 265 1589 tem
280 1556 563 1600 septentrionalem
575 1568 672 1601 quam
689 1559 947 1602 meridionalem,

199 1613 237 1642 ac
261 1608 340 1643 alias
369 1610 577 1644 consistentia
606 1612 677 1645 loca
705 1618 735 1645 et
764 1618 864 1647 terras
891 1625 949 1658 pro

199 1662 350 1705 dioecesi,
372 1663 583 1707 ipsarumque
603 1664 737 1699 civitatis
752 1667 949 1700 etdioecesis

200 1715 324 1749 incolas
343 1722 374 1750 et
396 1717 569 1751 abitatores
588 1729 647 1762 pro
668 1719 755 1752 clero
775 1725 805 1752 et
827 1722 949 1768 populo

201 1768 336 1803 concedi
356 1775 388 1804 et
406 1770 560 1814 assignari
580 1771 676 1804 etiam
697 1778 924 1815 procurarunt.

210 1824 212 1827 ”
245 1823 261 1867 §
279 1823 311 1856 2.
329 1823 409 1857 Cum
424 1830 544 1865 autem,
568 1825 650 1858 sicut
665 1825 776 1859 eadem
794 1826 949 1869 expositio

202 1875 434 1919 subiungebat,
462 1876 495 1910 in
514 1877 608 1910 dietis
632 1878 779 1922 partibus
803 1878 947 1920 Brasilii,

200 1929 411 1964 benedicente
421 1931 567 1971 Domino,
580 1931 710 1976 oppida,
722 1932 793 1965 loca
801 1938 831 1965 et
842 1938 947 1973 terrze,

201 1982 398 2027 illorumque
426 1984 552 2018 incolae
577 1991 608 2018 et
627 1985 823 2018 habitatores
840 1985 950 2018 huius-

203 2036 290 2070 modi
302 2041 366 2069 tam
377 2037 542 2070 christiani
553 2049 649 2081 quam
659 2039 794 2081 gentiles
810 2038 852 2072 ita
866 2039 951 2071 inul-

202 2088 365 2132 tiplieasse
395 2096 571 2123 noscantur
594 2097 630 2124 ut
654 2092 826 2136 episeopus
844 2092 951 2125 Sancti

204 2140 374 2176 Salvatoris
390 2153 448 2187 pro
464 2149 609 2188 tempore
628 2145 776 2185 existens,
796 2145 836 2177 ob
852 2145 952 2189 ipsius

207 2193 363 2228 dioecesis
389 2207 448 2239 per
471 2197 534 2229 duo
565 2197 666 2231 millia
692 2203 723 2230 et
751 2197 953 2241 septingenta

207 2246 358 2281 milliaria
365 2258 398 2281 se
409 2250 607 2284 extendentis
618 2251 878 2294 amplitudinem,
889 2251 952 2283 sre-

208 2301 492 2345 quentissimorum
513 2314 548 2335 ac
568 2304 661 2346 longe
681 2305 809 2347 lateque
829 2304 954 2337 dissito-

210 2366 283 2388 runi
294 2355 441 2388 locorum
452 2361 483 2388 et
497 2361 655 2390 terrarum
668 2357 807 2401 copiam,
828 2367 954 2390 necnon

210 2408 393 2452 provinciae
405 2419 460 2441 seu
479 2409 576 2452 partis
593 2416 687 2443 terrae
700 2410 800 2442 Fluvii
816 2410 953 2443 Ianuarii

210 2456 396 2490 huiusmodi
420 2457 621 2498 distantiam,
648 2459 817 2501 marisque>
832 2459 954 2491 incom-

214 2507 309 2540 moda
331 2518 368 2540 ac
383 2506 545 2539 difficilem
561 2513 592 2539 et
610 2507 846 2550 dispendiosam
867 2506 955 2539 navi-

215 2556 386 2598 gationem,
417 2555 661 2599 piratarumque
687 2554 752 2586 illic
772 2554 956 2587 discurren-

212 2604 297 2638 tium
316 2605 512 2650 periculum,
530 2614 636 2646 curae,
656 2602 804 2647 regimini
815 2608 846 2638 et
860 2603 958 2637 admi-

1628 218 1693 253 ‘1⁶25

990 280 1169 314 nis-[rationi
1199 281 1247 314 sui
1275 282 1380 323 greg-is
1408 282 1439 315 in
1464 281 1612 326 partibus
1639 281 1739 313 Fluvii

990 333 1128 366 Ianuarii
1162 334 1345 367 huiusmodi
1380 334 1582 368 consistentis
1601 360 1608 374 ‚
1644 339 1741 377 prout

990 386 1060 419 eius
1080 387 1229 430 pastorali
1245 388 1351 420 ossicio
1367 388 1535 429 incumbit,
1556 388 1739 427 commode,

991 450 1050 472 nec
1065 439 1322 473 sineincolaruni
1338 446 1369 473 et
1381 442 1597 474 habitatorum
1609 440 1741 474 alterius

991 493 1091 537 partis
1107 503 1183 525 suae
1203 493 1371 533 dioecesis,
1394 494 1541 527 videlicet
1561 494 1650 526 sinus
1665 492 1741 527 Om-

992 547 1081 580 nium
1107 547 1298 579 Sanctorum
1324 546 1526 587 huiusmodi,
1545 546 1656 580 salutis
1681 546 1743 579 dis-

991 599 1109 644 pendio
1122 605 1152 632 et
1171 599 1272 642 ipsius
1291 599 1373 632 vitae
1394 599 1556 642 periculo,
1575 599 1741 632 intendere

992 658 1142 696 nequeat,
1159 663 1196 685 ae
1221 652 1334 685 exinde
1350 652 1474 685 incolae
1493 657 1523 684 et
1543 653 1741 685 habitatores

991 706 1093 738 Fluvii
1118 705 1257 738 Ianuarii
1277 705 1463 738 huiusmodi
1486 715 1545 738 nec
1567 706 1641 738 fidei
1665 706 1741 738 doc-

992 759 1075 792 trina
1092 770 1151 792 nec
1167 759 1218 802 pie
1234 758 1358 791 vivendi
1379 757 1548 801 paeceptis
1570 759 1740 791 commode

992 812 1119 852 instrui,
1133 817 1184 844 aut
1200 811 1314 855 siquid
1327 810 1533 854 deliquerint,
1554 812 1636 844 sacta
1654 811 1740 844 haud

992 865 1109 908 corrigi
1131 866 1170 897 ab
1195 865 1346 908 episeopo
1367 874 1424 897 suo
1441 863 1576 907 possint,
1595 864 1741 897 illorum-

992 930 1055 963 que
1081 918 1255 951 multitudo
1280 917 1410 960 copiosa
1437 917 1659 949 ministrorum
1684 928 1742 949 nu-

993 982 1094 1012 mero,
1117 971 1330 1015 specialisque
1354 970 1503 1014 pastoris,
1525 970 1581 1013 qui
1602 980 1655 1003 eos
1679 970 1741 1001 soi-

992 1025 1101 1058 rituali
1135 1030 1165 1057 et
1203 1024 1333 1057 coelesti
1370 1024 1490 1066 pabulo
1527 1023 1742 1067 personaliter

992 1083 1101 1122 paseat
1121 1084 1152 1111 et
1175 1078 1310 1118 reliciat,
1339 1078 1538 1120 illorumque
1557 1076 1740 1109 animarum

992 1131 1099 1171 saluti,
1129 1142 1165 1164 ae
1190 1131 1221 1163 in
1247 1131 1308 1170 his,
1338 1140 1421 1173 quae
1446 1130 1486 1162 ad
1510 1129 1607 1161 divini
1635 1130 1741 1162 cultus

992 1184 1131 1227 fideique
1147 1183 1323 1216 catholicae
1344 1182 1618 1216 conservationem
1640 1186 1670 1214 et
1690 1181 1739 1214 in-

992 1243 1194 1271 crementum
1224 1236 1404 1269 necessaria
1434 1240 1464 1267 et
1492 1235 1638 1279 proficua
1671 1246 1739 1267 esse

992 1292 1244 1334 dignoscuntur,
1271 1289 1454 1333 specialiter
1479 1289 1640 1328 intendat,
1663 1289 1740 1320 assi-

992 1344 1105 1379 stentia
1115 1350 1145 1377 et
1157 1343 1326 1386 regimine,
1338 1353 1377 1375 ne
1392 1342 1432 1375 ob
1449 1341 1593 1374 eiusdem
1603 1342 1740 1384 pastoris

992 1398 1167 1432 carentiam
1188 1403 1218 1430 et
1237 1395 1418 1440 penuriam,
1446 1395 1533 1437 quod
1553 1399 1642 1427 tanta
1662 1406 1739 1427 cura

991 1452 1184 1485 seminatum
1206 1450 1275 1490 suit,
1299 1449 1382 1481 inter
1403 1453 1448 1481 tot
1467 1447 1604 1480 tribulos
1623 1453 1653 1480 et
1673 1448 1737 1491 spi-

991 1516 1047 1538 nas
1067 1505 1287 1537 suffoceturet
1306 1502 1452 1541 intereat,
1475 1512 1539 1533 non
1556 1512 1671 1544 parum
1693 1501 1739 1533 in-

990 1558 1099 1601 digere
1125 1556 1364 1599 dignoscantur,
1389 1554 1415 1587 si
1435 1554 1592 1587 dioecesis
1612 1554 1679 1598 ipsa
1707 1555 1737 1586 in

990 1612 1070 1644 duas
1086 1616 1191 1654 partes
1205 1609 1412 1647 divideretur,
1428 1608 1564 1650 eiusque
1579 1607 1625 1640 rei
1643 1619 1738 1640 causa

989 1670 1055 1698 tota
1078 1663 1243 1707 provincia
1268 1673 1324 1695 seu
1344 1672 1417 1705 pars
1441 1667 1544 1693 terrae
1568 1661 1668 1693 Fluvii
1691 1662 1737 1693 la-

990 1716 1094 1750 nuarii
1122 1722 1151 1749 et
1181 1715 1295 1748 exinde
1324 1725 1427 1757 usque
1457 1714 1496 1746 ad
1522 1714 1677 1747 terminos
1707 1720 1734 1746 «ft

989 1771 1106 1803 limites
1123 1770 1240 1813 quibus
1251 1767 1444 1811 gubernium
1461 1767 1640 1810 temporale
1656 1767 1738 1800 eius-

990 1826 1061 1858 dem
1072 1823 1173 1856 Fluvii
1190 1822 1327 1855 Ianuarii
1344 1821 1538 1861 extenditur,
1552 1820 1737 1853 abecelesia

990 1872 1021 1910 et
1051 1876 1190 1910 dioecesi
1217 1875 1325 1909 Sancti
1353 1874 1523 1907 Salvatoris
1552 1873 1737 1905 huiiismodi

990 1930 1119 1974 penitus
1145 1933 1348 1972 separaretur
1373 1933 1404 1960 et
1433 1927 1734 1965 dismenilnaretur,

991 1983 1112 2025 illaque
1144 1982 1189 2014 sic
1219 1986 1365 2025 separata
1394 1986 1424 2012 et
1453 1979 1681 2012 dismembrata
1706 1978 1737 2009 in

990 2036 1141 2069 vicariam
1169 2046 1225 2067 seu
1251 2033 1561 2066 administrationem
1586 2031 1737 2075 spiritua-

992 2090 1054 2122 lein
1080 2088 1181 2121 Fluvii
1209 2087 1348 2121 Ianuarii
1380 2085 1651 2128 nuncupandam,
1679 2095 1737 2128 pro

993 2153 1058 2174 uno
1078 2140 1196 2174 vicario
1222 2152 1279 2173 seu
1305 2139 1562 2172 administratore
1588 2138 1620 2170 in
1644 2137 1738 2181 spiri-

992 2195 1133 2228 tualibus
1148 2194 1249 2227 Fluvii
1270 2192 1409 2226 Ianuarii
1432 2191 1662 2235 nuncupando,
1682 2190 1736 2234 qui

994 2248 1072 2281 inibi
1103 2247 1321 2281 omnimodam
1353 2245 1549 2288 spiritualem
1582 2250 1612 2276 et
1637 2244 1739 2277 eccle-

994 2302 1154 2335 siasticam
1176 2312 1212 2333 ae
1232 2299 1427 2332 ordinariam
1448 2303 1477 2329 et
1500 2297 1591 2340 quasi
1611 2297 1738 2340 episco-

994 2355 1100 2398 palem
1129 2352 1384 2386 iurisdietionem
1409 2355 1474 2382 tam
1505 2350 1537 2382 in
1563 2351 1633 2383 soro
1659 2350 1738 2382 inte-

995 2407 1072 2440 riori
1089 2418 1184 2450 quani
1201 2404 1349 2438 exteriori
1364 2404 1493 2436 haberet
1515 2409 1543 2435 et
1566 2409 1738 2441 exerceret,

996 2457 1173 2499 erigeretur
1197 2460 1226 2486 et
1247 2453 1489 2492 institueretur,
1516 2463 1551 2485 ex
1577 2453 1638 2485 hoe
1665 2463 1740 2496 pro-

995 2505 1078 2538 fecto
1094 2503 1257 2547 provincia
1274 2502 1375 2534 Fluvii
1394 2501 1533 2535 Ianuarii
1552 2500 1739 2534 huiusmodi

996 2553 1193 2586 felicioribus
1214 2551 1384 2594 proliceret
1400 2551 1617 2589 incrementis,
1640 2549 1740 2581 illius-

998 2614 1060 2647 que
1080 2601 1158 2637 cleri
1184 2606 1214 2636 et
1233 2600 1344 2645 populi
1370 2600 1608 2643 praedictorum
1629 2597 1738 2633 saluti,

1763 224 1815 254 An.
1831 224 1861 253 C.
1878 225 1944 254 1575
