2059 3228
150 258 198 286 An.
217 257 244 287 c.
263 258 331 288 1580
390 249 454 285 336

148 321 333 347 sunnamperso-
345 318 473 345 sanctae
493 311 675 350 utilitatem,
689 310 823 344 sinceris
842 315 1031 354 exoptamus
1047 311 1091 345 ai-

148 354 272 407 ffime'ma
294 350 333 373 ⁰*
345 365 492 405 sentibus,
507 375 566 408 pro
582 369 691 397 nostra
704 364 863 408 >pastorali
874 364 1089 398 sollicitudine
1108 332 1112 391 1

343 418 524 462 propellere
545 428 751 462 summopere
767 418 948 462 cupientes,
965 419 1090 452 dilectis

343 471 419 504 filiis
435 472 587 514 magistro
612 471 754 514 generali
780 482 817 505 ac
840 472 1090 516 provincialibus

344 530 373 557 ct
387 524 520 567 reliquis
531 525 677 558 eiusdem
688 524 816 559 Ordinis
828 525 990 570 praelatis,
1003 536 1090 559 nunc

344 583 372 610 et
392 588 451 622 pro
471 583 616 622 tempore
638 578 858 619 existentibus,
879 590 938 623 per
961 584 1089 623 aposto-

343 631 404 663 lica
417 631 535 675 scripta
554 637 584 665 et
601 632 634 664 in
652 632 768 665 virtute
788 628 915 666 sanctae
935 633 1090 666 obedien-

344 684 404 717 tiae
421 685 638 728 praecipimus
656 691 686 718 et
702 686 892 719 mandamus
911 696 963 726 ne,
985 685 1025 719 ad
1040 686 1089 718 in-

342 738 490 771 stantiam
507 744 537 772 et
548 739 789 783 requisitionem
808 750 1091 783 quarumcumque

342 801 568 836 personarum,
601 798 666 825 tam
685 792 842 826 laicarum
863 803 961 836 quam
989 793 1091 826 eccle-

342 844 556 887 siasticarum,
588 851 675 879 extra
695 846 918 890 supradictum
938 845 1090 880 Ordinem
1110 867 1111 870 =

342 899 601 940 constitutarum,
619 900 713 933 etiam
731 899 947 933 cardinalatus
966 900 1090 933 honore

342 963 381 986 ac
397 963 603 997 quacumque
623 953 780 986 saeculari
804 953 957 996 dignitate
988 954 1091 987 excel-

341 1006 451 1047 lentia,
474 1007 569 1040 etiam
590 1007 696 1040 ducali
707 1012 739 1040 et
759 1006 859 1049 regali
874 1011 905 1040 et
919 1007 1089 1050 imperiali,

301 1065 306 1070 ‘
341 1059 548 1102 fulgentium,
570 1060 669 1092 cuivis
693 1059 770 1092 dicti
790 1059 919 1092 Ordinis
937 1059 1089 1102 religioso

341 1113 442 1146 ullam
462 1113 599 1157 gratiam
619 1113 797 1146 concedere
816 1113 863 1146 rel
891 1123 1011 1156 poenas
1031 1113 1090 1146 ali·
1110 1111 1111 1141 ἶ

341 1178 422 1211 quas
445 1167 607 1200 remittere
627 1166 767 1199 audeant
791 1177 847 1199 seu
867 1172 1087 1210 praesumant.
1109 1157 1111 1195 1

385 1221 400 1264 ξ
424 1220 455 1253 Q.
481 1221 666 1260 Quinimmo
695 1231 919 1264 quoscumque
944 1214 1111 1264 eiusdem}

147 1279 331 1332 fffogffluisssgs'
343 1268 470 1308 Ordinis
489 1274 603 1307 fratres
633 1280 664 1307 et
682 1273 860 1316 religiosos,
887 1273 942 1317 qui
979 1279 1091 1307 contra
1110 1271 1111 1303 ἶ

146 1329 331 1367 ,umgasoffiffl
343 1328 473 1361 decreta
499 1338 632 1361 suarum
661 1327 927 1360 constitutionum
957 1328 1016 1360 hac
1041 1327 1090 1360 via

146 1371 284 1399 pneuma.
345 1387 376 1416 et
391 1382 429 1414 iis
441 1381 555 1414 mediis
568 1392 626 1425 per
637 1381 837 1414 mendicatos
848 1381 971 1414 favores
982 1386 1013 1414 et
1023 1381 1090 1414 sus·
1110 1387 1112 1434 l

342 1435 443 1479 fragia
466 1435 589 1479 aliquid
608 1435 668 1468 sibi
687 1435 948 1479 procuraverint,
965 1435 1005 1468 ad
1029 1435 1091 1468 alia
1110 1448 1111 1457 ¹

343 1495 375 1524 et
394 1489 510 1523 similia
534 1495 565 1522 et
593 1489 688 1522 etiam
715 1488 836 1521 maiora
853 1489 885 1521 in
906 1488 1020 1522 eodem
1035 1488 1092 1522 Or-

343 1543 418 1577 dine
433 1543 670 1586 consequenda,
691 1542 867 1587 apostolica
886 1543 1089 1584 auctoritate,

342 1602 455 1631 tenore
474 1595 704 1640 praesentium,
726 1595 979 1633 inhabilitamus,
994 1606 1030 1629 ac
1045 1596 1093 1629 in·
1110 1588 1113 1614 ἶ

342 1650 467 1684 habiles
494 1655 651 1694 pei-petuo
670 1648 738 1682 fore
759 1654 787 1682 et
808 1660 886 1689 esse,
909 1660 1014 1693 neque
1033 1660 1092 1694 per

343 1713 576 1748 quoscumque,
593 1702 654 1735 nisi
665 1713 722 1746 per
732 1702 847 1735 Sedem
861 1703 1089 1746 Apostolicam,

343 1756 545 1792 rehabilitari
557 1762 697 1790 autcum
712 1756 789 1800 ipsis
803 1756 942 1801 desuper
961 1757 1092 1801 dispen-
1112 1754 1113 1786 ἶ

343 1811 408 1845 sari
427 1822 532 1856 posse.

388 1866 404 1910 ἓ
427 1864 458 1899 3
488 1865 604 1909 Sicque
636 1874 694 1908 per
721 1874 946 1908 quoscumque
970 1863 1114 1909 iudices,

158 1954 163 1959 ,
190 1921 276 1958 S¹¹b,¹³¹,³
311 1927 332 1957 ³1
344 1918 526 1953 ordinarios
549 1923 581 1951 et
604 1918 777 1960 delegatos,
800 1917 896 1950 etiam
921 1928 1092 1950 causarum
1112 1920 1114 1938 l

149 1952 456 2007 lttzstsslssff⁰³¹⁶¹paiatn
476 1971 651 2016 Apostolici
671 1981 708 2003 ac
723 1971 754 2004 s.
783 1971 819 2003 a.
843 1971 877 2003 E.
901 1971 1090 2011 cardinales,
1112 1942 1114 1991 Ι

344 2027 471 2061 sublata
494 2025 539 2059 eis
559 2031 589 2058 et
614 2035 726 2058 eorum
748 2024 880 2057 cuilibet
899 2025 1010 2068 quavis
1034 2025 1092 2057 ali-

345 2086 395 2114 ter
412 2079 577 2114 iudicandi
597 2084 629 2112 et
645 2078 877 2122 interpretandi
897 2078 1048 2111 facultate
1064 2084 1094 2111 et

346 2133 550 2175 auctoritate,
578 2132 715 2166 iudicari
741 2137 771 2165 et
799 2132 926 2165 definiri
951 2132 1092 2171 debere;

346 2187 475 2220 irritum
495 2196 625 2230 quoque
645 2191 676 2219 et
694 2185 789 2218 inane
808 2185 964 2229 quicquid
984 2191 1095 2218 contra

347 2241 521 2284 praemissa
540 2240 703 2284 aliquibus
718 2249 908 2273 concessum
920 2239 1028 2280 suerit,
1039 2245 1096 2272 ant

349 2305 446 2338 super
463 2294 500 2327 iis
519 2305 537 2328 a
555 2305 719 2338 quoquam
740 2293 909 2337 contigerit
932 2293 1092 2331 attentari,

350 2348 539 2380 auctoritate
559 2353 590 2380 et
613 2353 726 2382 tenore
749 2347 922 2392 praedictis
946 2347 1076 2380 decerni

351 2410 421 2433 mus
441 2406 471 2433 et
490 2401 704 2435 declaramus.

394 2454 408 2496 ἓ
428 2453 459 2486 4.
481 2454 549 2488 Non
578 2455 779 2488 obstantibus
813 2453 1096 2488 constitutionibus

201 2504 339 2555 Quamne:
351 2507 382 2534 et
401 2503 656 2537 ordinationibus
677 2504 875 2548 apostolicis;
896 2515 934 2537 ac
953 2503 1028 2537 dicti
1043 2503 1076 2537 O.
1088 2523 1096 2526 ⁴

155 2540 269 2589 iifmsi'iss
299 2540 311 2556 ⁰
352 2550 444 2591 dinis,
467 2551 561 2585 etiam
592 2553 772 2587 iuramento
797 2560 828 2587 et
852 2553 1095 2587 confirmatione

353 2601 528 2644 apostolica
546 2603 596 2635 vel
616 2603 727 2646 quavis
746 2602 898 2636 firmitate
918 2602 980 2635 alia
1000 2603 1096 2634 robc-

353 2647 443 2690 ratis‚
469 2650 594 2684 statutis
623 2656 654 2685 et
677 2650 977 2693 consuetudinibus,
1000 2651 1097 2684 oriri-

939 258 1118 283 autunum
1137 258 1288 283 noitmtm

1130 311 1223 354 legiis
1242 321 1383 354 quoque,
1404 310 1538 344 indultis
1557 316 1588 344 et
1611 310 1728 345 litteris
1751 315 1881 355 aposto·
1903 302 1910 308 ’
1952 310 1955 314 ’

1110 1049 1111 1058 ¹
1131 1011 1243 1043 eadem
1258 1009 1379 1054 ubique
1394 1010 1473 1043 fides
1488 1010 1690 1052 adhibeatur,
1707 1011 1880 1056 quaeipsis

1131 363 1201 398 licis
1221 363 1466 408 quomodolibet
1486 365 1659 406 concessis,
1683 363 1883 398 confirmatis

1131 424 1161 451 et
1181 418 1351 459 innovatis;
1375 418 1492 461 quibus
1513 419 1674 459 omnibus,
1697 429 1811 452 eorum
1833 423 1882 452 te-
1904 463 1914 471 ¹

1131 482 1239 512 nores,
1261 483 1297 505 ac
1321 472 1347 505 si
1368 472 1407 505 de
1426 472 1523 505 verbo
1542 473 1582 505 ad
1602 472 1735 506 verbum
1757 473 1880 506 insere-

1131 531 1245 560 rentur
1269 525 1505 570 praesentibus,
1526 536 1584 569 pro
1612 526 1809 560 sufficienter
1829 537 1897 561 ex·-

1131 580 1248 624 pressis
1268 579 1435 620 habentes,
1462 580 1501 613 ad
1521 580 1709 613 earumdem
1727 591 1882 624 praesen-

1132 634 1213 667 tium
1233 634 1384 667 effectum
1406 633 1587 677 specialiter
1606 639 1637 667 et
1661 644 1810 678 expresse
1829 634 1884 668 de·

1132 698 1303 731 rogamus;
1343 687 1522 730 ceterisque
1556 687 1726 721 contrariis
1745 687 1881 732 quibus-

1132 752 1284 786 cumque.

1175 795 1191 838 ἓ
1215 796 1247 829 5.
1260 795 1416 829 Volumus
1435 800 1543 828 autem
1555 794 1641 839 quod
1662 795 1880 839 praesentium

1130 849 1353 892 transumptis,
1375 849 1471 882 etiam
1492 859 1561 892 non,
1581 848 1758 892 impressis,
1779 859 1880 883 manu

1131 902 1270 936 alicuius
1289 903 1411 947 publici
1430 903 1547 936 notarii
1574 903 1762 947 subscriptis
1785 908 1818 938 et
1835 903 1880 937 si-

1130 956 1208 1000 gillo
1228 956 1304 990 dicti
1333 957 1489 1003 magistri?
1511 957 1671 1000 generalis
1694 956 1877 1001 obsignatis,

1131 1064 1343 1108 originalibus
1361 1064 1476 1098 litteris
1494 1065 1714 1106 adhiberetur,
1733 1065 1760 1099 si
1773 1065 1881 1100 forent

1131 1118 1291 1151 exhibitae
1310 1119 1360 1152 vel
1379 1124 1536 1157 ostensae,

1174 1161 1289 1205 D'atum
1308 1172 1428 1206 Romae
1448 1173 1533 1217 apud
1558 1173 1714 1207 Sanctum
1732 1173 1877 1216 Petrum,

1131 1225 1190 1258 sub
1217 1226 1336 1259 annulo
1365 1226 1548 1267 piscatoris,
1569 1227 1621 1260 die
1649 1226 1756 1271 primo
1782 1227 1876 1270 iunii,

1131 1279 1304 1313 millesimo
1313 1280 1571 1324 quingentesimo
1583 1281 1791 1325 octogesimo,
1799 1292 1880 1327 pon-

1131 1334 1271 1367 tificatus
1291 1334 1393 1367 nostri
1412 1345 1497 1368 anno
1513 1345 1556 1368 lx.

1180 1392 1244 1423 Dat.
1263 1392 1311 1424 die
1333 1393 1347 1423 1
1368 1392 1443 1424 iunii
1460 1393 1555 1432 1580,
1575 1393 1681 1434 pontis.
1697 1402 1775 1425 anno
1790 1402 1831 1426 11.

1628 1530 1639 1547 Ι

1447 1562 1561 1597 CXVII.

1135 1639 1256 1673 Contra
1276 1650 1342 1672 non
1366 1639 1521 1673 solventes
1543 1640 1582 1672 in
1605 1639 1684 1682 sesto
1714 1638 1765 1673 Ss.
1785 1639 1882 1674 Petu·

1177 1698 1207 1726 et
1229 1693 1330 1726 Pauli
1353 1703 1474 1734 census,
1502 1704 1639 1726 canones
1662 1697 1693 1727 et
1714 1693 1784 1726 alia
1807 1695 1882 1727 iura

1176 1746 1378 1780 Reverendae
1411 1746 1566 1781 Gamerae
1596 1747 1797 1792 Apostolicae
1826 1746 1881 1781 de-

1177 1800 1246 1833 bita
1264 1800 1291 1833 1.

1192 1880 1338 1917 Gregorius
1352 1881 1494 1917 episcopus
1508 1888 1602 1910 servus
1617 1887 1756 1910 servorum
1767 1881 1824 1916 Dei.

1281 1935 1315 1963 ad
1336 1936 1496 1971 pei-petuam
1510 1935 1551 1964 rei
1564 1936 1734 1964 memoriam,

1178 2006 1224 2038 Ad
1244 2005 1379 2039 Romani
1398 2005 1562 2038 Pontificis
1580 2011 1703 2050 spectat
1722 2006 1879 2050 officium,

1134 2059 1212 2093 boni
1236 2059 1474 2104 patrisfamilias
1506 2060 1665 2104 exemplo,
1691 2071 1807 2095 curare
1830 2072 1882 2096 se-

1135 2113 1212 2146 dulo
1231 2124 1268 2147 ac
1292 2113 1460 2157 providere
1484 2123 1525 2147 ne
1552 2114 1643 2147 Sedis
1676 2121 1708 2148 et
1729 2115 1883 2150 Gamerae

1135 2166 1336 2210 Apostolicae
1356 2167 1512 2208 dominia,
1534 2168 1748 2212 proprietates
1761 2175 1792 2203 et
1810 2169 1883 2203 iura

1136 2220 1322 2264 depereant,
1344 2231 1422 2254 neve
1441 2221 1615 2255 contraius
1629 2222 1740 2266 fasque
1756 2223 1795 2256 ab
1811 2223 1884 2257 aliis

1136 2280 1349 2318 occupentur,
1371 2285 1408 2307 ac
1434 2275 1459 2308 si
1479 2286 1541 2318 qua
1560 2286 1598 2309 ex
1617 2276 1662 2309 eis
1679 2277 1728 2309 vel
1757 2281 1883 2321 tempo·

1137 2338 1208 2360 rum
1230 2327 1350 2361 iniuria
1368 2328 1418 2361 vel
1437 2328 1607 2362 hominum
1635 2329 1756 2362 malitia
1774 2334 1806 2363 et
1824 2339 1884 2363 cu-

1137 2380 1271 2424 piditate
1290 2382 1339 2414 vel
1359 2382 1468 2425 aliquo
1491 2382 1555 2415 alio
1579 2393 1655 2416 casu
1685 2382 1821 2416 detineri
1852 2387 1884 2416 et
1935 2378 1938 2382 ’

1174 2449 1185 2475 1
1212 2447 1314 2476 Contra
1333 2455 1391 2476 non
1411 2448 1552 2477 solventes
1570 2449 1624 2477 hos
1639 2456 1745 2478 census
1763 2449 1883 2484 primam

1138 2493 1313 2520 sanctionem
1333 2493 1420 2521 edixit
1439 2494 1621 2522 Innocentius
1640 2493 1710 2529 VIII,
1730 2497 1762 2522 ut
1778 2493 1808 2522 in
1821 2494 1884 2522 eius

1138 2537 1249 2564 constit.
1270 2544 1308 2571 iv,
1324 2538 1507 2572 Apostolicae,
1528 2542 1596 2566 tom.
1620 2545 1653 2573 v,
1676 2546 1739 2574 pag.
1762 2538 1824 2566 311.
1848 2539 1885 2566 Et
1931 2542 1934 2543 ’

1139 2581 1240 2608 deiude
1256 2582 1384 2610 latiorem
1419 2582 1789 2611 onstitutionem.formavit
1809 2582 1884 2611 Pau-

1139 2625 1192 2693 ἓξὲξ
1203 2625 1279 2690 Ιέἳίἒ]
1299 2627 1389 2655 consti
1405 2648 1411 2655 .
1437 2633 1500 2663 xvi,
1522 2626 1730 2663 Irwumheruia,
1752 2629 1819 2656 tom.
1835 2633 1884 2664 vl,
