2059 3228
44 734 81 1039 &2Woufi'ss‘9'
40 428 69 712 ·!¹1.e:*⁴7<*·92-2:1·vff¹{
50 356 70 381 ’ς
64 312 66 317 ,
41 286 44 291 ’
63 228 65 230 .

72 916 89 935 “’.
77 671 81 673 ’
73 487 88 509 ἀ
78 386 93 410 ·.
78 287 82 294 *
71 216 103 258 :2¹-
94 183 99 189 ἱ
100 154 106 159 .
94 119 108 131 ⁴,
82 59 108 97 ,νζ

55 1064 65 1154 -2ae<

791 270 872 295 GREG
878 269 969 294 omns
989 269 1042 292 xm
1063 269 1111 291 ΓΡ.

1597 256 1674 291 875

169 319 232 370 que
263 325 392 359 vicariis
417 330 449 357 et
473 324 589 358 ceteris
613 323 737 357 ordinis
759 323 919 356 yecclesia·
963 327 995 354 ct
1017 321 1111 353 inane
1132 320 1289 363 quidquid
1318 326 1429 355 contra
1450 321 1520 354 illas
1543 330 1601 365 per
1625 329 1719 362 quos-

166 379 222 413 tici
242 378 399 423 personis,
424 378 644 411 saecularibus
655 383 696 415 et,
723 377 818 410 etiam
836 377 919 410 Men·
963 371 1118 417 cunique,
1134 374 1271 407 scienter
1292 376 1339 408 rel
1363 376 1560 418 ignoi‘anter,
1575 374 1718 417 contige-

165 431 356 478 dipanfium,
372 431 589 475 regularibus,
606 431 637 463 in
649 441 857 475 quacumque
871 430 919 463 di·
963 427 1004 460 rit
1028 427 1188 460 attentari.
1350 443 1354 445 *

164 484 285 530 gnitate
318 485 534 518 ecclesiastiea
566 484 759 523 constitutis,
787 483 918 516 ditionis

165 538 570 583 praedictae,iniungimus
590 544 626 570 ut
645 538 917 580 quotiescumque

163 601 224 636 pro
242 596 334 636 parte
359 592 530 625 custodum
551 597 582 624 ct
601 591 803 624 confratrum
825 600 918 633 prae-

105 669 111 678 .
163 643 324 690 dictorum
349 655 405 677 seu
426 644 565 677 alicuius
585 653 699 676 eorum
724 642 845 676 suerint
864 653 915 675 re-

162 697 285 743 quisiti,
307 698 470 731 laudabile
491 697 655 740 hocopus,
677 706 735 740 pcr
754 707 787 729 se
806 696 855 728 vel
881 707 914 728 a-

160 750 243 785 lium
265 761 321 784 seu
342 751 435 790 alios,
459 751 556 783 etiam
577 749 730 782 adhibitis
750 749 838 781 verbi
858 749 913 782 Dei

161 804 458 845 concionatoribus,
482 805 514 836 in
545 804 777 847 suis,quisque
808 803 913 836 eccle-

160 857 227 899 siis,
256 858 371 902 plateis
398 864 429 891 et
450 857 529 891 loeis
549 862 580 889 ct
598 857 796 900 ubicumque
831 863 912 900 opus

128 932 135 939 ·
160 911 231 952 erit,
262 911 411 945 omnibus
444 911 708 943 christifidelibus
744 911 913 955 publicent

159 969 258 1009 atque
267 964 476 1004 denuncient,
489 964 640 1008 ipsosque
661 964 701 997 ad
718 964 807 1003 illud,
822 964 910 997 omni

159 1018 266 1052 studio
286 1023 317 1051 et
332 1018 498 1057 charitate,
520 1017 559 1050 ad
579 1018 810 1061 eleemosynas,
824 1018 912 1051 obla-

156 1071 262 1105 tiones
277 1076 308 1105 et
326 1072 430 1114 legata
450 1071 615 1115 praedicta
635 1071 781 1104 certatim
803 1072 912 1104 conse-

157 1125 270 1165 renda,
283 1125 372 1158 omni
392 1125 498 1158 studio
513 1130 542 1158 et
556 1125 709 1158 charitate
731 1132 907 1165 accersant,

158 1183 196 1212 ut
228 1179 355 1212 miseris
384 1183 415 1212 et
448 1178 574 1211 afflictis
599 1178 743 1222 captivis,
767 1189 907 1221 quorum

113 1234 121 1243 '
159 1233 341 1267 animarum
362 1233 548 1277 periculum
567 1232 726 1272 imminet,
744 1232 909 1276 copiosius

158 1292 380 1321 succurratur.

202 1341 218 1385 ᾗ
237 1340 268 1374 5.
295 1340 454 1379 Ceterum,
471 1346 505 1373 ut
522 1340 613 1384 pium
625 1340 687 1373 hoc
708 1350 800 1384 opus,
823 1340 908 1373 salu-

157 1393 270 1427 bribus
288 1393 441 1427 institutis
466 1393 638 1435 dilectum,
655 1393 761 1426 felicia
786 1392 818 1425 in
838 1393 906 1426 dies

99 1473 101 1479 ,
92 1443 311 1491 „suscipiat
330 1447 540 1484 incrementa
568 1447 756 1480 custodibus
776 1452 806 1479 et
826 1457 903 1479 con-

155 1501 308 1535 fratribus
339 1501 512 1545 praedictis
535 1501 700 1533 licentiam
730 1499 905 1533 tiibuimus

155 1559 204 1595 ut,
220 1554 260 1590 ad
270 1554 410 1588 faustum
422 1560 452 1587 et
464 1554 660 1587 incolumem
670 1548 788 1587 statum
803 1553 904 1596 ipsius

156 1607 263 1653 operis
294 1608 355 1641 rit'e
374 1613 470 1651 atque
490 1607 602 1641 ordine
623 1607 899 1647 constituendum,

155 1671 381 1706 quaecumque
404 1666 534 1701 statuta,
557 1661 777 1695 ordinationes
795 1666 826 1694 et
849 1661 903 1693 de-

157 1720 243 1749 creta
261 1715 350 1749 licita
369 1720 400 1749 et
417 1715 553 1748 honesta
581 1714 746 1757 sacrisque
766 1714 900 1747 canoni-

155 1767 217 1802 bus
246 1768 441 1812 conciliique
463 1768 641 1801 Tridentini
675 1767 811 1801 decretis
835 1778 900 1800 non

156 1821 329 1863 contraria,
354 1827 386 1856 et
411 1833 429 1855 a
447 1827 558 1855 nostro
582 1822 615 1854 in
635 1821 719 1854 L'rbe
752 1821 785 1854 in
805 1821 899 1864 spiri-

156 1875 298 1910 tualibus
328 1875 448 1909 vicario
492 1875 702 1919 approbanda
739 1874 898 1915 condere;

156 1939 194 1963 ac
212 1929 351 1970 condita,
363 1929 631 1973 quotiescumque
651 1939 732 1972 opus
748 1929 818 1969 erit,
832 1939 902 1961 mu-

157 1987 226 2017 tare
244 1989 276 2017 et
291 1983 465 2026 corrigere,
488 1989 518 2016 et
537 1982 633 2015 etiam
653 1982 786 2015 omnino
803 1983 852 2015 vel
869 1982 901 2015 in

157 2041 247 2080 parte
277 2036 446 2079 abrogare,
480 2036 622 2079 aliaque,
648 2042 684 2069 ut
707 2036 899 2079 praefertur,

89 2084 105 2113 -’
157 2090 377 2134 approbanda,
393 2090 433 2123 de
447 2100 529 2123 novo
549 2090 655 2129 edere,
669 2100 706 2122 ac
726 2095 832 2123 cetera
851 2101 903 2133 ge-

159 2153 242 2186 rere,
264 2143 377 2188 exequi
406 2149 438 2176 et
461 2153 623 2184 exercere,
649 2153 732 2187 quae
752 2143 784 2176 in
812 2154 905 2187 prae-

114 2208 126 2244 ᾗ
158 2197 263 2231 missis
270 2197 451 2231 necessaria
462 2196 581 2230 fuerint
597 2197 903 2240 quomodocumque

158 2255 191 2284 et
209 2255 405 2295 opportuna.

202 2302 268 2347 ἓὸ.
289 2302 504 2337 Decernentes
527 2309 711 2347 praesentes
731 2314 768 2336 ac
797 2303 906 2335 omnia

64 2386 65 2390 ,
78 2367 147 2423 [5²2
159 2355 194 2390 in
209 2356 256 2390 eis
274 2361 425 2390 contenta
444 2363 602 2401 perpetuo
626 2357 778 2390 inviolata
798 2367 875 2389 cons
880 2357 905 2388 i-

73 2402 107 2455 5
117 2403 265 2456 ‚'1⁸‘ste1e;
297 2410 406 2453 sicque
440 2420 499 2454 per
528 2420 750 2453 quoscumque
785 2409 906 2441 iudices

161 2463 342 2497 ordinarios
361 2468 392 2496 et
423 2463 595 2505 delegatos,
616 2462 709 2495 etiam
736 2472 905 2494 causatum

90 2514 114 2546 ’ζ
160 2505 273 2545 Palatii
306 2511 483 2556 Apostolici
516 2511 679 2543 auditores
698 2521 733 2542 ac
754 2510 786 2542 S.
809 2510 845 2542 R.
868 2510 902 2542 E.

158 2560 353 2601 cardinales,
372 2560 497 2593 sublata
516 2558 562 2592 eis
581 2559 719 2602 quavis
710 2558 803 2591 aliter
823 2558 907 2590 iudi-

84 2600 86 2603 *
135 2605 258 2644 ''eandi
288 2615 319 2643 et
345 2587 578 2652 interpretandi
602 2608 765 2646 facultate,
787 2606 908 2649 ubique

162 2657 483 2692 iudicarietdessniri
499 2657 627 2697 debere3
644 2655 907 2689 necnonirritum
926 2667 930 2702 ξ
949 2656 1015 2688 riae
1053 2655 1091 2688 de
1124 2656 1267 2688 Mercede
1304 2656 1508 2696 altorumque
1538 2657 1694 2690 Ordinem

1006 481 1020 524 ξ
1042 481 1079 526 7:
1095 481 1253 519 Quocirca
1289 482 1526 515 venerabilibus
1559 481 1717 515 fratribus

960 534 1077 567 nostris
1100 534 1257 567 llostiensi
1280 541 1308 567 et
1335 535 1529 568 Bononiensi
1555 546 1593 569 ac
1612 535 1716 569 Peru-

960 588 1030 620 sino
1046 587 1206 631 episcopis
1219 599 1274 631 per
1289 589 1463 631 apostolica
1475 589 1604 633 scripta,
1622 593 1714 622 motu

961 641 1071 681 simili,
1096 641 1288 674 mandamus
1308 647 1342 674 ut
1363 642 1422 685 ipsi
1442 643 1490 675 vel
1511 643 1576 675 duo
1596 647 1653 676 aut-
1674 653 1713 676 u-

957 705 1019 727 nus
1039 698 1170 733 eorum,
1193 705 1251 738 per
1285 705 1317 727 se
1346 695 1395 727 rel
1415 695 1513 727 alium
1542 706 1599 729 seu
1619 695 1711 735 alios,

957 754 1141 791 praesentes
1154 748 1278 781 litteras
1298 754 1327 781 ct
1341 748 1373 780 in
1385 748 1430 781 cis
1446 755 1597 782 contenta
1613 759 1711 792 quae-

957 812 1108 845 cumque,
1130 802 1185 834 ubi
1217 808 1248 835 et
1268 802 1399 845 quando
1434 813 1516 845 opus
1536 803 1643 843 suerit,
1672 813 1713 836 ac

955 855 1081 899 quoties
1112 866 1170 899 pro
1202 862 1291 899 parte
1312 856 1483 889 custodum
1514 868 1550 889 ac
1581 857 1709 890 confra-

955 914 1042 942 trum
1073 910 1293 952 praesatorum
1332 920 1388 943 seu
1428 910 1564 943 alicuius
1594 921 1709 944 eorum

954 963 1075 995 suerint
1090 963 1249 1006 requisiti,
1277 963 1466 996 solemniter
1489 964 1707 1007 publicantes,

953 1017 1063 1060 eisque
1085 1017 1117 1049 in
1142 1017 1326 1060 praemissis
1346 1016 1485 1050 efficacis
1511 1017 1708 1050 defensionis

952 1070 1112 1113 praesidio
1147 1070 1341 1111 assistentes,
1363 1063 1481 1103 saciant
1513 1070 1704 1104 auctoritate

950 1129 1060 1157 nostra
1071 1124 1155 1167 ipsas
1166 1124 1288 1157 litteras
1299 1130 1330 1157 et
1341 1124 1374 1157 in
1385 1123 1431 1157 eis
1443 1129 1594 1157 contenta
1606 1134 1705 1167 quae-

951 1188 1092 1220 cumque
1113 1178 1151 1209 ab
1177 1177 1340 1217 omuibus,
1362 1188 1491 1221 semper
1514 1183 1545 1210 et
1566 1176 1702 1221 ubique,

950 1231 1088 1263 firmiter
1105 1230 1280 1272 observari;
1296 1242 1333 1264 ac
1344 1231 1504 1271 custodes,
1527 1231 1705 1264 confratres

950 1289 980 1317 et
993 1284 1183 1317 collectores
1195 1284 1377 1328 praedictos
1385 1290 1573 1328 ceterosque
1581 1295 1704 1325 omnes,

948 1348 1030 1381 quos
1048 1338 1172 1371 litterae
1190 1338 1278 1382 ipsae
1298 1344 1512 1378 concernunt,
1533 1338 1597 1371 illis
1619 1338 1706 1382 paci-

949 1392 1009 1425 fice
1043 1392 1107 1425 frui
1128 1399 1159 1425 et
1182 1392 1346 1435 gaudere,
1380 1402 1446 1425 non
1482 1392 1704 1436 permittentes

947 1446 1136 1489 quempiam
1175 1445 1322 1489 ipsorum
1349 1446 1491 1489 desuper
1527 1446 1617 1479 mole
1630 1446 1708 1478 stari

946 1499 1200 1532 contradictores
1229 1499 1392 1543 quoslibet
1412 1506 1442 1532 et
1474 1499 1614 1532 rebelles
1644 1510 1707 1543 per

945 1563 1097 1586 censuras
1116 1559 1146 1585 et
1172 1563 1292 1596 poenas
1311 1553 1542 1586 ecclesiasticas
1561 1553 1700 1596 aliaque;

944 1612 1127 1650 opportuna
1147 1607 1226 1640 iuris
1247 1612 1278 1640 et
1301 1607 1377 1640 sacti
1404 1606 1560 1646 remedia,
1592 1608 1704 1651 appel-

942 1661 1062 1694 latione
1093 1660 1284 1704 postposita,
1311 1661 1561 1703 compescendo;
1588 1660 1702 1703 legiti-

942 1715 1067 1757 misque
1087 1724 1184 1758 super
1203 1714 1253 1746 his
1272 1714 1430 1747 habendis
1460 1713 1594 1746 servatis
1618 1724 1698 1757 pro-

943 1769 1095 1807 cessibus,
1116 1778 1268 1801 censuras
1303 1774 1331 1801 et
1352 1778 1472 1811 poenas
1491 1768 1575 1811 ipsas
1597 1767 1697 1800 etiarn

942 1823 1060 1867 saepius
1069 1822 1280 1865 aggravando,
1292 1822 1438 1854 invocato
1452 1821 1547 1854 etiam
1559 1821 1597 1853 ad
1608 1821 1682 1861 hoc,

942 1877 968 1910 si
988 1887 1070 1921 opus
1089 1876 1196 1915 tuerit,
1218 1875 1337 1908 auxilio
1356 1875 1479 1908 blachii
1497 1875 1680 1908 saeculaiis.

1733 264 1789 291 An.
1807 262 1836 292 C.
1856 264 1921 292 1581

1780 479 1920 503 ssxecutomm

1731 511 1852 539 deputatio.

986 1929 1051 1974 §8
1077 1930 1146 1962 Non
1171 1929 1370 1962 obstantibus
1398 1927 1498 1962 felicis
1535 1931 1702 1962 recorda·
1716 1933 1883 1958 Clausulaede-

942 1984 1040 2016 tionis
1071 1983 1224 2016 Bonisacii
1263 1983 1337 2026 Pap
1332 1994 1367 2015 te
1396 1983 1471 2021 titt,
1500 1983 1688 2025 praedeces·

943 2036 1023 2070 soris
1035 2036 1150 2076 nostri,
1167 2036 1205 2069 de
1222 2047 1297 2075 una,
1309 2036 1380 2068 etin
1389 2035 1527 2068 concilio
1544 2036 1688 2078 generali

944 2091 1031 2123 edita
1050 2090 1089 2123 de
1108 2090 1233 2123 duabus
1263 2089 1386 2130 diaetis,
1409 2089 1586 2122 dummodo
1606 2089 1692 2121 ultra

945 2149 1008 2176 tres
1031 2143 1152 2176 diaetas
1183 2142 1296 2184 aliquis
1330 2141 1518 2175 auctoritate
1538 2153 1692 2186 praesen-

946 2196 1026 2229 tium
1048 2196 1087 2228 atl
1108 2196 1265 2229 iudicium
1286 2206 1351 2228 non
1377 2195 1533 2233 trahatur,
1555 2196 1692 2239 aliisque

946 2250 1129 2293 apostolicis
1150 2248 1441 2294 constitutionibus,
1455 2248 1599 2281 conciliis
1614 2260 1694 2292 quo—

945 2313 1007 2346 que
1023 2302 1268 2341 universalibus,
1288 2302 1383 2334 ctiam
1399 2302 1584 2335 facultatum
1596 2313 1694 2346 quae-

946 2356 1073 2388 stuandi
1107 2355 1324 2392 revocatoriis,
1349 2364 1477 2387 necnon
1501 2355 1692 2397 prohihitio-

947 2408 1043 2441 nibus
1080 2409 1220 2451 desuper
1253 2408 1356 2447 sactis;
1395 2418 1430 2440 ac
1469 2408 1690 2449 ecclesiarum,

948 2461 1230 2499 monasteriorum,
1249 2460 1468 2504 hospitalium,
1493 2461 1619 2504 piorum
1644 2462 1694 2495 lo-

949 2520 1074 2550 corum,
1101 2510 1309 2552 collegiorum
1338 2515 1369 2542 et
1400 2510 1535 2542 aliarum
1567 2511 1693 2543 confra-

948 2558 1146 2597 ternitatum,
1168 2568 1294 2590 necnon
1312 2557 1535 2592 Sanctissimae
1560 2560 1694 2592 Trinita-

950 2606 988 2639 tis
1021 2606 1260 2649 Rcdemptionis
1285 2606 1488 2649 Captivorum
1514 2614 1543 2641 ct
1569 2608 1602 2640 B.
1630 2608 1692 2640 Ma-

1700 1970 1831 1996 rogatoriae.
