2059 3228
130 265 183 294 An.
202 267 230 296 C.
253 269 319 298 ¹586

381 261 444 303 734

331 322 785 367 resdeputandosasuperiore
793 323 988 369 velcapitulo
1000 336 1074 369 pro-

327 374 452 408 vinciali
468 375 610 408 eiusdem
631 376 813 420 provinciae
825 378 952 422 publice
968 379 1030 422 legi
1043 385 1074 412 et

325 428 542 472 interpretari,
562 434 657 473 atque
672 429 704 462 in
725 430 845 464 eisdem
865 431 1070 466 facultatibus

323 482 598 524 baccalaureatus,
618 482 854 526 licentiaturae‚
884 485 1070 519 doctoratus

322 541 352 568 et
371 534 546 579 magisterii
576 537 693 580 gradus
722 538 861 571 conferri
887 545 1015 584 possent
1039 545 1069 572 et

319 588 486 629 deberent,
499 590 603 623 donec
615 595 650 623 ut
671 601 896 636 quaecumque
915 593 978 626 alia
992 593 1066 626 Stu-

318 642 364 675 dii
393 643 550 685 generalis
587 643 781 678 Universitas
814 646 847 678 in
873 646 959 680 dicta
989 647 1066 680 civi-

319 702 392 738 tate,
415 697 454 730 ad
474 697 657 730 instantiam
683 698 864 732 charissimi
891 699 924 733 in
939 700 1065 734 Christo

315 750 373 783 filii
393 751 494 784 nostri
508 750 648 796 Philippi
663 752 891 796 Hispaniarum
912 754 996 797 regis
1012 765 1064 787 ca-

306 803 436 849 tholici,
458 804 513 848 qui
533 805 629 839 etiam
649 806 812 840 dictarum
841 808 982 852 partium
1010 809 1067 842 do-

183 1123 259 1147 retina
273 1125 294 1147 P.

109 1156 253 1183 provincialis.

169 1502 254 1527 Brenno
264 1507 290 1528 de

106 1539 148 1561 qna
161 1535 182 1555 in
197 1536 299 1558 rubrica:

314 857 421 891 minus
449 858 567 899 existit,
595 859 792 900 instituatur,
821 860 1003 904 erigeretur
1033 866 1064 895 et

313 910 546 953 institueretur,
569 924 606 946 ex
620 913 681 946 hoc
702 913 847 957 ipsorum
858 913 1064 953 fratruunci·

312 965 412 1004 rium,
440 965 620 1000 incolarum
642 972 672 1000 ot
696 967 834 1001 aliorum
864 969 1062 1002 studentium

313 1019 535 1053 commoditati
555 1020 734 1064 plurimum
752 1021 986 1056 consuleretur.

355 1073 371 1117 g
395 1071 425 1105 2.
457 1073 562 1113 Quare
590 1084 648 1118 pro
678 1080 768 1118 parte
795 1075 1002 1119 provincialis
1031 1082 1062 1109 et

311 1126 447 1160 fratrum
472 1128 712 1172 praedictorum
732 1128 825 1162 nobis
848 1128 909 1162 fuit
931 1129 1062 1163 humili-

309 1184 358 1213 ter
377 1181 595 1224 supplicatum
612 1188 772 1225 quatenus
788 1182 906 1215 dictam
926 1183 1059 1216 Univer-

309 1232 434 1268 sitatem
453 1233 486 1267 in
505 1235 671 1279 praedicta
691 1235 787 1269 domo
797 1235 940 1269 eiusdem
953 1236 1060 1270 civita-

307 1286 358 1328 tis,
381 1293 417 1320 ut
436 1288 629 1332 praefertur,
652 1288 830 1329 instituere,
856 1289 999 1334 aliasque
1025 1290 1058 1323 in

308 1342 493 1385 praemissis
512 1349 696 1386 opportune
716 1342 884 1387 providere
901 1343 941 1377 de
965 1343 1057 1377 beni-

306 1395 426 1438 gnitate
446 1397 622 1439 apostolica
642 1396 860 1440 dignaremur.

350 1451 366 1494 §
388 1451 421 1485 3.
447 1451 509 1484 Nos
528 1450 635 1494 igitur,
658 1451 898 1485 considerantes
917 1458 1056 1495 quantae

305 1504 451 1539 utilitatis
470 1507 502 1539 in
524 1506 644 1539 eisdem
664 1505 810 1550 partibus
835 1506 874 1538 sit
895 1506 982 1549 quod
1011 1506 1057 1539 di-

305 1561 348 1594 cti
360 1560 489 1594 Ordinis
502 1560 637 1604 professi
657 1566 688 1593 et
704 1560 757 1593 alii
776 1560 893 1593 ibidem
912 1571 1055 1594 commo-

304 1620 412 1648 rantes
431 1615 581 1648 studendi
611 1614 872 1647 commoditatem
901 1614 1052 1653 habeant,

304 1674 339 1702 ut
358 1669 473 1703 exinde
489 1668 521 1701 in
537 1668 628 1702 vinea
637 1668 764 1701 Domini
782 1668 894 1701 utilius
913 1679 944 1701 se
962 1679 1053 1701 exer-

303 1734 376 1757 cere
403 1723 540 1763 valeant;
579 1723 729 1767 ipsosque
763 1722 994 1767 provincialem
1023 1727 1053 1755 et

301 1777 439 1811 fratrum
458 1777 699 1822 praedictorum
714 1776 1053 1820 singulare-personas

300 1843 319 1865 a
337 1831 502 1875 quibusvis
536 1830 891 1871 excommunicationis,
920 1841 1052 1874 suspcn-

299 1885 398 1919 sionis
417 1891 448 1919 et
466 1885 628 1918 interdicti
658 1884 792 1928 aliisque
826 1883 1051 1917 ecclesiasticis

298 1939 476 1981 sententiis,
499 1939 643 1973 censuris
661 1944 691 1971 ct
710 1938 834 1982 poenis,
863 1948 881 1970 a
905 1937 975 1970 iure
1001 1937 1049 1970 rel

297 1993 337 2026 ab
362 1993 508 2033 homine,
541 1993 652 2037 quavis
677 1992 844 2025 occasione
871 1991 919 2023 vel
940 2001 1047 2031 eausa,

297 2047 381 2087 latis,
413 2048 439 2081 si
469 2048 586 2090 quibus
611 2046 855 2091 quomodolibet
879 2044 1049 2078 innodatae

296 2102 447 2142 existunt,
467 2102 507 2135 ad
519 2101 668 2135 effectum
687 2099 904 2144 praesentium
921 2099 1048 2131 dumta-

295 2162 348 2190 xat
378 2155 656 2199 consequendum.
687 2155 802 2186 harum
832 2152 914 2185 serie
941 2151 1049 2184 absol-

295 2216 403 2245 ventes
418 2216 449 2244 et
467 2210 632 2243 absolutos
652 2209 718 2241 sore
739 2211 917 2246 censentes,
936 2205 1049 2238 liuius-

296 2265 383 2299 modi
403 2262 693 2309 supplicationibus
712 2260 866 2300 inclinati,
895 2259 928 2292 in
954 2269 1047 2302 prae-

297 2319 381 2352 dicta
402 2318 502 2362 ipsius
522 2316 655 2350 civitatis
677 2316 773 2348 domo
794 2324 891 2346 unam
912 2312 1045 2345 Univer-

295 2373 421 2405 sitatem
451 2369 555 2404 Studii
585 2368 756 2413 generalis,
793 2367 824 2399 in
850 2377 913 2411 qua
946 2364 1047 2409 aliqui

296 2425 439 2469 magistri
465 2430 495 2457 et
515 2423 632 2458 eruditi
662 2422 873 2467 professores,
908 2430 926 2452 a
949 2429 1046 2463 supe-

296 2474 379 2508 riore
400 2474 588 2517 provinciali
608 2473 656 2506 vel
687 2471 828 2516 capitulo
858 2467 1047 2514 provinciali

295 2525 370 2558 dicti
390 2524 517 2558 Ordinis
537 2522 674 2566 eligendi
692 2527 722 2554 et
742 2519 929 2564 deputandi,
954 2518 1046 2551 theo-

295 2574 426 2618 logiam,
455 2574 505 2606 ius
530 2573 722 2606 canonicum
743 2576 775 2604 et
794 2574 877 2602 artes
896 2567 1046 2601 liberales

295 2633 422 2656 necnon
438 2622 519 2654 *alias
538 2630 761 2665 quascumque
788 2618 890 2651 licitas
915 2616 1046 2650 faculta-

297 2677 343 2706 tes
362 2677 394 2705 et
412 2670 563 2704 scientias
574 2669 713 2714 -publice
723 2669 852 2712 legant,
864 2667 999 2701 doceant
1015 2670 1046 2698 et

923 272 1102 307 Bt'tLAmrn
1126 274 1277 298 ROMANFM

1114 325 1379 370 interpretentur,
1399 338 1436 362 ac
1451 328 1552 373 ipsius
1571 329 1859 366 Ordinissratresct

1113 378 1167 412 alii
1187 379 1386 425 quicumque
1410 382 1586 423 scholares,
1607 383 1670 417 sive
1689 385 1774 426 laici,
1797 386 1861 419 sivo

1114 432 1238 473 clerici,
1249 434 1431 468 saeculares
1446 440 1476 468 et
1495 437 1680 479 quorumvis
1690 437 1857 479 Ordinum,

1112 485 1208 519 etiam
1229 486 1492 529 Mendicantium,
1516 489 1692 531 regulares,
1714 491 1861 525 ubicum-

1111 550 1175 582 que
1200 539 1329 573 oriundi
1363 546 1394 574 et
1425 541 1654 586 undecumque
1687 544 1858 578 advenien-

1110 598 1168 633 tes,
1180 593 1213 626 in
1225 593 1345 628 eisdem
1364 595 1572 629 facultatibus
1591 601 1621 629 et
1641 596 1780 630 scientiis
1796 603 1860 632 stu-

1109 646 1215 680 deant.

1152 700 1167 743 ς
1190 699 1222 733 4.
1245 700 1376 734 Necnon
1395 700 1469 741 illis,
1489 701 1545 744 qui
1562 701 1712 735 catholici
1733 707 1762 736 et
1775 702 1857 737 adid
1897 717 1958 742 raom
1995 735 1997 739 ,
2029 733 2030 739 ,
2050 704 2055 709 ’

1869 749 1960 770 cedendi

1107 753 1214 786 idonei
1239 754 1360 798 reperti
1375 754 1508 795 fuerint,
1529 754 1804 798 baccalaureatus‚
1819 757 1936 801 li·„„„„

1106 807 1317 847 centiaturae,
1339 808 1525 842 doctoratus
1554 814 1586 842 et
1613 809 1788 853 magisterii
1818 821 1856 844 ac

1105 860 1160 893 alii
1190 861 1361 895 cuiuslibet
1380 861 1488 895 licitae
1507 861 1669 896 facultatis
1687 863 1806 906 gradus
1824 869 1856 898 et

1105 914 1243 958 insignia
1263 916 1474 948 conserantur
1492 919 1523 948 et
1539 917 1768 958 concedantur,
1780 928 1855 951 cum

1104 969 1213 1010 archa,
1241 969 1346 1012 sigillo
1380 975 1412 1002 et
1443 969 1514 1002 aliis
1548 968 1729 1012 insignibus
1748 971 1853 1005 Studii

1102 1022 1274 1065 generalis,
1301 1023 1405 1056 donec
1425 1028 1456 1056 et
1472 1034 1643 1067 quousque
1667 1023 1730 1056 alia
1749 1023 1854 1058 Studii

1101 1076 1263 1120 generalis
1286 1076 1481 1110 Universitas
1509 1077 1543 1109 in
1561 1077 1646 1110 dicta
1666 1077 1793 1111 civitate
1811 1078 1853 1115 ad

1102 1130 1285 1163 instantiam
1312 1130 1414 1175 ipsius
1438 1130 1579 1174 Philippi
1606 1131 1689 1173 regis
1710 1130 1853 1165 instituta

1101 1184 1210 1224 suerit,
1227 1184 1403 1228 apostolica
1415 1184 1616 1225 auctoritate,
1635 1189 1747 1218 tenore
1756 1195 1850 1229 prae-

1099 1238 1251 1279 sentium,
1271 1238 1426 1281 erigimus
1446 1243 1476 1272 et
1495 1238 1706 1278 instituimus;

1143 1292 1158 1335 ξ,
1182 1291 1212 1326 5.
1239 1292 1356 1336 Illique
1376 1292 1422 1326 sic
1445 1298 1572 1326 erectae
1583 1297 1614 1325 et
1632 1292 1796 1326 institutae
1810 1303 1849 1326 ac
1869 1285 1971 1329 ‘vnvm
1992 1309 1994 1311 ·

1099 1345 1167 1379 eius
1199 1356 1257 1390 pro
1291 1350 1437 1390 tempore
1476 1345 1685 1379 existentibus
1713 1346 1845 1388 rectori,
1861 1340 2003 1390 ξζῖζξζζζωζ

1097 1399 1137 1432 ab
1175 1399 1289 1432 eodem
1323 1399 1492 1443 superiore
1518 1399 1566 1431 vel
1596 1399 1738 1442 capitulo
1769 1409 1848 1443 pro·
1861 1405 1930 1421 ⁰0⁵⁵*

1097 1453 1224 1486 vineiali
1254 1452 1402 1496 eligendo
1444 1458 1475 1486 et
1512 1453 1709 1496 deputando,
1745 1452 1848 1497 magi-

1097 1505 1180 1546 stris,
1192 1506 1440 1550 professoribus,
1455 1506 1644 1547 lectoribus,
1662 1511 1848 1551 praecepto-

1097 1560 1196 1600 ribus,
1212 1560 1424 1600 scholaribus,
1446 1559 1574 1593 bidellis
1593 1565 1624 1592 et
1642 1559 1713 1593 aliis
1727 1560 1848 1594 officia-

1095 1613 1192 1655 libus,
1215 1615 1369 1647 ministris
1391 1620 1424 1648 et
1446 1614 1606 1658 personis,
1636 1624 1764 1648 necnon
1782 1614 1846 1647 ibi-

1095 1669 1168 1701 dem
1193 1668 1232 1701 ad
1265 1679 1489 1712 quoscumque
1521 1668 1638 1711 gradus
1671 1667 1842 1712 promotis,

1094 1722 1182 1765 quod
1202 1722 1354 1754 omnibus
1377 1727 1408 1754 et
1433 1721 1567 1764 singulis
1592 1720 1778 1764 privilegiis,
1798 1721 1844 1754 sa-

1094 1775 1498 1814 cultatibus,libcrtatibus,
1510 1774 1781 1815 immunitatibus,
1791 1785 1843 1808 ex-

1093 1829 1324 1873 emptionibus,
1354 1839 1419 1861 non
1445 1833 1551 1861 tamen
1575 1839 1593 1860 a
1619 1827 1842 1861 iurisdictione

1093 1884 1192 1927 regia,
1215 1882 1456 1926 praerogativis,
1479 1881 1740 1922 antelationibus‚
1757 1891 1842 1925 prae-

1092 1936 1283 1976 eminentiis,
1314 1935 1487 1972 favoribus,
1523 1934 1711 1974 honoribus,
1741 1933 1829 1977 digni

1091 1990 1220 2030 tatibus,
1243 1988 1516 2029 concessionibus,
1549 1987 1680 2020 indultis
1712 1992 1744 2020 et
1771 1986 1841 2020 aliis

1091 2043 1351 2087 quibuscumque
1371 2042 1494 2085 gratiis,
1521 2042 1639 2085 quibus
1663 2040 1744 2074 aliae
1769 2040 1841 2074 Stu-

1090 2097 1218 2130 diorum
1245 2095 1444 2139 generalium
1465 2095 1621 2127 dictarum
1643 2093 1786 2137 partium
1800 2093 1840 2127 U-

1090 2150 1299 2189 niversitates,
1327 2149 1522 2191 illarumque
1542 2158 1600 2191 pro
1620 2146 1839 2190 temporeexi-

1089 2210 1208 2237 stentes
1239 2209 1402 2241 rectores,
1439 2201 1594 2244 magistri,
1627 2200 1836 2245 professores,

1089 2259 1238 2298 lectores,
1260 2262 1497 2301 praeceptores,
1520 2254 1696 2294 scholares,
1727 2253 1838 2287 bidelli

1088 2323 1124 2344 ac
1139 2311 1193 2344 alii
1213 2309 1375 2347 officiales,
1391 2308 1748 2352 ministrietpersonae,
1759 2317 1838 2340 nec-

1088 2376 1154 2399 non
1186 2365 1305 2398 ibidem
1325 2364 1365 2397 ad
1385 2373 1610 2408 quoscumque
1626 2361 1746 2405 gradus
1764 2370 1838 2404 pro-

1088 2419 1179 2458 moti,
1212 2418 1250 2451 de
1277 2418 1347 2450 iure
1375 2418 1423 2450 vel
1451 2415 1686 2460 consuetudine
1701 2425 1739 2447 ac
1757 2413 1837 2447 alias

1087 2467 1342 2512 quomodolibet,
1364 2471 1512 2503 utuntur,
1534 2463 1705 2508 potiuntur
1719 2468 1749 2497 et
1760 2473 1837 2506 gau—

1087 2517 1174 2557 dent,
1197 2527 1234 2550 ac
1253 2515 1311 2555 uti,
1332 2514 1428 2558 potiri
1453 2519 1483 2547 et
1501 2513 1641 2557 gaudere
1661 2515 1835 2556 possuntet

1089 2572 1236 2610 poterunt
1247 2564 1527 2609 quomodolibetin
1538 2563 1550 2594 s
1550 2560 1834 2613 uturum,pari1'o‘r-

1087 2616 1182 2648 miter
1210 2621 1240 2647 et
1264 2623 1364 2655 aeque
1395 2611 1618 2656 principaliter
1645 2609 1704 2650 uti,
1737 2608 1834 2652 potiri

1086 2670 1116 2697 et
1140 2663 1281 2708 gaudere
1310 2661 1433 2707 possint
1465 2666 1496 2694 et
1523 2660 1673 2699 debeant,
1698 2656 1833 2700 perinde

1878 279 1931 312 An.
1941 279 1976 318 ,α
1994 279 2000 305 s
