2059 3228
139 224 193 256 An-
210 223 240 255 C·
257 224 326 256 1584

383 217 449 253 488

339 280 492 326 peritum,
519 289 685 313 sermones
707 279 755 312 vot
785 277 938 312 lectiones
962 278 1083 317 haberi,

338 333 372 367 in
409 332 529 377 quibus
568 332 632 364 illis
669 337 870 375 exponantur
906 331 1083 375 scripturae

336 385 458 420 Veteris
485 385 699 426 Testamenti,
738 385 849 430 Moysis
889 385 1013 419 scilicet
1054 391 1080 418 et

334 439 582 484 prophetarum,
605 438 793 482 praesertim
819 449 911 479 vero,
938 449 1020 482 quae
1046 449 1082 471 eo

333 492 466 527 sabbato
486 492 640 536 leguntur
652 503 708 526 seu
718 493 819 526 lectae
835 492 868 525 in
883 501 996 525 eorum
1011 498 1080 525 sunt

334 546 520 590 synagogis,
547 546 636 579 iuxta
668 551 854 579 sanctorum
890 551 998 579 tamen
1027 546 1079 578 Pa<

333 604 420 633 trum
440 599 725 644 interpretationes
754 605 784 633 et
802 611 913 633 verum
947 599 1079 632 catholi-

333 663 390 687 cae
411 653 573 687 Ecclesiae
594 664 735 694 sensum,
758 664 795 686 ac
821 653 852 686 in
873 653 919 686 eis
943 652 1079 685 dissera—

334 712 387 740 tur
407 706 447 740 de
465 707 598 740 veritate
609 706 801 741 christianae
826 706 913 746 fidei,
936 706 974 738 de
994 711 1081 738 certo

333 760 471 794 adventu
492 766 524 794 et
545 760 765 794 incarnatione
790 760 860 792 Filii
885 759 952 800 Dei,
982 759 1080 792 illius-

332 824 396 857 que
415 813 590 855 nativitate,
619 815 693 855 vita,
716 813 892 854 miraculis,
919 813 1078 856 passione,

333 873 449 909 morte,
483 869 660 912 sepultura,
693 868 849 901 descensu
883 867 921 900 ad
948 866 1078 904 inferos,

331 922 581 962 resurrectione,
608 921 640 954 in
669 921 795 954 coelum
821 920 1020 959 ascensione,
1042 920 1079 952 dc

331 974 401 1008 eius
417 975 589 1018 Evangelio
610 975 642 1007 in
663 980 729 1007 toto
751 979 907 1006 terrarum
930 973 1006 1006 orbe
1025 984 1073 1016 pei

331 1028 494 1072 apostolos
513 1028 582 1061 eius
602 1033 631 1061 et
645 1028 724 1060 alios
739 1033 866 1060 sanctos
881 1026 1077 1070 praedicato.

331 1081 512 1115 innumeris
532 1087 628 1124 atque
649 1080 834 1114 clarissimis
861 1080 1031 1113 virtutibus
1051 1087 1076 1112 et

331 1134 508 1169 illustrium
526 1135 757 1168 miraculorum
767 1134 1076 1177 gloriaconfirinato,

330 1200 368 1222 ac
383 1189 422 1222 de
443 1188 511 1222 eius
532 1188 691 1233 spirituali
712 1194 740 1221 et
761 1199 835 1221 vero
857 1198 969 1231 regne,
992 1193 1022 1220 et
1042 1188 1079 1220 de

331 1242 431 1287 impio
448 1242 609 1275 idolorum
624 1243 712 1276 cultu
733 1241 869 1282 sublato,
889 1248 918 1273 et
935 1240 1077 1284 gentium

329 1295 509 1337 vocatione,
537 1295 575 1329 de
600 1301 757 1339 perpetua
781 1300 848 1327 tum
879 1295 1077 1327 Hierusalem:

330 1355 361 1383 et
381 1356 483 1383 terrae
518 1350 706 1383 eorumdem
737 1349 928 1382 iudaeorum
954 1349 1078 1381 desola-

333 1403 429 1444 tione,
449 1409 518 1436 tum
535 1403 680 1447 ipsorum
701 1403 820 1446 ubique
840 1408 1000 1435 terrarum
1019 1402 1078 1434 dis-

332 1456 481 1501 persione
501 1462 532 1489 et
557 1455 750 1500 captivitate,
773 1456 852 1489 etde
877 1455 947 1488 aliis
966 1455 1080 1488 similis

331 1510 512 1553 argumenti
527 1510 728 1553 dogmatibus
749 1515 779 1543 ct
799 1509 943 1542 articulis
958 1520 993 1542 ex
1009 1510 1079 1552 lege

331 1570 362 1597 et
381 1564 558 1608 prophetis,
582 1564 619 1597 de
639 1563 762 1597 diutina
785 1568 952 1606 praeterea
982 1568 1012 1596 et
1036 1562 1079 1596 ir—

332 1617 390 1650 rita
413 1617 604 1650 iudaeorum
625 1617 778 1650 adventus
803 1616 932 1649 Messiae
966 1622 996 1650 et
1012 1627 1081 1650 car-

331 1670 413 1704 nalis
433 1670 519 1704 illius
554 1670 642 1713 regni
679 1669 911 1714 expectatione,
939 1670 977 1703 de
1001 1680 1081 1702 vana

331 1734 456 1764 eorum,
479 1734 561 1767 quae
581 1734 688 1767 saepe,
711 1723 895 1767 quinimmo
924 1723 1078 1767 quetidie,

331 1788 386 1811 eos
405 1777 556 1810 frustrata
582 1783 638 1817 est,
664 1787 719 1820 spe
753 1777 876 1809 reditus
895 1776 926 1808 in
960 1782 1080 1809 terram

332 1830 566 1875 promissionis,
586 1835 617 1863 et
636 1830 881 1863 restaurationis
901 1829 985 1862 tertii
1005 1836 1081 1862 tem—

331 1884 388 1928 pli,
411 1889 442 1916 et
461 1884 592 1917 demum
613 1884 651 1916 de
678 1883 914 1926 multiplicibus
934 1888 960 1915 et
988 1882 1082 1915 variis

332 1938 501 1971 erroribus
521 1943 552 1971 et
579 1937 767 1970 haeresibus
791 1947 918 1976 eorum,
946 1935 978 1968 in
1003 1947 1081 1979 quas

334 1990 513 2024 miserrime
551 2001 584 2023 se
625 1990 872 2030 demerserunt,
912 1994 1080 2033 postquam

333 2044 492 2078 Christum
514 2045 684 2078 Dominum
710 2044 743 2077 in
777 2053 873 2076 carne
900 2043 1080 2076 venientem

334 2108 507 2141 agnoscere
528 2098 714 2139 noluerunt,
738 2102 768 2130 et
792 2096 831 2129 de
856 2096 932 2128 salsa
954 2107 1011 2139 per
1026 2106 1081 2129 eo-

334 2163 407 2184 rum
428 2151 580 2185 rabbinos
604 2151 722 2184 tradita
747 2160 911 2183 sacrarum
937 2148 1082 2192 Scriptu-

335 2215 444 2238 rarum
483 2204 758 2248 interpretatione,
791 2213 929 2247 quarum
962 2202 1082 2235 littera-

336 2268 408 2290 rum
438 2267 566 2291 sensum
596 2256 733 2297 sabulis,
765 2255 941 2290 mendaciis
967 2260 997 2289 et
1031 2266 1084 2287 va-

336 2311 391 2343 iiis
419 2311 500 2344 dolis
520 2317 550 2344 et
570 2310 673 2344 modis
706 2311 937 2354 detorquentes
971 2319 1084 2341 corru-

336 2369 453 2406 perunt
476 2370 507 2397 ct
526 2364 752 2408 depravarunt,
775 2369 805 2396 et
830 2364 986 2396 hactenus
1014 2372 1083 2394 cor-

337 2423 488 2456 rumpere
499 2419 529 2446 et
539 2413 713 2457 depravare
725 2423 788 2446 non
802 2412 964 2450 desinunt,
978 2411 1082 2454 deque

337 2461 485 2494 omnihus
511 2462 591 2503 aliis,
613 2473 695 2504 quae
715 2473 770 2495 eos
792 2461 915 2505 possint
938 2461 976 2493 ad
997 2459 1085 2502 agni-

338 2509 455 2542 tionem
481 2510 567 2551 fidei,
590 2511 627 2543 ad
649 2520 795 2543 errorum
817 2518 950 2542 suorum
973 2518 1082 2540 corre-

338 2557 489 2599 ctionem,
505 2559 542 2591 ad
559 2559 834 2603 orthodoxamque
847 2557 941 2590 tidem
954 2566 1084 2590 conver-

339 2611 417 2648 tere,
439 2617 498 2651 pro
522 2607 598 2650 loci,
619 2607 773 2654 temporis
793 2605 978 2652 sumptique
991 2615 1085 2650 argu-

935 225 1115 250 BUmeml
1133 225 1284 251 nmmum

1126 277 1224 311 menti
1246 274 1382 319 ratione,
1408 279 1585 323 prudenter
1607 283 1714 323 agant,
1729 279 1813 313 veris
1841 284 1874 312 et

1126 342 1161 363 cx
1199 341 1288 364 saera
1318 331 1485 375 Scriptura
1514 332 1713 376 depromptis
1736 333 1870 366 demon-

1125 384 1344 425 strationibus,
1367 386 1456 418 nulla
1473 396 1546 418 cum
1563 385 1792 420 obtrectatione
1817 391 1871 419 aut

1125 438 1304 479 iracundia,
1327 439 1381 472 sed
1402 449 1514 482 magna
1529 449 1601 472 cum
1614 440 1743 473 caritate
1759 446 1790 473 et
1804 450 1872 474 mo-

1125 491 1237 532 destia,
1269 491 1409 525 veritatis
1432 493 1541 525 lumen
1569 492 1631 526 illis
1658 493 1782 537 aperire
1815 503 1868 527 co-

1124 551 1252 578 nentur.

1166 598 1226 641 ξὲἳ.
1250 598 1293 631 Ad
1315 609 1397 642 quos
1416 609 1580 632 sermones
1600 605 1628 632 et
1649 598 1804 634 lectiones
1817 611 1870 632 vo-

1124 648 1231 681 lumus
1262 648 1427 681 universos
1460 654 1489 680 et
1526 648 1668 690 singulos
1701 649 1870 692 utriusque

1124 707 1216 729 sexus
1240 696 1374 730 iudaeos
1401 708 1419 730 a
1444 697 1614 730 duodecim
1640 697 1732 729 annis
1759 707 1868 740 supra,

1124 745 1309 779 infirmitate
1329 751 1384 778 aut
1400 746 1462 778 alia
1478 745 1619 788 legitima
1632 756 1740 784 causa,
1755 745 1793 778 de
1808 757 1872 789 qua

1123 795 1303 827 ordinarios
1324 795 1441 827 docere
1468 794 1616 833 debeant,
1643 805 1708 827 non
1734 794 1871 838 impedi—

1123 849 1182 883 tos,
1209 843 1241 875 in
1262 844 1387 876 civitate
1409 843 1546 883 etlocis,
1566 843 1870 886 utpraesertur,ha-

1122 891 1259 925 bitantes
1277 893 1324 925 vel
1345 893 1476 925 aliunde
1499 892 1715 931 advenientes,
1745 892 1869 925 etiamsi

1123 941 1200 973 inibi
1232 941 1433 973 domicilium
1469 951 1532 973 non
1558 941 1706 980 habeant,
1731 940 1868 974 vicissim

1123 1000 1158 1022 ac
1179 989 1337 1033 tripartite
1358 990 1482 1029 saltem,
1505 1000 1564 1022 nec
1585 999 1738 1031 uniquam
1764 989 1872 1023 minus

1122 1038 1294 1071 convenire
1317 1038 1341 1070 ¹.
1364 1038 1454 1078 Quod
1476 1038 1500 1071 si
1524 1039 1628 1071 facere
1658 1037 1869 1081 neglexerint,

1123 1087 1282 1120 interdicti
1303 1098 1377 1120 cum
1397 1087 1547 1120 fidelibus
1563 1086 1748 1120 commercii
1760 1092 1790 1120 et
1800 1087 1870 1120 aliis

1122 1136 1243 1179 poenis,
1255 1136 1388 1169 arbitrio
1401 1136 1553 1169 ordinarii
1571 1146 1629 1180 pro
1649 1136 1869 1169 contumaciae

1123 1186 1217 1218 modo
1252 1185 1457 1229 imponendis
1472 1212 1479 1225 ,
1519 1185 1621 1218 donec
1659 1185 1870 1219 satisfecerint

1122 1240 1354 1278 competenter,
1377 1235 1415 1267 ad
1437 1235 1522 1278 ipsos
1542 1244 1707 1268 sermones
1733 1234 1868 1268 audien-

1121 1284 1177 1316 dos
1198 1284 1444 1326 compellantur.

1165 1331 1231 1375 ξῧ.
1255 1332 1360 1375 Siquis
1378 1343 1453 1365 vero
1481 1332 1520 1365 de
1553 1342 1690 1365 numero
1721 1332 1867 1366 fidelium
1906 1346 2007 1369 cim

1122 1382 1164 1415 ita
1185 1382 1279 1415 suerit
1300 1382 1411 1414 salutis
1431 1387 1486 1414 aut
1505 1381 1555 1414 sui
1575 1387 1630 1414 aut
1646 1381 1782 1424 proximi
1802 1381 1851 1415 sui

1124 1491 1203 1520 mor,
1243 1480 1298 1523 qui
1334 1490 1388 1513 eos
1412 1490 1430 1512 a
1461 1478 1654 1512 salutaribus
1681 1478 1866 1512 huiusmodi

1122 1529 1325 1563 sermonibus
1357 1539 1414 1562 seu
1448 1527 1641 1561 lectionibus
1669 1527 1789 1561 directe
1818 1529 1867 1561 vei

1123 1578 1277 1611 indirecte
1297 1576 1466 1610 abduxerit
1494 1581 1549 1609 aut
1576 1575 1779 1620 impediverit
1810 1586 1867 1610 seu

1122 1626 1323 1660 contenderit
1343 1625 1585 1669 quoquomodo,
1607 1624 1867 1658 excommunica-

1124 1675 1218 1709 tionis
1238 1674 1395 1708 sententia
1415 1675 1454 1707 sit
1473 1685 1511 1707 eo
1532 1674 1600 1717 ipso
1615 1673 1730 1716 ligatus
1746 1679 1776 1707 et
1791 1682 1868 1707 con-

1124 1730 1170 1758 tra
1196 1735 1271 1757 eum
1291 1724 1330 1758 ad
1355 1724 1433 1757 alias
1452 1726 1573 1767 poenas
1598 1722 1756 1756 ordinarii
1781 1722 1867 1756 arhi-

1122 1773 1184 1807 trio
1205 1773 1336 1806 omnino
1360 1773 1565 1817 procedatur.

1166 1823 1182 1865 ζξ
1201 1822 1231 1854 4.
1255 1822 1417 1861 Ceterum,
1457 1821 1685 1865 imperatorem
1708 1830 1866 1863 regesque

1123 1876 1152 1903 et
1176 1871 1339 1914 principes
1359 1880 1482 1910 ornnes,
1506 1879 1633 1903 necnon
1658 1868 1866 1912 respublicas,

1124 1920 1326 1962 magistratus
1351 1926 1381 1952 et
1409 1919 1558 1952 dominos
1581 1918 1774 1961 temporales
1798 1928 1867 1951 sae-

1123 1969 1249 2001 culares
1263 1979 1415 2011 rogamus
1434 1973 1464 2001 et
1483 1968 1682 2000 obtestamur
1691 1967 1722 1999 in
1732 1967 1868 2000 Domino

1123 2022 1158 2049 ut
1188 2016 1391 2060 patriarchis,
1423 2016 1686 2059 archiepiscopis,
1711 2015 1868 2059 episcopis

1123 2071 1153 2098 et
1187 2066 1258 2098 aliis
1282 2064 1453 2099 ordinariis
1474 2064 1657 2108 praedictis,
1688 2074 1868 2107 eorumque

1123 2114 1247 2147 vicariis
1272 2120 1302 2147 et
1327 2113 1482 2147 ministris
1508 2124 1602 2146 suum
1626 2112 1659 2145 in
1686 2111 1869 2156 praemissis

1123 2163 1279 2196 auxilium
1298 2167 1471 2207 praestent,
1493 2162 1726 2207 amplissimum
1743 2161 1782 2195 ab
1801 2171 1869 2194 om-

1123 2211 1282 2256 nipotenti
1313 2212 1378 2245 Deo
1420 2212 1600 2255 praemium
1639 2211 1671 2243 in
1709 2209 1869 2254 supremis

1124 2261 1244 2305 gloriae
1264 2266 1413 2294 aeternae
1432 2259 1649 2294 tabernaculis
1667 2259 1821 2292 habituri.

1168 2311 1183 2354 ξ
1207 2311 1237 2343 5.
1265 2310 1301 2343 Et
1330 2310 1483 2354 quoniam
1510 2309 1640 2342 difficile
1660 2307 1757 2341 nimis
1786 2312 1868 2340 esset

1125 2365 1309 2404 praesentes
1328 2360 1367 2392 ad
1400 2359 1509 2392 omnia
1541 2359 1624 2397 loca,
1656 2357 1774 2400 quibus
1805 2355 1868 2388 illis

1125 2420 1206 2453 opus
1239 2408 1310 2449 erit,
1342 2407 1490 2452 perferri,
1516 2408 1663 2440 volumus
1692 2411 1728 2439 ut
1757 2415 1867 2438 earum

1125 2457 1292 2500 exempliS,
1314 2457 1409 2490 etiam
1429 2455 1604 2499 impressis,
1626 2465 1722 2488 manu
1747 2453 1868 2497 publici

1160 2526 1170 2551 1
1195 2524 1304 2552 Locum
1318 2524 1396 2551 hunc
1410 2523 1447 2551 ita
1461 2522 1525 2558 legit
1541 2522 1674 2550 Cheruh.:
1689 2520 1814 2550 habeam,
1832 2520 1869 2547 ila

1121 2576 1172 2603 per
1190 2568 1334 2596 circuitum
1352 2568 1495 2596 convenire
1513 2569 1543 2595 ut
1561 2567 1640 2594 ter-'ia
1664 2565 1755 2594 saltem
1775 2571 1868 2592 eorum

1122 2620 1200 2649 pars,
1219 2621 1267 2642 nec
1285 2620 1416 2650 nmquam
1434 2611 1534 2647 minus,
1553 2617 1656 2646 semper
1674 2609 1743 2638 adstt
1762 2611 1802 2646 (a.
1818 2610 1871 2644 w,

1886 218 1985 266 Ami-¹
2006 220 2026 251 i:

1900 609 1962 633 tudae
2013 617 2024 633 ο
2038 604 2040 607 ’

1886 654 1975 700 trinsqu
1986 654 1988 657 ι
2011 650 2017 664 Ι

1885 703 1975 724 inient
1999 718 2001 730 ,
2013 709 2040 731 t*¹

1885 729 2007 758 aientio‘

1855 1408 1864 1422 2
1910 1409 1915 1414 ⁵
1948 1416 1975 1425 ,μμ

1121 1432 1160 1463 de
1184 1441 1248 1474 quo
1274 1431 1451 1473 unicuique
1472 1431 1658 1463 mandatum
1674 1436 1733 1471 est,
1755 1430 1867 1464 imme·
1881 1409 2004 1464 iffi„-

1879 1471 1947 1492 ducen
1963 1486 1965 1488 .
1974 1474 1984 1495 ξς

1880 1867 1943 1886 veut
1960 1863 1980 1887 -·’,
1999 1871 2015 1899 :4

1881 1897 1918 1917 riis
1927 1895 1948 1917 in
1966 1916 1968 1919 ,
1984 1916 2003 1926 ,,

1881 1927 1918 1948 sis.

1881 2364 1939 2386 siimp
1954 2366 1955 2377 ;

1882 2393 1936 2410 atur.

1965 3015 1968 3022 -
1957 2694 1984 2966 armies-2⁴:3³»
1959 2651 1983 2667 ἡ
1952 2523 1955 2528 “
1950 2447 1994 2472 '⁴
