2059 3228
36 211 88 254 [ῃ
96 208 131 249 c„
141 209 212 247 1576

56 855 134 878 statuta
148 858 170 877 et
178 861 209 877 or-

46 887 146 908 lnuttonos
155 892 208 908 con-

45 917 91 940 enai

59 1701 173 1726 clausulae,

821 209 996 234 GREGORlUS
1028 209 1082 233 xm
1115 210 1162 233 ΓΡ.

180 281 181 285 =
230 263 325 298 etiam
347 273 364 297 a
381 263 573 297 criminibus
588 263 620 296 in
640 262 885 297 eisdemlitteris
904 274 976 296 con-

173 346 185 353 „
225 317 335 358 tentis,
361 318 458 350 semel
482 318 512 350 in
533 319 597 350 vita
616 323 756 357 tantum,
781 317 862 351 etin
889 327 976 349 mor-

228 365 267 403 tis
289 370 427 407 articulo
445 370 556 403 eadem
577 370 768 403 auctoritate
795 370 973 405 absolvere.

173 463 176 467 ⁴
227 434 264 459 ac
281 434 341 467 pro
359 423 537 456 commissis
556 423 785 467 poenitentiam
803 423 975 456 salutarem

175 509 181 513 ,
226 476 408 519 iniungere,
430 487 558 510 necnon
578 476 976 519 votaquaecumque,llic-

175 563 181 567 ,
227 530 460 573 rosolymitani,
482 530 668 563 visitationis
688 530 835 563 liminum
847 540 975 562 coruin-

226 583 298 618 detn
317 583 584 617 Beatorunil‘etri
604 589 635 617 et
655 584 973 626 Pauliapostolorum

225 647 262 670 ac
282 636 388 671 Sancti
408 637 514 671 Iacobi
535 637 567 669 in
597 637 825 680 Compostella,
847 645 975 668 necnon

181 724 186 727 ,
225 689 377 725 castitatis
397 695 427 723 et
446 689 621 732 Religionis
641 689 720 722 votis
737 689 901 722 dumtaxat
920 699 973 721 cx-

225 742 336 785 ceptis,
359 742 392 775 in
412 743 474 776 alia
494 742 621 786 pietatis
640 752 739 785 opera
759 747 971 776 commutare.

267 795 282 838 ἓ
306 795 338 829 6,.
364 796 408 829 Ac
427 801 591 840 postremo
611 795 733 828 eisdem
759 795 974 829 confratribus

223 849 331 883 utalia
347 860 571 893 quaecumque
584 848 973 889 ordinationesctstatuta,

223 901 296 936 felix
325 902 469 946 regimen
506 908 536 935 et
574 912 766 946 prosperum
792 907 911 936 statum
937 913 974 935 ac

221 955 490 1001 gubernationem
537 956 666 988 illarum
701 955 971 989 archiconfrater-

220 1007 330 1044 nitatis
347 1014 379 1042 et
398 1008 700 1042 confraternitatum
726 1014 972 1052 aggregaturum

190 1100 197 1103 ,
221 1066 253 1095 et
271 1062 548 1106 aggregandarum
569 1061 823 1106 praedictarum,
846 1073 973 1096 rerum-

221 1124 284 1161 que
303 1115 525 1159 spiritualium
539 1120 570 1148 et
586 1116 815 1159 temporalium
836 1127 973 1158 quomo-

221 1168 343 1207 dolibet
363 1169 603 1211 concernentia,
634 1169 774 1203 condere
802 1175 833 1203 et
853 1170 970 1211 facere,

222 1226 253 1257 et
283 1227 348 1256 tam
372 1222 428 1256 illa
455 1233 552 1266 quam
571 1223 634 1256 alia
644 1233 872 1266 quaecumque
885 1223 974 1257 licita

221 1280 254 1311 et
272 1275 408 1309 honesta
424 1286 461 1310 ac
477 1276 577 1310 sacris
585 1275 764 1309 canonibus
784 1282 815 1309 et
835 1277 974 1311 decretis

221 1328 350 1362 concilii
370 1329 548 1362 Tridentini
568 1340 634 1362 non
654 1329 825 1370 contraria,
850 1330 974 1373 quoties

222 1381 268 1415 eis
287 1382 460 1424 videbitur,
493 1382 679 1423 immutare,
710 1383 859 1424 alterare,
891 1383 974 1418 limi-

223 1440 303 1476 tare,
326 1435 501 1480 corrigere,
528 1436 705 1477 declarare,
735 1436 923 1470 modificare
943 1442 975 1472 et

203 1488 256 1530 ,in
284 1489 401 1524 melius
429 1489 607 1523 reformare
635 1489 737 1522 libere
762 1496 793 1523 et
818 1489 904 1524 licite
923 1501 974 1524 va-

223 1542 318 1583 leant,
353 1542 517 1577 licentiam
550 1543 761 1576 concedimus
780 1548 811 1576 et
830 1543 975 1587 imparti-

206 1635 209 1637 >
225 1605 310 1630 mur.

267 1649 282 1693 ἓ
308 1648 338 1682 7.
365 1648 545 1683 Districtius
566 1649 749 1683 inhibentes
769 1649 921 1682 omnibus
945 1655 975 1682 et

224 1702 368 1746 singulis,
406 1702 504 1736 etiam
541 1703 707 1746 quibusvis
745 1703 975 1736 commissariis

224 1756 332 1790 Sancti
353 1755 536 1800 Spiritusin
548 1756 652 1795 Sarda,
670 1761 700 1789 et
722 1755 828 1789 Sancti
848 1756 976 1789 Ioannis

225 1809 457 1849 Lateranensis,
490 1810 586 1845 etiam
615 1810 646 1843 S.
681 1809 782 1842 Rochi
813 1809 852 1843 de
890 1810 975 1843 Urbe

226 1862 402 1906 praedicta,
415 1873 543 1900 necnon
559 1863 667 1896 Sancti
688 1863 843 1896 Bernardi
864 1863 976 1896 Montis

228 1915 344 1956 Sionis,
366 1921 398 1949 et
417 1916 551 1949 Sanctae
572 1917 690 1950 Mariae
710 1917 749 1949 de
761 1917 883 1960 Populo
895 1927 978 1949 nun-

229 1974 364 2013 cupatae
409 1969 640 2003 incurabilium
672 1970 976 2013 Neapolitanorum,

230 2033 266 2055 ac
287 2022 552 2055 Annunciationis
573 2023 686 2055 Beatae
708 2022 823 2055 Mariae
841 2023 976 2065 Virginis

230 2075 412 2116 Caietanae,
434 2076 638 2118 aliorumque
651 2075 857 2118 hospitalium
872 2076 979 2120 etpio-

233 2140 304 2162 rum
322 2129 482 2170 locorum,
504 2140 631 2162 necnon
650 2129 816 2172 quibusvis
830 2129 980 2173 aliisper-

233 2181 536 2226 sonis,cuiuscumq.
551 2183 670 2226 gradus
683 2188 713 2215 et
728 2183 980 2226 praeeminentiae

235 2235 365 2276 fuerint,
384 2246 424 2268 ne
440 2236 569 2280 publice
590 2237 636 2269 vel
653 2237 790 2276 occulte,
804 2236 980 2270 directevel

218 2283 404 2337 “indii-ecte,
425 2288 537 2332 quovis
556 2289 701 2333 quaesito
713 2289 820 2322 colore
836 2290 881 2322 vel
896 2289 982 2332 inge-

220 2341 303 2385 ‚ni0,
326 2341 460 2374 dilectos
478 2342 563 2376 filios
582 2343 756 2376 modernos
775 2348 805 2376 et
823 2353 880 2385 pro
900 2348 981 2376 tem-

236 2401 316 2435 pore
339 2391 508 2424 existentes
527 2391 748 2434 primicerium
771 2397 801 2424 et
820 2392 980 2431 custodes,

220 2437 301 2483 'utam
323 2439 684 2473 archieonfraternitatis
702 2451 799 2483 quain
812 2440 985 2472 confrater-

224 2488 374 2533 r,nitatum
400 2494 645 2531 aggregatarum
667 2488 983 2531 etaggi·egandarum

229 2537 491 2582 praedictarum,
514 2538 560 2570 vel
581 2538 619 2570 ab
640 2537 684 2571 eis
705 2538 799 2570 etiam
821 2548 878 2581 pro
905 2543 984 2571 tein-

227 2584 318 2632 'pore
353 2587 534 2630 deputatos,
570 2586 750 2626 molestare,
783 2585 985 2629 perturbare,

1660 199 1724 234 533

1022 261 1200 305 iuquietare
1230 265 1276 297 vel
1307 264 1475 307 impedire,
1498 264 1529 297 in
1563 269 1630 297 toto
1654 264 1702 298 vel
1735 264 1767 297 in

1022 320 1124 358 parte,
1142 316 1207 348 ullo
1228 318 1323 350 modo
1336 318 1475 351 audeant
1485 317 1533 350 vel
1545 322 1763 361 praesumant.

1020 368 1064 400 Ac
1084 368 1293 402 decernentes
1312 380 1349 402 cx
1369 381 1456 403 nunc
1472 371 1600 404 irritum
1612 376 1644 404 et
1658 370 1764 410 inane,

1020 421 1044 453 si
1063 432 1155 454 secus
1174 433 1271 466 super
1290 423 1340 456 liis
1359 435 1377 457 a
1396 434 1572 467 quoquam,
1593 424 1701 466 quavis
1712 436 1764 457 au-

1020 474 1178 514 ctoritate,
1201 476 1338 509 scienter
1347 477 1599 520 velignoranter,
1621 477 1764 521 contige-

1020 527 1060 560 rit
1080 528 1239 562 attentari.

1063 581 1078 623 ἓ
1093 581 1123 614 8.
1146 581 1215 615 Non
1229 583 1428 617 obstantibus
1439 584 1721 618 constitutionibus
1736 590 1766 618 ct

1019 633 1277 668 ordinationibus
1288 637 1482 679 apostolicis,
1500 638 1670 671 contrariis
1693 639 1765 682 qui-

1019 686 1397 732 buscumque.0uoci1·ca
1406 691 1642 724 venerabilibus
1658 692 1765 724 fratri-

1018 740 1078 773 bus
1086 741 1203 774 nostris
1210 742 1412 785 pat1·iarchiS‚
1429 744 1680 788 archiepiscopis
1691 750 1721 778 et
1734 756 1766 777 c-

1020 792 1303 836 piseopis,neenon
1313 796 1437 830 dilectis
1450 796 1524 829 filiis
1535 808 1647 830 corum
1658 797 1689 830 in
1699 798 1764 842 spi-

1019 846 1190 880 ritualibus
1206 848 1332 881 vicariis
1342 849 1628 889 etofficialibus,ac
1644 851 1766 884 abbati-

1018 900 1765 947 bus,prioribus,capitulis,conventilnis,paro-

1019 953 1392 989 cliialiumecclesiarum
1410 955 1589 989 rectoribus
1611 961 1764 990 eteorum

1018 1006 1153 1047 vicariis,
1170 1018 1206 1041 ac
1224 1018 1519 1052 quorumcumque,
1532 1009 1626 1043 etiam
1643 1010 1764 1043 Mendi-

1018 1061 1334 1101 cantium‚Ordinum
1343 1063 1766 1107 generalibus,pr0vinciali-

1018 1115 1079 1149 bus
1095 1119 1126 1147 et
1138 1114 1206 1147 aliis
1224 1115 1415 1162 superiorib.
1435 1127 1472 1154 ac
1488 1116 1764 1160 praedicatoribus,

1019 1168 1154 1211 aliisque
1166 1168 1204 1200 ad
1216 1179 1297 1211 quos
1313 1174 1435 1212 spectat
1448 1174 1478 1202 et
1495 1175 1638 1213 spectare
1649 1170 1766 1213 poterit.

1019 1221 1263 1264 quomodolibet
1286 1222 1318 1254 in
1339 1222 1496 1262 futurum,
1514 1228 1576 1255 tam
1601 1224 1764 1267 exemptis,

1018 1285 1115 1317 quam
1133 1285 1197 1307 non
1217 1276 1382 1318 exemptis,
1394 1275 1528 1308 ubilibet
1548 1276 1765 1317 existentibus,

1019 1339 1076 1371 per
1089 1329 1264 1373 apostolica
1273 1328 1392 1372 scripta
1404 1329 1593 1363 mandamus
1609 1336 1766 1373 quatenus

1019 1381 1077 1424 ipsi
1086 1388 1232 1414 eteorum
1241 1381 1373 1425 quilibet
1382 1382 1522 1426 ,quoties
1535 1394 1591 1426 pro
1602 1388 1689 1426 parte
1701 1383 1766 1427 pri-

1019 1435 1143 1468 micerii
1151 1440 1181 1467 et
1193 1436 1362 1468 custodum
1372 1441 1426 1468 aut
1437 1436 1476 1467 ab
1487 1435 1531 1468 eis
1539 1436 1766 1479 deputatorum

1020 1488 1273 1531 praedictorum,
1296 1499 1369 1520 cum
1397 1488 1512 1521 debitis
1536 1490 1713 1522 reverentia
1737 1495 1768 1522 et

1019 1541 1142 1574 honore
1162 1541 1281 1574 fuerint
1299 1542 1455 1584 requisiti,
1476 1548 1658 1585 praesentes
1682 1543 1767 1575 litte-

1021 1605 1082 1634 ras,
1105 1605 1142 1627 ac
1162 1605 1273 1627 earum
1296 1600 1508 1638 transumpta,
1530 1600 1651 1628 servata
1666 1596 1768 1628 forma

1020 1648 1096 1680 dicti
1118 1647 1260 1688 concilii,
1275 1647 1433 1691 recipiant
1449 1653 1479 1681 et
1490 1648 1669 1689 admittant,
1681 1659 1717 1682 ac
1728 1649 1767 1681 ab

1019 1701 1090 1734 aliis
1110 1701 1211 1744 recipi
1229 1707 1260 1733 et
1280 1701 1404 1733 admitti
1425 1701 1553 1734 faciant.

1064 1754 1079 1798 ἓ
1099 1754 1130 1787 [l.
1153 1754 1306 1787 Volumus
1326 1760 1432 1787 autem
1453 1754 1552 1797 quod,
1577 1754 1602 1787 si
1623 1754 1766 1788 ecclesiis

1021 1819 1077 1841 seu
1105 1807 1259 1852 cappellis
1279 1808 1327 1840 vel
1354 1807 1503 1840 oratoriis
1522 1807 1693 1850 praedictis
1712 1814 1767 1841 aut

1021 1861 1110 1902 alias,
1130 1868 1166 1895 ut
1185 1862 1376 1905 praefertur,
1396 1861 1503 1904 aliqua
1524 1861 1586 1895 alia
1600 1861 1770 1904 indulgen-

1022 1915 1065 1948 tia
1085 1921 1241 1959 perpetuo
1262 1915 1309 1947 vel
1330 1915 1367 1947 ad
1390 1921 1515 1957 tempus
1539 1915 1680 1947 nondum
1702 1916 1768 1948 ela-

1022 1979 1114 2013 psum
1135 1969 1290 2001 duratura
1317 1979 1375 2011 per
1398 1978 1455 2000 nos
1483 1978 1633 2000 concessa
1660 1968 1767 2008 fuerit,

1024 2027 1206 2065 praesentes
1230 2021 1365 2060 litterae,
1401 2020 1507 2063 quoad
1538 2020 1769 2063 indulgentiam

1023 2085 1081 2118 per
1101 2079 1285 2118 praesentes
1304 2074 1479 2116 respective
1499 2083 1684 2106 concessam
1708 2074 1769 2107 hu-

1024 2127 1175 2168 iusmodi,
1215 2127 1336 2159 nullius
1369 2126 1431 2159 sint
1464 2126 1590 2159 roboris
1624 2127 1672 2160 vel
1705 2137 1772 2160 mo-

1026 2181 1135 2214 menti.
1476 2206 1482 2215 .

1069 2235 1084 2278 g
1107 2234 1160 2266 10.
1187 2233 1224 2266 Et
1238 2231 1772 2277 quiadifficileforeteasdcmprae-

1026 2294 1131 2321 sentes
1150 2288 1189 2320 ad
1210 2287 1334 2330 singula
1358 2296 1507 2330 quaeque
1538 2287 1609 2320 loca
1639 2287 1769 2328 deferri,

1027 2343 1174 2375 volumus
1191 2346 1221 2374 et
1241 2340 1325 2373 dicta
1345 2339 1534 2373 auctoritate
1554 2340 1700 2374 similiter
1719 2342 1774 2374 de-

1029 2389 1190 2423 cernimus
1220 2390 1307 2433 quod
1340 2388 1526 2422 huiusmodi
1558 2389 1773 2432 praesentium

1029 2438 1249 2480 transumptis,
1271 2438 1366 2470 etiam
1388 2437 1561 2480 impressis,
1578 2448 1675 2472 manu
1686 2443 1776 2472 nota-

1030 2486 1067 2519 rii
1079 2487 1181 2519 dietae
1202 2485 1561 2519 archiconfraternitatis
1577 2486 1776 2530 subscriptis,

1030 2546 1066 2567 ac
1101 2535 1204 2577 sigillo
1234 2535 1378 2568 eiusdem
1413 2534 1776 2568 archiconfraternitatis

1032 2584 1174 2625 munitis,
1194 2585 1304 2621 eadem
1330 2594 1461 2628 prorsus
1487 2584 1577 2626 fides,
1600 2583 1632 2617 in
1656 2583 1776 2617 iudicio

1774 220 1824 248 An.
1833 222 1861 248 O.
1873 223 1946 253 1576,

1848 591 1961 612 tin-nauita

1778 629 1932 646 contrariorum

1805 1762 1906 1786 Exceptio
1922 1768 1960 1782 nm

1779 1793 1886 1818 indulgent
1890 1801 1962 1813 :::::::

1780 1828 1936 1845 consecutione

1834 2238 1894 2261 Fides
1911 2244 1961 2260 tran-

1786 2274 1921 2297 sumpturum.
