2059 3228
29 205 183 263 trum

29 279 55 295 ι
53 270 125 297 ιω·-
146 276 181 292 ·r-
194 261 567 302 archiconsiateinitatis‚
592 271 688 306 quam
711 259 868 304 singult'ni
890 259 937 291 di-

27 301 180 358 ΗΞ..-
194 315 331 349 lectione
348 322 441 359 prose
445 316 586 359 quimur
607 322 635 348 et
656 315 747 348 cuius
763 314 939 348 confratres

194 368 372 402 laudabiles
392 369 478 401 cat-it
474 369 531 401 itis
549 369 680 401 til'ectus
700 368 855 401 continuo
868 377 937 410 pio-

194 420 312 454 ducere
332 431 395 453 non
417 428 551 461 cessant,
579 421 811 455 committimus
828 427 858 454 et
882 420 938 453 de-

193 474 395 507 mandamus
419 474 462 507 lta
482 475 567 518 quod
593 475 693 518 ipsius
719 474 938 507 archiconsra-

192 525 350 560 ternitatis
371 537 456 560 nunc
476 533 506 560 et
531 538 588 570 pro
605 533 748 571 tempore
769 527 939 560 existentes

193 580 343 613 custodes
362 584 391 613 et
410 581 597 620 confratres
620 591 656 613 ac
676 580 715 613 ab
727 580 772 613 eis
783 580 937 624 deputati,

192 643 416 677 quoscumque
447 634 670 667 christifideles
699 633 841 667 eiusdem
871 634 939 666 Sta-

191 690 254 726 tm,
277 686 309 720 in
331 687 508 721 infidelium
529 687 676 720 servitute
687 687 842 727 detentos,
856 687 940 720 redi-

193 745 293 779 mere,
320 745 350 772 et
371 746 540 784 propterea
556 741 587 773 in
603 740 685 773 dicta
698 740 782 773 Urbe
796 751 833 773 ac
850 740 939 773 omni

193 796 225 825 et
249 802 457 836 quocumque
497 793 559 825 alio
589 793 660 826 loco
690 793 795 826 dictae
823 793 938 832 ditioni

192 845 331 879 mediate
359 851 390 879 et
418 846 601 879 immediate
621 846 778 887 subiecto,
801 847 939 880 eleemo-

191 908 286 944 synas
305 904 336 932 et
355 899 461 933 oblata
486 893 711 944 quaecumque
732 911 889 944 quaerere
909 906 940 934 et

53 959 71 987 :s
193 951 353 996 accipere.

237 1005 303 1050 §5-
325 1006 369 1040 Ac
393 1006 432 1039 ad
453 1006 483 1038 id
508 1012 693 1049 quaestores
712 1006 843 1050 probos
862 1014 940 1051 quot

54 1060 180 1122 '‘tim’'
193 1059 240 1093 eis
257 1059 428 1100 videbitui,
451 1060 618 1104 deputare,
632 1060 687 1102 qui
708 1060 847 1093 eleemos
835 1071 936 1105 xnaS,

39 1123 104 1149 min
123 1099 181 1146 δι”.ῗζ
194 1112 384 1153 oblationes,
421 1087 523 1156 legata
556 1119 586 1146 et
619 1124 843 1157 quaecumque
877 1115 939 1147 alia

41 1157 181 1214 ,¹³:2⁶5ssssss
193 1165 336 1200 subsidia
363 1167 550 1200 huiusmodi
576 1167 607 1199 in
643 1173 707 1200 toto
739 1167 828 1201 Statu
850 1177 939 1211 prae-

40 1218 182 1273 'J‘rffm
193 1219 292 1261 Uicto,
314 1225 350 1253 ut
368 1222 558 1264 praesertin
579 1221 734 1261 subiecto,
757 1232 815 1264 pio
831 1221 940 1254 huius-

49 1284 77 1309 ῃ
111 1279 181 1302 tm!-
194 1273 282 1307 modi
301 1273 523 1317 redemptione
544 1280 574 1307 et
593 1275 695 1307 causis
716 1275 755 1307 ad
776 1285 845 1307 eam
866 1283 939 1319 per-

41 1319 47 1324 *
195 1326 370 1360 tinentibus
388 1327 596 1371 perquirant3
627 1328 846 1371 pecuniasque
865 1329 940 1362 inde

194 1380 412 1423 congerendas
430 1391 528 1423 penes
545 1381 710 1424 publicum
728 1386 939 1414 mercatorem

194 1432 258 1466 fide
268 1438 300 1466 et
309 1433 677 1466 facultatibusidoneum
697 1434 868 1478 deponant,
886 1435 940 1468 do-

193 1497 254 1520 nec
276 1486 350 1520 illae
382 1487 415 1520 in
452 1487 708 1531 redemptionem
742 1488 940 1532 captivorum

193 1539 391 1581 huiusmodi,
413 1540 545 1573 arbitrio
561 1541 703 1584 ipsorum
726 1542 896 1574 custodum
912 1548 942 1575 ct

194 1592 402 1633 confratrum,
418 1599 600 1636 erogentur,
613 1594 712 1626 libere
725 1599 755 1627 et
766 1594 849 1628 licite
870 1605 942 1639 pos-

195 1647 258 1680 sint
277 1652 307 1680 et
325 1647 461 1680 valeant.

239 1700 304 1759 ξδ’.
326 1700 475 1734 Volentcs
494 1707 525 1733 et
549 1701 591 1733 ita
624 1701 832 1733 (lecelnentes
856 1701 942 1744 quod

47 1758 260 1796 apibus-n-tam
293 1753 325 1786 in
350 1754 434 1786 dicta
468 1754 552 1786 Urbe
583 1765 679 1797 quam
716 1754 747 1786 in
778 1754 893 1797 quibu
885 1755 943 1786 svis

53 1820 80 1847 ιι
102 1790 184 1843 ..ιοῖῗᾷ
196 1806 381 1851 provinciis,
401 1806 592 1846 civitatibus
615 1807 753 1850 oppidis,
783 1806 893 1839 castiis
914 1817 945 1839 et

67 1844 354 1905 ffissssffifdcisipsi
371 1860 498 1900 ditioni,
518 1865 550 1892 ut
570 1860 763 1903 praeter-,tut
782 1859 943 1899 subiectis,

53 1944 94 1966 m
112 1913 188 1973 ⁸5:12·-
199 1913 293 1954 nulli,
325 1913 421 1946 etiam
455 1912 592 1945 Sanctis>
580 1913 676 1945 simae
712 1912 874 1944 T1initatis
907 1923 945 1945 ac

72 1974 108 1998 τοι
129 1977 184 1997 ree·—
199 1965 315 2000 Beatae
338 1966 453 1999 Mariae
474 1967 511 1999 de
532 1965 675 1999 Meicede
706 1965 946 2009 Redemptionis

66 2006 187 2035 'mmm
180 2019 404 2064 'Captivorum
437 2030 492 2052 seu
521 2019 660 2052 alimum
685 2019 870 2060 quoiumxis
891 2018 946 2051 Or

201 2073 314 2106 diuum
333 2072 623 2117 p10fess0res‚<‹u
654 2071 852 2115 quicumque
878 2071 943 2112 alii,

201 2125 297 2158 etiam
322 2130 485 2170 praetextu
514 2135 795 2168 quorumcumque
821 2124 947 2167 privile-

202 2177 330 2221 giorum
350 2183 381 2211 et
399 2178 598 2211 indultorum
636 2177 885 2220 apostolicorum
910 2188 946 2210 ae

203 2231 387 2274 quatumvis
406 2231 541 2263 aliarum
564 2231 809 2263 concessionum
830 2235 860 2262 et
876 2241 947 2272 gra·

204 2284 334 2324 tiarum,
357 2284 476 2317 eisdem
497 2295 552 2317 seu
574 2283 738 2327 quibusvis
757 2283 828 2316 aliis
855 2282 946 2316 Ordi-

203 2337 299 2370 nibus
325 2337 374 2370 vet
399 2337 543 2380 personis
564 2336 947 2380 quomodolibetconces-

204 2395 313 2418 sorum
334 2391 365 2418 et
383 2396 442 2430 pro
475 2391 620 2428 tempore
651 2385 946 2423 concedendorum,

204 2439 268 2467 tam
290 2444 348 2477 pro
365 2434 585 2478 redemp‘tione
600 2434 741 2477 generali
762 2444 859 2477 quam
875 2444 947 2477 par-

207 2483 389 2516 ticularium
414 2493 636 2527 personarum,
660 2484 877 2526 eleemosynas
893 2493 948 2515 seu

206 2532 300 2565 etiarn
321 2538 434 2576 sponte
459 2532 564 2564 oblata
598 2537 652 2564 aut
675 2532 752 2564 alias
772 2531 950 2574 quomodo-

151 2621 154 2624 ,
206 2580 284 2615 libet
298 2591 455 2625 quaerere
470 2586 501 2614 et
518 2581 665 2625 accipere
680 2580 746 2613 utto
763 2579 859 2612 modo
875 2589 948 2623 pos-

854 204 958 231 smus
975 205 996 229 V
1014 206 1062 232 PF.

1616 194 1697 230 675‘

980 258 1041 291 sint
1062 268 1170 301 neque
1190 257 1343 297 debeant;
1366 257 1498 302 praefati
1519 263 1626 292 tamen
1646 257 1724 291 San-

981 310 1140 345 ctissimae
1166 311 1327 344 Trinitatis
1349 311 1555 355 professores,
1578 311 1609 343 in
1640 310 1723 344 Urbe

980 375 1015 397 ac
1039 368 1103 396 toto
1116 364 1203 397 Statu
1222 364 1457 404 Ecclesiastico,
1481 369 1515 397 ut
1532 363 1722 408 praefertur,

981 417 1126 451 subiecto
1147 417 1347 457 huiusmodi,
1371 418 1401 450 in
1421 418 1482 450 illis
1502 418 1580 450 locis
1603 417 1634 449 in
1653 417 1724 460 qui-

980 471 1039 504 hus
1065 481 1178 503 eorum
1203 469 1327 503 Ordinis·
1358 472 1519 512 regulares
1540 471 1651 504 domos
1671 470 1725 503 lia-

980 525 1056 557 bent
1075 529 1106 557 et
1125 534 1184 568 pro
1204 528 1346 567 tempore
1364 524 1538 562 habebunt,
1557 524 1594 556 ad
1613 535 1725 557 eorum

981 577 1100 610 victum
1117 578 1298 611 necessaria
1319 583 1454 617 tantum,
1468 578 1597 610 etnulla
1619 583 1725 610 tamen

981 629 1212 674 redemptionis
1232 631 1429 673 captivorum
1447 631 1526 663 sacta
1548 631 1722 668 mentione,

981 679 1013 711 in
1033 679 1105 711 aliis
1128 689 1202 711 vero
1224 679 1403 712 civitatibus
1425 685 1452 711 et
1475 680 1552 712 locis
1573 684 1659 711 extra
1679 679 1726 712 di-

981 733 1067 761 ctum
1093 727 1227 767 Statum,
1248 733 1282 760 ut
1310 729 1499 771 praefertur,
1533 728 1670 761 mediate
1695 734 1722 761 et

980 776 1162 809 immediate
1183 772 1376 816 subiectum,
1396 776 1489 809 etiam
1510 778 1725 820 eleemosynas

980 835 1039 868 pro
1065 825 1195 868 captivis·
1216 825 1411 858 redimendis
1439 831 1546 868 petere
1577 831 1605 857 et
1640 826 1724 858 acci-

981 884 1057 917 pere
1079 874 1216 913 valeant‚
1253 874 1491 917 privilegiorum
1524 884 1655 906 suorum
1683 875 1726 906 vi-

980 933 1068 966 gore,
1089 923 1207 966 quibus
1226 934 1263 955 ae
1283 922 1351 954 aliis
1376 922 1500 954 iuribus
1533 928 1563 954 et
1591 922 1723 955 actioni-

980 971 1050 1011 bus,
1073 976 1104 1004 et
1122 971 1309 1015 praesertim
1336 971 1456 1003 ratione
1481 972 1664 1003 monasterii
1695 979 1721 1005 et

980 1021 1148 1064 hospitalis
1184 1021 1289 1054 Sancti
1327 1020 1466 1052 Tliomae
1492 1020 1523 1052 in
1552 1020 1671 1053 Formis
1693 1021 1724 1053 in

981 1075 1090 1103 monte
1110 1069 1228 1109 Coelio,
1251 1081 1287 1102 ac
1308 1069 1461 1101 ecclesiae
1482 1069 1635 1101 etdomus
1651 1069 1727 1101 San-

981 1119 1022 1152 cti
1043 1118 1196 1162 Stephani
1217 1118 1249 1150 in
1274 1118 1384 1151 Trullo
1405 1118 1443 1150 de
1463 1117 1548 1149 dicta
1568 1117 1664 1157 Urbe,
1681 1117 1726 1150 ei-

980 1169 1052 1202 dem
1083 1167 1194 1201 ordini
1230 1167 1499 1210 competentibus,
1536 1167 1642 1209 quoad
1667 1167 1729 1199 hoo

980 1217 1169 1250 nullomodo
1204 1215 1426 1260 praeiudicare
1448 1215 1654 1255 intendimus,
1672 1226 1727 1247 au-

981 1266 1126 1299 ctoritate
1153 1271 1182 1298 et
1203 1271 1313 1298 tenore
1335 1263 1518 1307 praedictis,
1541 1263 1634 1296 etlam
1657 1275 1727 1306 per-

981 1321 1078 1358 petuo
1093 1314 1262 1347 statuimus
1280 1319 1310 1346 et
1321 1313 1521 1346 ordinamus.
1548 1312 1726 1345 Districtius

982 1364 1163 1396 inhibentes
1196 1361 1434 1406 praedictorum
1471 1371 1508 1393 ae
1541 1361 1726 1403 quorumvis

981 1413 1118 1445 aliorum
1144 1412 1300 1445 Ordinum
1330 1409 1565 1454 professoribus
1594 1415 1624 1442 et
1657 1409 1727 1442 aliis

981 1461 1144 1504 ‹piibusris
1164 1461 1321 1504 personis,
1336 1460 1431 1492 etiam
1442 1458 1646 1502 quantumvis
1660 1458 1726 1501 pri-

982 1510 1147 1553 vilegiatis,
1174 1520 1214 1542 ne
1248 1509 1465 1551 eleemosynas
1490 1513 1518 1539 et
1540 1508 1645 1539 oblata
1665 1507 1727 1540 sive

983 1559 1085 1601 legata
1115 1569 1174 1602 pro
1202 1557 1424 1601 redemptione
1445 1556 1655 1599 captivorum,
1696 1555 1727 1588 in

983 1607 1066 1641 Urbe
1086 1618 1122 1640 ac
1142 1613 1209 1640 toto
1225 1608 1315 1640 Statu
1336 1604 1571 1643 Ecclesiastico,
1589 1611 1623 1636 ut
1639 1615 1728 1647 prae-

983 1657 1093 1697 fertur,
1108 1655 1446 1689 subiectol‘iuiusmodi
1470 1655 1479 1676 ¹
1501 1653 1729 1696 redemptionis

983 1716 1080 1749 opere
1105 1704 1349 1749 quomodolibet
1378 1715 1410 1736 se
1439 1703 1651 1736 intromittere
1671 1713 1727 1735 au-

983 1755 1079 1788 deant
1099 1765 1154 1787 seu
1175 1759 1393 1797 praesumant.

1027 1804 1041 1846 ξ
1062 1804 1092 1836 7.
1114 1803 1260 1847 Insuper,
1283 1813 1341 1846 pro
1359 1801 1471 1835 maiori
1485 1801 1584 1845 ipsius
1605 1800 1729 1833 redem-

984 1853 1102 1896 ptionis
1129 1851 1349 1889 subventione,
1382 1862 1417 1882 ex
1438 1849 1587 1882 omnibus
1606 1855 1633 1881 et
1657 1849 1728 1891 qui-

986 1902 1189 1944 buscumque
1222 1900 1427 1932 facultalibus
1447 1909 1501 1930 seu
1527 1897 1663 1929 licentiis
1683 1902 1729 1929 te-

985 1951 1088 1984 standi
1124 1950 1163 1982 de
1183 1949 1275 1981 bonis
1296 1947 1531 1986 ecclesiasticis,
1567 1945 1730 1987 quibusvis

985 1998 1131 2042 personis
1152 2009 1209 2041 per
1242 2008 1299 2029 nos
1333 2002 1363 2029 ct
1396 1996 1509 2028 §odem
1535 1994 1730 2037 praedictam

986 2047 1229 2091 quomodolibet
1269 2044 1482 2078 concedendis
1515 2045 1592 2081 (non
1624 2048 1731 2075 tamen

985 2096 1017 2129 S.
1057 2096 1092 2129 R.
1133 2095 1292 2128 Ecclesiae
1318 2092 1534 2126 cardinalibus
1569 2102 1627 2124 nec
1662 2091 1731 2124 aliis

987 2145 1104 2188 quibus
1129 2144 1247 2176 similes
1274 2143 1438 2175 facultates
1475 2141 1570 2183 gratis
1600 2146 1628 2172 et
1658 2140 1728 2172 abs-

987 2205 1049 2237 que
1069 2194 1205 2226 alicuius
1225 2190 1466 2235 compositionis
1486 2190 1642 2222 solutione
1656 2215 1664 2229 ,
1693 2189 1730 2221 de

987 2243 1137 2276 mandato
1158 2248 1266 2275 nostro
1287 2247 1314 2273 ct
1337 2251 1395 2283 pro
1422 2245 1567 2282 tempore
1595 2237 1730 2271 existen-

987 2292 1027 2325 tis
1045 2291 1180 2324 Romani
1212 2289 1374 2322 Pontificis·
1407 2287 1649 2329 concedentur),
1671 2287 1730 2319 du-

989 2346 1094 2373 catum
1124 2349 1225 2372 unum
1253 2338 1323 2370 auri
1344 2337 1377 2369 in
1397 2346 1475 2369 auro
1509 2346 1567 2379 pro
1588 2334 1732 2378 quolibet

989 2388 1191 2427 oentenario;
1217 2388 1241 2420 si
1262 2397 1335 2419 vero
1357 2384 1543 2418 huiusmodi
1567 2385 1733 2417 facultates

989 2437 1108 2471 fuerint
1126 2447 1227 2480 usque
1247 2436 1286 2468 ad
1305 2444 1543 2478 quamcumque
1564 2443 1733 2473 summam,

1025 2501 1036 2526 1
1054 2498 1092 2526 Ita
1107 2499 1183 2526 huno
1194 2498 1246 2525 loc.
1263 2497 1338 2532 legit.
1353 2497 1474 2524 Cherub.
1488 2495 1642 2522 huiusmodi
1652 2502 1733 2529 quae—

991 2551 1050 2570 rere
1068 2546 1115 2569 ant
1137 2543 1318 2577 ttt·cipet·e,se‹t
1333 2543 1359 2568 m
1376 2539 1531 2567 huiusmodi
1547 2538 1733 2573 redemptionis

990 2592 1043 2615 ete.
1063 2588 1102 2622 (n.
1123 2587 1172 2620 τ.),

1741 202 1792 231 An.
1811 202 1839 230 C.
1856 202 1923 231 ¹586

1768 1817 1868 1839 Redditus
1887 1822 1926 1839 ex-

1743 1850 1871 1875 peditionum
1887 1849 1926 1869 de-

1744 1881 1867 1906 scriptarum
1890 1885 1927 1900 as-

1744 1912 1811 1937 signat
1858 1911 1925 1931 eidem

1744 1940 1926 1962 archicantator-

1745 1973 1812 1994 nitati.
