2059 3228
362 236 445 269 too-t
934 243 1080 266 emmanu
1104 243 1222 266 nomm

313 299 539 341 Inquisitionis
558 298 693 332 Sanctae
713 296 862 330 Officium
883 296 916 328 in
935 296 1152 339 Pol-tugalliae
1173 301 1202 327 ct
1224 296 1454 338 Argarltiorum
1469 298 1576 341 regnis
1589 304 1744 335 statutum
1759 298 1851 337 dota?

404 358 456 383 tur
483 350 770 395 ‹tismembratione
799 355 827 381 ct
855 349 1075 392 applicatione
1107 349 1220 381 tertiae
1250 349 1351 392 paulis
1379 349 1544 382 fructuum
1564 350 1604 383 ab
1622 363 1688 386 uno
1708 355 1841 387 ‹eanoni-

402 409 474 435 catu
497 409 524 435 et
547 403 730 446 praebenda
749 412 1030 445 quarumcumque
1052 401 1263 433 ecclesiarum
1284 402 1516 434 cathedralium
1537 408 1568 435 et
1579 406 1844 448 metropolitana-

403 466 473 487 rum
501 455 743 498 praedictorum
772 464 959 497 regnorum,
989 453 1052 486 4227
1074 454 1091 486 b
1109 459 1138 485 et
1159 464 1220 496 seq.
1244 454 1459 497 Excipiuntur
1479 456 1687 489 canonicatus
1704 467 1843 500 quorum

401 509 524 541 reditus
544 518 580 541 cc
599 509 756 541 cruciatos
775 518 840 540 non
860 508 1029 546 excedunt,
1053 506 1116 540 229
1136 518 1166 539 a.
1190 506 1309 539 Contra
1328 507 1525 540 haereticam
1557 509 1748 551 pravitatem
1771 521 1845 543 con-

400 561 545 603 gregatio
563 560 757 604 iampridem
778 560 926 593 instituta
947 559 1159 592 confirmatur
1179 570 1196 592 a
1216 559 1304 593 Sixto
1324 560 1358 599 V,
1381 559 1444 593 987
1465 571 1496 600 a,
1519 560 1653 604 eiusque
1679 561 1847 596 facultates

400 619 432 645 et
452 614 575 646 indulta
594 613 690 646 huius
710 612 810 646 officii
831 613 987 646 ministris
1008 619 1216 653 renovantur,
1239 613 1333 653 ibid.;
1356 613 1538 647 excitantur
1556 614 1721 658 principes
1741 621 1772 648 et
1792 616 1847 648 alii

401 672 439 699 ut
470 666 498 698 ei
528 667 664 705 faveant,
694 666 771 699 ibid.
793 666 832 706 b;
859 666 914 699 sed
933 666 1015 698 nihil
1036 665 1208 698 innovetur
1227 665 1265 698 de
1287 665 1396 699 officio
1416 666 1639 710 inquisitit'mis
1657 667 1844 711 Hispaniae,
2029 681 2036 697 ι

401 720 533 752 ibidem.

311 772 525 806 lnservientes
538 773 572 805 in
586 772 731 806 eeclesiis
743 783 810 815 reg.
825 773 1067 816 Hispaniarum,
1082 772 1208 804 etiamsi
1223 771 1310 804 iuxta
1323 782 1441 804 novum
1458 772 1585 805 missale
1599 777 1631 806 et
1650 772 1847 806 breviarium

402 825 515 858 missas
544 825 716 868 officiaque
753 825 861 858 divina
894 825 1138 863 celebraverint,
1170 826 1292 857 fructus
1321 830 1353 857 et
1373 824 1618 858 distributiones
1637 825 1842 869 quotidianas

401 888 462 922 pro
489 879 708 912 celebratione
733 879 872 912 alicuius
896 878 1046 922 specialis
1066 877 1246 910 festivitatis
1267 878 1395 910 relictas
1415 878 1534 911 lucrari
1555 883 1706 922 possunt,
1726 877 1790 912 100
1809 889 1829 911 α
1837 889 1846 919 ;

403 938 500 975 atque
521 932 591 965 eius
610 932 719 966 Sancti
741 931 1086 965 commemorationem
1108 931 1212 964 facere
1233 932 1329 964 modo
1350 937 1379 964 et
1400 932 1473 964 loco
1493 931 1714 975 praescriptis,
1731 930 1796 965 104
1813 941 1846 965 α.

312 987 447 1025 Ioannes
476 988 538 1032 (S.)
564 989 602 1022 cle
624 989 702 1022 Dios
729 989 891 1032 hospitale
911 988 1107 1022 Grauatense
1129 987 1281 1027 instituit,
1302 987 1363 1021 537
1385 999 1416 1025 ιν,
1439 988 1509 1020 eius
1533 988 1712 1021 confratres
1737 987 1848 1021 multis

399 1041 496 1075 bonis
515 1042 670 1086 operibus
690 1042 730 1075 de
748 1041 885 1074 infirmis
911 1041 1034 1084 optime
1054 1040 1181 1080 meriti,
1205 1041 1281 1073 ibid.
1304 1041 1332 1080 b,
1355 1041 1506 1074 omnibus
1525 1040 1790 1075 christifidelibus

402 1104 516 1127 eorum
536 1093 689 1138 hospitali
703 1104 909 1138 quacumque
928 1094 967 1127 de
992 1104 1087 1126 causa
1111 1093 1313 1126 morantibus
1327 1093 1402 1126 Pius
1415 1093 1438 1125 V
1457 1093 1597 1137 eligendi
1615 1093 1847 1127 confessarium

400 1148 620 1191 approbatum
641 1147 800 1180 concessit
820 1148 1005 1180 facultatem
1022 1173 1030 1186 ,
1056 1147 1112 1190 qui
1144 1146 1242 1190 possit
1272 1147 1436 1179 absolvere
1463 1157 1482 1180 a
1505 1146 1670 1190 quibusvis
1696 1146 1826 1179 crimini

401 1200 462 1232 bus
473 1200 547 1232 Sedi
561 1200 765 1244 Apostolicae
785 1200 964 1240 reservatis,
988 1199 1065 1232 ibid.
1089 1204 1117 1232 et
1129 1210 1210 1242 seq.;
1226 1199 1447 1242 Indulgentiae
1461 1199 1556 1233 toties
1584 1199 1712 1243 quoties
1735 1209 1848 1243 acqui-

402 1254 524 1287 rendae
542 1253 749 1287 visitantibus
771 1253 944 1297 hospitale,
967 1252 1029 1287 538
1049 1264 1082 1293 a,
1107 1259 1138 1286 et
1155 1253 1225 1286 eius
1247 1253 1416 1286 ecclesiam
1433 1253 1557 1286 duabus
1574 1252 1707 1287 diversis
1720 1252 1843 1286 festivi-

403 1307 525 1340 tatibus
534 1307 623 1347 anni,
639 1306 853 1350 applicandae
874 1306 971 1338 ctiam
989 1306 1149 1339 defunctis
1165 1314 1224 1350 per
1241 1306 1373 1338 modum
1391 1305 1546 1349 suffragii,
1560 1306 1639 1339 ibid.
1655 1306 1684 1346 b;
1698 1305 1845 1349 plenaria

403 1360 532 1393 tandem
546 1360 579 1393 in
602 1359 715 1392 mortis
732 1360 870 1392 articulo
882 1359 1213 1399 administratoribus,
1225 1358 1496 1399 benefactoribus,
1510 1358 1728 1392 confratribus
1744 1358 1843 1391 etiam

402 1413 461 1446 suh
483 1413 689 1446 invocatione
705 1412 813 1445 Sancti
834 1412 976 1456 Spiritus
994 1411 1270 1444 confraternitatis
1297 1412 1330 1444 in
1359 1411 1494 1445 ecclesia
1510 1411 1587 1445 dicti
1604 1410 1774 1455 hospitalis
1795 1411 1844 1444 in-

401 1466 536 1499 stitutae
558 1466 622 1499 sive
640 1466 674 1498 in
691 1465 762 1509 ipso
779 1465 932 1508 hospitali
949 1465 1014 1498 sive
1043 1470 1132 1497 extra
1159 1464 1411 1504 decedentibus,
1426 1465 1504 1497 ibid.
1525 1470 1557 1497 et
1577 1475 1654 1509 seq.;
1673 1463 1843 1508 privilegia

403 1518 690 1559 confessariorum,
708 1518 893 1552 officiorum
920 1523 1067 1562 tempore
1094 1517 1258 1551 interdicti
1284 1517 1425 1561 aliaque,
1438 1517 1500 1551 539
1518 1529 1557 1558 a;
1581 1527 1599 1550 a
1617 1516 1846 1551 iurisdictione

407 1571 587 1616 parochiali
605 1571 767 1616 hospitale
785 1572 819 1604 in
846 1571 994 1615 pluribus
1016 1576 1214 1615 exemptum,
1234 1571 1332 1607 thiat:
1359 1570 1503 1604 extensio
1521 1570 1766 1614 praedictorum
1783 1569 1849 1613 pri-

402 1624 596 1667 vilegiorum
626 1625 665 1657 ad
693 1625 758 1657 alia
784 1624 961 1668 hospitalia
978 1624 1122 1657 eiusdem
1140 1623 1282 1664 Ordinis,
1307 1622 1371 1657 540
1387 1623 1417 1656 b.

322 1678 444 1718 ¹oannis
453 1678 515 1722 (S.)
525 1678 811 1723 Hierosolymitani
822 1678 959 1711 militiae
974 1683 1094 1711 statuta
1108 1678 1266 1721 quaedam
1278 1683 1310 1710 et
1322 1677 1491 1721 privilegia
1503 1688 1522 1710 a
1531 1677 1629 1711 variis
1640 1676 1851 1711 Pontificibus

403 1733 479 1767 data
506 1733 727 1772 declarantur,
749 1733 857 1777 quoad
877 1732 1113 1776 professionem
1134 1732 1344 1765 emittendam
1370 1731 1584 1776 habitumque
1607 1730 1853 1775 suscipiendum

403 1785 470 1821 320
496 1787 513 1819 b
534 1792 566 1819 et
584 1797 669 1831 scq.;
691 1786 855 1830 exemptio
876 1786 1088 1818 confirmatur
1107 1796 1126 1818 a
1145 1784 1307 1818 solutione
1327 1785 1527 1818 decimarum
1547 1784 1753 1827 aliorumque
1773 1793 1853 1816 one-

404 1851 490 1881 rum,
512 1839 578 1874 324
597 1851 628 1881 (ι;
651 1840 794 1874 rnilitum
814 1839 1002 1878 familiares,
1023 1838 1149 1879 vicarii,
1170 1838 1278 1871 coloni
1295 1844 1327 1871 et
1341 1837 1483 1871 ministri
1503 1837 1641 1870 subiecti
1665 1842 1741 1870 sunt
1768 1835 1854 1869 ordi-

404 1893 575 1927 nariorum
590 1892 822 1932 iurisdictioni‚
839 1892 903 1926 350
919 1893 935 1924 b
956 1898 984 1925 et
1007 1902 1085 1935 sequ,
1107 1891 1252 1925 eiusdem
1273 1890 1409 1924 militiae
1429 1895 1549 1923 statuta
1567 1900 1628 1934 pro
1645 1895 1714 1923 toto
1733 1888 1855 1923 Ordine

407 1947 544 1989 corrigit
557 1952 589 1980 et
601 1947 757 1980 reformat
769 1945 877 1979 Sixtus
886 1946 920 1985 V,
937 1945 996 1979 671
1013 1946 1030 1977 b
1044 1951 1150 1988 etseq.
1165 1944 1301 1977 militiae
1317 1943 1486 1987 privilegia
1496 1943 1678 1987 approbare
1689 1947 1722 1976 et
1743 1947 1854 1975 exten-

405 2000 483 2034 dere
500 2000 627 2034 censuit
638 1999 712 2033 Pius
725 2000 760 2040 V,
776 1999 822 2032 ita
832 2005 939 2032 tamen
955 2005 991 2032 ut
1005 1999 1101 2031 etiam
1116 2009 1134 2030 a
1145 1998 1176 2031 S.
1189 1999 1248 2041 Ap.
1260 1996 1380 2040 provisi
1395 2002 1484 2030 certa
1496 1996 1568 2029 iura
1581 1995 1747 2029 communi
1764 1993 1864 2028 aera?

406 2053 458 2087 rio
471 2054 629 2086 solverent
643 2058 798 2096 certaque
811 2062 912 2085 onera
921 2051 1080 2093 subirent,
1093 2051 1158 2085 765
1171 2062 1189 2083 a
1204 2056 1236 2083 et
1252 2051 1282 2090 b,
1301 2060 1408 2093 neque
1425 2055 1566 2083 extortas
1577 2048 1804 2092 derogationes
1819 2047 1855 2081 in

405 2106 666 2140 debilitationem
679 2106 783 2150 ipsius
790 2105 917 2139 Ordinis
930 2105 1025 2138 dictis
1035 2104 1165 2138 statutis
1174 2104 1241 2136 ullo
1251 2103 1348 2136 modo
1357 2102 1580 2147 praeiudicare
1591 2101 1742 2142 decrevit,
1759 2100 1823 2134 766
1834 2110 1857 2134 a

408 2166 441 2193 et
457 2160 486 2200 b;
506 2166 539 2193 et
555 2159 629 2193 ideo
646 2169 759 2192 omnes
776 2159 872 2192 etiam
891 2158 1071 2193 cardinales
1088 2157 1128 2190 ad
1145 2157 1264 2190 dictam
1283 2156 1479 2190 solutionem
1497 2155 1613 2196 teneri,
1642 2154 1722 2188 ibid.
1739 2166 1747 2195 ;
1765 2152 1857 2187 Ordi-

407 2222 550 2255 nemque
566 2212 674 2256 ipsum
692 2211 886 2245 auctoritate
905 2211 1038 2255 propria
1056 2210 1227 2253 percipere
1245 2215 1276 2242 et
1294 2209 1333 2242 dc
1350 2208 1415 2242 illis
1431 2208 1604 2253 disponere
1621 2217 1715 2252 posse
1741 2205 1857 2239 delini-

407 2264 464 2305 vit,
485 2264 548 2298 767
570 2275 607 2304 a,
627 2265 705 2308 quia
726 2275 800 2297 vero
818 2263 893 2297 Pius
912 2263 933 2294 V
948 2269 1023 2297 ante
1045 2262 1232 2295 huiusmodi
1252 2261 1493 2295 constitutionis
1510 2259 1751 2304 expeditionem
1764 2258 1857 2298 obiit,

409 2316 516 2350 Sixtus
541 2317 565 2348 V
591 2328 661 2350 eam
694 2317 813 2350 validat
839 2328 855 2349 a
887 2316 939 2348 die
957 2326 1032 2349 suae
1049 2315 1143 2348 datae
1161 2314 1224 2348 769
1241 2326 1272 2354 «13
1304 2320 1488 2358 receptores
1515 2313 1614 2346 huius
1640 2311 1789 2353 militiae,
1820 2315 1859 2344 ut

410 2369 482 2403 iura
509 2370 693 2402 communis
708 2370 824 2403 aerarii
844 2368 999 2412 consequi
1017 2369 1155 2412 possint,
1176 2367 1412 2411 possessionem
1430 2366 1635 2411 prioratuum
1655 2364 1860 2407 aliorumque

409 2422 643 2456 beneficiorum
662 2433 777 2466 capere
801 2428 831 2455 et
850 2422 990 2455 retinere
1008 2432 1110 2464 usque
1128 2421 1167 2461 ad
1184 2420 1380 2453 solutionem
1397 2420 1535 2457 valeant,
1554 2417 1618 2452 770
1634 2429 1675 2458 a,
1703 2416 1859 2452 officiales

412 2486 525 2508 omnes
542 2481 573 2508 et
590 2476 757 2519 princlpes
774 2475 820 2508 eis
838 2475 942 2507 favere
960 2481 992 2507 et
1009 2473 1157 2506 assistere
1176 2473 1305 2505 mandat
1322 2472 1482 2511 Pontifex,
1500 2471 1579 2504 ibid.
1599 2476 1632 2503 et
1652 2471 1681 2503 b.

325 2528 452 2562 Ioannis
471 2528 607 2571 (Sancti)
623 2529 844 2572 Evangelistae
865 2526 1095 2570 Portugalliae,
1118 2527 1281 2559 Statutun]
1303 2524 1517 2568 collegiorum
1538 2523 1662 2568 nequis
1675 2521 1858 2557 extradicm

414 2581 549 2621 colles-ia
575 2581 722 2614 habitum
750 2581 885 2622 deferat,
907 2591 980 2614 cum
1010 2580 1161 2614 mandato
1182 2578 1362 2613 Ordinar1is
1381 2584 1417 2612 ut
1437 2576 1608 2624 idrservari
1637 2576 1768 2615 faciant,
1793 2572 1858 2607 ⁶289

415 2633 431 2664 b
448 2639 477 2664 et
493 2634 645 2676 sequenti.
