2059 3228
327 304 378 344 rit,
407 303 533 346 aliaque
556 300 652 335 etiam
680 299 719 334 de
748 307 832 332 novo
862 297 1067 336 concesserit,

325 357 463 390 voluerit
482 361 512 389 et
531 354 736 395 ordinaverit,
757 358 855 397 prout
872 352 906 386 in
924 352 1069 396 ipsorum

324 410 370 444 Pii
390 415 420 443 et
439 408 619 443 Innocentii
638 408 923 452 praedecessorum
943 405 1068 450 praesa-

322 468 431 497 torum
450 462 564 495 litteris
584 461 713 505 plenius
732 460 929 494 continetur.

367 517 382 560 §
406 516 437 550 3.
464 515 695 556 Nihilominus,
720 514 876 559 temporis
903 523 1065 554 successu,

178 587 217 608 Sed
234 587 305 608 mn„
322 569 536 614 multiplicato
551 569 800 603 secretariorum
816 567 1068 602 domesticorum

124 618 249 675 2?,‘’,¹{,„¹„³,¹''⁵
271 623 307 674 ἐξ·
321 633 458 656 numero
475 633 535 667 pro
562 623 781 656 Romanorum
801 622 993 655 Pontificum
1017 632 1069 654 ar-

123 686 223 706 mesticus
244 690 305 720 scos·
319 676 427 717 bitrio,
455 676 515 721 ipsi
550 675 713 710 secretarii
741 675 919 716 domestici,
941 679 1068 719 praeter

122 716 306 774 fflefffflfffflgssffi‘}
320 730 421 764 dictas
439 730 518 764 duas
528 730 704 774 portiones,
717 729 841 762 diversa
860 729 922 762 alia
941 729 1066 762 emolu-

120 778 305 836 ssssss‘heaff'QgP'ffi·
319 790 427 818 menta
447 794 591 818 seorsum
608 794 627 817 a
648 783 784 827 collegio
804 783 971 827 percipere
991 793 1068 816 con-

317 844 502 878 sueverunt;
514 847 653 879 necnon,
665 836 792 880 collegii
805 836 930 870 incuria
938 847 995 869 seu
1003 836 1067 871 son-

316 901 374 925 san
404 902 463 935 per
486 890 745 932 desuetudinem,
771 890 920 923 effectum
944 889 1004 923 suit
1032 894 1067 922 ut

315 945 474 979 nonnulla
489 944 551 978 alia
558 955 595 978 ex
606 943 833 978 emolumentis
841 943 1002 987 praefatis,
1016 943 1066 976 his

316 999 506 1043 praesertim
527 1008 610 1042 quae
629 997 663 1031 in
678 997 853 1041 quinterno
871 997 949 1030 dicti
967 997 1064 1030 Inno-

315 1051 412 1085 centii
438 1057 547 1085 notata
575 1051 798 1096 reperiuntur,
819 1061 837 1083 a
865 1049 1065 1083 debitoribus

315 1115 381 1139 non
402 1105 583 1148 exigantur.

359 1159 374 1203 ἓ
397 1159 430 1193 4.
457 1158 537 1192 Cum
552 1163 659 1192 autem
679 1168 739 1191 nos
754 1157 839 1191 circa
859 1157 1001 1190 officium
1017 1167 1064 1190 se-

315 1212 507 1247 cretariatus
530 1211 710 1252 domestici,
732 1211 819 1254 quod
831 1211 966 1244 dilectus
977 1210 1064 1242 filius

314 1267 449 1300 Ioannes
473 1265 613 1310 Baptista
642 1264 814 1304 Canobius,
842 1263 979 1297 clericus
1006 1264 1064 1296 Bo-

314 1320 490 1360 noniensis,
520 1329 579 1364 pro
603 1324 684 1352 nutu
713 1324 743 1352 et
771 1319 933 1352 voluntate
953 1323 1064 1351 nostra

314 1384 402 1407 nunc
422 1379 560 1415 exercet,
581 1384 694 1406 novam
716 1372 873 1406 rationem
889 1372 971 1405 inire
984 1382 1062 1405 con-

313 1427 539 1466 stituissemus,
562 1427 734 1470 collegium
746 1427 938 1471 praefatum,
951 1425 984 1458 in
997 1436 1062 1468 quo

312 1481 498 1521 virtutibus,
529 1480 724 1523 experientia
752 1491 789 1514 ac
818 1491 878 1513 usu
898 1490 1008 1513 rerum
1032 1485 1063 1512 et

311 1535 516 1578 negotiorum
546 1534 586 1567 ad
614 1534 791 1567 Romanam
826 1533 954 1567 Curiam
988 1543 1064 1566 con-

311 1588 483 1622 fluentium
501 1593 532 1621 et
550 1588 589 1621 ad
610 1588 730 1621 dictum
747 1587 888 1621 officium
900 1587 1064 1631 pertinen-

311 1642 393 1676 tium
413 1642 556 1685 insignes
574 1641 633 1675 viri
658 1646 946 1682 connumerantur,
960 1652 1061 1674 seno-

312 1695 362 1729 his
386 1696 503 1729 obtulit
540 1695 641 1739 ipsius
671 1694 781 1735 officii,
811 1694 903 1727 cuius
938 1694 1062 1728 ratione

312 1751 469 1795 pleraque
499 1750 538 1783 ad
565 1750 673 1794 ipsum
693 1749 863 1791 collegium
885 1749 1062 1792 spectantia

313 1805 532 1838 emolumenta
560 1803 641 1846 exigi
666 1808 913 1843 consueverunt,
949 1813 985 1835 ac
1010 1813 1061 1836 eo-

310 1868 396 1899 rum,
417 1868 500 1901 quae
515 1857 548 1890 in
568 1867 606 1890 eo
623 1861 792 1900 geruntur,
806 1867 918 1890 curam
930 1867 1059 1889 omnem

312 1911 606 1956 cogitationemque
621 1911 797 1954 suscipere,
820 1910 917 1954 idque
929 1920 1058 1950 munus,

312 1977 376 2011 qua
395 1965 497 2007 decet,
519 1965 582 1998 fide
602 1969 632 1997 et
651 1964 843 2007 integritate,
855 1974 914 2008 per
928 1963 1061 1997 idoncos

314 2025 344 2054 et
363 2019 494 2064 peritos,
512 2018 551 2051 ab
571 2018 641 2062 ipso
662 2018 796 2060 collegio
817 2018 936 2050 electos
956 2022 987 2049 et
1003 2028 1062 2061 per

312 2083 372 2107 nos
390 2073 586 2117 approbatos
605 2072 699 2112 viros,
719 2071 810 2105 obire
840 2075 897 2104 etc.
919 2071 982 2104 Nos
1004 2071 1061 2113 igi-

311 2132 366 2161 tur
385 2131 464 2168 etc„
492 2126 665 2171 ipsumque
686 2125 858 2168 collegium
879 2130 909 2159 et
925 2130 1061 2158 secrcta-

312 2180 378 2213 rios
408 2180 549 2223 gratioso
581 2179 697 2212 affectu
727 2178 879 2223 prosequi
905 2179 1058 2219 volentes,

314 2234 515 2278 singularum
534 2233 712 2267 Innocentii
734 2239 764 2266 et
789 2233 836 2266 Pii
856 2232 1060 2275 aliorumque

315 2287 600 2332 praedecessorum
631 2287 850 2331 praefatorum
880 2285 1059 2319 litterarum

314 2346 453 2382 tenores,
468 2352 506 2374 ac
520 2340 545 2374 si
560 2340 599 2374 de
617 2341 714 2374 verbo
734 2340 773 2373 ad
793 2340 926 2373 verbum
943 2339 1062 2372 insere-

315 2399 429 2428 rentur
446 2394 678 2438 praesenfibus,
700 2405 760 2438 pro
772 2393 928 2438 expressis
938 2393 1060 2426 haben-

317 2448 375 2484 tes,
407 2449 496 2477 motu
521 2444 667 2487 proprio,
689 2454 754 2476 non
778 2443 816 2476 ad
838 2442 914 2476 dicti
935 2442 1060 2485 collegii

317 2497 373 2524 aut
392 2492 530 2526 alicuius
549 2503 608 2537 pro
628 2492 673 2526 eis
691 2492 785 2525 nobis
809 2492 948 2535 desuper
971 2491 1060 2524 obla-

317 2546 368 2573 tae
389 2541 552 2584 petitionis
573 2542 770 2582 instantiam,
790 2542 845 2574 sed
863 2552 899 2574 ex
917 2551 1005 2574 mera
1025 2540 1061 2573 li—

128 255 180 285 An-
198 255 228 286 C.
244 253 313 283 1586

185 1230 223 1252 Hic
237 1232 300 1258 igitur

115 1262 212 1284 Pontifex
222 1263 299 1284 dietum

115 1294 205 1314 officium
226 1299 300 1315 secre-

115 1326 203 1346 tariatus
229 1326 299 1346 dome-

114 1356 164 1377 niet
180 1362 235 1377 nunc
253 1362 300 1383 sup-

114 1388 193 1414 primii,
210 1389 298 1415 eiusque

114 1424 184 1439 cunm
209 1419 299 1445 collegio

113 1450 219 1476 concedit,

917 242 1096 269 BULLARIUM
1114 242 1266 266 ROMANUM

1111 294 1300 328 cretariatus
1323 294 1504 338 domestici,
1525 297 1611 340 quod
1630 297 1733 332 dictus
1760 297 1852 332 loan-

1110 359 1166 380 nes
1186 348 1337 392 Baptista,
1358 350 1594 393 utpraesertur‚
1607 353 1784 392 exercebat,
1799 363 1854 396 pe-

1110 401 1195 435 nitus
1224 407 1255 435 et
1287 403 1419 436 omnino
1439 410 1596 448 perpetuo
1621 406 1853 449 supprimimus

1110 460 1140 488 et
1163 455 1390 499 extinguimus,
1413 456 1455 490 ita
1474 457 1560 500 quod
1582 458 1672 491 nullo
1697 470 1852 503 umquam

1111 513 1255 552 tempore
1271 520 1329 554 per
1339 521 1397 543 nos
1408 516 1462 543 aut
1472 511 1652 544 Romanurn
1664 512 1853 547 Pontificem

1108 572 1166 605 pro
1187 567 1332 606 tempore
1356 563 1543 597 existentem
1555 569 1585 597 et
1595 564 1852 609 SedemAposto-

1108 614 1203 648 licam
1228 615 1261 648 in
1295 621 1410 650 statum
1445 617 1620 662 pristinum
1650 618 1774 652 restitui
1797 624 1852 654 aut

1108 669 1296 713 reintegrari
1315 671 1427 704 valeat.

1150 723 1165 766 ἓ
1189 723 1219 756 5.
1247 723 1364 757 Curam
1388 729 1496 758 autern
1516 730 1548 759 et
1567 725 1756 760 exercitium
1773 726 1851 761 dicti
1877 732 1964 755 Necnon

1107 777 1269 820 suppressi
1284 777 1381 811 officii
1398 789 1434 812 ac
1450 779 1630 813 custodiam
1640 779 1850 824 registrorum
1863 766 1928 816 {iiiam
1949 767 2043 823 53ss=

1863 832 1936 854 eumn
1943 826 2025 853 Pouffl·
2041 819 2043 834 ¹

1107 829 1251 863 brevium
1272 836 1303 864 et
1314 832 1496 865 litterarum
1511 834 1776 877 apostolicarum,
1801 834 1851 869 via

1105 894 1187 926 quae
1217 890 1339 919 secreta
1371 887 1555 930 appellatur
1577 888 1798 932 expeditarum
1819 894 1851 923 et

1104 947 1164 982 pro
1184 941 1329 983 tempore
1349 940 1636 983 expediendarum,
1657 941 1691 975 in
1706 942 1850 977 mansio-

1104 992 1199 1025 nibus
1218 993 1329 1026 Palatii
1348 993 1524 1037 Apostolici
1539 994 1572 1026 in
1588 994 1751 1037 Vaticano,
1770 1005 1850 1039 quas

1104 1046 1207 1080 dictus
1235 1047 1369 1080 Ioannes
1392 1047 1532 1091 Baptista
1551 1048 1665 1093 suique
1683 1049 1796 1083 famuli
1820 1055 1852 1084 et

1103 1100 1278 1145 scriptores
1298 1101 1454 1142 habitant,
1467 1102 1748 1143 asservandorum,
1763 1103 1852 1137 dein-

1103 1165 1179 1198 ceps
1198 1165 1256 1199 per
1275 1165 1378 1188 unum
1398 1166 1436 1188 ex
1454 1166 1591 1201 nu'mero
1616 1156 1693 1189 dicti
1722 1157 1850 1201 collegii

1103 1208 1312 1242 secretarium
1323 1213 1379 1242 aut
1389 1209 1485 1242 aliam
1498 1220 1600 1253 aeque
1615 1209 1765 1244 idoneam
1778 1222 1851 1256 per-
1903 1244 1906 1248 Α

1104 1273 1227 1302 sonam,
1249 1273 1267 1295 a
1285 1262 1377 1296 nobis
1399 1268 1431 1296 et
1450 1263 1594 1297 Romano
1616 1263 1771 1298 Pontifice
1789 1275 1850 1310 pro

1104 1322 1247 1360 tempore
1266 1316 1420 1350 existente
1440 1317 1686 1361 approbandum
1706 1330 1763 1352 seu
1791 1330 1847 1364 ap-

1104 1370 1313 1413 probandam,
1343 1370 1382 1404 ad
1408 1371 1510 1415 ipsius
1532 1371 1660 1415 collegii
1682 1377 1798 1406 nutum
1818 1377 1851 1406 et

1104 1424 1240 1457 liberum
1265 1424 1434 1458 arbitrium
1458 1424 1693 1459 nominandum
1706 1432 1737 1460 et
1748 1427 1849 1472 depu-

1104 1478 1234 1511 tandum
1254 1489 1291 1511 ac
1311 1479 1554 1519 removendum,
1568 1479 1768 1524 iuxtaipsius
1780 1482 1849 1515 col-

1102 1532 1175 1576 legii
1195 1532 1441 1577 praescriptum,
1461 1532 1585 1574 haberi,
1611 1534 1714 1567 teneri
1738 1540 1769 1567 ct
1793 1535 1849 1587 ad-¹

1103 1586 1292 1627 ministrari3
1315 1586 1465 1631 ipsasque
1493 1586 1688 1628 mansiones,
1714 1587 1747 1620 in
1775 1591 1850 1622 octo¹

1102 1640 1260 1681 cubicula,
1270 1639 1282 1663 1
1294 1640 1411 1684 partim
1422 1639 1722 1684 supradistrihutas,
1731 1641 1848 1686 quihus

1104 1700 1159 1733 per
1178 1690 1257 1722 duas
1276 1695 1385 1734 portas
1404 1694 1490 1733 patet
1506 1689 1681 1733 ingressus,
1691 1691 1772 1724 etab
1782 1678 1852 1725 uno(

1103 1739 1226 1772 Dataria
1251 1738 1448 1782 Apostolica,
1470 1738 1509 1771 ab
1538 1739 1639 1772 altero
1665 1739 1848 1773 mansiones

1102 1788 1263 1821 substituti
1290 1788 1390 1832 ipsius
1415 1788 1529 1821 datarii
1555 1788 1740 1830 cohaerent,
1773 1800 1848 1832 cum

1101 1838 1181 1870 cella
1212 1837 1333 1870 vinaria
1371 1837 1429 1870 sub
1463 1837 1569 1871 officio
1613 1838 1740 1881 registri
1769 1849 1846 1883 sup-

1103 1885 1309 1929 plicationum
1345 1891 1376 1920 et
1409 1886 1478 1919 aliis
1521 1887 1587 1920 suis
1629 1887 1843 1931 pertinentiis,

1103 1947 1158 1979 pcr
1181 1936 1392 1969 secretarium
1406 1938 1468 1969 'aut
1491 1947 1644 1980 personas
1672 1948 1690 1970 a
1711 1937 1847 1981 collegio

1103 1986 1243 2027 praefato
1268 1985 1466 2029 deputandas
1499 1986 1672 2019 inhabitari
1700 1987 1848 2020 volumus

1102 2040 1131 2067 et
1156 2034 1366 2075 mandamus,
1398 2045 1574 2078 curamque
1601 2040 1631 2068 et
1659 2035 1846 2069 exercitium

1103 2083 1283 2116 huiusmodi
1305 2084 1556 2127 etregistrorum
1568 2084 1745 2117 custodiam
1759 2094 1848 2117 man-

1101 2132 1293 2176 sionumque
1313 2133 1528 2177 praefatarum
1549 2143 1644 2165 usum
1668 2138 1699 2166 et
1725 2133 1849 2166 habita-

1102 2182 1219 2215 tionem
1237 2182 1373 2226 collegio
1394 2188 1425 2215 et
1443 2192 1601 2226 personae
1620 2182 1660 2214 ab
1685 2192 1723 2215 eo
1742 2182 1846 2226 depu-

1103 2232 1214 2264 tandae
1231 2231 1419 2265 huiusmodi
1444 2242 1481 2265 ex
1500 2241 1587 2264 nunc
1603 2236 1760 2276 perpetuo
1772 2241 1848 2265 con-

1101 2282 1244 2315 cedimus
1256 2286 1295 2321 *et
1314 2281 1524 2324 assignamus.
1603 2313 1606 2316 .
1813 2305 1829 2318 2

1144 2331 1200 2374 §ti
1227 2331 1262 2364 Et
1284 2331 1416 2374 insuper
1436 2341 1532 2364 unam
1543 2330 1700 2374 integram
1717 2340 1755 2363 ex
1770 2330 1848 2363 dua-

1102 2381 1160 2414 bus
1180 2380 1385 2424 portionibus
1396 2381 1690 2414 emolumentorum
1698 2379 1848 2414 dicticol-

1103 2429 1188 2472 legii,
1215 2435 1302 2463 extra
1320 2440 1506 2470 numerum,
1532 2434 1567 2462 ut
1586 2429 1776 2473 praefertur,
1802 2430 1847 2462 fa-

1101 2478 1222 2512 ciendis
1251 2484 1281 2512 et
1309 2480 1480 2513 secretario
1510 2479 1685 2513 domestico
1705 2479 1782 2513 olim
1806 2479 1846 2512 ab

1101 2529 1287 2562 lnnocentio
1299 2529 1543 2573 praedecessore
1553 2529 1695 2573 praefato
1706 2528 1847 2572 assigna-

317 2589 482 2623 heralitaoe
505 2596 534 2624 et
555 2591 687 2624 scientia
706 2590 833 2630 nostris,
858 2591 962 2634 deque
986 2601 1061 2633 apo,
1100 2578 1151 2620 tis,
1169 2579 1208 2611 ab
1229 2579 1298 2622 ipso
1319 2579 1423 2613 oss'icio
1443 2579 1667 2614 secretariatus
1677 2579 1844 2613 domestici

317 2638 449 2673 stolicae
463 2639 848 2684 potestatisplenitudine,
859 2639 1001 2674 officium
1014 2650 1060 2674 se-

1138 2651 1149 2676 1
1169 2648 1302 2684 Cherub,
1314 2651 1417 2685 parlim
1432 2651 1517 2686 infra,
1533 2651 1573 2686 (R.
1585 2651 1633 2686 T.)-

1863 857 2014 889 comprobtnsp
2020 870 2029 880 ι,

2028 848 2030 868 t
2039 850 2043 865 i

1864 889 1975 916 deputandi
1994 885 2020 919 §t

1863 920 1896 942 cui
1923 926 1970 942 mn
2022 936 2029 940 .,

1863 951 1884 972 in
1899 950 1977 973 eni-uo
2024 962 2026 968 v
2042 953 2043 956 ’

1863 920 2044 1015 ειοῐίοοιειΞ’

1872 2354 1936 2377 Unam
1951 2358 2013 2380 er‘
2041 2352 2043 2357 ’

1859 2387 1973 2415 busporuo
1986 2387 2007 2411 ¹:21
2023 2396 2027 2399 “
2042 2399 2043 2402 ¹

1860 2418 1884 2439 ab
1915 2418 2022 2447 ΔΙιιιιθ]

1860 2449 1907 2470 νιιι
1927 2449 2024 2474 κει-χῖ

1859 2486 1897 2507 pro
1925 2485 1961 2502 see
1978 2494 1981 2497 ν
1997 2479 2021 2502 2*
2039 2489 2041 2492 ·

1860 2511 2003 2537 domestictnw
2038 2519 2040 2522 ⁴

1860 2543 1916 2563 dicto
1949 2542 1983 2562 ω’
1994 2548 2004 2567 ,ζ
2015 2539 2020 2544 “

1859 2572 1964 2599 concedite

1964 3115 2015 3228 ιω.-
2040 3077 2041 3097 ⁴2
