2059 3228
170 1305 279 1327 mandatur
302 1310 328 1327 ο-

146 1341 239 1358 nennio.

157 279 202 306 n.
220 275 248 305 C.
267 276 335 306 1580
392 270 455 306 368

153 337 273 391 2ffl22⁵⁰¹²⁸
285 345 332 367 ³1³·-
348 332 559 380 provisiones,
587 329 823 370 concessiones,
857 328 1006 370 uniones,
1039 340 1095 373 ap-

348 386 537 433 plicationes
557 389 588 416 ct
611 383 690 416 alias
709 381 933 426 dispositiones
960 383 998 415 de
1019 393 1094 426 cap-

348 440 431 485 pella
465 438 616 480 illiusque
657 435 770 477 altari,
801 435 899 469 rebus
936 441 966 469 et
1002 435 1094 469 bonis

347 491 531 538 praedicti&
559 490 654 523 etiam
674 499 734 534 per
752 500 810 523 nos
839 499 895 523 seu
919 499 1093 534 quoscum-

347 557 409 590 que
431 545 510 578 alios
533 543 695 577 Romanos
715 543 888 576 Pontifices
907 543 1094 587 praedeces-

346 610 433 633 sores
452 602 578 632 nostros
598 602 629 631 et
648 597 766 630 dictam
787 596 902 630 Sedem
922 602 976 630 aut
996 606 1093 639 quos-

346 663 486 696 cumque
510 650 589 684 alios
614 661 672 695 pro
689 656 835 694 tempore
856 651 966 691 factas,
988 650 1094 682 nullas

346 711 376 740 et
395 705 550 738 invalidas
570 705 637 737 fore
657 709 688 737 et
707 714 786 746 esse,
809 714 868 737 nee
886 714 943 747 per
959 713 1012 736 eas
1027 702 1094 736 cui-

344 769 441 803 quam
462 758 511 791 ius
527 757 667 802 adquiri,
689 757 858 801 dictosque
878 762 1042 800 regentem
1063 762 1094 789 et

345 812 522 846 confratres
542 822 628 845 nunc
653 816 684 844 et
710 821 769 855 pro
794 816 939 854 tempore
959 810 1094 844 existen-

937 275 1116 304 BULLARII‘M
1141 275 1289 301 rintwmt

1137 328 1254 361 niurias
1274 338 1406 373 poenas,
1429 338 1539 362 eorum
1560 328 1693 363 arbitrio
1712 329 1883 373 imponen-

1136 382 1201 421 das,
1226 381 1417 425 infligendas
1449 387 1479 415 et
1513 382 1736 424 moderandas,
1758 383 1884 428 aliaque

1137 441 1320 479 opportuna
1341 435 1420 469 iuris
1440 441 1470 468 et
1503 436 1579 469 sacti
1600 436 1752 477 remedia,
1772 437 1884 481 appel-

1138 488 1256 521 latione
1277 489 1466 532 postposita‚
1483 489 1726 533 compescendo,
1743 501 1780 524 ac
1790 501 1887 534 super

1136 542 1187 574 his
1208 541 1365 575 habendis
1397 542 1528 575 servatis
1563 542 1787 586 processibus,
1814 553 1887 577 sen-

1137 596 1264 637 tentias,
1293 606 1445 629 censuras
1465 601 1496 628 et
1520 606 1640 639 poenas
1673 596 1759 640 ipsas
1789 596 1887 630 etiam

1134 649 1257 682 iteratis
1275 648 1399 682 vicibus
1420 650 1631 692 aggravando,
1651 649 1747 683 etiam
1763 649 1803 683 ad
1815 649 1887 691 hoc,

1135 702 1160 736 si
1181 713 1263 747 opus
1300 703 1406 744 suerit,
1427 703 1573 737 invocato
1607 703 1726 737 auxilio
1761 703 1888 737 brachii

1135 757 1321 790 saecularis.

1179 811 1193 854 ἓ
1218 810 1249 844 6.
1272 811 1342 844 Non
1370 810 1569 844 obstantibus
1601 810 1889 845 constitutionibus
1899 798 2008 882 &00¹2ss
2023 848 2025 867 ἲ

1927 863 1964 887 tog
1987 884 1992 886 ⁷
2007 873 2015 882 .

344 872 392 899 tes·
415 877 513 910 super
532 865 715 910 praemissis
735 864 886 898 omnibus
906 870 937 897 et
958 863 1094 906 singulis
1135 870 1165 897 et
1189 864 1449 898 ordinationibus
1481 864 1678 909 apostolicis;
1713 875 1750 898 ac
1781 864 1886 898 dictae

344 921 529 953 nullatenus
548 930 606 964 per
630 929 865 963 quoscumque,
887 917 999 962 quavis
1018 928 1093 951 auc·
1134 918 1300 959 ecclesiae,
1333 919 1517 952 iuramento
1550 918 1722 960 roboratis,
1757 918 1884 952 statutis

344 973 482 1015 toi-itate,
509 972 752 1017 quomodolibet
785 971 946 1005 molestari
965 971 1015 1005 vel
1035 971 1094 1004 im-

343 1026 448 1071 pediri
483 1037 589 1071 posse3
611 1037 648 1059 ac
671 1025 826 1070 quicquid
865 1036 958 1058 secus
996 1034 1093 1069 super

345 1080 395 1114 his
412 1091 429 1113 a
448 1090 625 1124 quoquam,
647 1079 759 1122 quavis
779 1078 981 1120 auctoritate,
995 1083 1094 1112 atten-

344 1134 403 1167 tari
424 1133 608 1177 contigerit,
644 1133 771 1166 irritum
796 1138 828 1166 et
851 1132 947 1167 inane
980 1132 1093 1166 decer-

343 1198 462 1221 nimus,

387 1241 417 1275 5.
440 1241 599 1280 Quocirca
618 1239 855 1274 venerabilibus
867 1239 1022 1273 tratribus
1036 1249 1095 1273 no-

341 1296 415 1329 stris
434 1295 635 1329 Amerinensi
648 1301 677 1328 et
691 1294 899 1328 Maceratensi
916 1294 1090 1338 episcopis,

343 1361 380 1383 ac
417 1349 536 1383 dilecto
570 1349 636 1382 filio
671 1349 949 1392 archipresbytero
987 1348 1092 1382 dietae

342 1403 497 1437 ecclesiae
518 1402 654 1436 Sanctae
678 1402 795 1435 Mariae
828 1412 887 1445 per
915 1401 1092 1446 apostolica
1112 1419 1113 1441 3

341 1457 461 1501 scripta
482 1456 672 1489 mandamus
691 1460 849 1499 quatenus
883 1455 943 1499 ipsi
959 1455 1007 1488 vel
1027 1455 1092 1488 duo
1111 1445 1113 1486 J

341 1518 397 1544 aut
415 1521 500 1544 unus
519 1520 645 1551 eorum,
672 1520 729 1553 per
761 1520 794 1543 se
813 1510 862 1542 vel
896 1508 997 1542 alium
1035 1518 1092 1542 seu
1111 1522 1113 1530 ι

1110 1558 1300 1604 4nitudine,
1338 1568 1369 1596 et
1405 1562 1501 1596 etiam
1539 1561 1815 1603 consistorialiter,
1847 1567 1880 1595 et

342 1564 431 1605 alios,
451 1569 636 1608 praesentes
650 1563 772 1597 litteras
785 1569 816 1596 et
831 1562 864 1595 in
880 1562 925 1596 eis
941 1568 1092 1596 contenta

341 1627 578 1662 quaecumque,
593 1617 649 1650 ubi
666 1623 697 1650 et
721 1617 849 1661 quando
869 1627 951 1660 opus
979 1616 1088 1656 suerit,

341 1678 370 1706 et
395 1671 522 1715 quoties
541 1682 600 1715 pro
620 1676 711 1716 parte
750 1670 891 1714 regentis
911 1675 942 1704 et
961 1670 1090 1703 confra-

341 1732 425 1759 trum
451 1724 692 1770 praedictorum
729 1734 785 1757 seu
818 1723 956 1757 alicuius
975 1733 1089 1757 eorum

341 1778 461 1812 suerint
479 1777 638 1822 requisiti,
660 1777 848 1811 solemniter
871 1777 1085 1821 publicantes,

341 1832 451 1876 eisque
470 1832 504 1864 in
523 1831 708 1876 praemissis
733 1830 874 1864 efficacis
893 1830 1090 1863 defensionis

341 1885 500 1931 praesidio
531 1885 723 1924 assistentes,
749 1883 867 1917 faciant
897 1883 1090 1917 auctoritate

341 1945 451 1973 nostra
479 1938 609 1973 eosdem
640 1943 806 1981 regentem
844 1943 875 1971 et
912 1937 1089 1971 confratres

341 2003 520 2037 eorumque
539 1992 682 2035 singulos
696 1990 954 2031 confirmatione,
969 2001 1088 2034 appro-

340 2046 469 2080 batione
487 2073 496 2087 ,
531 2045 747 2090 suppletione,
786 2044 875 2078 novis
911 2044 1086 2085 erectione,

342 2100 554 2141 institutione,
589 2099 714 2133 indulto
744 2104 776 2132 et
800 2098 938 2131 decretis
957 2098 1088 2142 praedi-

342 2154 400 2187 ctis
434 2153 568 2197 aliisque
599 2152 793 2197 p1·aemissiS‚
815 2150 949 2196 pacifice
975 2151 1037 2184 srui
1058 2156 1088 2185 et

342 2207 493 2250 gaudere,
519 2218 555 2240 ae
584 2212 767 2250 praesentes
790 2205 912 2238 litteras
932 2210 963 2237 et
986 2204 1019 2237 in
1044 2201 1088 2237 eis

343 2265 491 2293 contenta
523 2259 711 2292 huiusmodi
740 2258 779 2291 ab
812 2258 974 2299 omnibus,
1007 2267 1088 2301 quos

343 2313 397 2346 illa
414 2319 615 2346 concernunt
635 2319 667 2346 et.
685 2311 929 2356 quomodolibet
953 2321 1086 2344 concer-

344 2372 420 2399 nent
439 2366 470 2399 in
492 2367 648 2407 futurum,
670 2365 897 2399 inviolabiliter
912 2364 1085 2404 observari,

343 2430 408 2453 non
428 2421 649 2464 permittentes
669 2425 836 2463 regentem
856 2424 887 2452 et
911 2419 1088 2452 confratres

343 2472 524 2516 praedictos
544 2483 599 2506 seu
624 2473 766 2516 aliquem
787 2483 824 2505 ex
844 2472 889 2505 eis
909 2477 1020 2505 contra
1033 2482 1086 2504 ea-

343 2521 489 2554 rumdem
511 2521 729 2565 praesentium
750 2527 893 2554 tenorem
911 2520 1088 2564 quomodo-

342 2570 420 2603 libet
457 2570 597 2603 indebite
628 2570 802 2610 molt-stam
836 2569 1087 2604 contradictores

343 2618 503 2662 quoslibet
536 2625 566 2652 et
599 2619 743 2660 rebelles,
774 2630 832 2664 per
864 2618 1037 2652 sententias
1056 2624 1087 2651 et

343 2677 496 2701 censuras
521 2667 764 2710 ecclesiasticas,
795 2679 833 2702 ac
865 2667 962 2702 etiam
986 2677 1085 2711 pecu-

1135 977 1166 1004 et
1195 971 1504 1013 consuetudinibus3
1537 971 1714 1017 privilegiis
1737 982 1881 1016 quoque,

1112 1025 1115 1049 ¹
1136 1025 1270 1059 indultis
1293 1030 1324 1059 et
1347 1025 1464 1059 litteris
1487 1025 1673 1070 apostolicis
1700 1025 1804 1059 eidem
1832 1036 1884 1060 ec-

1135 1079 1251 1113 clesiae
1271 1084 1302 1113 et
1321 1080 1438 1114 dilecto
1458 1079 1525 1113 filio
1549 1080 1636 1113 illius
1660 1079 1883 1125 archipresby-

1135 1137 1206 1167 tero
1225 1144 1263 1166 ac
1287 1133 1429 1178 capitulo
1449 1133 1624 1177 praedictis
1655 1138 1686 1167 et
1719 1132 1883 1177 quibusvis

1133 1187 1205 1221 aliis
1224 1188 1382 1232 personis,
1400 1188 1460 1221 sub
1481 1187 1740 1232 quibuscumque
1763 1187 1883 1221 tenori-

1133 1241 1194 1275 bus
1218 1246 1249 1275 et
1268 1241 1391 1283 formis,
1404 1246 1435 1275 et
1454 1252 1527 1275 cum
1539 1241 1703 1286 quibusvis
1714 1233 1883 1285 derogato-

1112 1294 1114 1308 ἶ
1133 1294 1255 1328 riarum
1280 1294 1492 1338 derogatoriis
1500 1294 1633 1338 aliisque
1644 1293 1882 1328 efficacioribus

1134 1359 1171 1382 ac
1205 1348 1340 1382 insolitis
1371 1348 1536 1390 clausulis,
1570 1359 1696 1382 necnon
1726 1347 1881 1382 irritanti-

1132 1402 1192 1435 bus
1216 1407 1247 1436 et
1270 1402 1341 1435 aliis
1370 1402 1521 1443 decretis,
1552 1401 1585 1434 in
1617 1411 1736 1445 genere
1765 1402 1814 1435 vel
1847 1401 1881 1435 in

1135 1455 1254 1500 specie,
1277 1455 1374 1489 etiam
1395 1461 1484 1488 motu
1504 1454 1636 1499 proprio
1662 1460 1692 1488 et
1724 1466 1762 1488 ex
1795 1460 1882 1488 certa

1133 1509 1268 1543 scientia
1287 1515 1320 1543 et
1339 1510 1378 1543 de
1398 1508 1593 1554 apostolicae
1622 1508 1786 1553 potestatis
1810 1508 1880 1553 ple-

1133 1616 1211 1649 alias
1222 1616 1478 1660 quomodolibet,
1494 1615 1590 1649 etiam
1609 1615 1731 1649 iteratis
1740 1615 1876 1655 vicibus,

1132 1669 1293 1703 concessis
1325 1675 1356 1702 et
1392 1669 1603 1713 imposterum
1642 1667 1876 1708 concedendis3

1132 1722 1251 1766 quibus
1270 1723 1432 1764 omnibus,
1455 1723 1550 1756 etiam
1570 1722 1597 1756 si
1616 1722 1655 1756 de
1674 1721 1736 1755 illis
1751 1732 1878 1756 eorum·

1109 1787 1194 1820 .que
1223 1777 1297 1810 totis
1326 1777 1493 1810 tenoribus
1526 1776 1686 1821 specialis,
1713 1776 1875 1820 specifica,

1131 1841 1279 1874 expressa
1309 1836 1340 1864 et
1365 1830 1540 1871 individua,
1573 1840 1638 1863 non
1675 1835 1783 1863 autern
1817 1840 1875 1875 per

1130 1884 1290 1917 clausulas
1331 1884 1498 1927 generales
1530 1884 1615 1918 idem
1651 1884 1873 1928 importante&

1129 1937 1251 1971 mentio
1280 1949 1336 1971 seu
1366 1937 1496 1982 quaevis
1524 1937 1586 1970 alia
1620 1937 1781 1981 expressio
1818 1938 1876 1971 ha-

1129 1991 1234 2024 benda
1258 1997 1313 2024 aut
1333 1991 1440 2035 aliqua
1459 1990 1523 2024 alia
1543 1990 1698 2034 exquisita
1718 1991 1820 2024 forma
1835 1989 1876 2024 ad

1128 2045 1191 2078 hoc
1215 2045 1370 2078 servanda
1390 2044 1482 2085 soret,
1505 2043 1567 2077 illis
1588 2043 1666 2077 alias
1686 2044 1717 2077 in
1747 2054 1805 2077 suo
1825 2054 1876 2077 ro-

1127 2098 1206 2131 bore
1231 2097 1462 2142 permansuris,
1496 2097 1558 2131 hac
1593 2097 1658 2130 vice
1695 2097 1870 2138 dumtaxat,

1128 2151 1311 2195 specialiter
1329 2156 1361 2184 et
1387 2161 1533 2195 expresse
1565 2150 1768 2194 derogamus,
1795 2161 1874 2184 con-

1128 2204 1234 2238 trariis
1253 2204 1523 2249 quibuscumque.
1558 2204 1620 2237 Aut
1644 2203 1669 2237 si
1701 2203 1872 2248 aliquibus,

1128 2258 1344 2292 communiter
1361 2258 1409 2291 vel
1429 2257 1569 2299 divisim,
1591 2268 1609 2291 a
1627 2257 1710 2291 dicta
1729 2257 1769 2291 sit
1791 2257 1873 2292 Sede

1128 2311 1290 2344 indultum
1325 2311 1411 2354 quod
1450 2310 1609 2353 interdici,
1640 2310 1791 2355 suspendi
1824 2309 1874 2345 vel

1129 2364 1402 2397 excommunicari
1427 2374 1492 2397 non
1525 2363 1648 2409 possint
1677 2375 1735 2408 per
1753 2364 1872 2398 litteras

1128 2418 1320 2461 apostolicas
1345 2428 1409 2451 non
1438 2418 1590 2452 facientes
1619 2418 1747 2462 plenam
1767 2423 1798 2451 et
1817 2428 1871 2451 ex-

1128 2482 1269 2515 pressam
1289 2482 1326 2504 ac
1346 2472 1385 2504 de
1409 2472 1506 2505 verbo
1535 2471 1575 2505 ad
1602 2471 1736 2505 verbum
1755 2471 1796 2505 de
1825 2470 1872 2504 in-

1127 2520 1216 2553 dulto
1237 2520 1422 2553 huiusmodi
1442 2520 1650 2554 mentionem.

1173 2570 1187 2613 g
1212 2569 1243 2603 7.
1265 2569 1350 2602 Nulli
1371 2579 1447 2612 ergo
1476 2569 1608 2603 omniuo
1634 2569 1800 2602 bominum
1835 2568 1872 2602 li-
1911 2574 1994 2614 smu,

1127 2624 1197 2652 ceat
1216 2619 1299 2652 lianc
1319 2619 1468 2662 paginam
1489 2625 1617 2652 nostrae
1645 2617 1869 2657 absolutionis,
1886 2622 1947 2645 ⁰³¹1·-
1978 2634 1981 2640 ·
2019 2614 2024 2634 ²
2041 2627 2043 2629 ’

1127 2667 1388 2713 approbationis,
1419 2666 1683 2708 confirmationis,
1715 2666 1870 2701 adiectio-
