2059 3228
374 285 436 319 762

327 346 505 389 dirigimus,
526 345 581 388 qui
601 345 692 388 quasi
711 344 854 377 novellae
863 344 1079 388 plantationes

327 406 354 431 ct
371 398 473 432 teneri
494 398 645 442 palmites
660 399 694 431 in
707 398 801 432 vinea
819 397 947 432 Domini
965 399 1078 433 uberes

327 452 458 495 quidem
478 452 660 496 proferunt,
672 462 709 485 ac
719 451 784 486 Deo
797 458 904 496 gratas
915 453 1076 496 proximo-

325 516 388 547 que
405 506 501 538 utiles
520 506 687 538 fructuum
708 505 880 549 primitias,
899 507 954 540 sed
972 513 1078 540 tamen

326 558 472 602 indigent
499 559 601 602 magis
633 559 823 606 irrigatione
850 560 953 593 sancti
978 561 1076 601 roris,

325 623 403 655 quo,
436 612 611 646 altioribus
641 613 721 646 actis
745 613 923 654 radicibus,
953 614 1078 647 firmius

325 665 523 705 adolescant.
539 666 606 705 Qua
619 667 653 699 in
669 677 705 700 re
724 668 906 711 exemplum
922 668 1017 701 etiam
1033 679 1078 701 se-

326 723 452 752 ctamur
479 720 628 753 coelestis
647 719 900 762 patrisfamilias,
923 721 978 765 qui
1004 732 1079 766 ope-

325 772 419 804 rariis
435 771 468 805 in
479 772 603 806 vineam
614 784 717 815 suam,
732 774 854 807 nedum
866 774 970 818 primo
985 786 1078 808 mane

325 837 361 859 ac
381 826 474 859 tertia
490 832 521 860 et
538 834 638 869 sexta,
660 828 717 862 sed
741 839 826 862 nona
844 830 1080 872 quoquedeci-

325 890 378 912 ma
405 885 438 913 et
462 880 638 915 undecima
657 881 738 915 hora
758 882 875 922 missis,
902 882 1079 916 dummodo

325 932 455 966 solliciti
475 939 506 967 et
525 935 660 968 solertes
679 935 754 977 sint,
777 935 974 969 uberrimam
992 947 1079 969 mer-

325 987 438 1020 cedem
459 993 507 1021 est
525 988 672 1032 largitus.

369 1040 384 1083 ξ
409 1041 441 1074 1.
467 1041 595 1074 Dudum
616 1041 776 1085 siquidem
802 1042 904 1076 felicis
928 1043 1079 1076 reeorda-

327 1093 425 1126 tionis
444 1094 519 1128 Pius
543 1095 629 1139 Papa
650 1096 686 1137 V,
709 1096 940 1140 praedecessor
953 1104 1079 1138 noster,

327 1148 446 1181 certior
469 1148 573 1182 factus
601 1160 660 1193 per
683 1155 761 1183 tune
787 1150 975 1184 existentem
1002 1162 1080 1184 con-

326 1201 459 1234 fratrem
491 1202 648 1236 maiorem
680 1203 849 1248 hospitalis
875 1204 1003 1237 Ioannis
1026 1205 1081 1238 Dei

328 1255 521 1298 nuncupati,
536 1255 753 1297 Granatensis,
766 1257 800 1290 in
821 1257 916 1290 certis
931 1263 1007 1291 tunc
1026 1269 1079 1291 ex-

328 1308 446 1351 pressis
471 1309 550 1342 locis
576 1310 803 1354 Hispaniarum
833 1322 901 1345 esse
925 1313 1082 1345 nonnulla

328 1362 392 1394 alia
411 1362 570 1396 eiusmodi
589 1363 773 1408 hospitalia,
787 1376 869 1409 quae
881 1365 1007 1409 singula
1024 1377 1082 1411 per

329 1425 431 1448 unum
461 1415 617 1450 maiorem
646 1413 878 1462 nuncupatum
898 1424 929 1452 et
947 1426 1080 1464 propte-

329 1479 385 1502 rea
410 1469 536 1514 aliquos
562 1471 642 1505 alios
667 1471 856 1514 confratres,
881 1473 986 1506 eidem
1010 1484 1079 1507 ma-

329 1522 389 1555 iori
427 1524 579 1557 confratri
613 1524 829 1559 obedientiam
869 1533 1079 1571 praestantes,

330 1576 614 1622 eleemosynasque
640 1583 671 1612 et
696 1578 804 1613 oblata
823 1591 841 1612 a
861 1580 1079 1620 christifideli-

328 1629 389 1662 bus
416 1626 585 1664 charitatis
609 1632 750 1666 subsidia
789 1633 941 1677 colligere
970 1634 1082 1667 solitos

329 1683 368 1715 ad
390 1685 598 1718 commodum
630 1692 661 1719 et
685 1687 933 1720 subventionem
958 1698 1082 1732 paupe-

329 1747 402 1770 rum
428 1743 459 1770 et
479 1738 716 1773 miserabilium
742 1751 966 1785 personarum,
983 1742 1084 1775 admi-

329 1790 564 1833 nistrarentur,
577 1794 737 1827 concessit
757 1795 920 1828 licentiam
938 1801 968 1829 et
984 1796 1084 1829 facul-

329 1850 426 1878 tatem
438 1857 497 1889 pro
514 1852 661 1891 tempore
681 1848 890 1882 existentibus
911 1849 1082 1883 confratri-

329 1898 401 1939 bus,
419 1899 516 1932 etiam
538 1900 587 1940 iis,
610 1901 666 1943 qui
686 1901 803 1945 singuli
816 1901 848 1935 in
864 1904 1007 1946 quolibet
1023 1905 1083 1939 ho-

329 1952 435 1995 spitali
466 1953 642 1997 presbyteri
674 1954 791 1996 forent,
823 1955 986 1990 deferendi
1013 1969 1084 1992 cer-

329 2011 397 2037 tum
418 2005 565 2039 habitum
582 2013 659 2041 tunc
681 2008 898 2051 designatum,
922 2022 986 2054 quo
1007 2012 1084 2046 saci-

329 2058 392 2091 lius
418 2070 435 2092 a
461 2061 577 2094 ceteris
606 2061 780 2095 internosci
812 2070 954 2107 possent,
984 2071 1083 2109 utque

331 2112 375 2144 cis
395 2112 505 2146 liceret
527 2115 680 2157 colligere
698 2116 917 2161 eleemosynas
938 2123 968 2151 et
992 2119 1082 2162 pium

329 2165 497 2209 hospitalis
527 2169 714 2202 exercitium
751 2170 955 2212 continuare,
990 2173 1083 2206 dum-

330 2220 424 2252 modo
449 2221 601 2263 degerent
623 2223 682 2256 sub
703 2223 826 2266 Regula
845 2224 951 2258 Sancti
971 2226 1083 2270 Augu-

331 2273 405 2306 stini
428 2279 459 2306 et
478 2275 537 2307 sub
558 2276 742 2309 ohedientia
758 2278 913 2311 ordinarii
934 2279 1003 2312 eius
1018 2280 1082 2314 loci

333 2326 365 2358 in
386 2338 451 2370 quo
471 2327 643 2372 hospitalia
667 2328 737 2372 ipsa
762 2331 986 2372 consisterent,
1008 2333 1084 2366 alia-

331 2391 395 2422 que
424 2382 579 2414 nonnulla
609 2383 717 2425 quoad
748 2384 878 2417 eosdem
908 2385 1085 2420 confratres

332 2444 510 2477 eorumque
527 2435 697 2478 hospitalia
718 2437 851 2471 indulsit
867 2443 897 2471 et
910 2439 1081 2481 ordinavit,

333 2488 427 2523 prout
446 2482 477 2514 in
495 2483 587 2515 dictis
608 2484 722 2517 litteris
746 2485 841 2519 latius
862 2488 1059 2521 continetur.

378 2532 392 2571 J<
417 2529 448 2562 9..
476 2533 518 2564 Ac
540 2532 668 2573 deinde,
695 2533 777 2566 sicut
797 2535 889 2568 nobis
908 2546 1014 2579 nuper
1033 2548 1087 2569 cx-

158 2582 228 2602 ¹2rc=i=
251 2586 318 2602 nnwn
334 2579 473 2620 positum
497 2580 567 2620 fuit,
590 2582 629 2613 ad
650 2581 783 2615 illorum
804 2585 987 2628 exemplum
1007 2591 1038 2618 et
1061 2586 1084 2618 i-

131 2613 319 2669 ilit'iii'a'iss'ffl‘ss‘i
335 2626 533 2661 ntitaiioncm
555 2630 595 2662 ab
616 2640 653 2663 eo
683 2637 828 2676 tempore
850 2644 951 2676 usque
975 2634 1008 2666 in
1029 2635 1085 2668 ho-

132 2673 262 2694 cnnfratrum
276 2679 319 2694 nu-
336 2675 354 2709 d

131 280 184 321 Kn.
203 294 312 323 0158ss

152 1103 311 1125 Pitvnonnnt-

124 1136 152 1155 lis
168 1135 311 1156 contrait-ibus

125 1168 145 1186 in
161 1166 311 1193 Hispaniarum

123 1197 313 1223 partibuseonces-

125 1230 152 1248 sit
169 1232 189 1248 ut
208 1234 247 1255 per
261 1234 312 1250 ser·-

122 1263 209 1279 vienws
218 1260 313 1281 electue-

124 1296 188 1319 synas
220 1292 313 1317 rollige-

123 1325 170 1341 Νη·
196 1327 233 1347 pro
258 1327 313 1348 pau-

123 1352 217 1377 peribus.
239 1352 314 1379 hospi-

123 1382 174 1401 tatia
203 1383 313 1408 erigerent

123 1415 158 1432 etc

924 292 1104 317 nuntiantur
1123 292 1275 318 ROMANUM

1097 848 1104 1612 ——————-——————

361 2675 484 2709 icrnuui
506 2678 591 2712 diem
607 2679 778 2724 hospitalia
790 2682 958 2725 complura
973 2683 1012 2716 ad
1028 2694 1086 2717 nu·
1102 2687 1111 2733 Ι
1129 2681 1215 2714 dinis
1232 2681 1322 2715 valde
1341 2682 1505 2726 pertinere
1521 2679 1755 2723 existimarunt,
1774 2683 1812 2724 si,
1833 2683 1873 2717 ad

1108 1361 1161 1394 ·cti
1180 1361 1309 1395 Ioannis
1327 1361 1487 1406 Calybitae
1504 1363 1537 1396 in
1556 1364 1673 1405 Insula,
1688 1365 1741 1409 pia
1755 1365 1869 1415 huius-

1882 296 1934 325 ΑΠ-
1947 292 1998 345 (Lx
2033 306 2042 325 ;4

1119 353 1244 376 merum
1269 344 1333 378 duo
1349 344 1387 377 de
1411 344 1533 388 viginti,
1552 356 1618 380 non
1635 348 1738 381 solum
1759 348 1791 381 in
1810 348 1865 382 Hi-
1880 363 1950 380 merus
1970 361 2001 383 κὴ
2032 372 2041 379 --

1118 396 1250 440 spaniis,
1273 397 1328 430 sed
1346 397 1379 430 in
1399 397 1488 431 ltalia
1507 409 1638 442 quoque
1657 392 1692 433 etv
1707 401 1816 435 forsan
1833 412 1866 435 a·
1880 390 1923 444 iii?
1941 390 1995 442 {¹21
2014 394 2029 439 ἦ,

1117 449 1168 482 liis
1189 451 1361 494 provinciis
1381 457 1488 485 erecta
1508 457 1539 486 et
1558 452 1702 486 instituta
1720 455 1863 497 fuerunt;
1880 452 1902 473 ⁵¹¹
1916 450 1965 473 ¹⁸⁸⁰

1118 504 1316 537 confratrum
1337 516 1467 548 quoque
1487 506 1600 539 eodem
1621 507 1752 540 nomine
1770 509 1866 542 etha-

1116 557 1186 590 bitu
1206 558 1366 592 utentium
1383 569 1550 600 numerus,
1575 559 1786 595 benedicente
1804 562 1866 596 Do-

1118 611 1218 652 mino,
1239 612 1331 645 valde
1350 618 1464 646 auctus
1484 613 1585 646 extitit
1605 620 1636 647 et
1655 614 1688 646 in
1712 613 1779 648 dies
1798 626 1866 649 ma-

1117 663 1164 706 gis
1193 665 1320 706 crescit,
1346 676 1412 700 non
1437 666 1505 699 sine
1530 677 1647 709 magna
1676 673 1866 707 cunctorum

1118 717 1278 759 fidelium,
1313 718 1346 751 in
1375 729 1516 762 quorum
1537 720 1719 754 civitatibus
1738 726 1770 754 et.
1787 721 1867 770 locis

1118 770 1307 811 consistunt,
1327 772 1488 816 spirituali
1512 773 1732 808 consolatione
1752 785 1789 808 ac
1806 774 1866 808 bo-

1118 834 1176 857 nae
1204 825 1308 858 famae
1341 826 1454 866 odore,
1476 837 1513 859 ac
1537 828 1726 871 praesertim
1751 828 1867 862 Christi

1118 888 1299 922 pauperum
1315 885 1523 922 aegrotorum
1535 880 1575 913 ad
1594 891 1650 914 eos
1669 881 1867 925 confungen·
1911 890 1920 901 ·

1121 931 1199 964 tium
1222 932 1420 974 adiumento,
1447 933 1502 977 qui
1519 927 1562 967 'ab
1586 935 1631 967 eis
1655 935 1867 979 personaliter
1888 942 1893 949 ’

1119 985 1374 1019 ministrantibus
1401 987 1577 1031 praecipua
1600 989 1739 1031 quadam
1763 989 1868 1023 chari-

1120 1043 1181 1071 tate
1208 1039 1415 1083 excipiuntur
1440 1046 1472 1073 et
1491 1047 1666 1076 curantur:
1688 1043 1866 1088 eademque

1119 1103 1218 1136 opera
1228 1092 1282 1126 alii
1294 1093 1418 1134 fideles,
1431 1105 1448 1127 a
1461 1095 1580 1139 quibus
1589 1095 1765 1142 confratres
1775 1107 1867 1142 prae-

1119 1146 1193 1179 dicti
1215 1147 1435 1191 eleemosynas
1451 1149 1620 1191 colligunt‚
1642 1149 1682 1182 ad
1702 1150 1869 1184 sublevan-

1120 1201 1177 1233 dos
1204 1212 1366 1244 pauperes
1394 1202 1450 1235 tali
1481 1203 1628 1247 exemplo
1648 1209 1679 1237 et
1698 1204 1868 1238 occasione

1119 1263 1183 1286 non
1213 1251 1420 1289 mediceriter
1448 1256 1636 1298 incitantur,
1662 1256 1756 1291 sicuti
1780 1264 1812 1292 et
1834 1258 1868 1291 in

1121 1307 1180 1340 hac
1201 1308 1285 1341 alma
1306 1308 1391 1342 Urbe
1411 1308 1530 1350 nestra,
1560 1310 1593 1342 in
1617 1311 1768 1355 hospitali
1787 1311 1868 1345 San-

1121 1415 1208 1448 modi
1235 1426 1333 1459 opera
1357 1427 1474 1460 magno
1497 1428 1570 1451 cum
1591 1418 1701 1451 frtictu
1725 1418 1868 1453 exerceri

1120 1468 1280 1502 videntur.

1163 1522 1178 1565 ξ
1203 1522 1234 1556 3.
1261 1522 1343 1562 Quin
1363 1534 1439 1557 vero
1459 1523 1555 1557 iidem
1586 1523 1773 1567 confratres,
1792 1526 1869 1560 licet
1907 1534 2000 1574 nnqmj

1122 1577 1268 1620 plerique
1292 1577 1351 1610 sub
1380 1577 1464 1611 dicta
1487 1579 1610 1621 Regula
1630 1579 1784 1623 degentes
1806 1581 1866 1614 tria
1879 1573 2000 1622 :2¹:222
2023 1606 2029 1615 ..

1121 1636 1191 1664 vota
1221 1631 1442 1677 substantialia
1463 1642 1499 1664 ac
1527 1632 1623 1665 etiam
1652 1638 1804 1676 quartum
1827 1634 1867 1668 de
1879 1631 1992 1685 2:¹55>

1122 1685 1266 1719 iuvandis
1278 1685 1415 1719 infirmis
1431 1686 1539 1730 egenis
1560 1686 1720 1728 emittant,
1743 1693 1866 1723 certum

1123 1745 1227 1772 tamen
1247 1739 1460 1783 superiorem,
1497 1740 1552 1783 qui
1573 1740 1765 1783 generaliter
1787 1751 1868 1776 cun-

1123 1792 1180 1825 ctis
1208 1791 1424 1836 hospitalibus
1450 1798 1481 1826 et
1510 1793 1726 1827 confratribus
1752 1794 1871 1838 praesit

1123 1855 1186 1878 non
1206 1845 1337 1887 liabent,
1371 1857 1477 1890 neque
1506 1846 1600 1879 etiam
1627 1847 1873 1882 constitutiones

1122 1905 1177 1933 aut
1190 1899 1316 1933 vivendi
1336 1911 1483 1933 normam
1509 1901 1558 1934 sui
1578 1893 1705 1934 Ord'inis
1724 1903 1873 1946 proprias

1124 1964 1267 1997 unquam
1289 1955 1514 1995 condiderunt,
1536 1955 1739 2000 maximeque
1759 1966 1873 1990 conve-

1124 2007 1166 2040 nit
1191 2013 1227 2041 ut
1248 2009 1302 2052 qui
1319 2008 1473 2049 habitus,
1500 2008 1642 2042 nominis
1665 2015 1696 2043 et
1715 2005 1872 2055 pii-exer:

1124 2061 1191 2094 citii
1211 2061 1424 2095 similitudine
1444 2062 1609 2096 coniuncti
1629 2068 1714 2104 sunt,
1739 2063 1762 2096 ii
1793 2073 1873 2106 quo-

1123 2126 1184 2157 quc
1201 2125 1266 2149 non
1285 2115 1433 2148 dissimili
1453 2107 1532 2156 ritu,
1550 2122 1588 2150 ut
1607 2116 1725 2160 cuique
1744 2116 1872 2150 lihitum

1123 2175 1180 2210 est,
1201 2180 1238 2202 ac
1258 2179 1342 2213 pene
1363 2169 1521 2213 cuiusque
1541 2170 1710 2214 hospitalis
1729 2171 1872 2214 proprio,

1125 2222 1176 2256 sed
1197 2222 1257 2256 sub
1275 2233 1340 2255 uno
1361 2223 1541 2267 eodemque
1563 2224 1681 2267 capite,
1703 2225 1826 2267 optima
1841 2231 1874 2258 et

1127 2276 1279 2309 uniformi
1292 2276 1450 2319 regularis
1460 2277 1673 2310 observantia}
1692 2277 1873 2322 disciplina,

1126 2329 1288 2362 communi
1317 2340 1476 2363 consensu
1509 2336 1607 2374 atque
1634 2331 1779 2365 unanimi
1807 2333 1873 2376 spi-

1127 2383 1187 2415 ritu
1205 2383 1416 2427 praescripta,
1438 2384 1479 2417 ad
1498 2394 1606 2417 veram
1619 2385 1685 2418 Deo
1705 2390 1871 2430 acceptam

1128 2435 1347 2479 religiosisque
1375 2436 1521 2480 personis
1541 2438 1678 2473 maxime
1702 2443 1872 2472 consenta-

1127 2495 1217 2517 neam
1236 2484 1392 2518 unitatem
1412 2486 1611 2529 redigantur.

1169 2535 1184 2577 ,ξ
1204 2534 1236 2567 4.
1269 2535 1393 2568 idcirco
1422 2534 1481 2579 ipsi
1509 2536 1706 2577 confratres,
1721 2553 1724 2555 Δ
1740 2536 1871 2570 salutari
1886 2544 1972 2599 Peg-p:
2004 2563 2013 2587 ¹.

1126 2582 1286 2616 desiderio
1307 2585 1456 2626 permoti,
1479 2583 1518 2615 ad
1536 2590 1667 2618 .rcctam
1696 2584 1872 2617 institutio-
1887 2598 1961 2646 ffi'e'h
1998 2591 2012 2691 i

1968 2687 2011 2723 ³5

1127 2642 1199 2665 nem
1218 2638 1426 2676 sanctamque
1449 2634 1722 2666 conservationem
1744 2635 1793 2666 sui
1813 2634 1871 2667 Or·
1887 2657 1945 2678 gne,

1887 2685 1946 2705 quer

1887 2710 1925 2726 nes
1940 2711 1952 2727 G
