2059 3228
875 199 979 224 snrrus
997 200 1018 223 v
1035 199 1085 223 rr.
1646 190 1710 226 785

213 256 355 286 nostram
396 251 582 285 huiusmodi
622 251 875 296 prohibitionem
924 250 963 284 de
1003 261 1156 294 cumque,
1181 251 1292 296 quavis
1309 253 1512 293 auctoritate,
1543 252 1682 288 scienter
1704 255 1753 288 vel

183 338 192 347 ,
212 304 378 339 factoiniti
391 305 521 346 suerint,
539 306 662 338 nullam
673 316 710 339 ex
723 306 781 345 eis,
798 312 962 349 tamquam
1004 305 1201 348 ignoranter,
1225 303 1395 350 contigerit
1411 307 1573 341 attentari.
1661 307 1663 309 ’

214 355 363 402 perhanc
374 359 520 392 eamdem
538 359 802 393 constitutionem
819 365 961 393 nostram
1047 359 1062 403 g
1083 359 1113 393 6.
1143 359 1340 397 Mandamus
1354 371 1428 394 vcro
1452 361 1608 395 universis
1635 367 1669 395 et
1687 363 1752 395 sin-

107 447 114 461 t,
211 412 370 446 damnatis
390 417 421 445 et
435 413 624 456 reprobatis,
637 413 761 446 etiamsi
781 413 963 446 iuramento
981 422 984 453 ᾗ
1001 412 1085 457 gulis
1109 413 1255 446 locorum
1283 414 1467 455 ordinariis,
1494 425 1552 459 per
1575 426 1751 459 quascum-

103 470 106 474 ‘
159 482 166 488 ·
210 471 269 500 aut
302 466 334 499 in
362 466 464 500 forma
493 466 646 500 Gamerae
678 467 880 511 Apostolicae
913 467 962 500 vel
981 458 985 500 ς’
1002 477 1065 511 que
1085 467 1266 510 provincias
1290 473 1321 500 ct
1350 478 1449 511 regna
1469 468 1636 502 christiani
1664 467 1753 503 orbis

92 514 97 523 ⁸
210 519 289 553 alias
307 519 553 564 quomodolibet
571 520 715 554 roborati
736 517 964 560 suerint‚'ohli-
981 505 987 548 i
1003 519 1195 560 constitutis,
1219 526 1249 553 ct
1273 521 1439 564 quibusvis
1459 522 1574 555 nostris
1603 527 1636 556 et
1662 522 1753 557 Sedis

209 573 373 616 gationem
405 573 531 606 civilem
562 579 618 606 aut
650 573 831 607 naturalem
869 573 960 613 oriri,
1003 574 1218 619 Apostolicac,
1246 575 1343 607 ctiam
1374 575 1413 609 (le
1443 576 1554 616 latere,
1585 576 1697 619 legatis
1715 587 1754 610 ac

1768 201 1821 231 An.
1837 202 1866 231 C.
1882 203 1949 232 1586

1795 371 1908 398 nepotatio
1929 377 1952 395 ει

1767 400 1879 424 facultates
1897 409 1952 425 oxe-

1767 439 1861 456 culorum
1891 436 1951 455 lunius

1767 467 1933 490 constitutionis.

209 627 398 671 nullamque
417 619 576 660 actionem
593 627 713 660 realem
734 632 790 659 aut
809 635 963 670 persona-

208 681 285 722 lem,
321 687 377 714 aut
406 681 522 714 iudicis
548 680 704 721 osticium,
738 690 844 724 neque
873 680 961 713 aliud

209 734 440 778 quodcumque
460 734 511 767 ius
530 734 684 778 cuiquam
696 740 894 778 competere,
907 744 963 767 ne-

207 799 270 832 que
289 787 398 832 quoad
413 793 534 822 sortem
554 799 611 821 seu
632 787 770 832 capitale
797 787 960 831 integrum

173 836 180 847 ”
205 841 480 886 recuperandum,
492 841 579 885 quod
592 851 667 874 casu
679 841 812 875 fortuito
829 842 961 886 perierit

206 901 264 930 aut
286 895 440 930 amissum
473 895 546 937 erit,
573 906 680 939 neque
709 895 817 939 quoad
855 901 960 929 certas

86 979 102 988 ,.
205 954 350 984 summas
369 956 400 983 et
420 950 617 993 quantitates
636 949 669 982 in
695 949 839 993 singulos
859 960 960 983 annos

101 1017 114 1045 ἡ
205 1009 261 1038 aut
293 1013 420 1038 menses
449 1004 533 1037 lueri
559 1003 687 1038 socialis
722 1003 854 1038 nomine
881 1014 959 1048 pro-

206 1067 332 1090 missas.
370 1094 376 1100 ,

89 1141 97 1155 ,Ἰ
209 1118 212 1124 ·
250 1111 266 1155 5
289 1109 322 1144 4.
337 1110 369 1145 Si
391 1111 447 1155 qui
462 1120 537 1158 xjero
548 1111 582 1143 in
602 1115 767 1155 posterum
789 1111 848 1144 suh
869 1120 960 1155 prae-

82 1165 302 1211 >jr..1.‘..‹'lictis
325 1164 567 1203 conditionibus
591 1169 622 1198 et
640 1165 742 1208 pactis
766 1164 960 1198 contrahere

84 1214 97 1262 'g
107 1243 121 1266 5-
131 1219 167 1237 ⁸⁰·
207 1217 328 1253 ‘temere
348 1218 638 1262 praesumpserint,
651 1223 720 1259 aut,
733 1223 900 1262 praetextu
914 1217 958 1250 si-

206 1272 334 1306 milium
345 1272 851 1315 contractuum{conventionum
863 1277 894 1305 et
904 1281 959 1315 pa-

114 1327 117 1330 ⁴
167 1333 180 1359 '0
205 1326 351 1362 ctionum
375 1326 537 1360 societatis
560 1326 693 1359 nomine
718 1325 886 1367 initorum,
901 1325 958 1369 qui

85 1400 93 1402 n
116 1378 129 1397 ⁷
162 1414 173 1417 „
203 1379 378 1426 hucusque
405 1380 534 1420 durant,
559 1379 599 1413 ad
624 1379 826 1413 exactionem
852 1378 958 1412 dictae

105 1424 126 1457 ³?
148 1431 171 1449 ²⁵·
202 1433 300 1469 sortis
324 1444 382 1468 seu
413 1433 560 1478 capitalis
584 1433 649 1467 sive
678 1433 764 1466 illius
794 1433 897 1477 precii
927 1437 959 1465 ct

203 1487 334 1530 valoris
349 1493 521 1532 postquam
535 1487 616 1520 illud
627 1488 661 1520 in
674 1493 741 1520 toto
756 1487 804 1520 vel
821 1487 854 1519 in
864 1492 958 1530 parte

204 1545 282 1576 casu
301 1541 436 1575 fortuito
470 1541 604 1585 perierit
635 1546 692 1574 aut
716 1540 872 1574 amissum
904 1540 956 1579 sit,

204 1595 262 1634 aut
279 1600 386 1629 certae
405 1605 550 1628 summae
559 1595 608 1628 vel
628 1594 819 1638 quantitatis
831 1603 958 1626 annuae

204 1654 465 1683 aut·menstruae
480 1648 541 1681 sibi
561 1647 795 1692 promissae,in
809 1647 957 1680 futurum
978 1650 980 1652 ’

202 1702 382 1748 procedere
406 1702 476 1742 ausi
501 1702 633 1743 fuerint,
657 1712 712 1735 eos
731 1701 901 1734 universos
929 1655 981 1788 etl

204 1756 350 1800 singulos
360 1756 395 1789 in
413 1766 534 1800 poenas
547 1761 661 1789 contra
681 1755 869 1791 manifestos
879 1764 958 1787 usu-

98 1823 114 1839 κ
159 1811 172 1838 ὀ
192 1802 308 1844 ‘rarius
327 1815 360 1844 et
378 1810 611 1850 foeneratores,
625 1820 642 1842 a
661 1809 761 1842 sacris
779 1807 959 1842 canonibus

205 1869 237 1898 et
260 1863 408 1898 conciliis
425 1863 732 1907 generalibuslatas
759 1868 792 1895 et
815 1861 960 1905 promul-

205 1922 306 1962 gatas,
329 1928 367 1951 eo
386 1917 471 1961 ipso,
493 1918 676 1957 incurrere,
698 1923 729 1950 et
745 1922 857 1949 contra
874 1915 956 1955 illos,

204 1971 253 2004 uti
272 1970 460 2004 manifestos
482 1971 648 2016 usurarios
668 1976 700 2003 et
724 1969 957 2008 foeneratores,

205 2023 255 2058 vla
287 2023 369 2071 iuris
405 2025 543 2068 aliisque
580 2023 773 2068 opportunis
809 2021 961 2056 remediis

205 2078 341 2123 procedi
359 2088 455 2122 posse
475 2083 508 2111 et
526 2078 658 2112 debere.

251 2131 268 2176 ἓ
286 2132 319 2166 5.
341 2132 460 2176 Sicque
479 2132 520 2165 ab
539 2131 691 2166 omnibus
705 2129 884 2169 censet-Lot
902 2128 957 2168 ita,

77 692 124 732 ,ni

72 739 75 742 ’
103 739 126 762 st
143 749 146 755 ·

80 771 160 799 l’tatgs.r

99 2286 127 2327 s
174 2323 177 2326 Α
209 2293 322 2338 quavis
345 2293 540 2326 auctoritate
563 2293 742 2335 fungentes,
764 2291 861 2324 ctiam
887 2300 959 2322 cau-

208 2357 319 2380 sarum
359 2346 471 2379 Palatii
508 2345 684 2390 Apostolici
723 2344 887 2377 auditores
924 2354 960 2376 ac

209 2395 243 2430 S.
264 2395 302 2429 R.
323 2395 360 2429 E.
378 2395 569 2434 cardinales,
587 2394 713 2427 sublata
731 2393 777 2425 eis
800 2398 831 2425 et
847 2401 960 2424 eorum

210 2444 347 2478 cuilibet
368 2443 479 2488 quavis
498 2443 593 2476 aliter
616 2441 781 2475 iudicandi
807 2447 839 2474 et
863 2441 961 2474 inter-

210 2493 360 2538 pretandi
380 2493 532 2526 facultate
551 2497 583 2525 et
602 2491 806 2531 auctoritate,
838 2489 960 2534 ubique

117 2531 141 2555 J,-

291 2640 366 2672 Butt.
388 2639 466 2671 Rom.
495 2639 548 2669 Vol.
572 2638 643 2669 VIII.
842 2638 880 2668 99

108 2221 109 2224 ,
131 2231 133 2234 .
161 2213 195 2237 ἢ,
209 2185 317 2231 quoad
327 2185 506 2230 praemissa
519 2186 668 2219 universa
688 2190 719 2217 et
740 2183 880 2226 singula,
901 2192 960 2227 per

209 2245 434 2284 quoscumque
471 2239 596 2272 iudices
629 2244 661 2272 et
699 2236 936 2271 commissarios
949 2262 957 2276 ,
978 2213 982 2269 i

1002 628 1200 671 vigelegatis,
1223 628 1402 672 ceterisque
1431 628 1634 671 officialibus,
1661 641 1753 674 prae-

1003 682 1114 716 sertim
1138 681 1381 726 provinciarum
1403 688 1435 715 ct
1466 683 1614 716 locorum
1644 683 1754 718 Status

1002 736 1106 769 nostri
1139 735 1434 775 Ecclesiasticisut
1467 736 1498 768 in
1525 737 1590 769 suis
1614 738 1753 780 quisque

1002 789 1198 830 civitatibus,
1215 789 1427 829 dioecesibus,
1441 790 1614 832 provinciis
1634 796 1664 823 et
1674 791 1752 823 locis

1002 849 1206 887 praesentem
1217 849 1358 876 nostram
1368 843 1632 877 constitutionem
1645 844 1753 887 publis-

1001 897 1068 931 cari
1084 903 1117 930 et
1133 897 1284 930 inviolate
1298 897 1460 929 observari
1479 903 1610 937 curcnt;
1632 903 1662 930 et
1678 908 1754 930 con-

1002 957 1051 984 tra
1076 960 1243 994 persona3‚
1265 960 1347 994 quae
1378 949 1410 982 iu
1439 950 1597 991 futurum,
1626 956 1755 994 praeter

1001 1010 1033 1038 et
1052 1010 1165 1038 contra
1197 1004 1451 1048 prohibitionem
1482 1004 1565 1038 lianc
1595 1010 1751 1045 nostram,

1000 1058 1120 1102 pacisci
1130 1063 1187 1091 aut
1198 1058 1325 1101 exigere
1337 1068 1432 1090 ausae
1444 1056 1574 1098 suerint,
1588 1064 1752 1100 tamquam

1000 1111 1149 1157 publicos
1184 1111 1352 1144 usurarios
1381 1117 1411 1144 et
1443 1110 1663 1144 foeneratores
1695 1121 1753 1154 per

999 1167 1083 1199 viam
1102 1165 1318 1199 accusationis
1342 1166 1391 1198 vel
1411 1164 1671 1197 denunciationis
1698 1170 1752 1196 aut:

1001 1215 1234 1263 inquisitionis,
1255 1225 1287 1252 et
1320 1229 1358 1252 cx
1389 1228 1479 1251 mero
1513 1217 1632 1259 officio,
1655 1224 1752 1262 prout

1000 1273 1046 1307 eis
1064 1273 1240 1313 videbitur,
1263 1272 1452 1316 procedant,
1475 1282 1613 1314 reosque
1639 1271 1753 1315 culpa-

1000 1327 1081 1361 biles
1099 1332 1246 1372 repertos
1266 1326 1436 1367 condignis
1457 1325 1581 1369 poenis,
1600 1331 1633 1358 ut
1653 1335 1752 1368 supra

999 1382 1121 1415 dictum
1142 1386 1200 1421 est,
1225 1380 1384 1419 afficiant,
1409 1379 1557 1412 invocato
1591 1379 1701 1419 etiam,
1725 1378 1750 1410 si

1000 1446 1083 1479 opus
1102 1434 1210 1475 tuerit,
1230 1433 1350 1467 auxilio
1370 1433 1496 1466 brachii
1517 1432 1702 1466 saecularis.

1042 1490 1108 1533 §7.
1134 1489 1204 1522 Non
1233 1488 1438 1522 obstantibus
1470 1497 1751 1530 quarumcumque
1789 1499 1950 1525 cumanae,

1000 1543 1177 1583 civitatum,
1200 1538 1440 1586 provinciarum
1461 1549 1492 1573 ct
1511 1541 1672 1580 locorum,
1699 1540 1749 1572 iu-
1762 1536 1889 1557 ‘⁰⁵¹‘“¹“⁶·

1000 1602 1166 1637 ramento,
1206 1595 1454 1629 confirmatione
1491 1594 1669 1638 apostolica
1702 1593 1751 1625 rel

999 1651 1110 1695 quavis
1129 1649 1282 1683 firmitate
1302 1649 1364 1681 alia
1384 1648 1555 1687 roboratis,
1579 1647 1707 1679 statutis
1719 1652 1751 1679 et

999 1703 1309 1742 consuetudinibus3
1335 1701 1512 1746 privilegiis
1532 1711 1674 1744 quoquc,
1700 1700 1750 1732 in-

999 1757 1098 1790 dultis
1115 1762 1145 1790 et
1165 1756 1280 1789 litteris
1297 1754 1493 1799 apostolicis,
1515 1763 1751 1797 quorumcum-

1000 1822 1065 1856 que
1092 1818 1243 1845 tenorum
1268 1809 1415 1845 existant,
1442 1808 1508 1841 sive
1528 1818 1586 1851 per
1617 1807 1750 1839 modum

1001 1864 1242 1899 constitutionis
1262 1869 1292 1897 et
1311 1863 1390 1906 legis
1411 1868 1586 1906 perpetuae
1615 1870 1752 1904 quomo-

1000 1918 1123 1952 dolibet
1152 1917 1325 1957 concessis,
1361 1916 1458 1949 ctiam
1479 1914 1607 1958 saepius
1631 1924 1752 1957 appro-

999 1973 1082 2006 batis
1098 1978 1133 2005 et
1156 1971 1327 2010 innovatis,
1355 1980 1436 2012 quac
1461 1968 1571 2002 omnia
1599 1967 1751 2000 nolumus

1001 2026 1154 2069 cuiquam
1175 2025 1214 2058 de
1235 2032 1342 2058 cetero
1367 2022 1549 2066 suffragari.

1044 2079 1059 2123 g
1079 2078 1108 2113 8.
1124 2079 1161 2112 L't
1176 2085 1283 2111 autem
1297 2082 1481 2121 praesentes
1492 2075 1618 2108 litterae
1630 2074 1670 2108 ad
1681 2085 1751 2107 om·
1789 2088 1858 2111 imno
1877 2090 1949 2115 nuum..

1001 2134 1091 2166 nium
1117 2133 1263 2165 notitiam
1292 2130 1504 2170 deducantur,
1535 2139 1614 2161 neve
1633 2120 1949 2172 aliqttisfjssss'Mfflffiffl‘h

1001 2197 1112 2220 carum
1142 2185 1356 2228 ignorantiam
1390 2181 1601 2227 praetende-re
1632 2181 1748 2221 valeat,

1001 2241 1148 2273 volumus
1157 2245 1189 2272 ut
1202 2239 1276 2271 illae
1287 2239 1318 2270 in
1330 2237 1426 2270 valtis
1439 2235 1646 2269 basilicarum
1659 2234 1751 2267 Prin-

1001 2297 1080 2340 cipis
1114 2297 1334 2340 apostolorum
1374 2294 1414 2327 (lc
1450 2293 1534 2327 Urbe
1568 2299 1600 2326 ct
1639 2292 1750 2326 Sancti

1001 2355 1128 2388 loannis
1143 2353 1366 2387 Laterancnsis
1381 2360 1410 2386 et
1423 2351 1639 2385 Cancellariac
1667 2352 1751 2394 Apo-

1000 2413 1142 2453 stolicae,
1164 2418 1260 2456 atque
1280 2412 1313 2445 in
1332 2412 1402 2445 acie
1421 2410 1531 2454 Campi
1547 2409 1672 2450 Florae,
1692 2418 1751 2452 per

1000 2471 1141 2514 aliquem
1173 2481 1209 2504 ex
1236 2470 1353 2506 nostris
1377 2469 1564 2503 cursoribus
1591 2467 1632 2501 de
1658 2477 1749 2500 more

210 2542 350 2576 iudicari
366 2548 399 2576 et
425 2540 710 2580 diffini1=1debere;
731 2549 858 2573 necnon
884 2539 959 2572 irri-
1001 2529 1225 2573 publicentur,
1265 2528 1405 2561 dimissis
1437 2533 1468 2562 et
1501 2526 1601 2560 affixis
1635 2536 1748 2560 earum

211 2596 323 2625 tumet
339 2591 446 2631 inane,
459 2591 484 2623 si
505 2600 597 2623 secus
617 2589 776 2634 superbis
789 2598 847 2632 per
864 2597 960 2631 quos·
1001 2587 1154 2631 exemplis
1169 2587 1202 2620 in
1222 2586 1290 2621 acic
1309 2593 1340 2621 et
1358 2586 1455 2621 valvis
1473 2584 1658 2632 praedictis.
