2059 3228
111 238 114 240 ,
132 211 187 242 An.
203 214 319 247 01583

381 209 444 243 405

334 271 448 305 litteris
466 271 607 304 eiusdem
625 269 790 303 Cruriatae
803 269 833 301 in
844 268 965 302 eisdem
974 267 1080 311 regnis

332 335 370 358 ac
389 324 487 358 Indiis
511 324 655 357 eiusdem
679 322 819 366 Philippi
840 322 924 366 regis
943 323 1080 367 impres-

331 379 374 412 sis
393 383 424 412 et
439 377 588 411 distribui
604 376 704 410 solitis
724 376 869 420 apposita
893 375 999 417 fucrit,
1022 376 1080 408 du-

331 432 467 465 bitatum
487 436 660 474 propterea
679 430 719 463 ab
743 430 904 473 aliquibus
924 429 1025 463 extitit
1043 441 1079 463 u-

331 490 417 518 trum
437 494 496 528 per
514 484 713 527 praedictam
732 489 874 517 nostram
889 484 1080 517 declaratio-

330 548 406 572 nem
426 538 597 581 abrogatae
613 544 822 572 censerentur
839 538 1006 572 facultates
1021 549 1079 582 per

329 591 471 625 diversos
487 592 648 627 Romanos
667 591 839 626 Pontifices
850 592 1077 636 praedecesse-

326 655 379 678 res
394 650 522 678 nostros
540 652 572 678 et
590 655 649 679 nos
666 646 903 679 venerabilibus
926 646 1078 679 fratribus

326 698 581 743 archiepiscopis
600 705 631 732 et
641 699 802 744 episcopis
820 699 982 733 indiarum
995 700 1078 733 eius-

319 752 398 786 dem
422 752 562 797 Philippi
582 753 666 796 regis
685 762 856 787 concessae
876 754 962 787 circa
982 754 1076 786 abso-

324 805 464 840 lutiones
483 806 638 840 Indorum
652 807 819 850 utriusque
835 817 928 840 sexus
942 807 981 839 ab
1002 807 1077 840 liae-

325 859 388 892 resi
413 865 445 893 et
468 860 596 893 casibus
615 860 709 894 nobis
729 866 760 894 et
778 861 980 904 Apostolicae
1001 860 1075 893 Sedi

323 913 631 954 reservatis.Quare,
645 924 704 957 pro
724 919 815 957 parte
836 914 978 947 eiusdem
999 912 1074 946 Phi-

317 965 404 1009 'lippi
423 966 524 1010 regis,
544 967 637 1000 nobis
656 967 718 1001 fuit
732 967 898 1001 humiliter
909 966 1073 1009 supplica-

322 1024 390 1052 tum
400 1026 558 1064 quatenus
566 1020 598 1053 in
610 1021 804 1065 praemissis,
815 1026 912 1064 prout
925 1021 1072 1054 locorum

322 1079 352 1106 et
372 1079 556 1118 temporum
576 1085 613 1108 ac
633 1075 821 1108 eorumdem
842 1075 996 1108 Indorum
1016 1085 1074 1107 no·

320 1126 401 1160 viter
433 1127 472 1160 ad
501 1128 598 1161 fidem
624 1129 816 1162 catholicam
842 1138 1071 1161 conversorum

321 1180 490 1223 qualitates
500 1182 642 1225 exigunt,
655 1182 853 1226 prospicere,
870 1182 1072 1215 eorumdem-

321 1244 383 1277 que
403 1234 723 1279 archiepiscoporum
740 1241 771 1269 et
791 1236 1018 1280 episcoporum
1038 1236 1070 1269 in

320 1287 412 1321 dictis
431 1288 530 1322 indiis
549 1289 759 1322 residentium
778 1289 944 1322 facultates
964 1289 1070 1323 decla-

319 1351 403 1382 rare,
425 1342 569 1386 aliasque
594 1343 732 1386 desuper
757 1349 940 1387 opportune
965 1344 1070 1387 provi-

318 1395 395 1428 dere
404 1396 443 1429 de
451 1396 648 1440 benignitate
661 1397 836 1440 apostolica
848 1398 1066 1441 dignaremur.

318 1447 476 1488 Quocirca
486 1460 544 1493 per
553 1456 736 1494 praesentes
744 1451 946 1484 declaramus
953 1452 1069 1486 mentis

318 1508 448 1536 nostrae
467 1514 532 1536 non
553 1504 649 1537 fuisse
665 1515 724 1538 nec
744 1516 812 1538 esse
824 1516 882 1549 per
896 1517 1069 1550 quascum-

318 1566 382 1600 que
404 1562 530 1590 nostras
554 1557 686 1599 litteras,
713 1564 749 1591 ut
769 1559 962 1602 praefertur,
984 1571 1070 1594 ema-

317 1614 419 1648 natas,
441 1611 610 1644 facultates
634 1612 823 1646 eorumdem
850 1613 1068 1658 archiepisco-

317 1674 434 1708 porum
459 1670 490 1698 et
515 1665 744 1709 episcoporum
770 1666 856 1700 circa
881 1667 1068 1701 huiusmodi

316 1718 536 1752 absolutiones
560 1719 767 1763 restringere,
795 1721 993 1764 suspendere
1013 1733 1068 1755 seu

317 1781 481 1813 revocare,
504 1783 541 1805 ac
561 1772 679 1816 potiori
695 1783 754 1816 pro
770 1774 906 1815 cautela,
917 1775 1068 1819 Indisque

316 1825 488 1868 praedictis
508 1826 679 1870 utriusque
699 1837 791 1860 sexus
811 1827 844 1859 in
869 1838 981 1861 eorum
1009 1839 1065 1862 ne-

317 1878 519 1912 cessitatibus
539 1880 675 1913 sollicita
694 1887 804 1913 nostra
815 1881 978 1924 vigilantia
992 1883 1067 1915 sub-

315 1931 425 1965 venire
449 1933 629 1976 cupientes,
661 1944 698 1966 ac
722 1934 902 1967 litterarum
935 1937 1068 1978 praedi-

316 1990 441 2018 ctarum
466 1997 747 2031 quarumcumque
766 1993 894 2021 tenores
916 1999 1068 2031 praescu-

315 2038 401 2071 tibus
421 2050 480 2082 pro
500 2040 695 2073 sufficienter
715 2041 872 2084 expressis
892 2048 922 2074 et
942 2042 1068 2075 insertis

317 2091 486 2133 habentes,
512 2093 632 2127 eisdem
663 2093 913 2138 archiepiscopis
937 2102 968 2128 et
1000 2097 1067 2139 epi-

318 2146 422 2190 scopis
442 2147 475 2179 in
495 2147 661 2181 indiarum
681 2148 825 2192 partibus
848 2159 935 2182 nunc
955 2155 986 2182 et
1010 2160 1069 2193 pro

319 2205 463 2244 tempore
483 2201 674 2244 degentibus
694 2214 730 2236 ac
748 2203 787 2235 ab
804 2203 848 2236 eis
859 2203 1069 2247 subdelegan-

319 2253 366 2286 dis
385 2265 605 2298 quascumque
625 2256 802 2298 facultates,
827 2268 883 2300 per
897 2268 1069 2301 quoscum-

320 2316 382 2348 que
412 2301 572 2342 Romanos
601 2310 772 2343 Pontifices
805 2312 1069 2355 praedecessores

320 2364 444 2392 nostros
457 2367 488 2394 et
504 2364 583 2402 nos,¹
597 2365 683 2396 ci'rca
703 2364 922 2398 absolutiones
942 2375 1070 2398 eorum-

321 2411 393 2444 dem
417 2413 567 2447 lndorum
595 2422 704 2450 tenore
729 2418 946 2461 praesentium
977 2429 1068 2452 revo-

322 2470 444 2501 camus,
468 2469 498 2495 ct
515 2470 673 2507 quatenus
692 2476 773 2509 opus
793 2467 844 2507 sit,
863 2467 931 2500 illas
949 2467 1068 2501 eisdem

322 2509 426 2564 denuo
445 2513 663 2554 concedimus,
687 2516 785 2555 itaut,
805 2522 866 2548 tam
881 2516 1068 2549 eorumdem

323 2569 467 2602 priorum
506 2573 599 2604 quam
640 2565 858 2607 praesentium
892 2566 1067 2599 litterarum

321 2609 450 2647 virtute,
473 2621 696 2655 quoscumque
717 2614 885 2658 utriusque
906 2626 998 2649 sexus
1018 2616 1068 2648 In-

932 213 1112 240 Bul-Lamum
1131 213 1282 238 Romnum

1122 266 1190 306 dos,
1213 276 1249 298 ac
1273 276 1291 298 a
1310 265 1426 297 Mauris
1446 269 1477 297 et
1498 263 1650 307 Indianis,
1672 274 1709 299 ac
1727 264 1869 299 Indianis

1121 325 1152 352 et
1170 318 1287 351 Mauris
1305 317 1441 361 genitos,
1462 329 1481 351 a
1503 318 1639 352 crimine
1668 319 1810 353 haeresis
1837 323 1869 353 et

1121 371 1293 405 schismate
1312 377 1343 405 et
1362 371 1528 406 idolatriae
1543 381 1671 405 necnon
1683 371 1868 406 aliisomni-

1120 426 1180 459 bus
1215 424 1342 459 casibus
1376 425 1469 459 nobis
1502 430 1533 458 et
1566 425 1869 470 Sedi'Apostolicae

1119 480 1376 524 quomodolibet,
1398 480 1494 513 etiam
1514 479 1547 512 in
1566 480 1654 513 bulla
1670 480 1705 514 in
1724 480 1775 514 die
1789 480 1869 515 Goe-

1119 544 1178 567 nae
1202 534 1329 567 Domini
1353 545 1411 579 per
1426 535 1588 568 Romanos
1610 535 1781 570 Pontifices
1803 535 1868 579 legi

1119 589 1212 622 solita
1247 589 1421 630 contentis,
1458 589 1643 630 reservatis,
1670 589 1703 622 in
1728 595 1868 634 utroque

1118 642 1188 675 foro
1209 642 1393 675 absolvendi
1413 648 1444 676 et
1462 643 1603 676 totaliter
1621 642 1794 685 liberandi,
1815 643 1867 677 in-

1118 696 1226 730 iuncta
1241 697 1286 730 eis
1305 707 1364 741 pro
1384 697 1480 730 modo
1497 697 1612 742 culpae
1628 696 1736 741 aliqua
1754 697 1867 742 poeni-

1118 750 1216 783 tentia
1225 751 1367 791 salutari,
1374 751 1537 784 licentiam
1546 756 1577 784 et
1584 751 1782 792 facultatem,
1789 761 1867 795 apo-

1117 802 1229 837 stolica
1252 805 1458 845 auctoritate,
1485 810 1599 838 tenore
1630 804 1863 849 praesentium,

1117 857 1324 891 concedimus
1344 864 1375 891 et
1399 858 1615 906 impartimur.
1641 858 1711 892 Non
1735 859 1866 893 obstan-

1117 911 1201 944 tibus
1222 911 1336 945 litteris
1356 912 1540 956 praedictis,
1561 923 1598 946 ac
1608 911 1775 957 quibusvis
1789 923 1866 947 con-

1116 964 1336 998 stitutionibus
1344 970 1374 998 et
1391 965 1650 999 ordinationibus
1664 966 1862 1008 apostolicis;

1115 1018 1231 1062 quibus
1255 1018 1406 1052 omnibus
1430 1024 1460 1052 et
1484 1018 1636 1062 singulis,
1662 1019 1794 1053 illorum
1817 1024 1866 1053 te-

1113 1084 1210 1107 nores
1225 1074 1448 1118 praesentibus
1466 1085 1525 1118 pro
1545 1075 1641 1119 plene
1661 1080 1692 1108 et
1703 1073 1865 1108 sufficien-

1113 1133 1162 1161 ter
1186 1128 1342 1172 expressis
1366 1139 1403 1161 ac
1423 1128 1463 1161 de
1483 1129 1581 1161 verbo
1598 1127 1639 1161 ad
1657 1128 1792 1161 verbum
1810 1127 1863 1161 in-

1113 1181 1208 1214 sertis
1228 1181 1395 1221 hahentes,
1418 1181 1480 1214 illis
1503 1181 1582 1214 alias
1605 1181 1638 1214 in
1663 1191 1721 1214 suo
1746 1181 1863 1215 robore

1112 1234 1349 1278 permansuris,
1371 1235 1432 1268 hac
1450 1234 1518 1268 vice
1538 1235 1716 1276 dumtaxat,
1741 1234 1862 1280 specia-

1112 1288 1186 1321 liter
1210 1294 1241 1322 et
1268 1299 1417 1332 expresse
1442 1288 1645 1332 derogamus,
1681 1289 1862 1334 ceterisque

1112 1341 1282 1375 contrariis
1297 1341 1568 1386 quibuscumque.
1586 1342 1740 1376 Volumus
1753 1347 1862 1377 autem

1111 1396 1197 1439 quod
1217 1396 1438 1441 praesentium
1458 1396 1682 1441 transumptis,
1698 1396 1794 1431 etiam
1803 1397 1862 1431 im-

1110 1450 1241 1495 pressis,
1264 1461 1362 1484 mauu
1375 1450 1515 1484 alicuius
1523 1450 1641 1484 notarii
1652 1451 1861 1495 publicisub-

1111 1504 1251 1549 scriptis,
1273 1511 1304 1538 et
1323 1505 1427 1548 sigillo
1456 1515 1614 1549 personae
1646 1505 1680 1538 in
1708 1505 1861 1549 dignitate

1111 1558 1328 1592 ecclesiastica
1352 1558 1544 1592 constitutae
1571 1558 1718 1600 munitis,
1747 1559 1860 1593 eadem

1110 1623 1243 1656 prorsus
1266 1613 1346 1646 fides
1366 1611 1399 1645 in
1419 1612 1539 1646 iudicio
1559 1617 1590 1646 et
1613 1617 1713 1654 extra,
1737 1613 1860 1657 ubique

1109 1666 1313 1708 adhibeatur,
1336 1677 1419 1710 quae
1438 1665 1557 1700 eisdem
1570 1667 1794 1711 praesentibus
1802 1667 1859 1700 ad-

1108 1721 1290 1763 hiberetur,
1310 1721 1337 1755 si
1356 1721 1462 1755 forent
1481 1719 1641 1755 exhibitae
1672 1720 1722 1754 vel
1750 1725 1857 1754 osten-

1109 1786 1173 1809 sae.

1152 1829 1266 1862 Datum
1286 1828 1406 1863 Romae
1425 1829 1510 1873 apud
1529 1828 1684 1862 Sanctum
1711 1827 1854 1870 Petrum,

1109 1884 1168 1917 sub
1188 1884 1309 1916 annulo
1329 1882 1510 1924 piscatoris,
1530 1882 1582 1916 die
1598 1882 1704 1927 prima
1718 1881 1857 1916 ianuarii

1108 1947 1280 1978 MDLxxxm,
1301 1937 1508 1981 pontificatus
1525 1936 1627 1970 nostri
1645 1945 1731 1969 anno
1748 1945 1792 1969 x1.

1180 1991 1243 2021 Dat.
1263 1991 1310 2021 die
1326 1992 1340 2021 1
1356 1991 1417 2021 ian.
1434 1991 1521 2027 1583,
1537 1990 1642 2030 pontif.
1658 1997 1736 2020 anno
1746 1997 1788 2020 xx.

1426 2138 1534 2174 CXLV.

1111 2206 1324 2250 Confirmatio
1354 2207 1585 2247 institutionis,
1608 2206 1856 2251 privileyt'orum

1153 2265 1182 2294 et
1216 2261 1455 2304 eoermpliommz
1473 2260 1644 2294 Societatis
1668 2260 1754 2302 Iesu,
1783 2270 1855 2294 cum

1152 2315 1320 2348 nonnuliis
1338 2314 1611 2348 declarationibus
1626 2313 1654 2347 ¹.

1134 2388 1138 2393 ’
1166 2387 1311 2422 Gregorius
1329 2386 1470 2422 episcopus
1484 2392 1578 2415 servus
1591 2391 1729 2415 servorum
1741 2385 1794 2420 noi.

1261 2441 1295 2469 ad
1313 2442 1474 2477 perpetuam
1486 2440 1528 2469 rei
1541 2439 1710 2469 memoriam.

1143 2626 1159 2651 2
1180 2626 1221 2653 Ex
1241 2626 1353 2661 aegest.
1370 2626 1397 2653 iu
1412 2625 1518 2654 Secret.
1538 2624 1682 2653 Brevium,

1153 2503 1278 2543 Quanto
1303 2502 1500 2537 fructuosius
1519 2502 1553 2536 in
1572 2499 1851 2537 colenda'Domini
1896 2507 1938 2530 8¹0
2032 2515 2036 2522 ¹

1109 2557 1201 2591 vinea
1221 2568 1254 2591 se
1282 2562 1407 2591 exercet
1420 2556 1600 2590 veneranda
1614 2556 1684 2590 Iesu
1697 2555 1850 2596 Societas,
1984 2546 1993 2556 ⁸
