2059 3228
98 268 146 295 An.
163 269 192 297 c.
211 269 278 297 ¹572
336 261 356 294 ΕΖ
886 270 1065 296 Burmanni
1089 272 1241 298 nontaunu
1817 301 1820 304 ,
1847 272 1898 300 An.
1916 272 1945 300 c.
1965 272 2033 301 t5⁷2

291 323 487 367 dispendiis,
514 333 596 367 qnae
613 323 730 370 inhro
746 323 962 358 ecclesiastico
984 334 1042 369 pro
1083 335 1167 368 quan
1182 326 1402 371 locumque,in
1416 326 1520 360 causis
1535 331 1599 360 tam
1613 325 1835 362 criminalibus

291 381 435 420 tempore
451 381 645 417 tractantur,
665 387 720 418 ea,
742 388 806 421 qua
826 378 895 411 fieri
916 383 1038 423 potest,
1083 389 1180 423 quam
1208 376 1280 412 alii's
1312 380 1573 424 quibuscumque
1601 381 1709 414 sorum
1730 382 1834 416 eccle-

294 429 454 463 celeritate
475 434 695 463 succurratur.
1082 432 1245 465 siasticum
1262 433 1545 474 concernentibus,
1562 444 1580 467 a
1591 434 1757 468 sententiis
1772 445 1832 479 pro

335 483 350 524 ξ
375 483 406 515 t.
433 482 555 526 Exponi
591 493 667 516 sane
700 483 792 517 nobis
828 486 933 529 nuper
966 485 1039 518 fecit
1080 491 1226 529 tempore
1246 486 1317 518 latis
1332 487 1490 530 appellari
1507 487 1694 531 contigerit,
1712 488 1737 522 si
1756 499 1830 522 sen-

290 535 474 569 carissiinus
506 535 539 568 in
570 535 696 570 Christo
721 537 807 570 tilius
832 533 940 571 nostei·
964 539 1037 571 Plii-
1080 539 1175 571 tentia
1188 539 1388 583 abepiscopo
1400 540 1826 585 lata,admetropolitanum:

288 589 648 632 lippus,Hispaniarum
668 602 722 624 rex
738 592 928 633 catholicus,
951 593 1037 635 quod
1122 592 1137 634 ξ
1161 591 1192 623 3.
1221 592 1252 625 Si
1278 603 1350 626 vero
1376 593 1481 637 prima
1506 595 1664 628 sententia
1692 595 1731 628 ab
1758 596 1828 640 ipso
1843 632 1851 651 ι
1869 600 2028 636 Siramnai·-

288 643 320 674 in
341 642 486 685 partibus
507 643 669 677 civitatum
682 671 689 683 ‚
717 651 877 678 terrarum
898 651 927 678 et
947 646 1036 678 loco·
1078 645 1327 688 metropolitano
1347 648 1551 690 promulgata
1570 649 1686 690 fuerit,
1713 650 1752 683 ad
1773 661 1827 684 or·
1841 634 2027 689 viiiiffnssmiii}

287 706 370 736 rum,
382 696 576 740 oppidorum
593 703 621 730 et
642 698 1034 731 dominiorumIndiarum
1078 697 1240 732 dinarium
1261 700 1466 743 viciniorem,
1488 701 1609 745 absque
1628 703 1737 747 aliquo
1762 704 1826 739 alio
1840 691 2026 752 ζῖἶῇῒωῖεῶῗὲἶ

285 755 389 783 terrae
410 750 522 785 firmae
542 757 572 785 et
589 751 767 785 insularum
788 752 885 785 maris
903 752 1032 792 Oceani,

1076 751 1167 785 Sedis
1192 753 1396 797 Apostolicae
1429 755 1586 800 rescripto
1621 758 1822 802 appelletur·
1840 760 1887 777 ‘⁶¹¹¹
1909 757 2024 785 ⁸⁹⁹⁰¹¹⁸²ff⁰

283 803 324 836 ob
344 804 492 838 locorum
512 816 530 838 a
549 805 692 838 Romana
712 805 807 839 Curia
827 805 1031 847 distantiam,

116 540 188 561 z-orieu
205 540 261 562 tacti.

98 1780 219 1809 Appellatio
234 1782 254 1803 in

82 1816 139 1834 nniiis
163 1814 188 1834 ab
210 1814 256 1841 epi-

73 1846 169 1871 scopoad
180 1848 258 1867 metro-

73 1876 187 1902 politanum
210 1877 256 1899 nort

73 1910 150 1932 puteat.

1147 805 1153 811 ,
1464 808 1469 814 ,
1548 810 1555 814 ,
1777 811 1784 817 ‚
1815 786 1824 800 '
1839 787 1951 818 interponi
1959 793 2025 819 pote-
2058 808 2059 813 ,

1075 809 1106 838 et
1129 816 1155 838 si
1175 807 1317 840 secunda
1333 813 1491 842 sententla
1506 819 1630 854 primae
1649 816 1826 847 sententiae
1839 820 1876 843 rte.

282 857 412 891 difficile
427 858 602 893 admodum
616 859 771 903 rescripta
786 859 962 903 apostolica
977 861 1033 893 ha-

281 911 350 944 beri
369 918 512 955 queunt,
538 918 569 946 et
592 919 764 957 propterea
783 913 1031 957 appellationes,

279 975 362 1008 quae
383 976 401 998 a
425 966 590 1010 quibusvis
609 967 776 1000 sententiis
796 967 829 999 in
844 968 949 1001 causis
965 974 1029 1001 tam

278 1018 503 1053 criminalibus
541 1030 638 1064 quam
669 1020 739 1053 aliis
767 1021 1029 1066 quibuscumque

278 1072 384 1106 sorum
411 1073 662 1107 ecclesiasticum
681 1074 953 1108 concernentibus
970 1086 1028 1120 pro

277 1132 424 1170 tempore
452 1127 523 1160 latis
550 1127 821 1171 interponuntur,
856 1128 1029 1163 difficulter

276 1180 451 1213 admodum
472 1180 572 1225 recipi
598 1186 628 1214 ct
654 1181 777 1215 admitti
801 1188 950 1226 possun13
990 1194 1026 1216 ac

274 1239 447 1278 propterea
455 1235 636 1268 incolarum
648 1236 889 1280 praedictorum
899 1237 1027 1282 dispen-

274 1288 335 1321 diis
348 1315 356 1329 ,
396 1300 480 1332 quae
506 1300 544 1323 ex
564 1289 669 1323 litium
689 1290 892 1333 longitudine
911 1302 1024 1335 prove-

273 1341 388 1383 niunt,
426 1342 516 1376 valde
551 1344 734 1377 consultum
759 1344 859 1386 soret,
893 1345 918 1379 si
943 1345 1024 1379 duae

273 1396 450 1431 sententiae
465 1407 525 1441 pro
545 1402 691 1442 tempore
707 1399 789 1432 latae
809 1409 879 1432 rem
899 1399 1023 1434 iudica-

275 1454 338 1482 tam
353 1451 511 1492 facerent,
531 1456 562 1484 et
577 1451 616 1484 ab
631 1452 694 1485 illis
705 1453 843 1496 amplius
859 1453 1023 1497 appellare

272 1514 339 1537 non
358 1504 480 1538 liceret.
517 1504 622 1544 Quare
655 1505 741 1539 idem
774 1507 942 1551 Philippus
969 1518 1024 1541 rex

273 1556 367 1591 nobis
403 1558 572 1592 humiliter
596 1559 772 1604 supplicari
792 1560 887 1602 fecit,
924 1566 959 1594 ut
989 1561 1022 1594 in

271 1611 456 1655 praemissis
477 1619 660 1656 opportune
680 1613 848 1657 providere
875 1615 915 1648 de
934 1615 1023 1649 beni-

270 1665 390 1709 gnitate
409 1667 586 1710 apostolica
605 1667 828 1711 dignaremur.

313 1719 329 1763 §
353 1719 385 1753 2.
407 1719 481 1762 Nos,
508 1721 565 1765 qui
585 1722 784 1765 populorum
803 1722 1023 1766 quorumlibet

268 1773 411 1819 quietern
440 1780 471 1808 et
499 1775 728 1817 commodum,
760 1781 919 1820 quantum
948 1788 1021 1810 cum

268 1828 407 1862 Domino
448 1839 621 1873 possumus
638 1856 645 1870 ,
693 1829 831 1869 libenter
864 1841 1021 1875 procura-

269 1892 362 1922 mus,
387 1882 538 1916 eumdem
563 1882 750 1927 Philippum
773 1894 883 1927 regem
903 1895 921 1917 a
949 1885 1021 1928 qui-

269 1935 378 1970 busvis
405 1936 767 1977 excommunicationis,
802 1938 1022 1982 suspensionis

270 1996 302 2024 et
320 1990 483 2024 interdicti
500 1989 635 2034 aliisque
648 1990 874 2025 ecclesiasticis
896 1997 1022 2026 senten-

269 2043 322 2078 tiis
341 2070 349 2085 ,
383 2044 528 2078 censuris
559 2049 590 2078 et
612 2045 743 2089 poenis,
771 2055 789 2077 a
811 2044 882 2079 iure
907 2046 956 2079 vel
981 2046 1021 2080 ab

267 2097 414 2140 homine,
427 2097 538 2142 quavis
556 2098 727 2132 occasione
746 2099 795 2132 vel
814 2109 922 2141 causa,
936 2099 1019 2142 latis,

268 2151 295 2185 si
320 2151 440 2195 quibus
450 2151 693 2195 quomodolibet
711 2151 884 2186 innodatus
899 2152 1018 2195 existit,

269 2204 309 2238 ad
339 2204 489 2238 effectum
519 2205 738 2250 praesentium
758 2206 922 2240 dumtaxat
945 2217 1022 2241 con-

269 2258 470 2302 sequendum
489 2285 496 2300 ,
541 2259 659 2293 harum
702 2259 784 2293 serie
821 2259 1021 2296 absolventes

270 2317 300 2346 et
323 2311 507 2354 absolutum
527 2313 596 2346 sore
616 2318 802 2354 censentes,
833 2313 1020 2348 huiusmodi

269 2365 560 2409 supplicationibus
595 2366 761 2408 inclinati,
809 2367 958 2402 volumus
990 2374 1021 2403 et

269 2418 446 2463 apostolica
459 2419 646 2454 auctoritate
663 2421 867 2455 decernimus
886 2422 973 2465 quod
986 2422 1020 2456 in

269 2471 421 2506 omnibus
440 2473 564 2516 regnis,
586 2473 680 2507 terris
700 2479 730 2508 et
749 2474 900 2508 dominiis
914 2475 1019 2509 India-

269 2530 344 2554 rnm
377 2526 482 2554 terrae
514 2521 627 2555 firmae
656 2529 686 2556 et
711 2523 890 2558 insularum
921 2524 1019 2558 maris

269 2568 388 2604 Oceani
402 2596 410 2611 ‚
437 2575 469 2604 et
479 2570 556 2605 a¹ias
571 2572 878 2617 quomodocumque
894 2578 925 2606 et
940 2583 1018 2616 qua-

268 2618 485 2660 litercumque
517 2621 730 2665 nuncupatis,
757 2622 841 2655 dicto
869 2621 1018 2666 Philippo

270 2667 337 2711 regi
383 2668 522 2702 mediate
553 2674 600 2703 tet
625 2672 812 2705 immediate
846 2670 1016 2713 subiectis,

1075 859 1249 893 conformis
1272 861 1387 903 suerit,
1427 863 1491 896 vim
1514 863 1562 897 rei
1586 862 1746 898 iudicatae
1765 865 1825 900 ob-

1075 913 1195 954 tineat,
1222 921 1254 948 et
1278 916 1459 950 executioni
1478 927 1536 961 per
1555 927 1651 959 eum,
1672 918 1729 963 qui
1752 930 1824 955 eam

1073 967 1202 1010 tulerit,
1223 980 1428 1014 quacumque
1448 971 1664 1015 appellatione
1687 983 1754 1007 non
1769 973 1826 1008 ob-

1071 1026 1195 1063 stante,
1222 1023 1456 1058 demandetur:
1483 1025 1508 1058 si
1532 1036 1607 1059 vero
1632 1027 1706 1060 illae
1725 1027 1822 1070 duae,

1070 1075 1134 1109 sive
1159 1076 1198 1109 ab
1224 1077 1390 1111 ordinario
1415 1083 1446 1111 et
1462 1079 1733 1123 metropolitano,
1759 1081 1824 1116 sive

1069 1139 1087 1162 a
1120 1131 1370 1174 metropolitano
1400 1137 1432 1165 et
1464 1132 1629 1166 ordinario
1666 1133 1822 1169 viciniore

1068 1183 1162 1224 latae,
1185 1185 1369 1218 conformes
1387 1195 1452 1219 non
1464 1185 1602 1227 fuerint,
1616 1191 1694 1221 tunc
1713 1187 1753 1221 ab
1773 1189 1821 1223 al-

1068 1242 1137 1270 tero
1162 1238 1411 1282 metropolitano
1431 1239 1480 1272 vel
1508 1239 1682 1284 episcopo,
1712 1251 1730 1274 a
1753 1252 1820 1285 quo
1871 1246 1875 1250 '

1066 1289 1172 1334 prima
1200 1291 1264 1324 lata
1292 1292 1351 1324 fuit
1387 1292 1566 1333 sententia,
1601 1294 1641 1327 ad
1682 1294 1817 1329 vicinio-

1066 1354 1134 1376 rem
1163 1344 1307 1378 eiusdem
1336 1345 1521 1389 provinciae
1545 1347 1736 1391 episcopum
1758 1359 1816 1392 ap-

1065 1398 1224 1442 pelletur,
1255 1406 1284 1432 ct
1310 1399 1389 1433 duas
1405 1410 1443 1433 ex
1461 1400 1539 1444 ipsis
1558 1400 1661 1434 tribus
1685 1408 1816 1436 senten-

1064 1451 1124 1485 tias
1143 1452 1345 1493 conformes,
1366 1464 1446 1497 quas
1461 1454 1558 1487 etiam
1578 1454 1643 1487 vim
1663 1455 1709 1489 rei
1733 1455 1818 1489 iudi-

1065 1511 1153 1539 catae
1179 1505 1299 1540 habere
1324 1507 1495 1550 volumus,
1533 1509 1576 1548 is,
1612 1508 1670 1553 qui
1701 1509 1815 1543 ultimo

1064 1559 1137 1592 loco
1158 1558 1363 1601 iudicaverit,
1386 1567 1582 1604 exequatur,
1608 1572 1816 1608 quacumque

1063 1613 1281 1657 appellatione
1299 1624 1364 1647 non
1385 1614 1541 1648 obstante.

1107 1667 1122 1710 g
1145 1666 1176 1699 4.
1190 1666 1404 1701 Dccernentes
1419 1667 1529 1701 omnia
1543 1673 1574 1702 et
1589 1668 1726 1712 singula,
1736 1669 1814 1704 alias

1064 1730 1161 1763 quam
1197 1725 1231 1753 ut
1259 1721 1475 1764 praemittitur
1493 1718 1648 1756 intentata
1663 1727 1695 1756 et
1716 1722 1812 1766 facta,

1063 1773 1182 1807 iudicia
1220 1774 1342 1808 nullius
1367 1785 1500 1819 prorsus
1529 1775 1656 1810 roboris
1683 1781 1715 1810 et
1741 1787 1813 1812 mo-

1063 1827 1161 1861 menti
1182 1828 1262 1869 sore,
1284 1834 1315 1861 et
1334 1839 1573 1873 quascumque,
1595 1829 1692 1864 modo
1719 1841 1814 1875 prae-

1063 1881 1147 1914 dicto
1167 1891 1233 1915 non
1245 1888 1380 1923 servato,
1401 1883 1653 1926 interponendas
1671 1885 1814 1928 appella-

1062 1935 1182 1976 tiones,
1209 1935 1326 1976 nullas,
1352 1935 1459 1970 irritas
1478 1942 1509 1970 et
1528 1936 1640 1971 inanes
1659 1938 1812 1980 existere;

1062 1989 1171 2034 sicque
1191 2000 1249 2035 per
1269 2000 1492 2034 quoscumque
1518 1990 1644 2026 iudices
1669 1996 1700 2025 et
1724 2003 1813 2027 com-

1062 2043 1243 2084 missarios,
1279 2044 1390 2087 quavis
1408 2044 1600 2079 auctoritate
1629 2046 1811 2090 fungentes,

1062 2097 1157 2131 etiam
1177 2097 1241 2130 loci
1262 2097 1442 2131 ordinarios
1463 2102 1494 2131 et
1515 2108 1687 2132 causarum
1700 2099 1812 2134 Palatii

1061 2150 1234 2195 Apostolici
1253 2151 1428 2191 auditores,
1449 2151 1574 2185 sublata
1589 2151 1634 2185 eis
1654 2157 1813 2187 eteorum

1062 2204 1194 2239 cuilibet
1224 2205 1335 2249 quavis
1359 2205 1454 2239 aliter
1479 2205 1645 2239 iudicandi
1668 2211 1699 2239 et
1715 2207 1813 2241 inter-

1061 2258 1207 2303 pretandi
1223 2259 1374 2292 facultate
1387 2285 1395 2299 ,
1417 2258 1555 2293 iudicari
1575 2259 1714 2301 debere;
1740 2260 1813 2294 irri-

1060 2317 1130 2346 tum
1144 2322 1275 2357 quoque
1291 2317 1322 2346 et
1337 2312 1446 2353 inane,
1467 2312 1494 2346 si
1504 2323 1598 2346 secus
1615 2323 1714 2358 super
1728 2312 1779 2347 his
1792 2323 1812 2347 a

1060 2371 1242 2411 quoquam,
1286 2366 1397 2410 quavis
1425 2366 1636 2408 auctoritate,
1673 2365 1812 2400 scienter

1059 2420 1109 2454 vel
1141 2419 1338 2464 ignoranter,
1365 2419 1536 2463 contigerit
1554 2418 1715 2453 attentari.

1104 2473 1119 2518 ἓ
1143 2473 1174 2508 5.
1200 2473 1270 2506 Non
1295 2473 1495 2507 obstantibus
1524 2472 1810 2507 constitutionibus
1832 2476 2006 2531 Jggffifm-

1060 2527 1091 2557 et
1115 2522 1373 2557 ordinationibus
1392 2522 1594 2566 apostolicis3
1622 2532 1660 2556 ac
1676 2510 1831 2566 quibus-¹

1058 2573 1122 2614 vis,
1149 2572 1246 2607 etiam
1271 2572 1524 2616 municipalibus
1547 2577 1580 2606 et
1601 2571 1808 2616 particulari-

1059 2621 1138 2663 bus,
1165 2621 1294 2655 illarum
1325 2621 1467 2665 partium
1505 2621 1649 2663 legibus,
1681 2620 1807 2656 statutis

1059 2676 1090 2705 et
1120 2669 1431 2711 consuetudinibus,
1472 2669 1569 2704 etiam
1603 2669 1803 2711 iuramento,

1853 1673 1974 1700 cluunt-e.
