2059 3228
370 204 433 237 5⁶20

325 265 440 305 dimus,
457 269 483 297 ct
498 264 528 296 in
549 263 599 296 his
614 268 741 296 nostrae
763 263 987 299 sollicitudinis
1002 277 1072 311 par-

326 324 371 351 tes
406 317 597 361 propensius
627 316 842 361 impartimur,
876 326 972 363 prout
1019 321 1071 364 pia

324 381 547 414 personarum,
580 371 765 411 praesertim
788 371 820 405 S.
843 372 878 405 R.
903 373 937 406 Ε.
966 374 1070 407 cardi-

324 424 444 456 nalium
458 434 494 456 ae
518 423 676 456 nobilium
696 424 838 458 virorum
854 426 984 464 ducum,
1000 433 1070 460 vota

324 481 510 519 exposcunt,
532 486 666 519 nosque,
684 477 831 510 locorum
845 484 874 511 et
888 484 1070 523 temporum

323 529 476 571 qualitate
496 535 638 572 pensata,
659 530 691 563 in
708 530 842 564 Domino
852 532 1070 576 conspicimus

322 581 495 615 salubriter
512 582 673 626 expedire.

367 635 381 677 ἓ
406 635 436 667 ·1.
470 635 616 669 Exhibita
647 636 806 680 siquidem
839 638 933 672 nobis
950 650 1067 683 nuper,

151 696 308 731 caroinscardi-
322 698 380 731 pro
405 695 495 731 parte
516 689 710 723 dilectorum
726 690 868 724 filiorum
893 692 994 725 nostri
1009 693 1068 726 Ca-

124 726 383 784 ?{ssssssssssffssffssssssroli
409 741 491 774 tituli
517 742 547 776 S.
575 743 769 786 Apollinaris
793 745 972 789 presbyteri
998 757 1069 779 car-

124 789 156 809 ¹¹¹⁵
171 790 210 809 ‘¹¹¹¹
233 788 307 808 ΜΝ·
321 794 437 827 dinalis
457 795 495 828 de
515 796 721 840 Lotharingia
732 799 922 842 nuncupati,
936 804 966 831 et
978 799 1070 832 nobi-

123 821 204 844 tinam
220 823 242 840 et
256 819 307 841 Bar-

123 852 202 902 ziedriffnif
230 851 308 902 ⁶232:
321 847 358 880 lis
378 847 435 880 viri
457 847 562 882 Caroli
587 850 810 893 Lotharingiae
834 857 866 884 et
884 852 1069 885 Barriducis

123 897 308 947 agnret'ameqse-
321 900 422 942 ducis,
446 902 560 945 petitio
585 903 772 937 continebat
791 905 878 947 quod
889 905 979 946 alias,
994 917 1068 939 eum

122 943 306 999 {ffcssss‘fflgfmssss
319 953 453 988 Carolus
481 956 666 997 cardinalis,
696 957 752 1001 qui
781 963 892 991 noster
919 964 950 991 et
978 958 1069 992 Sedis

121 1005 522 1058 ffffissffipffssffiAPOSlOIinffl
545 1009 578 1043 in
610 1010 837 1054 Lotharingiae
865 1017 896 1045 et
920 1012 1068 1046 Barridu-

121 1068 177 1088 cesis
202 1066 305 1104 Metpnsis
318 1061 364 1094 cis
384 1062 555 1096 ducatibus
574 1063 613 1096 de
626 1063 726 1097 latere
738 1065 876 1108 legatus,
895 1076 931 1098 ac
941 1067 1068 1100 ratione

119 1104 306 1152 ἒῗέἕηωθὲἶῖξῖῗ
319 1115 475 1149 ecclesiae
498 1116 698 1158 Rhemensis,
714 1117 766 1151 eui
781 1129 818 1151 ex
830 1118 1067 1163 dispensatione

120 1167 195 1214 {22¹3
217 1163 306 1221 ἔξξζῖξ
318 1169 493 1212 apostolica
510 1180 647 1214 praeesse
666 1171 877 1215 dignoscitur,
903 1173 966 1206 dux
983 1174 1067 1207 Rhe—

119 1223 305 1280 'szgglfflefoiff
318 1223 437 1256 mensis
475 1229 507 1256 et
531 1223 655 1267 primus
682 1235 741 1269 par
768 1225 922 1259 Franciae
949 1227 1064 1269 existit,

298 1275 304 1285 ¹
316 1276 438 1320 quique
457 1277 611 1311 ecclesiae
621 1278 767 1312 Metensis
779 1285 957 1324 perpetuus
968 1281 1069 1314 admi-

317 1329 470 1363 nistrator
493 1330 526 1364 in
551 1331 773 1374 spiritualibus
783 1338 815 1366 et
834 1335 1067 1378 temporalibus

316 1392 375 1427 per
394 1383 513 1416 dictam
530 1384 645 1418 Sedem
666 1386 838 1429 deputatus
855 1387 972 1428 existit,
991 1398 1067 1422 nee-

315 1445 383 1469 non
407 1436 503 1470 etiam
518 1436 650 1471 Carolus
670 1439 733 1472 dux
753 1439 910 1483 praedicti
931 1440 984 1485 pia
1004 1452 1068 1474 me-

317 1489 479 1524 ditatione.
492 1491 684 1534 cogitassent
712 1493 798 1536 quod
822 1494 918 1537 longe
941 1495 1067 1540 lateque

318 1543 472 1577 diffusum
491 1545 635 1588 undique
656 1551 738 1579 esset
764 1547 906 1581 haeresis
930 1549 1065 1590 malum,

318 1602 502 1641 quantaque
531 1598 739 1633 incommoda
780 1606 812 1633 et
838 1601 955 1635 damna
992 1602 1067 1635 uni-

319 1660 409 1683 verso
428 1650 498 1684 orbi
514 1652 682 1693 attulisset,
705 1653 817 1697 illique
836 1655 937 1688 tutius
960 1661 992 1689 et
1006 1656 1069 1689 for-

318 1703 382 1736 tius
401 1705 581 1738 remedium
608 1706 716 1740 afferri
735 1718 941 1751 nequaquam
961 1720 1065 1753 posse,

320 1756 382 1789 nisi
401 1757 523 1801 ubique
550 1763 711 1792 terrarum
732 1760 902 1794 doctorum
925 1762 1068 1795 virorum

321 1817 497 1844 conventus
516 1812 729 1855 erigerentur,
749 1814 817 1857 qui,
850 1825 926 1848 sana
954 1815 1068 1849 imbuti

319 1864 479 1905 doctrina,
505 1866 642 1909 populos
661 1867 721 1900 sibi
741 1867 941 1912 propinquos
960 1870 1070 1902 catho-

319 1917 416 1950 licam
442 1918 597 1952 docerent
624 1919 839 1964 disciplinam,
869 1932 932 1964 qua
958 1927 987 1955 et
1008 1922 1068 1955 sibi

318 1971 485 2014 prodesse,
507 1977 539 2005 et
558 1977 693 2014 ceteros,
715 1973 902 2007 haeresibus
913 1975 1067 2018 expulsis,

319 2023 352 2056 in
372 2033 447 2057 vera
466 2024 529 2058 fide
547 2025 690 2059 valerent
710 2026 915 2068 confirmare,
935 2032 1024 2061 tanta
1036 2028 1069 2061 in

318 2075 420 2110 Deum
440 2077 597 2121 religione
617 2079 766 2123 permoti,
793 2090 920 2113 necnon
936 2080 1070 2115 ferventi

319 2130 352 2163 in
377 2131 561 2174 proximum
588 2133 719 2166 caritate
745 2133 888 2174 adducti,
918 2133 1069 2168 decreve-

320 2191 396 2216 runt
416 2183 447 2216 in
464 2184 583 2228 oppido
602 2185 711 2219 Pontis
730 2185 901 2227 Monsonii,
922 2187 1070 2221 Metensis

321 2235 488 2278 dioecesis,
515 2238 575 2271 sub
601 2239 745 2272 dominio
774 2239 932 2283 praedicti
965 2240 1070 2274 Caroli

322 2289 412 2321 ducis
431 2290 597 2331 existente,
619 2302 721 2325 unum
745 2293 943 2326 diversarum
963 2294 1069 2328 scieu-

323 2341 439 2375 tiarum
464 2350 493 2376 et
523 2345 642 2378 artium
670 2345 818 2379 Studium
847 2347 1014 2390 generale,
1036 2348 1069 2381 in

323 2401 388 2433 quo
422 2392 614 2436 theologiae,
649 2395 816 2439 utriusque
836 2396 916 2430 iuris
939 2407 976 2430 ac
1000 2407 1069 2430 me-

129 219 169 242 Αιι
201 215 220 241 Γ,
249 216 313 243 15Τὲ

907 211 985 236 nitu
994 211 1085 238 ΠΞΠΨ
1109 212 1126 235 Vl
1132 210 1191 236 mm
1198 211 1260 233 NJW

1112 264 1279 297 Societatis
1301 267 1367 297 lesu
1386 264 1556 305 collegium
1569 273 1690 303 erigere
1710 270 1738 297 nt
1763 265 1855 299 insti-

1113 325 1214 357 tuere,
1237 317 1275 350 ad
1292 317 1440 350 effectum
1461 324 1494 350 ut
1513 316 1643 351 illarum
1659 318 1797 362 partium
1807 319 1857 352 iu-

1111 377 1224 404 ventus
1248 382 1313 404 non
1333 371 1437 404 solum
1451 370 1608 412 doctrina,
1627 383 1708 414 quae
1724 373 1763 406 ad
1775 373 1859 406 bene

1111 426 1268 469 beateque
1287 425 1457 458 vivendum
1478 424 1526 458 via
1545 425 1719 469 praecipua
1735 431 1793 467 est,
1804 426 1859 459 sed

1111 479 1207 512 etiam
1231 479 1324 511 bonis
1345 478 1530 511 instituatur
1554 478 1697 511 moribus
1708 484 1740 512 et
1755 489 1860 512 exem-

1112 533 1183 576 plis,
1210 533 1234 565 si
1259 534 1298 565 ad
1319 532 1349 565 id
1371 537 1480 565 nostra
1500 537 1531 564 et
1554 531 1644 565 Sedis
1676 532 1860 575 praedictae

1111 586 1317 618 interveniret
1337 585 1522 618 auctoritas.

1154 640 1168 681 ᾖ
1193 638 1224 672 ⁶2.
1251 639 1365 679 Quare,
1383 649 1439 680 pro
1454 644 1541 682 parte
1554 637 1742 671 eorumdem
1754 637 1859 671 Caroli

1111 692 1281 725 cardinalis
1301 698 1330 724 et
1348 692 1442 734 legati
1463 702 1500 724 ae
1520 691 1623 724 Caroli
1650 691 1741 724 ducis
1766 691 1858 724 nohis

1111 746 1169 778 t'uit
1188 745 1356 778 humiliter
1366 745 1583 789 supplic-atum
1594 750 1752 788 quatenus
1767 755 1859 788 prae-

1109 800 1271 843 ceptoriae
1292 805 1322 832 et
1342 799 1508 842 hospitalis
1532 799 1564 832 S.
1586 798 1714 831 Antonii
1732 798 1858 832 Ordinis

1109 853 1139 886 S.
1163 853 1330 895 Augustini
1351 852 1427 885 dicti
1454 851 1564 896 oppidi
1584 847 1767 885 domum'et
1786 851 1858 885 illo-

1110 917 1180 939 rum
1205 906 1361 939 ambitum
1386 906 1425 939 ab
1451 906 1572 939 eisdem
1588 905 1812 949 praeceptoria
1825 910 1857 938 et

1108 959 1258 1003 hospitali
1275 960 1470 1003 illorumque
1489 959 1608 992 Ordine
1632 965 1663 993 et
1682 958 1855 1003 superiori-

1108 1018 1182 1053 tate‚
1202 1023 1239 1046 ae
1254 1013 1343 1046 mille
1363 1019 1530 1046 scutorum
1554 1012 1625 1046 auri
1644 1013 1677 1046 in
1702 1022 1783 1046 auro
1799 1022 1856 1046 an-

1108 1077 1210 1099 nuum
1231 1066 1391 1099 redditum
1410 1077 1446 1099 ex
1466 1065 1663 1099 monasterio
1678 1065 1710 1100 S.
1732 1065 1854 1108 Gorgo-

1108 1120 1153 1153 nii
1173 1120 1331 1154 Gotiensis
1349 1119 1475 1153 Ordinis
1495 1120 1526 1152 S.
1553 1119 1729 1160 Benedicti,
1750 1119 1854 1152 dictae

1108 1173 1275 1213 dioecesis,
1298 1184 1353 1206 seu
1373 1173 1459 1205 illius
1475 1183 1585 1206 mensa
1600 1172 1804 1205 conventuali
1823 1177 1856 1206 et

1108 1226 1208 1271 ipsius
1228 1226 1414 1260 monasterii
1433 1226 1545 1260 officiis
1561 1227 1796 1268 claustralibus,
1818 1237 1856 1260 ae

1108 1280 1147 1313 ab
1176 1281 1232 1313 illo
1251 1280 1508 1324 dependentibus
1528 1285 1559 1313 et
1582 1280 1627 1313 illi
1648 1279 1746 1313 unitis
1770 1279 1855 1324 prio-

1109 1333 1248 1375 ratibus,
1289 1333 1384 1366 etiam
1422 1338 1580 1377 perpetuo
1622 1332 1856 1366 dismembrare

1108 1392 1139 1419 et
1163 1397 1323 1430 separare,
1345 1387 1464 1430 illaque
1493 1387 1538 1419 sie
1566 1385 1794 1419 dismembrata
1823 1390 1855 1419 et

1108 1446 1254 1484 separata
1273 1439 1471 1480 huiusmodi,
1485 1439 1588 1473 eidem
1606 1439 1757 1472 Societati
1769 1439 1852 1480 Iesu,

1108 1494 1148 1526 ad
1178 1494 1327 1527 effectum
1351 1500 1388 1527 ut
1412 1493 1472 1537 ipsi
1496 1492 1673 1537 presbyteri
1701 1492 1734 1525 in
1761 1491 1855 1526 dictis

1108 1547 1204 1580 domo
1225 1552 1255 1580 et
1275 1546 1397 1580 ambitu
1417 1546 1654 1579 dismembratis
1673 1556 1776 1579 unum
1790 1546 1856 1579 col-

1109 1599 1230 1643 legium
1261 1599 1350 1633 iuxta
1384 1600 1516 1633 illorum
1544 1599 1689 1632 instituta
1716 1599 1854 1642 erigere,

1109 1654 1266 1697 recipere,
1288 1664 1410 1697 regere,
1432 1652 1558 1686 visitare
1577 1658 1608 1686 et
1623 1652 1786 1695 corrigere
1804 1662 1856 1685 va-

1108 1707 1206 1748 leant,
1231 1718 1290 1751 pro
1307 1707 1393 1740 illius
1409 1706 1538 1750 collegii
1557 1706 1631 1740 dote
1651 1712 1681 1740 et
1706 1716 1857 1750 persona-

1109 1771 1182 1793 rum
1202 1760 1303 1804 ipsius
1331 1760 1512 1801 Societatis,
1546 1771 1629 1803 quae
1648 1759 1856 1793 humaniores

1109 1814 1244 1855 litteras,
1265 1813 1508 1857 grammaticam
1528 1819 1557 1847 et
1568 1813 1807 1857 philosophiam
1819 1824 1856 1847 ac

1109 1868 1306 1911 theologiam
1317 1867 1506 1908 edocebunt,
1514 1867 1858 1908 substentatione‚con-

1110 1921 1236 1961 cedere,
1261 1921 1425 1965 applicare
1441 1926 1472 1954 et
1490 1920 1858 1964 appropriare3necnon

1110 1974 1171 2018 ipsi
1191 1975 1327 2018 collegio
1347 1975 1536 2018 pensionem
1556 1984 1698 2008 annuam
1717 1974 1857 2007 aliorum

1110 2028 1199 2061 mille
1209 2034 1239 2061 et
1248 2028 1499 2071 quingentorum
1509 2033 1675 2062 scutorum
1687 2027 1855 2069 similium,

1110 2082 1361 2126 quingentorum
1374 2081 1522 2115 videlicet
1539 2092 1637 2126 super
1647 2092 1777 2115 mensae
1788 2082 1858 2126 epi-

1111 2134 1246 2179 scopalis
1257 2135 1651 2178 Metensis,etreliquorum
1663 2135 1751 2169 mille
1762 2145 1860 2179 super

1110 2188 1266 2222 universis
1285 2194 1317 2221 et
1335 2188 1469 2232 singulis
1488 2199 1768 2233 quorumcumque
1788 2199 1858 2222 mo-

1110 2241 1324 2275 nasteriorum
1341 2247 1373 2274 et
1396 2242 1596 2286 prioratuum
1614 2242 1750 2276 cuiusvis
1769 2242 1860 2276 Ordi-

1110 2295 1160 2327 nis
1180 2295 1402 2336 existentium‚
1428 2296 1462 2328 in
1482 2296 1629 2336 Metensi,
1664 2295 1805 2329 Tullensi
1828 2301 1860 2329 et

1110 2348 1300 2382 Virdunensi
1314 2349 1513 2382 dioecesibus
1529 2349 1784 2390 consistentium,
1802 2361 1859 2384 seu

1089 2393 1092 2460 l
1111 2397 1242 2430 illorum
1262 2408 1446 2431 mensarum
1478 2398 1684 2431 abbatialium
1708 2399 1756 2432 vel
1780 2409 1857 2432 eon—

324 2440 449 2474 dicinae
474 2448 503 2474 et
529 2443 753 2487 philosophiae
782 2445 935 2479 lectiones
967 2446 1070 2479 conti·
1089 2463 1091 2475 .
1110 2447 1306 2480 ventualium
1327 2447 1496 2488 fructibus,
1518 2447 1696 2481 redditibus
1727 2453 1758 2481 et
1781 2458 1857 2492 pro-

325 2499 407 2521 nuae
427 2489 634 2532 haberentur,
661 2503 698 2526 ae
713 2494 809 2526 etiam
824 2494 914 2535 inibi,
936 2499 971 2527 ut
990 2494 1070 2529 illud
1110 2495 1268 2536 ventibus,
1291 2496 1386 2529 etiam
1407 2501 1584 2541 perpetuo,
1606 2497 1708 2530 donee
1734 2497 1858 2541 episco-

324 2537 473 2570 Studium
494 2540 668 2573 maioribus
680 2543 824 2585 proficiat
849 2544 1067 2582 incrementis,
1089 2541 1092 2577 l
1111 2554 1171 2586 pus
1195 2545 1341 2577 Metensis
1365 2552 1394 2578 et
1415 2546 1756 2589 abbates,pri0resseu
1767 2557 1856 2580 eom-

325 2585 420 2619 etiam
452 2597 553 2621 unum
582 2590 842 2634 presbyterorum
871 2593 1093 2638 legularium,

1111 2595 1304 2629 mendatarii
1335 2595 1497 2630 dictorum
1525 2593 1794 2630 monasteriorum
1826 2603 1857 2631 et

1898 634 2026 679 Paterni—id

1873 684 1926 700 mum
1947 681 2027 707 quadan*
2039 679 2040 702 l

1873 703 2041 741 hospitatura?

1872 741 1924 762 nonii
1938 743 1960 762 et
1971 733 2040 766 afim*

1873 771 1967 793 redditus
1991 765 2010 779 Τ
2024 779 2034 795 ο

1871 778 2040 834 ptereapefffflnl

1871 833 2031 856 Pontificum-s

1872 865 1950 891 signari
1964 853 2032 894 pun-iiiii
2050 877 2052 884 v

1871 899 1906 917 eto
1920 896 1976 918 colle
2009 903 2011 906 ⁴
2029 906 2034 915 ι

1871 928 1999 954 praedictum

1871 959 1926 980 dium
1949 959 2038 990 ‘napi

1868 989 1958 1012 institui.
1992 992 2011 1013 ’κ
2035 995 2038 1009 ·
2046 983 2052 1003 ¹
