2059 3228
42 458 80 499 'a

44 484 71 513 „e

48 500 78 574 ἔ

42 752 86 1008 Ξ

43 1010 147 1242 t,

80 578 172 607 nttgtosi

88 609 172 633 Oret-t·
207 624 213 631 .

29 574 110 726 ξω
121 645 168 668 goa-

785 252 961 277 cni-:Gonnus
980 253 1034 275 xm
1055 252 1101 274 ὈΡ.

190 309 258 339 tum
289 306 327 339 ad
350 307 478 339 illorum
509 316 617 343 nsum,
637 307 822 351 religiosam
854 317 936 350 pau-

188 363 344 403 pertatem
365 368 503 396 servant,
525 373 585 392 nec
613 362 676 392 3113
710 372 743 393 re
773 366 935 403 tamquam

187 411 331 457 propria,
353 418 385 446 ct
417 412 484 446 sine
505 414 681 457 superioris
711 413 859 447 facultate
891 413 936 446 uti

187 470 334 510 possunt.

230 517 316 562 517.
352 519 389 552 Et
411 519 557 562 quamvis
576 519 597 552 ii
619 531 742 560 omnes,
779 520 835 564 qui
867 525 939 564 post

185 571 354 606 biennium
374 572 641 606 novitiatusdicta
663 574 806 606 tiiuot‘i
816 573 939 616 simpli

186 635 248 666 cia,
275 630 311 658 ut
343 625 535 669 ρι’-36Γ6Γ13ι,
555 626 732 665 emiseiint,
755 636 792 659 36
814 625 846 658 in
866 636 938 659 cor-

185 688 248 722 pus
263 677 431 712 Societatis
451 679 605 722 cooptati,
627 679 779 722 illiusque
803 679 938 712 merito-

185 742 260 766 rum
280 737 312 765 et
332 731 586 775 privilegiorum,
622 742 688 765 non
718 742 811 765 secus
841 736 938 775 atque

185 785 246 830 ipsi
274 785 424 830 professi,
459 786 633 830 participes
661 785 779 825 effecti,
802 785 936 829 quique,

185 844 345 884 quantum
370 838 403 871 in
423 838 469 872 eis
488 844 548 878 est,
560 838 836 882 etprosessionem
851 839 939 872 cmit-

185 898 253 926 tere
273 892 389 936 parafi,
411 892 443 942 si
463 891 530 935 ipse
554 892 758 936 praepositus
779 893 939 935 generalis

185 946 218 980 id
228 945 412 991 praedictae
425 945 590 979 Societatis
602 945 748 978 instituto
759 957 938 989 congruere

185 998 386 1039 iudicaverit,
408 1004 439 1031 et
459 998 492 1031 in
512 1003 706 1042 perpetuum
727 999 782 1032 Dei
808 1000 938 1033 servitio

185 1051 266 1085 votis
289 1051 491 1096 simplicibus
512 1052 704 1092 consecrati,
716 1063 753 1085 ac
773 1059 938 1091 suasorie,

185 1110 284 1150 prout
300 1105 464 1138 laudabile
483 1104 652 1138 Societatis
673 1105 855 1139 institutum
872 1107 938 1140 cxi-

184 1157 242 1202 git,
260 1158 414 1198 contenti,
436 1168 511 1191 vere
531 1163 560 1191 et
573 1158 705 1202 proprie
717 1159 860 1202 religiosi
872 1160 937 1193 exi-

185 1217 290 1253 stant,
311 1217 342 1245 et
360 1212 387 1245 si
408 1212 597 1245 aSocietate
622 1212 788 1253 deficiant,
811 1224 939 1247 excom-

186 1265 415 1300 municationis
435 1271 467 1299 et
489 1265 561 1299 aliis
580 1271 801 1309 apostatarum
825 1268 939 1312 poenis

187 1319 252 1355 sint
271 1318 420 1353 subiecti.

230 1373 246 1418 ἓ
265 1373 320 1408 18.
343 1373 476 1414 Tamen,
491 1384 566 1407 cum
577 1383 643 1406 non
654 1373 697 1407 ita
710 1374 835 1418 pridem
847 1374 940 1408 intel-

163 1442 171 1446 ·
185 1427 376 1462 lexissemus
394 1427 629 1460 nonnullorum
651 1428 787 1469 animos
811 1429 867 1472 qui
896 1429 940 1472 pii

163 1503 174 1508 -
187 1480 308 1524 alioqui
320 1486 351 1514 et
361 1480 457 1514 utiles
477 1481 618 1524 operarii
638 1481 828 1521 existebant,
850 1482 940 1515 solli-

187 1534 279 1568 citari
298 1533 461 1567 interdum
482 1539 513 1567 et
527 1534 637 1577 affligi,
651 1535 743 1579 quasi
756 1545 821 1568 non
834 1542 941 1569 essent

187 1587 342 1632 religiosi,
375 1597 413 1620 eo
437 1587 525 1632 quod
554 1598 619 1620 non
651 1594 756 1621 essent
784 1589 939 1632 professi;

186 1651 249 1676 nec
272 1641 370 1675 etiam
390 1641 514 1681 deesse,
545 1641 613 1685 qui,
649 1642 816 1685 religionis
845 1654 941 1687 prae-

187 1699 287 1736 textu,
308 1694 558 1738 transfigurante
577 1705 610 1728 se
630 1695 663 1727 in
683 1696 835 1738 angelum
860 1696 942 1729 lucis

187 1753 310 1789 satana,
332 1758 398 1781 non
422 1749 527 1781 solum
548 1759 585 1782 ea
614 1749 783 1782 occasione
804 1749 941 1793 inquieti

187 1801 428 1842 existerent‚sed
439 1801 536 1835 etiam
544 1802 684 1835 aliorum
692 1813 806 1846 pacem
815 1808 944 1837 613063-

188 1854 310 1889 tionem
330 1855 527 1893 disturbare,
550 1866 669 1898 eosque
688 1855 721 1888 in
742 1856 888 1890 fraudem
912 1863 943 1890 et

189 1907 404 1942 desectionem
428 1908 591 1942 deducere
616 1914 825 1950 conarentur,
855 1911 943 1944 unde

187 1962 355 1996 fructuosa
374 1962 455 1995 haec
479 1962 604 2005 Religio
623 1963 811 2006 gravissima
821 1965 945 2008 potuis-

186 2014 236 2049 'set
267 2014 415 2059 accipere
450 2015 655 2049 detrimenta.
698 2016 834 2058 Idcirco,
869 2029 943 2051 cum

188 2067 296 2102 divina
310 2068 524 2110 Providentia,
544 2079 604 2113 pro
623 2075 807 2112 temporum
833 2082 944 2105 neces-

190 2121 294 2162 sitate,
315 2121 403 2154 varia
415 2127 446 2155 et
456 2122 609 2155 salutaiia
626 2122 782 2155 Oidinum
797 2123 945 2157 instituta

190 2173 225 2207 in
266 2173 411 2208 Ecclesia
447 2185 506 2208 sua
542 2175 744 2219 piwoduxeiit,
788 2178 944 2221 noxisque

190 2217 355 2260 subinde'
347 2237 380 2259 111
413 2237 451 2260 63
481 2229 689 2261 nascentibus
715 2230 836 2262 nimbis
863 2242 945 2264 noxa

191 2278 348 2319 remedia,
360 2289 516 2324 novisque
537 2292 645 2324 emera
634 2283 779 2316 intihus
803 2284 886 2316 hosti
879 2295 946 2317 nm

191 2331 503 2376 impugnationibus,
524 2344 606 2368 nova
629 2316 829 2379 regularium
853 2336 946 2370 Ordi-

192 2395 273 2418 num
292 2385 412 2418 auxilia
431 2387 588 2429 excitarit,
611 2395 641 2421 et
661 2389 779 2432 cuique
800 2389 944 2430 illorum,

193 2433 283 2466 iuxta
302 2433 476 2468 cuiuslibet
504 2415 709 2480 peciiliaris
699 2438 821 2472 :tritiac
850 2449 945 2471 ioca

193 2481 334 2521 tionem,
355 2483 536 2525 peculiares
556 2471 714 2528 quasdam
743 2492 947 2530 not·1s,pro-

195 2529 267 2574 pria
298 2529 437 2574 insignia
465 2543 503 2566 ac
538 2541 727 2577 opportuna
754 2534 793 2566 ad
822 2534 946 2576 finem,

195 2589 293 2623 quem
307 2578 456 2621 intendit
471 2582 577 2614 media
596 2593 652 2625 sug
657 2593 717 2625 ge
715 2582 801 2622 etit,
814 2590 840 2615 et
859 2594 946 2617 nunc

196 2628 334 2663 maxime
353 2631 402 2672 (ut
415 2607 591 2663 felicissimi
608 2638 674 2665 toto
690 2632 767 2665 orbe
778 2642 947 2667 successus

1618 237 1681 273 461

978 303 1149 346 testantur)
1161 304 1318 338 mii-{finos
1330 305 1360 338 in
1377 315 1453 343 aero
1467 301 1632 338 dominico
1643 301 1731 335 sruc-

979 363 1029 391 tus
1048 357 1249 401 praedii-tuni
1272 358 1438 391 societatis
1453 357 1524 391 lesu
1546 356 1729 390 institutum

979 411 1131 455 proferat,
1152 422 1234 454 quae
1253 410 1687 455 Societas(quemadmodum
1699 414 1730 444 et

978 463 1041 496 alia
1050 464 1251 496 nascentium
1265 465 1463 505 regularium
1472 463 1629 498 Ordinum
1639 473 1731 497 exor-

979 517 1044 555 dia)
1063 528 1080 549 3
1093 516 1207 560 spiritu
1230 517 1495 551 contradictionis
1505 516 1728 561 impugnatur;

979 581 1121 614 euinque
1142 570 1201 614 ipsi
1222 570 1357 604 Ordines
1376 571 1595 604 Romanorum
1620 570 1729 604 Ponti-

980 624 1076 656 ficum
1097 629 1269 668 propterea
1289 625 1573 658 constitutionibus
1592 624 1731 658 circum-

980 677 1100 710 muniri
1119 677 1356 717 consueverint,
1378 678 1471 711 cuius
1481 678 1526 712 rei
1539 677 1729 711 Sanctorum

979 730 1137 763 Dominici
1158 736 1187 764 et
1207 730 1369 764 Francisci
1380 730 1629 775 praeclarissimi
1639 730 1732 764 Ordi-

979 794 1036 816 nes
1066 785 1214 828 exempla
1242 784 1370 817 abunde
1402 785 1659 828 suppeditarunt,
1686 783 1731 817 ita

980 847 1050 877 nos,
1078 837 1154 870 licet
1185 837 1264 871 alias
1292 837 1475 871 institutum
1512 838 1727 882 praedictum,

980 890 1148 933 privilegia
1168 897 1199 924 et
1215 890 1461 924 constitutiones
1493 890 1596 935 ipsius
1621 890 1730 925 Socie-

979 943 1053 977 tatis
1072 945 1373 978 confirmaverimus
1397 950 1428 978 et
1446 945 1728 986 declaraverimus,

980 1002 1070 1030 motu
1087 998 1219 1042 proprio
1239 1003 1491 1038 statuentes,eos
1509 998 1578 1042 qui,
1599 997 1730 1031 biennio

979 1051 1151 1084 novitiatus
1176 1057 1320 1095 peracto,
1337 1051 1398 1085 tria
1414 1058 1496 1093 vota,
1511 1052 1639 1085 tametsi
1657 1052 1732 1085 sim-

979 1105 1086 1149 plicia,
1118 1105 1308 1147 emiserunt,
1343 1116 1412 1139 esse
1441 1117 1516 1140 vere
1542 1111 1573 1140 et
1600 1106 1731 1150 proprie

978 1158 1160 1202 religiosos,
1183 1170 1256 1192 cum
1281 1165 1456 1204 praecepto
1484 1170 1525 1193 ne
1553 1159 1626 1204 quis
1652 1160 1732 1193 haec

980 1213 1012 1245 in
1029 1212 1163 1245 dubium
1185 1223 1337 1246 revocare
1357 1213 1487 1253 audeat,
1511 1223 1549 1246 ac
1570 1224 1644 1246 cum
1660 1213 1733 1247 irri-

980 1272 1067 1300 tante
1087 1272 1119 1300 et
1155 1266 1226 1299 aliis
1254 1267 1402 1307 decretis,
1432 1272 1530 1311 prout
1560 1267 1593 1300 in
1616 1267 1733 1301 nostris

979 1331 1078 1364 super
1097 1320 1160 1353 hoc
1180 1320 1335 1353 consectis
1350 1320 1466 1353 litteris
1479 1321 1608 1365 plenius
1627 1322 1732 1355 conti-

980 1380 1086 1407 netur.
1110 1373 1190 1413 Quia
1210 1379 1318 1407 tamen
1343 1384 1408 1407 non
1436 1374 1537 1407 defuit
1560 1375 1732 1408 temeraria

979 1427 1197 1471 quorumdam
1227 1427 1374 1468 audacia,
1405 1428 1461 1472 qui
1493 1434 1567 1472 post
1589 1428 1733 1462 declara-

981 1481 1114 1522 tionem,
1146 1482 1323 1522 decretum,
1351 1487 1559 1526 praeceptum
1581 1488 1612 1516 et
1630 1482 1732 1516 inter-

982 1534 1102 1568 ‹lictum
1123 1540 1270 1568 nostrum
1304 1535 1501 1576 huiusmodi,
1531 1546 1597 1569 non
1627 1536 1732 1569 solum

983 1588 1083 1621 multa
1116 1599 1154 1622 ex
1185 1588 1356 1632 praedictis
1384 1594 1413 1621 et
1444 1590 1578 1623 sortasse
1603 1589 1666 1623 alia
1694 1590 1732 1622 ad

982 1641 1151 1675 Societatis
1181 1642 1364 1675 institutum
1385 1653 1422 1675 ac
1445 1643 1569 1676 vivendi
1596 1644 1732 1677 sormam

981 1696 1159 1739 spectantia
1177 1696 1383 1737 labefactare,
1405 1696 1459 1730 sed
1480 1697 1591 1741 etipsa
1609 1703 1735 1741 aposto-

982 1748 1044 1782 lica
1064 1749 1191 1783 decreta
1211 1761 1248 1783 ac
1268 1756 1453 1793 praecepta,
1483 1750 1611 1794 publice
1641 1756 1671 1784 et
1696 1761 1734 1783 ex

983 1803 1158 1844 cathedra,
1192 1814 1273 1836 ausu
1305 1804 1478 1837 temerario
1520 1804 1732 1847 impugnare,

983 1863 1191 1900 mentemque
1211 1863 1354 1890 nostram
1368 1867 1516 1902 perverse
1529 1857 1734 1901 interpretari

984 1920 1048 1943 non
1069 1911 1276 1952 erubescunt,
1297 1911 1496 1955 disputantes
1520 1917 1551 1944 et
1570 1910 1735 1954 praedicta

985 1963 1016 1996 in
1037 1964 1172 2012 dubium
1193 1971 1389 2005 revocantes,
1415 1964 1588 2008 omniaque
1608 1975 1645 1997 ex
1654 1964 1734 1998 alio-

985 2028 1056 2050 rum
1088 2017 1244 2051 Ordinnm
1279 2018 1506 2051 communibus
1538 2017 1732 2059 rationibus,

986 2072 1097 2103 formis
1105 2082 1142 2104 ac
1152 2072 1277 2104 statutis
1287 2071 1636 2110 metientes‚Societatis
1648 2071 1738 2104 insti-

986 2129 1104 2164 tutum,
1127 2125 1308 2168 peculiares
1337 2124 1583 2157 constitutiones
1611 2135 1648 2157 ac
1672 2124 1736 2158 vim

986 2182 1132 2210 totorum
1144 2178 1338 2222 simplicium
1351 2178 1449 2217 illius,
1471 2189 1488 2210 a
1508 2177 1588 2211 Sede
1604 2178 1738 2221 Aposto-

988 2231 1049 2263 lica
1080 2231 1111 2263 in
1138 2232 1248 2264 eadem
1277 2231 1440 2265 Societatis
1465 2231 1631 2274 Religione
1664 2242 1738 2275 pro-

987 2284 1060 2317 bata
1079 2285 1306 2325 admissorum,
1330 2283 1457 2328 penitus
1478 2285 1675 2327 ignorantes,
1701 2295 1738 2317 36

987 2337 1143 2370 30333113
1153 2337 1222 2370 iure
1238 2338 1383 2381 antiquo,
1396 2342 1556 2381 quaepost
1569 2337 1738 2379 illud‚suc-

988 2401 1080 2423 cessu
1101 2395 1298 2433 temporum,
1315 2391 1412 2423 liuius
1431 2390 1519 2423 Sedis
1533 2390 1736 2431 aucton'tate,

988 2439 1221 2482 approbatione
1241 2445 1272 2471 et
1297 2439 1543 2472 confirmatione
1572 2450 1610 2472 ac
1634 2450 1736 2483 pecu-

988 2487 1124 2520 liaribus
1144 2487 1320 2531 privilegiis
1340 2487 1657 2521 sancitaetroborata
1668 2498 1737 2521 esse

989 2535 1234 2578 dignoscuntur,
1272 2547 1442 2579 perperam
1476 2536 1735 2581 interpretantes,

990 2585 1335 2625 convellerenituntur,
1347 2585 1532 2628 quinetiam
1550 2597 1608 2620 nos
1622 2598 1736 2631 supra-

965 2634 1086 2676 ,dicta‚
1108 2641 1198 2667 motu
1221 2634 1318 2667 simili
1343 2640 1375 2667 et
1406 2646 1442 2668 ex
1469 2640 1557 2668 certa
1590 2635 1736 2677 scic-ntia,

1744 243 1796 273 An.
1815 241 1844 272 [Ζ
1859 241 1926 271 1584
