2059 3228
89 173 140 200 An.
159 173 268 203 Ε.1587

103 877 190 898 Sanctia
206 882 259 903 poe-

77 908 140 927 natis.

100 1732 168 1760 Papae
185 1734 253 1755 subsr.

114 1839 252 1861 (Iar-dinanum

72 1871 184 1897 subscript.

329 168 391 202 (lli-2
876 182 1053 206 unctantem

283 237 426 273 posteros
471 232 694 275 pervenerint,
726 233 860 276 adipisci
880 233 1025 266 retineri-

281 294 354 325 que,
379 284 480 316 donee
505 285 660 327 quiequid
687 286 843 329 pecuniae
874 286 1024 330 deprom-

281 341 369 378 ptum
390 342 447 372 est.
470 336 500 369 id
520 348 615 370 omne
637 338 668 370 in
689 339 849 372 aerarium
869 341 1026 374 referatur

280 394 306 420 et
334 388 531 428 restituatur,
558 401 661 433 eaque
685 391 753 435 ipsa
785 392 880 432 bona,
907 393 931 426 si
960 404 1025 437 quo

280 441 387 478 mo'do,
411 447 444 474 ut
464 453 560 486 supra
586 443 705 477 dietum
728 450 787 485 est,
809 457 826 478 a
843 447 947 479 forma
967 458 1026 490 per

279 504 335 526 nos
362 495 534 528 constituta
562 497 670 529 recedi
699 498 879 542 eontigerit,
912 500 1024 533 liuius-

278 547 365 579 modi
386 548 575 590 obligationi
595 556 692 593 atque
712 552 802 584 oneri
828 552 965 586 obnoxia
993 559 1024 586 et

277 600 403 633 addicta
423 612 491 635 esse
524 604 689 644 volumus;
712 605 860 648 singulis,
881 617 963 650 quae
991 607 1023 639 in

276 654 392 686 nostris
414 655 527 687 litteris
548 657 707 690 advorsari
729 665 859 702 possent
878 661 923 692 vel
945 671 1025 704 quo-

276 718 340 750 quo
361 709 456 742 modo
472 710 594 751 obesse,
618 711 746 755 penitus
765 713 897 746 remotis
907 725 944 747 ac
959 724 1023 747 non

275 760 488 795 obstantibus.

319 815 334 857 ξ
359 814 389 847 8.
413 815 497 849 Nulli
525 827 601 860 ergo
629 819 763 852 omnino
790 819 959 853 hominum
984 821 1023 854 li-

275 874 342 900 ceat
358 868 442 902 lianc
459 871 609 913 paginam
628 878 756 905 nostrae
777 874 1021 916 reconditionis,

274 922 491 964 repositionis,
519 925 751 965 collocationis,
774 927 958 969 oblationis,
977 928 1024 961 di-

274 974 419 1015 cationis,
441 977 678 1019 declarationis,
701 980 935 1022 permissionis,
962 987 1023 1014 sta-

274 1027 346 1067 tuti,
359 1030 573 1071 voluntatum,
590 1031 814 1073 abdicationis,
838 1034 1022 1077 promissio-

272 1080 334 1122 nis,
364 1081 549 1124 iuranwnd,
580 1085 652 1125 voti,
681 1086 815 1126 decreti,
843 1089 1018 1131 praecepti.

274 1134 416 1168 mandati
436 1142 467 1169 et
483 1137 714 1171 admonitionis
734 1139 910 1182 infringere
929 1142 977 1174 vel
993 1142 1019 1174 ei

272 1197 354 1220 ausu
375 1190 547 1223 temerario
566 1191 739 1224 contraire.
763 1192 794 1225 Si
815 1193 889 1236 quis
913 1199 1019 1227 autem

273 1241 334 1274 hoe
354 1247 510 1277 attentare
538 1245 802 1289 praesumpserit,
829 1245 1020 1290 indignatio-

273 1305 346 1327 nem
368 1297 598 1341 omnipotentis
618 1298 672 1331 Dei
693 1309 729 1331 ae
749 1298 919 1333 beatorum
935 1301 1018 1334 Petri

272 1352 303 1380 et
321 1348 409 1381 Pauli
430 1352 650 1394 apostolorum
679 1352 748 1385 eius
771 1363 804 1386 se
826 1354 953 1387 noverit
972 1355 1020 1388 in-

272 1411 443 1435 cursurum
452 1431 458 1436 .

316 1455 427 1489 Datum
455 1458 573 1491 Romae
590 1460 676 1502 apud
702 1459 853 1493 Sanctum
875 1460 1019 1501 Petrum,

271 1520 355 1543 anuo
376 1511 610 1545 lucarnationis
634 1513 817 1547 dominicae
847 1515 1020 1549 millesimo

271 1563 530 1607 quingentesimo
563 1567 922 1612 octuagesimoseptimo
936 1596 944 1610 ,
985 1580 1020 1602 o-

272 1622 362 1649 ctavo
383 1617 455 1651 idus
476 1620 668 1660 novembris,
692 1621 898 1663 pontificatus
919 1624 1017 1656 nostr'

271 1680 356 1703 anno
376 1681 421 1703 111.

270 1724 298 1764 ἦ·
317 1723 382 1767 Ego
400 1724 508 1757 Slxrrs
529 1726 707 1759 catholicae
722 1727 884 1761 Ecclesiae
897 1729 1017 1772 episeo-

315 1789 386 1820 pus.

270 1833 292 1870 †
312 1830 376 1873 Ego
404 1831 474 1864 Ant.
503 1833 591 1866 eard.
614 1833 797 1873 Farnesius,
825 1834 1014 1870 vicecancel-

317 1883 428 1923 larius,
456 1885 632 1929 Episcopus
657 1886 821 1921 Ostiensis.
1035 1878 1040 1944 ἱ

269 1939 292 1977 †
313 1937 377 1979 Ego
399 1938 459 1971 lac.
483 1939 571 1972 eard.
592 1940 930 1986 Sahellus,episcopus
944 1943 1039 1976 Por-¹

314 1995 447 2023 tuensts.

270 2046 291 2083 -ξ-
313 2043 377 2085 Ego
390 2044 433 2077 lo.
452 2045 609 2079 Antonius
620 2046 792 2091 episcopus
804 2049 934 2083 Tuscul.
950 2061 1018 2083 ear·
1034 2033 1038 2075 Ι

313 2101 379 2134 din.
402 2103 432 2135 S.
456 2103 596 2146 Georgii.

310 2160 374 2199 Ego
400 2161 552 2204 Alplious.
577 2163 663 2196 eard.
682 2163 873 2203 Gesualdus,
896 2167 1018 2210 cpisco-

313 2229 371 2259 μιῇ
391 2219 545 2252 Allianen.

1040 1446 1043 1475 i

268 2174 276 2178 v

268 2289 289 2292 ·«
311 2275 374 2317 ligo
395 2276 462 2308 lnn.
487 2278 755 2313 Ax·:1luscard.(le
773 2281 932 2324 Aragona,
951 2282 1018 2326 cpi-

311 2344 439 2375 seopus.
459 2334 654 2369 Saldnensis.

268 2403 289 2406 Η
311 2389 374 2431 ligo
397 2391 596 2425 illarrusAnt.
612 2394 878 2437 cardColurmia,
893 2397 1011 2440 episco-

311 2458 369 2489 pus
391 2448 586 2483 l‘rzwnestin.

268 2506 290 2544 -1-
312 2504 375 2547 ligo
401 2507 521 2538 ‚um-vu<
543 2509 659 2541 Sitieus
680 2511 767 2542 rard.
792 2512 830 2543 ali
851 2513 1034 2557 Altaeinpsff

314 2562 359 2594 tit.
387 2564 418 2595 S.
443 2564 555 2597 Mariae
576 2566 826 2612 'l'ranstyberi1n.
1030 2561 1034 2616 Ι

1074 181 1223 207 ROMANL'M

1067 236 1089 274 †
1112 233 1176 275 Ego
1198 233 1401 267 Ptolomaeus
1421 235 1508 268 eard.
1529 236 1704 278 Comensis‚
1730 235 1815 270 tituli

1110 286 1141 319 S.
1170 286 1286 320 Mariae
1307 287 1346 319 de
1370 287 1507 332 Populo.

1066 342 1089 380 †
1108 339 1173 383 Ego
1193 340 1331 384 Prosper
1346 341 1433 374 card.
1464 341 1704 385 Santacrucius,
1727 345 1812 379 tituli

1110 392 1142 425 S.
1169 393 1352 428 Clementis.

1065 449 1088 487 †
1107 446 1172 489 Ego
1192 447 1321 480 Gabriel
1342 447 1611 489 cardraleottus,
1624 449 1671 483 tit.
1686 450 1717 484 S.
1730 452 1812 485 Lau-

1109 499 1204 533 rentii
1221 500 1253 532 in
1273 500 1405 534 Lucina.

1064 555 1087 594 †
1108 552 1172 596 Ego
1197 554 1296 586 frater
1314 553 1446 587 Michael
1466 555 1617 588 Bonellus
1636 556 1723 589 card.
1743 557 1814 591 Ale-

1107 606 1296 647 xandrinus,
1314 607 1399 640 tituli
1417 608 1446 641 S.
1458 608 1574 642 Mariae
1588 620 1686 653 super
1697 610 1814 644 Miner-

1113 671 1189 692 vam.

1063 715 1085 754 †
1105 713 1170 756 Ego
1191 714 1369 747 Ludovicus
1388 715 1600 749 Mandrutius.
1633 717 1736 759 eard„
1762 717 1809 751 tit.

1107 767 1138 800 S.
1165 768 1349 802 Anastasiae
1572 811 1575 813 ‚

1061 822 1084 861 †
1103 821 1169 865 Ego
1184 821 1334 856 Nicolaus
1348 823 1388 856 de
1399 823 1489 864 Sens,
1503 823 1586 856 tituli
1602 825 1725 858 Sanctae
1737 825 1811 859 Pra-

1105 876 1224 909 xaedis.

1061 932 1084 970 †
1103 930 1168 973 Ego
1188 930 1287 964 lulius
1307 931 1462 964 Antonius
1483 931 1657 965 cardinalis
1674 929 1823 966 Sanctae*

1105 979 1276 1017 Severinae
1296 984 1379 1017 tituli
1401 985 1508 1018 Sancti
1523 985 1759 1019 Bartholomaei
1775 986 1808 1019 in

1105 1036 1223 1069 Insula.
1809 1074 1813 1080 ¹

1061 1093 1083 1131 †
1103 1091 1167 1133 Ego
1188 1091 1402 1135 Hieronymus
1417 1093 1504 1125 eard.
1533 1093 1749 1133 flamminius,
1769 1093 1809 1126 ti-

1104 1144 1163 1177 tuli
1184 1144 1216 1178 S.
1243 1145 1421 1178 Susannae.

1060 1200 1083 1238 †
1102 1198 1167 1240 Ego
1187 1198 1321 1231 Ioannes
1337 1199 1551 1243 Hieronymus
1566 1199 1737 1233 cardinalis
1757 1200 1808 1233 Al-

1103 1251 1194 1292 ban.‚
1217 1252 1300 1285 tituli
1321 1253 1428 1286 Sancti
1449 1253 1576 1286 loannis
1593 1259 1665 1287 ante
1680 1254 1807 1287 Portam

1104 1306 1260 1338 Latinam.

1059 1362 1082 1401 †
1102 1359 1168 1402 Ego
1184 1359 1219 1392 P.
1246 1359 1332 1393 eard.
1345 1360 1434 1401 Deza,
1449 1360 1496 1393 tit.
1512 1360 1544 1394 S.
1564 1361 1752 1405 Hieronymi
1768 1361 1807 1394 11-

1104 1413 1291 1457 lyricorum.

1058 1469 1082 1508 †
1101 1466 1166 1509 Ego
1187 1467 1259 1499 Ant.
1283 1467 1332 1500 tit.
1352 1467 1398 1501 Ss.
1422 1467 1550 1500 Ioannis
1567 1472 1598 1500 et
1617 1467 1707 1500 Pauli
1734 1470 1812 1518 car-J

1103 1519 1169 1553 din.
1193 1520 1316 1553 Carasa.

1058 1577 1081 1616 †
1101 1574 1165 1617 Ego
1191 1574 1325 1607 loannes
1358 1574 1515 1608 Antonius
1545 1574 1719 1608 cardinalis
1753 1575 1803 1612 Ss.

1101 1627 1254 1666 Quatuor.

1057 1684 1080 1722 †
1099 1681 1164 1725 Ego
1184 1681 1318 1714 Ioannes
1335 1677 1475 1725 Baptista
1496 1682 1598 1722 card,
1613 1681 1803 1715 tit.SMar-

1102 1734 1187 1768 celii.

1057 1792 1080 1831 †
1099 1789 1164 1832 Ego
1184 1789 1374 1822 Franciseus
1394 1789 1480 1822 card.
1504 1789 1542 1822 de
1561 1789 1803 1834 Joyeuse,tituli

1101 1842 1131 1876 S.
1156 1842 1316 1887 Sylvestri.

1056 1899 1079 1938 -1-
1098 1897 1164 1939 Ego
1184 1897 1254 1929 Ant.
1278 1896 1374 1929 Maria
1399 1896 1486 1929 eard.
1514 1895 1681 1935 Salviatus,
1703 1895 1752 1929 tit.
1768 1896 1799 1929 S.

1101 1950 1215 1983 Mariae
1235 1950 1274 1983 de
1294 1950 1387 1982 Pace.

1037 2006 1078 2045 ·†
1098 2004 1163 2046 Ego
1183 2003 1380 2046 Augustinus
1398 2003 1486 2036 card.
1506 2002 1544 2035 de
1561 2003 1697 2041 Verona,
1720 2001 1802 2035 tituli

1099 2057 1130 2090 S.
1154 2058 1261 2090 Marci.

1055 2114 1078 2152 †
1097 2111 1161 2153 Ego
1185 2110 1382 2151 Vincentius,
1414 2109 1463 2142 tit.
1497 2110 1528 2143 S.
1552 2109 1667 2143 Mariae
1695 2109 1728 2142 in
1748 2109 1800 2142 Via

1100 2165 1186 2198 card.
1210 2164 1324 2198 Montis
1344 2163 1482 2206 Regalis.

1055 2223 1078 2260 †
1097 2219 1161 2262 Ego
1176 2219 1347 2262 Philippus
1368 2217 1455 2250 card.
1479 2216 1621 2260 Spinola,
1641 2216 1729 2250 tit.S.
1743 2216 1801 2250 Sa-

1100 2273 1205 2305 binae.

1055 2330 1069 2346 A

1035 2326 1037 2364 Ξ
1063 2342 1078 2368 s
1098 2327 1161 2369 Ego
1174 2325 1378 2370 Scipioeard.
1388 2324 1615 2365 Lancellottus,
1629 2324 1676 2356 tit.
1691 2323 1721 2357 S.
1732 2323 1800 2357 Sal-

1100 2375 1214 2408 vatoris
1234 2375 1265 2407 in
1287 2375 1402 2407 Lauro.

1054 2429 1078 2467 †
1097 2425 1161 2465 Ego
1181 2424 1367 2457 Vincentius
1387 2423 1473 2456 card.
1491 2422 1648 2465 Gonzaga,
1662 2422 1708 2455 tit.
1727 2430 1800 2455 san-

1100 2475 1141 2506 eti
1165 2473 1276 2506 Alexii.

1053 2526 1076 2564 †
1097 2523 1160 2565 Ego
1179 2522 1345 2561 llenrieus,
1364 2521 1410 2553 tit.
1427 2521 1457 2553 S.
1472 2518 1796 2560 Pudentianae‚ca1·d.

1099 2571 1267 2605 Caietanus
1283 2569 1490 2603 camerarius.

1824 175 1880 212 'Aa
1896 182 1927 212 C.
1980 171 1995 207 ῗ
