2059 3228
887 220 991 246 snt'rus
1013 220 1032 244 V
1056 221 1104 244 Pr.

228 283 259 311 et
278 276 467 321 profanatis,
491 276 602 310 nullus
625 277 775 310 existeret
798 274 976 309 catholicus

227 330 359 364 antistes
378 330 417 363 ad
438 341 486 371 ea,
505 341 588 374 quae
604 330 835 363 iurisdictionis
855 336 885 363 et
909 341 977 362 mu-

227 383 314 417 neris
333 383 524 427 episcopalis
535 389 638 425 erant,
661 384 851 424 exercenda,
863 388 977 427 etpro-

225 441 337 480 pterea
366 436 449 469 idem
475 437 656 481 Stephanus
685 448 760 478 rex,
792 447 850 480 pro
880 436 975 469 divini

225 489 331 523 cultus
362 489 481 523 ibidem
510 490 724 537 incrementox
740 496 771 524 et
794 490 975 523 animarum

225 542 341 583 salute,
364 543 519 587 oppidum
540 544 700 577 Vindense
729 544 762 576 in
794 543 975 576 meditullio

224 595 329 630 dictae
356 597 540 641 provinciae
574 597 763 638 consistens,
797 602 829 629 et
852 596 974 630 incola-

223 659 298 682 rum
313 650 520 684 multitudine
541 652 707 691 refertum,
729 660 766 684 ac
778 650 885 683 inillis
901 660 974 693 par-

224 703 311 737 tibus
327 704 506 747 plurimum
532 705 668 748 insigne,
690 705 722 737 in
743 704 919 743 civitatem,
945 709 975 736 et

224 749 395 791 ecclesiam
425 759 456 792 S.
488 759 616 792 Ioannis
644 758 804 802 Baptistae
829 758 973 791 eiusdem

224 810 336 854 oppidi
369 811 402 844 in
431 812 648 845 cathedralem
685 812 854 845 ecclesiam
894 811 973 854 erigi

222 863 278 907 pio
297 864 412 898 affectu
433 871 606 909 exoptaret,
629 865 729 899 felicis
742 865 974 898 recordationis

222 915 396 960 Gregorius
416 918 500 962 Papa
519 919 837 962 Xlll,praedecessor
852 925 971 959 noster,

222 969 278 1013 qui
297 970 330 1003 in
350 972 482 1014 specula
497 971 664 1005 militantis
684 972 973 1016 Ecclesiae,dispo-

222 1029 318 1057 nente
331 1024 479 1066 Domino,
502 1026 703 1067 constitutus,
716 1027 755 1059 ad
765 1026 906 1059 universi
920 1037 972 1060 or-

221 1077 271 1111 bis
289 1078 481 1122 provincias,
503 1084 539 1112 ut
559 1079 687 1113 illarum
713 1080 798 1113 felici
823 1081 918 1114 statui
943 1086 974 1113 et

221 1130 344 1173 decori,
366 1132 612 1177 animarumque
622 1134 716 1166 saluti
727 1134 907 1167 incolarum
918 1145 972 1167 eo-

221 1185 370 1219 rumdem
394 1187 586 1227 consuleret,
603 1187 707 1220 aciem
728 1198 803 1220 suae
824 1188 972 1221 conside-

222 1237 355 1272 rationis
379 1250 469 1273 more
497 1239 598 1282 vigilis
626 1241 762 1284 pastoris
788 1242 974 1284 frequenter

221 1291 401 1332 reserebat;
437 1304 473 1326 ae
507 1293 539 1325 in
574 1294 745 1336 provinciis
766 1294 853 1338 ipsis,
876 1300 973 1338 prout

221 1345 393 1379 necessitas
417 1352 447 1379 et
467 1347 546 1379 aliae
577 1347 781 1381 rationabiles
801 1359 915 1382 causae
939 1349 972 1381 id

222 1399 403 1443 exigebant,
425 1411 521 1433 novas
540 1401 741 1444 episcopales
761 1403 852 1436 sedes
876 1409 972 1446 atque

222 1453 386 1494 ecclesias,
406 1465 463 1497 pro
481 1455 647 1487 excellenti
666 1455 756 1488 Sedis
771 1457 972 1500 Apostolicae

222 1506 476 1551 praeemincntia,
514 1508 690 1550 plantabat,
726 1514 761 1542 ut
790 1520 848 1552 per
876 1521 972 1544 novas

222 1560 435 1604 plantationes
454 1561 639 1594 huiusmodi
665 1573 746 1594 nova
774 1564 970 1606 populorum

221 1613 373 1647 adhaesio
393 1614 498 1647 eidem
521 1615 670 1647 militanti
693 1616 853 1650 Ecclesiae
865 1628 972 1651 accre-

220 1673 335 1708 sceret,
360 1667 590 1711 religionisque
607 1669 799 1703 christianae
813 1676 845 1703 et
865 1672 972 1704 catho-

222 1720 302 1754 licae
321 1721 396 1754 fidei
417 1722 574 1765 professio
591 1722 669 1754 inibi
685 1723 820 1756 validius
840 1735 974 1758 consur-

222 1780 323 1818 geret,
345 1774 542 1816 ἀίΙῑιῑῑιιοίιιι,
563 1787 599 1809 ac
619 1777 702 1816 loca,
717 1777 812 1809 etiam
825 1778 1011 1820 humilia,

223 1826 425 1871 dignioribus
444 1829 557 1869 titulis,
581 1829 778 1873 illelumque
798 1831 922 1865 incolae
942 1838 974 1866 et

222 1880 416 1915 habitatores
439 1893 538 1915 noial
542 1894 596 1915 um
628 1883 751 1916 sedium
778 1890 808 1917 et
830 1872 991 1918 honora-

221 1933 335 1967 bilium
355 1936 542 1979 piaesulum
560 1936 738 1969 assistentia
749 1938 884 1979 suffulti,
899 1950 972 1983 pro-

223 1987 358 2022 ficerent
376 1999 504 2033 semper
522 1990 554 2022 in
579 1990 652 2031 fide,
675 1997 706 2023 et
725 1991 813 2034 quod
832 1992 865 2024 in
892 1998 971 2026 tem-

221 2041 389 2085 Joralibus
417 2048 509 2076 erant
533 2043 650 2087 adepti,
678 2054 741 2076 non
767 2051 916 2078 carerent
940 2046 970 2078 in

225 2095 446 2139 spiritualibus
465 2097 677 2138 incremento,
701 2098 808 2131 habita
819 2100 971 2142 superhis

225 2158 284 2191 per
301 2148 408 2192 ipsum
438 2150 718 2194 praedecessorem
752 2162 825 2184 cum
845 2158 972 2185 sanctae

223 2200 386 2236 Romanae
405 2203 565 2237 Ecclesiae
582 2204 810 2245 cardinalibus,
834 2206 873 2238 de
893 2217 973 2249 quo-

1658 220 1721 257 5‘69

1017 272 1155 315 Viiginis
1175 282 1204 306 et
1222 276 1364 310 οἰιι5ι1ιιιι
1392 279 1422 312 S
1455 280 1581 316 loannis
1606 284 1765 330 Baptistie

1016 325 1177 369 totiusque
1198 330 1301 361 co=·=l‹.
1290 331 1342 363 tis
1363 333 1471 366 curia·
1493 335 1662 379 honorem,
1688 351 1764 374 ncc-

1017 388 1080 411 non
1101 379 1204 413 dictae
1236 383 1307 415 ti‹l‹i
1334 386 1558 421 exaltationem
1587 397 1617 423 et
1644 403 1763 437 propa-

1016 431 1190 473 gationem,
1210 436 1364 479 oppidum
1382 439 1479 472 Vinii<
1475 452 1538 474 nsi·
1559 443 1591 475 in
1605 444 1764 480 civitatem

1017 484 1205 519 Vindensem
1236 493 1502 535 nuncupandam,
1531 501 1561 528 tt
1593 498 1763 533 ecelesiam

1016 538 1121 571 Sancti
1139 540 1265 575 Ioannis
1285 543 1441 588 Baptistae
1462 547 1647 584 huiusmodi
1664 552 1696 585 in
1709 566 1761 587 ca-

1015 591 1193 626 thedralem
1205 597 1387 639 ecclesiam,
1401 600 1477 632 sub'
1471 605 1668 639 invocatione
1677 607 1762 640 eius-

1014 645 1087 678 dem
1108 646 1138 680 S.
1161 627 1464 695 IoannisBaptistac,
1479 658 1673 699 quaedictae
1688 661 1760 695 Sidi

1012 698 1198 734 immediate
1219 703 1361 737 subiecti
1382 717 1429 739 ess
1433 714 1475 749 et,
1487 710 1589 744 donec
1600 712 1714 746 alicui·
1709 726 1760 747 ιϊ-

1014 752 1220 798 chiepiscopo
1237 760 1501 801 met1opolitico
1495 774 1563 796 lule
1583 765 1760 801 subiiceie-

1014 810 1076 845 tui,
1098 817 1158 850 pro
1178 819 1243 842 uno
1273 811 1423 857 episcopo
1452 815 1602 850 Vindensi
1631 829 1759 853 nuncu-

1013 861 1127 901 pando,
1148 862 1203 904 qui
1224 862 1269 896 illi
1297 876 1336 908 p1
1337 873 1457 908 zeesset,
1481 874 1510 901 et
1535 870 1636 914 ipsam
1656 874 1759 906 eccle-

1012 911 1089 945 siim
1109 913 1214 948 Sancti
1244 917 1370 951 Ioannis
1397 920 1554 964 Baptistae
1586 935 1642 958 seu
1672 926 1760 959 illius

1011 970 1187 1001 structuras
1212 975 1243 1002 et
1261 971 1407 1005 aedificia
1430 974 1468 1006 ad
1493 976 1630 1010 solmam
1650 979 1758 1012 cathe-

1011 1019 1108 1053 dralis
1123 1023 1276 1057 ecclesiae
1297 1026 1397 1069 redigi
1423 1028 1553 1071 faceret,
1583 1041 1620 1064 ac
1644 1031 1757 1065 infide-

1012 1073 1055 1106 les
1081 1075 1119 1107 ad
1141 1077 1263 1110 cultum
1284 1089 1378 1112 verae
1401 1081 1477 1114 fidei
1498 1090 1710 1126 converteret,
1728 1092 1759 1119 et

1011 1137 1178 1163 conversos
1198 1130 1231 1163 in
1252 1132 1363 1165 eadem
1384 1133 1465 1168 fide
1458 1142 1631 1171 instrueret
1642 1144 1672 1172 et
1685 1150 1757 1172 con-

1012 1180 1165 1224 firmaret,
1188 1183 1298 1228 eisque
1318 1186 1470 1230 Baptismi
1486 1190 1620 1231 gratiam
1634 1191 1757 1235 impen—

1010 1234 1110 1277 deret,
1134 1248 1171 1270 ac
1191 1238 1407 1283 episcopalem
1427 1242 1682 1278 iurisdictionem
1703 1257 1755 1279 ce-

1010 1294 1142 1332 teraque
1162 1292 1292 1333 omnia,
1319 1305 1402 1338 quae
1422 1296 1460 1328 ad
1493 1308 1612 1331 munus
1632 1299 1755 1342 episco-

1009 1342 1079 1384 pale
1112 1319 1327 1388 pertinebant,
1360 1348 1493 1383 haberet
1521 1357 1551 1383 et
1580 1360 1753 1393 exerceret,

1008 1406 1081 1429 cum
1102 1398 1186 1440 sede,
1208 1400 1371 1444 dignitate,
1395 1414 1504 1437 mensa
1524 1405 1658 1449 aliisque
1679 1407 1754 1439 insi-

1008 1450 1124 1491 gnibus
1144 1453 1393 1499 episcopalibus,
1415 1468 1541 1491 necnon
1566 1460 1752 1502 privilegiis,

1008 1503 1198 1547 honoribus,
1208 1507 1479 1552 immunitatibus,
1494 1512 1754 1554 praeeminentiis,

1007 1556 1224 1601 facultatibus,
1245 1563 1355 1604 gratiis
1369 1569 1400 1596 et
1420 1563 1685 1608 iuribus,quibus
1705 1577 1755 1601 ce-

1008 1616 1094 1645 terae
1115 1614 1317 1648 cathedrales
1328 1617 1483 1651 ecclesiae
1500 1619 1589 1661 regni
1604 1620 1754 1653 Poloniae

1008 1675 1185 1711 earumque
1205 1670 1382 1712 praesules,
1405 1671 1445 1704 de
1464 1671 1534 1704 iure
1554 1674 1601 1705 vel
1622 1684 1754 1707 consue-

1009 1719 1131 1761 tudine,
1153 1727 1208 1754 aut
1228 1722 1306 1756 alias
1326 1725 1569 1766 quomodolibet
1584 1727 1755 1760 utebantur

1009 1779 1036 1804 t
1062 1774 1255 1816 gaudebant,
1278 1787 1315 1809 ac
1335 1778 1394 1817 uti,
1425 1778 1520 1821 potiri
1554 1785 1584 1812 et
1614 1781 1754 1823 gaudere

1008 1832 1158 1869 poterant
1177 1830 1422 1872 quomodolibet
1442 1831 1475 1863 in
1492 1832 1649 1865 futurum.

1053 1881 1068 1924 ξ
1099 1881 1130 1914 3.
1158 1882 1294 1926 Insuper
1326 1884 1359 1916 in
1390 1885 1500 1917 eadem
1528 1886 1662 1919 ecclesia
1680 1914 1687 1927 ,
1710 1887 1754 1920 sic

1008 1933 1041 1966 in
1062 1935 1279 1969 cathedralem
1318 1943 1434 1978 erecta,
1457 1949 1554 1971 unam
1587 1941 1754 1983 praeposi-

1008 1992 1113 2021 turam
1133 2016 1139 2030 ,
1174 1995 1246 2033 post
1268 1991 1488 2034 pontificalem
1513 1992 1689 2035 maiorem,
1716 2006 1754 2027 u-

1008 2051 1086 2073 num
1096 2041 1299 2085 decanatum,
1322 2054 1424 2077 unum
1446 2045 1754 2087 archidiaconatum,

1009 2104 1105 2126 unam
1133 2097 1321 2137 cantoriam,
1357 2108 1455 2130 unam
1484 2099 1705 2133 scholastriam
1726 2108 1756 2135 et

1009 2158 1106 2180 unam
1128 2150 1318 2190 custodiam,
1342 2150 1509 2185 inferiores
1519 2152 1688 2195 dignitates
1698 2154 1756 2187 ibi-

1010 2201 1081 2234 dem
1094 2204 1359 2244 suturas,necnon
1372 2215 1423 2237 sex
1432 2206 1638 2240 canonicatus
1646 2213 1676 2240 et
1686 2208 1756 2241 toti—

225 2265 298 2288 rum
317 2266 454 2289 numero
480 2263 556 2290 tunc
576 2268 716 2294 eramus,
741 2258 972 2292 deliberatione
990 2264 992 2289 1
1011 2255 1083 2286 dem
1093 2256 1290 2299 praebendas
1302 2268 1360 2300 pro
1370 2268 1433 2291 uno
1445 2264 1756 2304 cantore,un0prae-

226 2314 364 2350 matura,
385 2320 422 2342 ac
437 2310 475 2343 de
488 2311 618 2344 illorum
632 2310 766 2344 consilio
782 2316 813 2344 et
826 2321 970 2354 assensu,

227 2363 485 2406 apostolicaeque
498 2364 664 2408 potestatis
673 2364 974 2408 plenitudine,pr:e-
989 2375 993 2406 ζ

227 2411 312 2445 dicto
332 2412 494 2455 Stephano
526 2423 600 2455 rege
621 2423 718 2455 super
738 2413 799 2444 hoc
820 2423 877 2455 per
901 2415 992 2446 suas'
1014 2411 1101 2449 uicis,

227 2459 349 2494 litteras
366 2460 553 2493 huiusmodi
565 2461 765 2504 supplicante
776 2466 806 2493 et
821 2461 971 2502 instante,

228 2510 288 2543 sub
320 2510 428 2543 datum
460 2510 609 2543 videlicet
639 2510 751 2553 quinto
779 2509 851 2542 idus
884 2511 971 2550 maii,

1013 2309 1124 2351 posito,
1137 2320 1201 2342 uno
1215 2310 1347 2351 decano,
1360 2322 1425 2344 uno
1438 2312 1677 2354 archidiacono,
1691 2326 1756 2348 uno

1028 2363 1217 2403 rlmlastico,
1249 2374 1314 2396 uno
1345 2363 1550 2404 ci1stode‚2et
1577 2377 1630 2400 sex
1659 2378 1755 2401 cano-

1128 2411 1181 2454 qui
1203 2422 1314 2444 omnes
1338 2413 1432 2446 simul
1450 2414 1628 2457 capitulum
1653 2416 1756 2450 dictae

1015 2459 1169 2491 Ecclesiae
1197 2461 1363 2494 Yindensis
1390 2463 1641 2506 constituerent,
1667 2465 1756 2499 acin

1025 2520 1049 2540 a
1070 2508 1181 2541 missas
1201 2515 1229 2541 et
1252 2510 1313 2542 alia
1333 2510 1439 2543 divina
1454 2511 1558 2545 officia
1578 2513 1754 2555 celebrare,

229 2559 435 2602 pontificatus
454 2558 503 2591 sui
514 2558 808 2598 annoduodecimo,
821 2558 859 2590 ad
869 2558 974 2592 omni·
1015 2556 1139 2599 illisque
1169 2557 1336 2610 interesse,
1359 2570 1396 2592 ac
1415 2559 1476 2593 alia
1496 2571 1594 2594 onera
1613 2561 1672 2595 sibi
1699 2572 1756 2605 pro

231 2608 368 2653 potentis
397 2608 452 2641 Dei
486 2607 628 2648 laudem,
657 2618 694 2641 ac
718 2607 831 2641 Beatae
846 2607 973 2673 3Mariae
992 2598 999 2628 ῑ
1015 2613 1158 2649 tempore
1168 2607 1386 2641 incumbentia
1396 2609 1756 2653 supportaredeberent,

308 2657 383 2689 Ball.
399 2659 464 2688 stom
487 2658 540 2687 Vol.
563 2656 625 2693 [III
820 2658 859 2688 Τ,

1781 227 1832 255 An.
1850 228 1870 257 C
1895 229 1964 260 ¹585

1795 1893 1909 1920 Capitulum
1927 1897 1952 1916 et

1769 1924 1906 1949 dignit-,noun
1917 1930 1953 1944 ea-

1769 1955 1816 1976 dem
1831 1956 1930 1981 iustitiam
