2059 3228
387 226 452 260 482
935 237 1112 262 anLAmmu
1132 237 1282 262 ROMANPM
1887 235 1941 266 A'n.
1986 267 2001 273 ⁷,

343 287 551 320 existentibus
577 287 760 331 praeposito
792 288 979 332 provinciali
1007 291 1087 324 infe·
1129 300 1197 332 nes,
1216 289 1425 334 provisiones,
1443 290 1627 332 electiones,
1638 291 1875 338 acceptationes
1900 269 2028 333 ,Ch-d}

339 340 432 373 rioris
464 340 652 374 Germaniae
686 340 789 375 dictae
822 342 1002 385 Societatis,
1038 345 1087 378 vel
1127 344 1175 377 vel
1196 343 1274 377 alias
1293 329 1963 390 dispositionesdemonasterioprae-‘'¹¹⁸''
1976 338 1996 376 ἶ

337 393 455 426 rectori
475 399 505 427 et
522 393 742 437 collegialibus
762 395 838 429 dicti
857 397 996 441 collegii,
1027 409 1086 443 per
1127 397 1223 438 dicto,
1254 397 1349 431 etiam
1379 407 1438 442 per
1466 396 1580 430 Sedem
1609 397 1806 441 praedictam
1825 399 1873 433 vel

143 230 195 259 An.
212 232 242 261 C.
261 234 329 262 1584

334 499 491 542 praedicti
501 500 644 542 nomine,
654 502 787 546 propria
799 504 1000 546 auctoritate,
1015 517 1082 540 cor-

1124 505 1171 537 vel
1189 515 1411 548 quoscumque
1431 504 1522 545 alios,
1544 503 1655 548 quavis
1683 504 1873 539 auctoritate

1979 404 1991 425 Ι.

337 457 369 479 se
389 447 438 479 vel
458 446 557 479 alium
575 457 631 480 seu
652 447 744 489 alios,
765 459 879 483 eorum
904 456 934 484 et
957 452 1083 495 collegii
1126 450 1212 484 illius
1226 451 1359 494 legatos,
1382 450 1478 484 etiam
1499 450 1537 484 de
1547 451 1660 492 latere,
1670 461 1726 485 seu
1736 451 1874 486 nuncios
1979 438 1996 476 ζ

1979 523 1999 551 κ.-

1975 559 1991 592 ἱ,

331 552 487 594 poralem,
508 553 628 587 realem
642 560 675 587 et
690 555 849 590 actualem
864 557 1023 591 bonorum
1038 559 1082 592 sic

330 603 636 640 dismembratorum
657 609 821 652 suppressi
844 611 1030 644 monasterii
1051 618 1081 646 et

329 667 542 701 annexorum,
560 660 748 705 iuriumque
768 667 799 696 et
811 664 1079 706 pertinentiarum

327 721 459 746 suarum
467 724 753 760 quorumcumque
760 718 994 762 possessionem
1002 720 1080 753 libe-

328 775 374 806 re,
397 766 493 800 etiam
513 779 550 801 ex
570 779 668 811 nunc,
690 770 758 804 sine
777 776 886 805 tamen
912 773 1078 816 praeiudi·
1099 746 1102 787 Ι

328 819 377 852 cio
398 830 486 854 nunc
505 821 670 857 existentis
686 824 810 858 abbatis
829 831 884 859 aut
912 837 1077 861 commen·
1098 803 1102 848 i

327 872 442 906 datarii
462 874 538 908 dicti
558 877 756 918 monasterii,
784 879 1027 923 apprehendere
1047 886 1078 914 et
1097 854 1101 897 i

323 931 481 970 perpetuo
519 928 672 971 retinere,
719 931 840 975 illaque
883 943 920 965 ac
963 944 1076 967 eorum

323 980 471 1014 omnium
491 981 616 1016 fructus
635 984 816 1028 percipere,
838 986 1077 1029 colligere,exi-

321 1043 397 1075 gere
406 1039 437 1068 et
446 1045 652 1080 recuperare,
664 1048 701 1071 ae
716 1038 749 1070 in
770 1049 845 1072 suos
860 1039 1002 1084 dictique
1011 1042 1076 1075 col-

322 1086 397 1130 legii
416 1098 494 1122 usus
513 1094 544 1122 et
561 1089 733 1124 utilitatem
759 1098 958 1134 convertere,
981 1094 1073 1128 dioe-

320 1140 427 1173 cesani
451 1142 514 1175 loci
539 1143 589 1176 vel
609 1143 753 1177 cuiusvis
783 1145 918 1180 alterius
945 1146 1076 1181 licentia

316 1192 456 1238 desuper
475 1196 608 1229 minime
628 1197 793 1241 requisita,
809 1198 852 1232 ita
869 1205 976 1234 tamen
987 1201 1075 1245 quod

1125 558 1163 590 de
1187 563 1294 591 cetero
1321 557 1493 598 faciendas,
1522 557 1628 591 nullas
1656 563 1687 591 et
1718 557 1873 592 invalidas

1124 612 1190 643 sore
1208 616 1238 644 et
1248 621 1330 651 esse,
1348 622 1385 644 ac
1402 621 1462 655 pro
1478 610 1605 644 infectis
1624 621 1756 655 prorsus
1775 611 1873 645 habe-

1122 664 1162 704 ri,
1181 670 1210 697 et
1227 664 1350 698 nemini
1364 665 1525 698 ullatenus
1546 664 1714 708 suffragari
1735 664 1870 707 debere;

1121 728 1248 751 necnon
1264 718 1384 752 eisdem
1395 717 1620 763 praesentibus
1628 728 1687 762 per
1697 719 1871 762 quascum-

1121 782 1184 816 que
1199 772 1365 815 generales
1382 772 1432 804 vel
1447 771 1611 815 speciales,
1631 771 1870 815 etiamderoga-

1119 825 1276 858 toriarum
1293 825 1512 868 derogatorias
1537 825 1681 868 aliasque
1709 825 1870 859 efficacio-

1120 890 1170 912 res
1190 884 1220 912 et
1238 878 1385 912 insolitas
1405 879 1578 919 clausulas,
1606 884 1638 912 et
1660 875 1820 913 irritantia
1838 885 1870 914 et

1118 932 1181 965 alia
1200 932 1340 973 decreta,
1355 932 1414 966 sub
1427 932 1688 976 quibuscumque
1695 933 1867 966 verborum

1118 985 1229 1019 formis
1249 991 1280 1019 et
1300 986 1560 1031 expressionibus
1579 991 1746 1030 concepta,
1781 986 1815 1019 in
1832 997 1866 1021 se

1119 1039 1333 1079 continentes,
1366 1039 1553 1073 nullatenus
1583 1039 1730 1083 derogari
1758 1028 1869 1083 posset

1117 1103 1176 1126 nec
1196 1093 1385 1136 derogatum
1414 1093 1550 1134 censeri,
1581 1093 1642 1126 nisi
1675 1094 1864 1127 earumdem

1117 1146 1334 1190 praesentium
1354 1146 1533 1180 litterarum
1549 1152 1642 1180 tenor
1660 1146 1699 1180 de
1718 1146 1814 1180 verbo
1824 1147 1865 1180 ad

1116 1199 1262 1241 verbum,
1285 1199 1365 1233 nihil
1385 1200 1512 1244 penitus
1529 1200 1658 1241 omisso,
1671 1199 1821 1242 insertus,
1832 1206 1864 1234 et

146 1219 172 1241 e

314 1247 340 1279 si
360 1247 462 1291 aliqui
482 1250 646 1294 suppressi
666 1252 853 1286 monasterii
880 1253 1068 1288 huiusmodi
1116 1264 1235 1297 urgens
1258 1264 1295 1287 ac
1328 1253 1488 1286 sufficiens
1518 1264 1614 1287 causa
1646 1264 1804 1298 expressa,
1833 1259 1864 1288 et

314 1301 463 1335 canonici
482 1303 650 1346 redierint,
672 1311 779 1339 rector
797 1307 953 1351 praedicti
968 1309 1067 1342 colle·
1118 1318 1174 1350 per
1203 1307 1304 1341 trinas
1323 1307 1489 1340 distinctas
1508 1307 1633 1341 litteras
1645 1335 1653 1349 ,
1675 1308 1861 1343 earumdem

312 1353 356 1397 gii
376 1355 422 1388 eis
441 1356 479 1390 de
499 1358 688 1392 necessariis
713 1360 754 1393 ad
773 1359 893 1394 victum
914 1361 947 1395 in
972 1373 1073 1407 regu-
1114 1361 1333 1405 praesentium
1351 1366 1497 1394 tenorem
1517 1360 1550 1394 in
1584 1372 1617 1395 se
1647 1361 1860 1403 continentes,

310 1407 371 1441 lari
391 1409 486 1442 etiam
501 1410 580 1444 dicti
599 1411 726 1446 Ordinis
745 1413 793 1447 vel
813 1414 968 1457 alioloco,
981 1416 1070 1450 arbi-
1114 1414 1219 1447 tribus
1246 1414 1404 1448 distinctis
1426 1414 1550 1448 vicibus
1576 1414 1681 1448 eidem
1711 1414 1862 1460 Philippo
1990 1427 2003 1461 Ἀ

310 1460 372 1494 trio
387 1462 548 1496 ordinarii
567 1464 733 1508 erigendo,
755 1472 791 1500 ut
810 1467 870 1501 sub
884 1468 970 1503 illius
990 1471 1069 1504 obe·
1114 1467 1182 1511 regi
1207 1467 1349 1511 legitime
1380 1467 1527 1501 intimata
1559 1473 1590 1501 et
1625 1467 1798 1510 insinuata,
1823 1479 1862 1501 ³0

310 1514 447 1557 dientia,
469 1517 496 1549 si
515 1523 603 1551 extra
623 1519 764 1553 claustra
782 1520 932 1563 vixerint,
959 1523 1069 1567 provi·
1114 1521 1340 1564 derogationes
1368 1521 1456 1566 ipsae
1484 1526 1574 1554 motu
1602 1520 1736 1565 proprio
1768 1526 1801 1554 et
1822 1531 1861 1554 ex
1989 1541 1995 1551 ι

311 1567 387 1602 dere
407 1574 566 1604 teneatur.
1112 1581 1199 1608 certa
1219 1574 1353 1608 scientia
1371 1575 1472 1608 factae
1488 1574 1620 1614 fuerint,
1642 1579 1859 1618 appareatque
1998 1577 2002 1584 ‘

354 1622 369 1666 ἓ
393 1622 425 1656 5.
451 1624 492 1657 Et
510 1624 644 1669 insuper
665 1627 801 1670 collegio
821 1627 867 1661 sic
894 1634 1001 1664 erecto
1031 1636 1065 1664 et
1111 1628 1292 1661 Romanum
1309 1628 1498 1662 Pontificem
1517 1627 1580 1661 illis
1600 1638 1748 1672 expresse
1766 1627 1860 1661 dero-

120 1677 294 1706 Privilesiarrae·
309 1674 454 1709 instituto
465 1688 502 1710 ac
522 1689 581 1722 pro
594 1684 739 1723 tempore
754 1681 965 1717 existentibus
975 1684 1064 1717 illius
1110 1692 1185 1725 gare
1202 1682 1360 1723 VOlUiSSfl;
1383 1687 1413 1716 θῐ
1432 1681 1510 1715 alias
1529 1691 1588 1726 PPO
1603 1686 1749 1725 tempore
1760 1681 1858 1715 saetas

119 1713 153 1729 ato
201 1710 292 1737 collegio

111 1744 221 1762 contessa.

306 1729 424 1763 rectori
444 1736 475 1764 et
494 1732 715 1775 collegialibus
744 1735 924 1779 ceterisque
948 1747 1061 1780 perso-

281 1809 285 1813 .
307 1782 366 1824 nis,
389 1784 477 1828 quod
496 1786 648 1820 omnihus
667 1792 698 1820 et
717 1788 850 1831 singulis
875 1789 1062 1836 privilegiis*

308 1838 578 1882 exemptionibus,
603 1840 872 1883 immunitatibus,
894 1854 1064 1888 praeroga-

308 1890 389 1932 tivis,
413 1893 693 1936 concessionibus,
720 1894 866 1936 indultis,
893 1896 1064 1940 indulgen-

308 1943 360 1977 tiis
381 1945 564 1990 ceterisque
584 1947 808 1990 spiritualibus
827 1955 857 1982 et
877 1951 1064 1994 temporali-

309 1997 370 2030 bus
390 1998 512 2041 gratiis‚
535 2001 654 2044 quibus
665 2008 772 2035 cetera
789 2002 933 2036 eiusdem
957 2004 1064 2038 Socie-

310 2050 384 2083 tatis
404 2052 540 2096 collegia
551 2064 729 2098 eorumque
740 2061 894 2097 rectores,
911 2057 1062 2100 collegia-

309 2104 356 2137 les
376 2110 405 2138 et
426 2116 584 2148 personae
604 2107 697 2149 aliae,
720 2109 759 2142 de
769 2109 850 2149 iure,
870 2121 931 2142 usu
942 2120 978 2143 ac
988 2121 1063 2144 con-

310 2159 481 2193 suetudine
500 2161 547 2194 vel
564 2161 641 2194 alias
657 2163 900 2205 quomodolibet
910 2168 1062 2204 utuntur,

312 2212 464 2246 fruuntur
491 2219 522 2247 et
549 2215 700 2258 gaudent,
723 2227 759 2249 ac
780 2216 843 2257 uti,
866 2216 941 2257 frui,
963 2217 1062 2261 potiri

312 2270 341 2296 et
362 2266 502 2308 gaudere
520 2274 654 2311 possunt
673 2274 704 2302 et
714 2274 865 2313 poterunt
881 2270 1061 2314 quomodo-

313 2316 344 2349 in
366 2318 521 2360 futurum,
541 2321 761 2365 parisormiter
784 2329 816 2357 et
840 2324 961 2367 absque
995 2324 1062 2357 ulla

312 2381 443 2413 prorsus
463 2373 656 2415 differentia,
679 2382 710 2410 et
734 2376 868 2420 perinde
886 2387 923 2410 ac
952 2377 978 2411 si
999 2377 1061 2410 illis

313 2420 496 2461 specialiter
530 2433 681 2457 concessa
716 2425 860 2466 fuissent,
890 2425 950 2465 uti,
981 2425 1057 2465 frui,

312 2467 408 2510 potiri
428 2475 457 2502 et
480 2471 619 2514 gaudere
637 2472 737 2506 libere
758 2479 787 2507 et
809 2474 895 2508 licite
920 2474 1057 2514 valeant,

306 2517 501 2552 auctoritate
514 2526 545 2553 et
554 2526 664 2555 tenore
676 2522 870 2566 praemissis,
881 2523 920 2557 de
928 2518 1058 2567 speciali

305 2565 412 2609 gratia
432 2566 649 2612 indulgemus.

352 2614 367 2659 g
392 2614 423 2649 6.
451 2615 665 2653 Decernentes
677 2629 899 2665 quascumque
910 2620 1056 2656 collatio·

1110 1735 1333 1779 derogationes
1358 1734 1481 1769 nemini
1511 1735 1699 1778 suffragari3
1727 1735 1856 1769 easdem
1884 1730 1895 1739 ⁶

1109 1800 1239 1833 quoque
1257 1794 1442 1834 praesentes
1457 1789 1495 1823 de
1514 1788 1732 1833 subreptionis
1744 1789 1794 1822 vel
1803 1789 1857 1823 ob-

1108 1843 1263 1887 reptionis
1281 1843 1378 1885 vitio,
1398 1848 1453 1877 aut
1472 1842 1658 1876 intentionis
1672 1842 1855 1876 nostraevel

1107 1896 1170 1929 alio
1197 1897 1350 1940 quopiam
1383 1897 1510 1930 defectu
1535 1895 1650 1937 notaui,
1670 1895 1854 1940 impugnari

1107 1950 1156 1982 vel
1177 1949 1343 1983 invalidari
1363 1950 1551 1983 nullatenus
1569 1959 1675 1994 posse,
1709 1959 1769 1983 nec
1795 1949 1855 1983 sub

1106 2002 1367 2047 quibuscumque
1382 2003 1651 2044 revocationibus,
1673 2002 1856 2046 suspensio-

1106 2056 1211 2097 nibus,
1244 2056 1538 2090 modificationibus
1557 2061 1612 2090 aut
1631 2055 1701 2089 aliis
1725 2060 1854 2089 contra-

1105 2109 1161 2142 riis
1180 2109 1444 2154 dispositionibus
1464 2114 1495 2143 et
1503 2108 1854 2151 unionibus‚annexio-

1104 2162 1200 2196 nibus
1213 2168 1267 2196 aut
1278 2163 1543 2208 suspensionibus
1552 2168 1583 2197 et
1592 2162 1849 2205 exfinctionibus,

1104 2216 1254 2250 effectum
1273 2227 1338 2250 non
1357 2217 1490 2258 sortitis,
1517 2227 1599 2261 quae
1628 2216 1773 2261 posthac,
1793 2227 1853 2261 per

1103 2280 1162 2302 nos
1180 2270 1229 2303 vel
1249 2280 1450 2313 successores
1468 2269 1760 2304 nostrosRomanos
1769 2269 1851 2304 Pon·

1105 2322 1217 2365 tifices‚
1252 2329 1317 2357 tam
1348 2323 1381 2356 in
1413 2322 1589 2357 crastinum
1623 2322 1851 2367 assumptionis

1103 2376 1274 2410 cuiuslibet
1293 2387 1406 2410 eorum
1438 2376 1478 2410 ad
1508 2376 1626 2410 summi
1653 2376 1850 2421 apostolatus

1102 2426 1240 2469 apicem,
1263 2437 1359 2469 quam
1379 2426 1456 2460 alias
1476 2426 1729 2470 quomodolibet,
1753 2425 1848 2460 etiam

1102 2485 1173 2507 cum
1193 2475 1356 2519 quibusvis
1376 2475 1654 2519 derogatoriarum
1679 2475 1847 2520 derogato-

1101 2523 1157 2556 riis
1168 2523 1302 2568 aliisque
1311 2524 1547 2558 efficacioribus
1558 2531 1588 2559 et
1602 2524 1750 2566 insolitis,
1760 2523 1847 2559 clau-

1101 2573 1189 2614 sulis,
1210 2572 1474 2617 irritantibusque
1494 2580 1524 2607 et
1543 2573 1612 2608 aliis
1627 2572 1763 2607 decretis
1786 2582 1846 2617 pro

1077 2626 1246 2666 -tempore
1278 2621 1378 2673 sactis,
1407 2628 1571 2672 tamquam
1604 2622 1751 2657 effectum
1778 2632 1846 2657 non
