2059 3228
103 210 156 240 An.
171 212 199 241 C.
216 212 285 240 1575

357 201 420 235 528

312 271 341 297 et
367 263 586 307 cappellaniae
603 266 795 305 perpetuae,
812 258 974 302 regularia
990 268 1063 290 vero

316 317 473 350 beneficia
495 314 692 351 huiusmodi,
717 312 920 352 monasteria,
939 322 1003 344 11011
1019 315 1065 344 ta-

317 380 389 402 men
411 368 653 407 consistorialia,
674 366 846 411 prioratus,
863 365 1064 410 praepositu-

315 433 381 463 rae,
405 421 650 465 praepositatus,
671 420 853 463 dignitates,
876 419 1063 452 011111110οη-

314 476 489 514 mutuantes,
532 480 731 517 personatus,
769 473 1064 506 administrationes

283 542 285 544 ·
314 528 519 561 monachales
531 533 561 561 et
572 527 774 560 canonicales
786 526 960 570 portiones,
970 536 1006 559 ac
1018 526 1064 559 os-

313 582 398 622 ficia,
420 582 516 615 etiam
531 586 654 621 curata,
673 580 855 613 claustralia
871 585 901 613 et
918 579 1061 619 electiva,

312 645 438 669 necnon
472 633 655 678 hospitalia,
688 633 895 677 leprosariae‚
922 633 1063 666 xenodo-

313 689 385 722 chia
421 688 553 729 fuerint,
585 693 616 721 et
647 687 708 720 alia
737 697 963 730 quaecumque
993 686 1064 719 loca

313 741 474 785 religiosa,
507 751 686 785 eorumque
715 741 872 781 membra,
898 739 1061 783 granciae,

314 795 532 839 possessiones
551 800 582 828 et
602 794 743 838 praedia,
766 793 797 826 in
817 794 934 837 quibus
954 793 1064 825 nullus

315 848 553 882 ecclesiasticus
577 848 683 881 cultus
703 847 878 881 saecularis
896 851 951 880 aut
970 857 1064 889 regu-

315 903 392 936 laris
415 913 472 935 seu
496 902 696 946 hospitalitas
725 906 904 941 exercetur,
935 910 994 932 nec
1024 900 1063 933 de

316 955 476 999 praesenti,
491 956 600 988 saltem
617 954 723 999 quoad
744 953 944 998 parochiales
959 953 1063 986 eccle-

306 1009 370 1043 sias
388 1014 419 1042 et
435 1009 498 1041 alia
514 1008 673 1042 beneficia
694 1008 912 1041 ecclesiastica
933 1011 1060 1046 curata,

306 1062 434 1095 restitui
459 1067 576 1106 potest,
605 1071 754 1104 quaeque
780 1060 877 1093 nullis
905 1059 1061 1093 canonice

308 1116 424 1149 collata
449 1121 504 1149 aut
537 1114 763 1149 commendata
789 1125 845 1147 seu
874 1113 1060 1154 commissa,

309 1180 368 1202 nec
388 1169 481 1202 unita
504 1175 561 1202 aut
585 1179 768 1212 suppressa,
787 1168 819 1200 in
833 1167 1061 1206 ecclesiarum,

310 1222 593 1261 monasteriorum,
618 1221 828 1265 hospitalium
849 1225 903 1254 aut
922 1220 1061 1253 aliorum

311 1275 440 1320 piorum
465 1276 613 1309 locorum
639 1285 726 1308 nunc
750 1273 938 1317 vigentium,
966 1273 1062 1307 etiam

312 1335 400 1362 extra
419 1329 556 1372 baliagia
576 1333 607 1362 et
623 1329 695 1362 loca
711 1327 874 1372 praedicta
887 1326 1062 1361 consisten-

312 1382 403 1422 tium,
424 1381 631 1415 commodum
644 1387 674 1415 et
686 1382 837 1422 favorem,
861 1380 935 1422 sint,
950 1391 1009 1414 nec
1023 1381 1064 1413 ab

314 1436 468 1476 ecclesiis,
496 1435 709 1477 monasteriis,
737 1435 898 1479 capituliS,
925 1445 1063 1468 conven-

312 1490 410 1530 tibus,
432 1489 612 1529 beneficiis,
647 1489 862 1533 hospitalibus
890 1493 979 1522 extra
1009 1488 1064 1521 illa

313 1543 564 1577 consistentibus
601 1542 697 1576 veluti
729 1543 819 1575 unita
848 1542 1062 1585 dependeant,

314 1602 370 1629 aut
383 1595 423 1628 ad
438 1606 474 1629 ea
490 1596 589 1629 veluti
612 1595 757 1628 membra
775 1595 976 1639 pertineant,
993 1606 1066 1639 quae

314 1661 365 1683 om
372 1649 514 1682 niasalva
523 1654 553 1682 et
565 1649 675 1682 illaesa
686 1654 886 1689 remaneant,
899 1648 1065 1693 quibusvis

317 1703 421 1736 modis
441 1708 471 1736 et
486 1714 523 1736 ex
535 1713 817 1746 quorumcumque
831 1702 974 1746 personis
985 1729 993 1743 ,
1009 1713 1065 1736 seu

315 1768 373 1800 per
387 1756 504 1789 liberas
522 1755 755 1799 resignationes
768 1755 954 1799 quorumvis
972 1755 1011 1789 de
1025 1756 1066 1788 i]-

315 1810 354 1843 lis
363 1815 419 1843 aut
430 1810 469 1843 de
479 1820 592 1843 eorum
603 1809 815 1852 regiminibus
824 1814 856 1842 et
865 1809 1065 1842 administra-

317 1863 458 1897 tionibus
487 1863 649 1897 cessiones
668 1863 700 1895 in
725 1863 868 1896 Romana
895 1863 991 1896 Curia
1017 1863 1067 1896 vel

318 1923 406 1950 extra
425 1927 509 1957 eam,
531 1917 625 1951 etiam
652 1926 760 1950 coram
784 1916 910 1949 notario
935 1917 1067 1960 publico

317 1976 348 2003 et
368 1971 502 2004 testibus
522 1976 635 2015 sponte
655 1970 765 2010 factas,
788 1975 842 2002 aut
861 1970 1067 2003 constitutio-

318 2034 392 2056 nem
417 2023 520 2057 felicis
544 2022 780 2057 recordationis
808 2022 935 2056 Ioannis
964 2023 1069 2066 Papae

319 2076 410 2116 XXII,
429 2076 684 2120 praedecessoris
704 2075 816 2117 nostri,
845 2086 927 2119 quae
955 2076 1071 2120 incipit

320 2129 532 2170 Eum-abilis,
553 2129 602 2163 vel
617 2128 853 2163 assecutionem
871 2129 1004 2163 alterius
1015 2130 1069 2163 be-

322 2183 429 2216 neficii
449 2183 657 2216 ecclesiastici
671 2183 782 2227 quavis
798 2182 990 2216 auctoritate
1007 2183 1071 2216 001-

323 2236 389 2277 lati,
410 2242 534 2277 vacent,
562 2237 686 2270 etiamsi
706 2242 794 2270 tanto
818 2242 964 2281 tempore
977 2247 1071 2270 vaca-

324 2289 424 2322 verint
442 2290 528 2334 qnod
549 2301 662 2324 eorum
683 2291 825 2331 collatio,
843 2291 930 2323 iuxta
942 2291 1071 2324 Latera-

324 2343 431 2376 ncnsis
455 2349 572 2377 statuta
595 2344 725 2378 concilii
753 2349 809 2377 aut
833 2344 912 2377 alias
938 2344 1073 2378 canoni-

325 2401 377 2423 cas
396 2392 588 2434 sanctiones,
606 2393 747 2437 legitime
763 2394 924 2434 devoluta,
938 2393 1074 2438 ipsaque

325 2440 433 2472 omnia
453 2441 501 2473 vel
521 2451 634 2474 eorum
655 2441 763 2485 aliqua
782 2442 984 2485 dispositioni
998 2452 1075 2485 apo-

326 2487 456 2520 stolicae
476 2489 660 2532 specialiter
678 2491 727 2526 vel
752 2491 946 2534 generaliter
968 2501 1074 2524 reser-

328 2540 396 2568 vata
417 2537 563 2579 existant,
586 2545 616 2572 et
631 2539 670 2571 ad
686 2538 740 2572 illa
756 2540 982 2573 consueverint
997 2539 1075 2573 olim

329 2584 382 2627 qni
409 2595 466 2628 per
484 2586 675 2622 electionem
695 2588 827 2630 assumi,
858 2589 969 2634 eisque
999 2599 1077 2623 cura

909 203 1089 229 ammanium
1108 200 1260 226 Romnum

1105 256 1201 288 etiam
1211 253 1475 287 iurisdictionalis
1485 254 1651 289 immineat
1659 256 1852 300 animarum,

1105 320 1142 342 ac
1162 309 1396 351 cuiuscumque
1413 308 1512 341 annui
1531 309 1660 350 valoris,
1683 311 1722 344 ad
1742 323 1854 356 quarn-

1105 372 1256 406 cumqae,
1277 361 1373 394 etiam
1395 361 1672 404 notabilissimam,
1693 375 1853 398 summam

1104 415 1317 455 ascendentis,
1344 425 1458 448 eorum
1487 415 1688 459 singulorum
1717 418 1852 458 fructus,
1978 443 2002 447 --

1105 468 1249 501 redditus
1282 473 1313 501 et
1345 473 1519 511 proventus
1554 469 1684 511 suerint,
1709 471 1852 512 nomine,
1989 459 2032 505 ¹}

1104 521 1210 562 titulo,
1246 520 1519 563 denominatione,
1551 522 1680 564 ordine,
1713 529 1795 557 statu
1823 530 1855 557 et
1995 526 1999 531 '

1105 574 1253 614 essentia,
1275 574 1372 607 etiam
1392 574 1545 618 regulari,
1567 575 1600 608 in
1620 575 1754 620 singulis
1777 577 1852 618 illis,

1104 633 1201 672 prout
1229 627 1349 668 insunt,
1369 634 1528 672 perpetuo
1548 630 1731 672 suppressis
1750 635 1781 663 et
1799 641 1854 664 ex·
1995 629 2007 673 ζ

1105 681 1220 722 11110115,
1233 692 1308 714 011111
1320 682 1387 715 51115
1401 682 1557 723 ecclesiis,
1571 682 1732 724 domibus,
1747 683 1853 724 bonis,
1994 678 2012 696 ’ὃ
2030 678 2034 712 ’ἲ

1105 735 1367 779 proprietatibus,
1394 735 1541 776 decimis,
1564 736 1702 779 iuribus,
1725 737 1855 770 iurisdi—

1105 789 1276 829 ctionibus,
1288 788 1456 830 fructibus,
1470 789 1630 830 censibus,
1653 790 1856 833 pertinentiis

1105 847 1135 875 et
1154 842 1336 875 actionibus
1356 842 1506 875 omnibus
1529 848 1560 875 et
1580 843 1852 887 quibuscumque,

1105 895 1236 929 militiae
1257 896 1417 939 praefatae
1442 896 1633 929 Sanctorum
1660 896 1798 930 Mauritii
1825 903 1856 930 et

1103 948 1224 989 Lazari,
1247 950 1285 982 de
1303 949 1497 994 apostolicae
1523 950 1688 994 potestatis
1711 950 1853 994 plenitu-

1105 1002 1190 1042 dine,
1214 1003 1357 1044 unimuS,
1384 1004 1585 1038 annectimus
1609 1009 1641 1038 et
1662 1004 1852 1049 incorpora-

1106 1066 1189 1088 mus.

1148 1109 1162 1151 §
1181 1108 1212 1142 3.
1224 1109 1269 1142 Ita
1284 1110 1371 1153 quod
1381 1110 1477 1144 liceat
1485 1111 1640 1155 praedicto
1650 1111 1852 1146 Emmanueh
1865 1110 1989 1170 onfr'fflff'
2014 1134 2017 1135 ν

1104 1162 1280 1196 Philiberto
1297 1164 1371 1197 duci
1397 1171 1428 1198 et
1447 1176 1563 1209 magno
1584 1166 1749 1210 magistro,
1776 1177 1852 1201 nec.-
1866 1147 2047 1210 sessiopemffi

1104 1227 1168 1250 non
1183 1217 1308 1250 dilectis
1322 1217 1398 1252 filiis
1412 1220 1582 1253 conventui
1593 1220 1695 1253 dictae
1707 1220 1851 1262 militiae,
1866 1205 2030 1280 affin-1¹33:
2045 1233 2047 1242 ¹

1104 1270 1235 1304 illorum
1245 1271 1392 1305 omnium
1405 1274 1608 1316 corporalem
1619 1274 1854 1318 possessionem
1868 1269 1960 1291 ''⁶¹¹¹“‘¹¹*
1999 1290 2006 1307 e

1104 1334 1162 1368 per
1179 1335 1212 1357 se
1231 1325 1281 1358 vel
1300 1325 1401 1358 alium
1417 1336 1473 1359 seu
1489 1326 1579 1368 alios,
1597 1327 1730 1372 propria
1745 1334 1856 1362 aucto-

1105 1377 1209 1418 ritate,
1242 1379 1344 1412 libere
1369 1380 1613 1424 apprehendere
1642 1386 1673 1414 et
1698 1387 1855 1426 perpetuo

1105 1432 1256 1473 retinere,
1279 1438 1376 1476 atque
1396 1432 1428 1465 in
1448 1433 1493 1466 eis
1507 1439 1538 1467 et
1557 1445 1594 1467 ex
1615 1434 1660 1467 eis
1680 1435 1852 1478 prioratus,

1104 1485 1286 1526 baiulivias,
1308 1486 1549 1530 praeceptorias
1563 1486 1688 1531 aliaque
1699 1487 1856 1522 beneficia

1106 1544 1137 1572 et
1160 1539 1268 1572 officia
1292 1539 1398 1573 dictae
1417 1540 1551 1573 militiae
1570 1540 1694 1584 erigere
1714 1547 1745 1574 et
1764 1541 1855 1575 insti-

1106 1597 1209 1633 tuere,
1232 1592 1322 1625 dotes
1342 1592 1516 1636 assignare,
1539 1599 1570 1627 et
1588 1593 1679 1634 alias,
1694 1600 1792 1638 prout
1806 1595 1856 1628 di-

1107 1650 1175 1678 ctae
1200 1645 1332 1679 militiae
1357 1657 1434 1679 usus
1459 1652 1490 1680 et
1513 1646 1633 1680 utilitas
1660 1648 1852 1690 suadebunt,

1107 1698 1202 1742 eique
1219 1710 1360 1742 aequum
1379 1700 1482 1733 visum
1511 1700 1618 1740 suerit,
1654 1707 1854 1743 convertere;

1107 1763 1144 1785 ac
1164 1752 1258 1786 etiam
1276 1753 1417 1794 interim,
1436 1754 1512 1787 dum
1529 1754 1706 1788 erectiones
1723 1761 1754 1788 et
1770 1755 1858 1789 insti-

1107 1806 1248 1840 tutiones
1267 1806 1453 1841 huiusmodi
1469 1808 1558 1849 tient,
1576 1809 1712 1849 fructus,
1729 1819 1856 1850 census,

1109 1859 1252 1893 decimas
1267 1865 1297 1893 et
1314 1860 1376 1893 alia
1397 1860 1468 1893 iura
1488 1861 1651 1904 praedicta
1675 1861 1855 1905 percipere,

1109 1913 1237 1956 exigere
1257 1919 1288 1946 et
1304 1914 1420 1954 levare,
1435 1924 1471 1946 ac
1483 1913 1521 1946 de
1539 1914 1602 1946 illis
1619 1914 1652 1946 in
1677 1914 1858 1958 praedictos

1109 1978 1187 1999 usus
1228 1967 1400 2010 disponere
1416 1993 1424 2007 ,
1463 1966 1728 2000 dioecesanorum
1769 1967 1859 2001 loco-

1109 2032 1182 2053 rum
1207 2026 1238 2054 et
1258 2020 1445 2064 quorumvis
1464 2021 1602 2054 aliorum
1622 2021 1752 2054 licentia
1766 2021 1860 2055 mini-

1111 2084 1162 2106 me
1179 2074 1349 2118 requisita,
1370 2074 1448 2118 quin
1469 2074 1564 2107 etiam
1585 2074 1662 2118 ipsis
1685 2085 1724 2108 ea
1751 2075 1860 2108 omnia

1111 2137 1195 2171 quae
1214 2133 1286 2171 post
1304 2128 1583 2171 recuperationem
1596 2128 1812 2172 baliagiorum
1830 2134 1862 2162 et

1111 2181 1260 2214 locorum
1280 2181 1521 2225 praedictorum
1542 2182 1581 2214 de
1602 2182 1684 2215 sacto
1709 2187 1862 2226 percepta

1113 2240 1187 2268 sunt
1207 2235 1247 2267 ab
1263 2235 1332 2278 ipso
1353 2235 1565 2268 Emmanuele
1585 2235 1762 2269 Pliiliberto
1779 2235 1862 2269 duce

1112 2289 1161 2321 vel
1186 2288 1255 2321 eius
1279 2287 1404 2328 ordine,
1436 2287 1669 2332 cuiuscumque
1702 2287 1863 2331 qualitatis

1114 2348 1145 2375 et
1165 2341 1274 2386 pretii,
1294 2342 1341 2374 illi
1357 2342 1495 2385 gratiose
1525 2342 1682 2375 donamus
1706 2347 1737 2375 et
1756 2342 1864 2376 remit·

1116 2397 1224 2424 11111115.

1159 2440 1174 2483 ἓ
1193 2439 1224 2472 4.
1247 2439 1327 2473 Cum
1348 2450 1385 2472 eo
1396 2445 1503 2472 tamen
1519 2439 1605 2483 quod
1621 2439 1862 2484 quamprimum
1932 2447 1994 2469 πει·
2025 2478 2030 2482 ,

1117 2499 1230 2522 eorum
1250 2489 1463 2531 baliagiorum
1484 2494 1514 2522 et
1529 2489 1677 2522 locorum
1694 2499 1864 2532 recupera·
1878 2475 2030 2534 ffg'g‘fflssffi'

1118 2544 1224 2572 torum
1261 2537 1408 2571 homines
1436 2538 1476 2571 ad
1506 2538 1646 2571 veritatis
1668 2538 1778 2570 lumen
1806 2547 1865 2581 per
1879 2541 1950 2568 νονυῐῑ
1968 2536 2029 2562 Μ·

1118 2587 1375 2623 misericordiam
1394 2588 1449 2622 Dei
1469 2587 1636 2629 redierint,
1658 2586 1691 2621 in
1709 2573 1935 2631 quacum-132¹«.
1950 2575 2009 2594 η’
2024 2578 2032 2585 Η

1974 2244 2030 2469 ΞᾸ-ῦὸνϋφῗνων’
1992 2149 2013 2233 ὤν’*-
1991 1988 2013 2118 ''xv-³0.
1995 1911 2019 1967 δή(
1998 1823 2014 1893 rua
2000 1744 2014 1813 uum
1996 1324 2017 1736 ⁵—p9b⁴·r‹*«-n›aua·d‹s.⁴v
2001 1307 2010 1314 1
