2059 3228
42 243 67 262 n.
82 233 111 262 c.
131 223 196 262 mio

0 277 1 322 l
252 283 317 329 54.
343 285 472 320 Necnon
497 287 621 321 dilectis
645 288 719 322 siliis
738 289 852 324 Curiae
875 302 951 324 cau-

0 326 2 367 l
41 346 146 370 ornet-ie·
163 347 195 368 ei·
208 347 315 372 sarum
331 340 472 382 generali
493 341 645 381 auditori,
667 342 885 384 gubernatori,
907 344 950 376 vi-

0 426 2 430 ,
37 378 196 432 imaniiiiiiss
207 392 295 426 cario
311 398 342 425 et
368 394 505 426 senatori
531 405 568 427 ac
594 396 871 429 conservatoribus
895 396 951 429 Ca-

34 443 136 496 ¹:322·
159 439 194 462 ‘'¹'‘
207 455 314 478 merae
338 446 441 479 dictae
458 447 561 487 Urbis,
585 448 761 491 ceterisque
776 448 825 481 ius
839 448 948 481 dicen-

137 489 144 496 ·
205 499 303 539 tibus,
317 500 540 534 ecclesiasticis
553 506 583 533 et
593 499 824 543 saecularibus,
839 502 950 544 quavis·

204 552 393 585 auctoritate.
424 553 631 595 fungentibus
647 560 687 586 ·et
709 554 877 595 functuris,
911 566 948 588 ac

203 605 343 638 iustitiae
373 605 527 639 ministris
556 605 657 640 dictae
685 606 788 646 Urbis,
843 613 850 640 t
878 609 948 651 qui-

201 656 310 691 busvis
329 659 399 691 aliis
415 659 572 702 personis,
595 659 829 702 cuiuscumque
845 661 948 703 digni-

201 710 286 751 tatis,
302 717 413 751 status,
429 711 557 754 gradus,
573 712 695 744 ordinis
707 717 738 744 ct
753 713 946 746 conditionis

199 763 419 804 existentibus,
439 769 598 808 quatenus
617 763 678 807 ipsi
694 770 724 797 et
744 775 857 797 eorum
875 766 946 808 qui·

198 816 289 857 libet,
321 817 440 850 eisdem
461 817 683 858 protomedico
703 823 732 850 et
753 818 889 861 collegio
913 818 944 851 in

198 870 384 914 praemissis
403 870 540 904 efficacis
564 871 760 904 defensionis
785 871 944 915 praesidio

198 922 392 964 assistentes,
424 929 608 967 praesentes
634 930 759 957 nostras
786 924 945 968 recipiant

197 981 229 1008 et
256 976 425 1009 admittant
444 988 480 1010 ac
500 977 729 1010 inviolabiliter
759 978 940 1019 observ-ene

195 1033 228 1062 et
246 1029 286 1062 ab
305 1029 472 1070 omnibus,
503 1030 542 1062 ad
562 1040 643 1073 quos
670 1035 792 1074 spectat
813 1036 844 1063 et
869 1042 941 1075 spe*

195 1082 304 1123 ctabit,
324 1082 483 1116 observari
506 1083 657 1116 mandent
677 1089 707 1116 et
727 1083 939 1127 praecipiant3

193 1131 377 1174 faciantque
411 1132 671 1175 protomedicum
709 1137 740 1164 et
767 1133 940 1175 collegium

193 1180 380 1213 huiusmodi
405 1180 590 1224 praemissis
623 1181 775 1213 omnibus
805 1182 940 1225 pacifice

194 1235 227 1264 et
243 1229 352 1273 quiete
371 1230 430 1268 uti,
457 1230 520 1262 frui
541 1235 572 1263 et
595 1230 748 1271 gandera
780 1241 840 1263 nec
866 1242 940 1274 per-

193 1277 322 1317 mittant
338 1289 392 1311 eos
405 1289 463 1322 per
477 1279 664 1322 quemlibet,
687 1285 798 1312 contra
814 1291 940 1329 earum-

193 1326 264 1360 dem
285 1327 502 1370 praesentium
527 1333 686 1368 tenorem,
709 1330 938 1371 quoquomodo

192 1375 356 1408 molestari
391 1381 447 1408 aut
478 1376 649 1420 impediri,
683 1377 939 1411 contradictores

191 1425 354 1468 quoslibet
373 1430 404 1458 et
424 1425 558 1458 rebelles
578 1436 635 1469 per
653 1426 838 1466 sententias,
865 1438 940 1459 cen-

191 1483 282 1506 suras
296 1479 325 1506 et
341 1484 470 1517 poenas,
482 1473 577 1506 ctiam
588 1474 801 1517 pecuniarias,
812 1475 937 1519 aliaque

190 1528 374 1565 opportuna
387 1522 465 1555 iuris
476 1523 588 1555 etfacti
605 1523 747 1556 remedia
758 1550 765 1564 ,
783 1535 939 1567 quacum·
956 1527 960 1547 Ι

190 1580 256 1612 que
273 1571 491 1614 appellatione
520 1577 663 1611 remota,
686 1573 935 1616 compescend03

189 1629 228 1652 ac
247 1629 399 1652 censuras
418 1619 503 1664 ipsas
536 1620 632 1653 etiam
664 1620 787 1654 iteratis
813 1622 938 1655 vicibus

186 1669 402 1710 aggravando,
439 1668 586 1701 invocato
611 1668 706 1701 etiam
733 1669 773 1702 ad
800 1669 880 1711 hoc,
911 1670 936 1704 si

190 1727 271 1760 opus
291 1717 401 1757 suerit,
422 1717 540 1750 auxilio
559 1717 684 1750 brachii
705 1719 890 1753 saecularis.

235 1765 250 1808 ἓ
269 1764 301 1798 5.
323 1765 392 1798 Non
409 1766 611 1798 obstantibus
625 1767 811 1809 praemissis
821 1778 858 1801 ac
869 1768 935 1812 pri-

32 1810 180 1864 ffizffiffss
191 1812 315 1856 vilegiis
332 1814 515 1846 doctoratus
527 1814 560 1846 in
573 1815 746 1853 medicina,
763 1816 857 1849 dictis
869 1828 936 1851 me-

164 1850 170 1865 ¹
192 1861 283 1902 dicis,
302 1862 368 1906 qui,
388 1868 423 1895 nt
442 1863 633 1906 praefertur,
657 1873 722 1896 non
742 1864 850 1897 idonei
877 1877 938 1900 nec

191 1910 388 1944 sufficientes
406 1921 465 1955 pro
486 1916 630 1955 tempore
658 1913 777 1955 reperti
804 1914 934 1954 suerint,

191 1959 437 2002 quomodolibet
455 1966 486 1992 et
505 1960 600 1993 etiam
627 1971 684 2003 per
711 1971 936 2006 quaecumque

190 2008 365 2050 gymnasia,
385 2009 522 2051 collegia
536 2015 567 2042 et
580 2007 818 2050 Universitates,
839 2012 935 2045 etiam

191 2057 368 2097 generales,
389 2067 427 2091 ac
442 2058 538 2090 etiam
553 2057 682 2102 praevio
702 2058 847 2101 rigoroso
864 2071 936 2094 exa-

191 2103 291 2144 mine,
326 2106 423 2138 ctiam
443 2107 574 2150 publice
597 2107 695 2146 sacto,
727 2110 888 2142 concessis
908 2116 938 2143 ct

193 2152 420 2194 concedendis;
451 2165 579 2187 necnon
608 2166 816 2199 quacumque
842 2168 936 2200 prae-

193 2199 389 2243 scriptione,
428 2203 525 2235 etiam
553 2203 732 2246 longissimi
761 2206 936 2249 temporis,

193 2257 258 2291 quo
279 2248 339 2292 ipsi
359 2249 437 2282 tales
456 2251 590 2291 medici,
619 2252 715 2284 etiam
736 2252 855 2296 absque
883 2255 939 2287 ali-

193 2307 257 2340 qna
277 2298 542 2340 contradictione,
573 2301 723 2333 medicati
755 2301 886 2341 suerint,
909 2308 939 2336 et

194 2351 294 2378 artem
308 2346 517 2389 praedictam,
528 2348 625 2381 etiam
638 2350 743 2392 palam
755 2356 783 2382 et
793 2351 935 2393 publice,

194 2393 326 2426 nemine.
358 2394 614 2437 contradicente,
655 2399 868 2439 exercuerint;
902 2412 939 2433 ac

196 2442 307 2484 regula
326 2448 436 2475 nostra
452 2442 491 2475 de
506 2453 572 2476 non
586 2445 729 2478 tollendo
749 2446 818 2479 inre
839 2459 938 2490 quae-

195 2488 268 2531 sito,
290 2490 315 2523 si
331 2500 416 2534 ‘opus
433 2491 484 2530 sit,
506 2491 639 2536 aliisque
655 2494 940 2529 constitutionibus

197 2542 228 2570 et
240 2538 508 2579 ordinationibus;
525 2539 692 2583 dictaeque
705 2541 799 2574 Urbis
813 2548 843 2575 et
859 2554 938 2586 quo-

798 237 973 262 CREGOIUUS

1004 238 1058 263 xni
1093 240 1140 263 ῐψ.
1629 234 1692 267 ’153
1753 244 1789 269 ,tn
1819 244 1837 269 c
1868 242 1930 268 i:,7·1

992 297 1022 324 et
1038 291 1284 328 U111v‹1·rsitaunn
1302 296 1502 338 Studiorum,
1524 296 1619 330 etiam
1637 309 1733 337 eene-

992 341 1121 381 ralium,
1157 343 1250 375 etiam
1274 345 1466 385 iuramento,
1489 346 1733 379 confirmatione

991 390 1165 432 apostolica
1191 393 1237 424 vel
1254 395 1363 435 (piaris
1384 395 1531 427 tirmitate
1552 395 1612 428 alia
1641 396 1734 429 robo-

991 438 1077 478 ratis,
1091 441 1225 477 statutis,
1241 441 1375 479 legibus:
1394 443 1568 485 privilegiis
1586 455 1729 488 quoque,

991 485 1122 519 indultis
1146 493 1173 520 et
1199 489 1311 521 litteris
1335 492 1530 532 apostolicis,
1560 493 1653 525 ctiam
1671 494 1733 526 illis

989 544 1167 578 eorumque
1198 538 1419 580 superioribus
1444 545 1472 571 et
1504 541 1660 582 personis,
1696 554 1733 574 ac

989 582 1083 614 ctiam
1104 584 1197 617 dictis
1214 585 1358 622 medicis,
1377 587 1429 629 qui
1444 600 1500 630 pro
1513 594 1655 632 tempore
1668 601 1732 623 non

988 631 1108 670 idonci,
1128 644 1185 665 nec
1200 634 1407 674 sullicientes,
1426 642 1456 667 itt
1472 639 1665 679 plantemur,
1687 650 1733 672 re-

987 680 1069 723 perti
1083 681 1212 722 fuerint,
1234 682 1265 714 in
1279 694 1395 725 genere
1409 687 1455 716 vel
1478 685 1508 717 in
1530 687 1649 729 spiratio,
1671 689 1731 720 sub

986 728 1247 774 quibuscni‘nque
1258 732 1423 764 tenoribus
1435 734 1643 771 etl‘1;›i·1uis,ac
1656 748 1729 768 rum

985 776 1151 818 quibusvis
1167 779 1319 812 clausulis
1331 786 1360 812 ct
1373 780 1521 821 decretis,
1535 783 1629 815 etiam
1643 791 1729 817 motu

985 826 1118 869 proprio
1139 833 1167 859 et
1189 828 1455 861 consistorialiter
1469 841 1505 863 ac
1520 831 1597 863 alias
1615 833 1644 864 in
1657 844 1730 865 con-

986 875 1118 907 trarium
1140 877 1381 918 quomodolibet
1411 880 1581 920 soncessis,
1611 884 1729 914 resitir-

985 924 1079 956 matis
1099 930 1127 957 ct
1150 925 1318 966 innovatis,
1347 938 1384 960 ac
1412 927 1443 959 in
1466 935 1630 971 posterum
1652 942 1729 963 con-

984 972 1158 1013 cedendis,
1194 975 1425 1007 confirmandis
1463 972 1508 1009 et'
1526 977 1726 1013 innox-andis.

983 1020 1104 1059 Quibus
1124 1023 1287 1063 omnibus,
1310 1024 1405 1057 etiam
1427 1025 1450 1057 si
1470 1026 1508 1058 de
1524 1026 1586 1059 iltis
1599 1038 1729 1061 eornm-

983 1080 1045 1111 que
1070 1071 1145 1104 totis
1176 1072 1354 1113 tenoribus,
1385 1074 1546 1117 specialiS,
1579 1077 1728 1119 specifica

983 1123 1013 1150 et.
1032 1129 1179 1162 expressa
1205 1121 1324 1154 mentio
1354 1122 1501 1155 habenda
1534 1131 1589 1157 ant
1620 1126 1728 1169 aliqua

982 1167 1043 1200 alia
1062 1169 1217 1212 exquisita
1232 1170 1332 1203 forma
1353 1171 1391 1203 ad
1408 1171 1438 1204 id
1459 1174 1611 1205 servanda
1632 1181 1724 1215 essct,

982 1215 1045 1248 illis
1065 1217 1143 1250 alias
1163 1218 1194 1250 in
1211 1229 1268 1251 suo
1285 1219 1400 1252 robore
1416 1222 1648 1264 permansuris,
1667 1223 1727 1256 liac-

980 1264 1048 1297 vice
1069 1265 1244 1306 dumtaxat,
1268 1268 1450 1311 specialiter
1470 1275 1500 1302 et
1515 1281 1662 1314 expresse
1674 1272 1726 1305 de-

980 1323 1148 1355 roganmS,
1175 1317 1354 1360 ceterisque
1389 1318 1559 1350 contrariis
1591 1319 1725 1362 quibus—

979 1371 1132 1405 cuinque3
1166 1371 1221 1397 aut
1250 1365 1275 1397 si
1300 1366 1475 1409 aliquibus,
1511 1369 1725 1402 communiter

979 1410 1026 1442 vel
1047 1411 1189 1452 divisim,
1221 1413 1260 1445 ab
1286 1415 1461 1457 apostolica
1493 1416 1531 1448 sit
1562 1417 1642 1450 Sede
1676 1418 1724 1450 in-

979 1459 1105 1492 dultum
1127 1461 1214 1504 quod
1239 1462 1402 1501 interdici,
1429 1465 1582 1506 suspendi
1603 1467 1651 1498 vel
1672 1478 1725 1499 ex-

979 1510 1212 1542 communicari
1227 1521 1291 1543 non
1303 1512 1422 1554 possint
1440 1523 1497 1556 per
1510 1513 1631 1547 litteras
1646 1526 1724 1559 apo-

979 1557 1108 1590 stolicas
1126 1568 1190 1590 non
1219 1559 1371 1592 facientes
1392 1562 1519 1604 plenam
1541 1569 1569 1595 et
1593 1574 1723 1607 expres-

978 1617 1044 1639 sam
1066 1618 1102 1639 ac
1123 1607 1161 1639 de
1180 1608 1278 1640 verbo
1310 1609 1349 1641 ad
1379 1610 1511 1642 verbnm
1533 1611 1571 1644 de
1598 1611 1722 1645 indulto

978 1655 1164 1687 huiusmodi
1185 1657 1394 1690 mentionem.

1021 1704 1036 1745 ἓ
1059 1703 1090 1736 6.
1122 1704 1276 1737 Volumus
1301 1706 1436 1750 insuper
1463 1708 1551 1751 quod
1571 1720 1722 1753 praesen·
1738 1719 1798 1742 rues
1814 1721 1921 1749 exempto-

977 1752 1057 1784 tium
1077 1754 1288 1797 transumptis
1314 1759 1370 1787 etc.
1738 1759 1789 1773 “¹¹¹'‘

1020 1802 1133 1834 Datum
1160 1803 1279 1836 lloinae
1311 1804 1396 1846 apud
1426 1805 1458 1838 S.
1485 1805 1632 1846 Petrum,
1664 1810 1722 1839 sub

977 1851 1097 1883 annulo
1118 1851 1298 1892 PiscatoriS,
1321 1853 1372 1885 (iie
1386 1864 1394 1886 1
1408 1855 1555 1887 novemb.
1574 1866 1719 1897 MDLXXYI,

977 1899 1183 1942 pontificatus
1206 1900 1306 1933 nostri
1327 1912 1410 1934 anno
1428 1913 1457 1935 v.

1056 1951 1116 1981 Dal.
1133 1952 1179 1981 die
1198 1954 1207 1982 l
1228 1963 1295 1983 nov.
1315 1954 1395 1989 1570,
1411 1956 1512 1995 pontif.
1528 1966 1603 1985 anno
1616 1965 1642 1987 V.

1320 2104 1378 2136 Lx.

979 2163 1162 2197 Declaratin
1196 2167 1460 2199 comordutorum
1495 2167 1580 2201 inter
1611 2168 1724 2204 Sedem

1022 2213 1237 2255 Apo.stolicom
1258 2219 1285 2246 cl
1308 2216 1474 2248 nationem
1495 2216 1723 2252 Germanicam

1021 2263 1107 2294 circa
1130 2264 1314 2295 collationes
1338 2264 1560 2307 beneficiorum
1580 2268 1723 2301 ecclesia-

1021 2311 1174 2343 sticorum
1195 2312 1227 2343 in
1250 2313 1410 2344 incnsa'hzcs
1430 2316 1599 2348 reservatis
1622 2315 1649 2348 1.

1037 2381 1183 2416 Gregorius
1197 2382 1338 2417 episcopus
1352 2390 1445 2411 servus
1461 2391 1598 2414 servorum
1611 2387 1667 2420 Dei.

1126 2430 1159 2458 ad
1181 2432 1339 2466 perpetuam
1353 2433 1393 2460 rei
1407 2434 1575 2462 memoriam.

1022 2485 1108 2524 Quae
1129 2487 1160 2519 in
1182 2487 1355 2520 Ecclesiam
1377 2489 1432 2523 Dei
1451 2490 1656 2527 incommoda
1676 2495 1723 2527 in·
1762 2508 1883 2531 nmmum

1017 2556 1027 2580 t
1045 2555 1098 2582 Ista
1115 2556 1282 2584 concordata
1297 2557 1561 2590 firmavitNicolaus
1578 2562 1600 2590 V
1614 2564 1642 2592 in
1658 2572 1722 2593 con-

197 2596 412 2630 rumcumque
441 2587 696 2631 gymnasiorum,
731 2591 939 2630 collectorum
980 2598 1123 2627 stitutione
1139 2606 1158 2632 ι,
1174 2600 1219 2627 Ad
1232 2608 1350 2638 sacram,
1362 2607 1428 2632 tom.
1442 2611 1469 2640 v,
1480 2613 1541 2641 pag.
1556 2608 1599 2635 97.

276 2634 352 2665 Ball.
372 2635 447 2665 Rom.
466 2635 521 2665 Vol.
543 2636 614 2666 l'IlI.
785 2639 823 2669 20
