2059 3228
145 285 197 312 Au.
214 283 325 313 (21585
385 275 449 309 724

341 335 483 379 gentium
514 333 754 378 praedictorum
780 333 900 368 suerint
927 333 1086 378 requisiti,

341 388 469 421 eosdem
490 387 521 420 in
539 387 722 431 praemissis
742 386 880 421 efficacis
894 386 1089 421 defensionis

341 440 501 485 praesidio
529 440 721 481 assistentes,
745 441 865 475 saciant
899 441 1088 474 auctoritate

341 499 450 527 nostra
469 494 597 528 eosdem
619 495 767 528 doctores
787 500 818 528 et
836 495 979 538 legentes
998 504 1088 527 revo-

340 547 478 589 catione,
495 547 926 589 cassatione,annullatione‚
941 548 1085 586 decreto,

338 600 542 643 inhibitione,
566 601 822 644 confirmatione,
845 602 1087 646 approbatione,

338 654 558 696 concessione,
591 655 794 699 suppletione
828 655 963 700 aliisque
998 666 1088 700 prae-

338 707 442 741 missis
462 708 548 742 iuxta
566 709 753 742 earumdem
769 709 987 754 praesentium
1009 719 1086 743 con-

340 761 506 795 tinentiam
535 767 567 796 et
591 767 735 796 tenorem
753 790 761 805 ,
794 763 928 808 pacifice
959 763 1022 796 frui
1057 770 1087 797 et

339 815 490 858 gaudere,
513 815 614 860 eaque
632 817 739 850 omnia
758 823 916 861 perpetuo
950 817 1087 850 firmiter

338 869 522 910 observari3
545 880 610 903 non
631 870 853 914 permittentes
873 881 927 904 eos
947 871 1087 915 desupe1

337 933 355 955 a
375 933 539 967 quoquam
564 924 808 968 quomodolibet
827 924 969 958 indebite
989 925 1086 957 mole-

336 976 413 1009 stari
422 987 431 1017 ;
453 977 708 1011 contradictores
735 977 897 1021 quoslibet
922 983 952 1011 et
983 978 1085 1011 rebel-

336 1030 395 1070 les,
411 1040 470 1074 per
479 1031 666 1071 sententias,
679 1041 833 1064 censuras
845 1036 876 1064 et
892 1041 1013 1075 poenas
1035 1042 1086 1064 ec-

336 1083 530 1118 clesiasticas
550 1084 675 1128 aliaque
691 1090 876 1129 opportuna
897 1084 974 1118 iuris
994 1091 1025 1118 et
1042 1085 1086 1119 fa-

337 1137 379 1171 cti
392 1138 547 1176 remedia,
560 1139 777 1182 appellatione
789 1138 976 1183 postposita,
996 1150 1085 1173 com-

336 1191 519 1234 pescendo;
545 1191 762 1235 legitimisque
782 1202 880 1235 super
893 1191 943 1225 his
961 1192 1085 1225 haben-

336 1243 383 1277 dis
402 1245 533 1278 servatis
557 1245 773 1289 processibus,
801 1256 954 1279 censuras
968 1251 999 1279 et
1010 1257 1086 1290 poe-

336 1308 393 1331 nas
401 1297 485 1342 ipsas
495 1298 592 1331 etiam
603 1298 724 1332 iteratis
734 1298 856 1331 vicibus
869 1299 1082 1342 aggravando,

337 1351 482 1385 invocato
499 1352 597 1385 etiam
617 1352 657 1385 ad
676 1352 749 1391 hoc,
763 1352 788 1385 si
809 1363 890 1396 opus
901 1352 1008 1394 fuerit,
1027 1364 1085 1386 au-

335 1405 412 1438 xilio
431 1405 557 1439 brachii
575 1405 761 1439 saecularis.

380 1459 395 1502 ἓ
419 1459 471 1492 tl.
499 1459 569 1492 Non
602 1459 804 1492 obstantibus
830 1459 1014 1503 praemissis
1049 1471 1085 1493 ac

335 1518 444 1559 nostra
457 1513 495 1546 de
507 1523 573 1546 non
588 1513 732 1546 tollendo
744 1513 813 1546 iure
833 1513 991 1557 quaesito,
1008 1525 1086 1557 qua-

336 1572 430 1600 tenus
449 1577 530 1611 opus
555 1566 615 1607 sit3
644 1577 681 1599 ac
697 1566 861 1610 quibusvis
881 1567 1084 1601 constitutio-

336 1620 433 1653 nibus
455 1625 486 1653 et
509 1619 766 1653 ordinationibus
783 1620 987 1664 apostolicis,
1008 1631 1084 1655 nec-

336 1684 402 1706 non
422 1673 571 1707 omnibus
591 1673 655 1706 illis
687 1684 770 1717 quae
790 1674 866 1707 dicti
892 1675 1085 1718 praedeces-

337 1737 425 1760 sores
444 1727 510 1760 suis
534 1727 648 1760 litteris
667 1727 839 1761 voluerunt
859 1738 924 1761 non
943 1729 1083 1770 obstare,

337 1781 516 1824 ceterisque
536 1781 706 1814 contrariis
726 1781 998 1825 quibuscumque.

379 1834 494 1866 Datum
512 1834 632 1868 Romae
652 1834 737 1879 apud
753 1834 905 1868 Sanctum
927 1835 1082 1877 Marcum,

335 1886 395 1920 sub
410 1888 531 1920 annulo
546 1887 674 1927 piscat„
690 1887 742 1920 die
758 1898 818 1920 xxx
833 1888 1082 1930 iuliiManxxvi,

336 1940 544 1984 pontificatus
575 1942 675 1974 nostri
709 1951 794 1974 anno
825 1942 981 1974 secundo.

392 1997 452 2028 -Dat
469 1998 516 2028 die
534 1998 573 2028 30
593 1999 659 2028 iulii
680 1998 767 2035 1586,
788 1999 893 2038 pontis.
913 2008 960 2030 an.
981 2009 1012 2030 11.

161 1516 272 1538 Contraria
283 1517 323 1538 tol-

671 2119 744 2152 LIlI.

338 2199 550 2242 Confirmatio
565 2205 594 2233 et
605 2201 747 2233 extensio
762 2201 999 2234 iurisdictionis
1013 2211 1086 2234 eon-

379 2254 486 2285 sulum
509 2255 591 2286 artis
612 2255 770 2297 pistorum
792 2259 821 2287 et
838 2255 995 2298 praefecti
1023 2266 1084 2287 an-

380 2316 486 2339 nonae
504 2307 610 2340 almae
637 2307 729 2341 Urbis
748 2308 785 2340 in
805 2307 896 2340 rebus
916 2308 1020 2350 ipsam
1033 2318 1085 2340 ar-

383 2364 444 2392 tem
453 2362 669 2404 luitqenlt'bits,
678 2372 714 2394 ac
722 2361 963 2404 pre·z·ileqioru112
974 2365 1002 2394 et
1012 2372 1086 2404 yra-

383 2413 504 2446 [iarum
523 2414 703 2447 eorumdem
718 2415 890 2458 pistorum.

404 2492 502 2522 sixtus
522 2494 672 2531 episcopus,
695 2501 792 2523 servus
807 2501 946 2524 servorum
963 2494 1020 2527 Dei.

481 2544 515 2571 aul
534 2545 694 2580 perpetuam
712 2545 752 2574 rei
771 2545 939 2574 memoriam.

383 2608 533 2643 Coelestis
561 2612 652 2644 Pater
678 2612 717 2645 ad
737 2613 798 2645 hoc
819 2622 878 2645 nos
896 2612 1086 2646 universalis

168 2669 299 2693 rmoemmm.
340 2661 499 2697 Ecclesiae
517 2670 672 2699 rectorem
695 2666 871 2705 constituit,
894 2671 925 2699 et
948 2665 1040 2700 nobis
1053 2675 1086 2699 o-

933 279 1110 306 acu-amru
1130 279 1279 305 ROMANUM

1130 342 1183 364 ves
1201 342 1276 366 suas
1294 334 1471 377 pascendas
1489 335 1660 376 commisit,
1674 342 1711 370 ut
1725 337 1876 372 omnibus

1131 385 1289 428 personis,
1311 387 1484 431 praecipue
1494 387 1671 422 Romanam
1681 389 1810 424 Curiam
1825 402 1876 425 se-

1129 438 1315 482 quentibus,
1337 451 1377 474 ne
1397 440 1549 474 indebitis
1568 442 1722 476 molestiis
1736 444 1877 478 affician-

1130 497 1192 533 tur,
1213 492 1267 525 sed
1287 504 1346 537 pro
1371 504 1482 527 earum
1502 494 1657 538 qualitate
1675 495 1795 530 iustitia
1813 498 1875 530 mi-

1130 545 1296 587 nistretur,
1318 553 1476 590 quantum
1501 559 1574 581 cum
1598 548 1663 582 Deo
1687 560 1873 594 possumus,

1129 599 1300 634 salubriter
1316 601 1554 645 provideamus;
1581 606 1613 635 et
1631 613 1680 643 ea,
1708 613 1790 646 quae
1818 615 1876 648 pro

1130 652 1273 696 ipsarum
1307 665 1520 697 personarum
1549 655 1635 688 facili
1661 655 1816 700 regimine
1845 663 1878 691 et

1128 706 1360 750 gubernatione
1381 719 1399 741 a
1423 708 1543 743 nostris
1573 710 1876 753 praedecessoribus

1129 761 1261 805 provida
1281 762 1538 797 consideratione
1558 769 1761 805 emanarunt,
1783 770 1819 797 ut
1837 775 1875 798 eo

1128 814 1252 847 firmius
1271 815 1395 849 illibata
1423 816 1605 860 persistant,
1627 827 1692 860 quo
1724 817 1875 861 frequen-

1128 868 1191 901 tius
1206 869 1384 912 apostolico
1404 870 1524 903 sueiint
1543 870 1682 904 stabilita
1702 871 1874 914 praesidio,

1126 927 1255 955 nostiae
1279 922 1521 968 approbationis
1542 923 1733 977 munimine,
1760 924 1837 958 dum
1855 935 1874 958 a

1127 974 1220 1008 nobis
1235 976 1367 1020 petitur,
1385 976 1589 1010 roboremus.

1169 1028 1185 1072 ἓ
1208 1029 1239 1062 t.
1262 1028 1358 1070 Sane,
1380 1041 1439 1074 pro
1459 1035 1571 1074 parte
1575 1030 1768 1064 dilectorum
1787 1031 1872 1065 filio-
1914 1029 2028 1098 neorii
2037 1027 2053 1051 Ψ

1126 1092 1198 1115 rum
1218 1082 1431 1116 universitatis
1450 1084 1608 1128 pistorum
1627 1084 1722 1118 Urbis
1745 1090 1872 1118 nostrae
1886 1065 2033 1168 ’,ᾟῙαῃῗὲξ

1126 1135 1218 1169 nobis
1246 1147 1351 1180 nuper
1376 1137 1516 1171 exhibita
1549 1137 1663 1182 petitio
1687 1138 1873 1172 continebat
1886 1107 2033 1187 ,JJ'ffi

1126 1190 1213 1233 quod
1234 1189 1323 1230 alias,
1351 1196 1520 1235 postquam
1545 1191 1648 1225 felicis
1677 1192 1893 1225 recordatio-¹
1985 1165 2021 1290 ,Ξ

1125 1242 1176 1276 nis
1207 1243 1270 1276 Leo
1300 1244 1385 1288 Papa
1407 1244 1454 1286 X,
1489 1244 1721 1288 plaedecessor
1750 1250 1871 1286 noster,

1126 1301 1183 1330 etc.

1169 1351 1184 1394 ἓ
1209 1350 1240 1384 2.
1267 1351 1305 1384 Et
1324 1351 1440 1385 deinde
1457 1362 1516 1396 per
1540 1353 1733 1387 recolendae
1753 1363 1874 1387 memo·
1997 1245 2018 1384 ἒ

1126 1404 1194 1438 riae
1213 1404 1330 1438 Iulium
1352 1405 1471 1449 Papam
1491 1405 1531 1439 111
1551 1405 1578 1438 ¹.
1872 1418 1876 1421 ·

1170 1458 1184 1502 g
1208 1457 1240 1492 3
1268 1458 1345 1492 Cum
1371 1459 1578 1503 postmodum
1598 1459 1730 1504 antiqua
1757 1465 1875 1497 statuta
1902 1387 2030 1518 ΙῢνοιεθνξΧ

1126 1512 1227 1570 ipsius
1247 1512 1353 1552 U1h1s
1379 1512 1418 1546 de
1438 1513 1591 1546 mandato
1606 1519 1734 1547 sanctae
1749 1524 1872 1547 memo·
1889 1502 1982 1548 ἒξιῗῖἶεω
2015 1498 2025 1516 '¹

1126 1565 1191 1598 riae
1217 1565 1348 1606 Greom
1341 1577 1363 1598 11
1382 1565 1487 1610 Papae
1511 1567 1589 1608 XIII,
1615 1572 1672 1600 etc.
1699 1566 1716 1590 2
1889 1558 1923 1578 ¹¹¹⁶
1939 1520 2026 1601 ΜΣ

1171 1619 1227 1662 §ltu
1240 1619 1319 1652 Cum
1335 1625 1443 1652 autern
1454 1619 1539 1653 sicut
1549 1620 1662 1654 eadem
1671 1621 1785 1665 petitio
1798 1621 1873 1654 sub-

1126 1673 1292 1715 iungebat,
1314 1672 1461 1717 plelique
1480 1673 1629 1707 dubitent
1660 1674 1768 1718 aliqua
1796 1674 1873 1707 artis

1126 1726 1284 1770 pistoium
1304 1726 1490 1759 huiusmodi
1511 1732 1640 1768 statuta,
1672 1734 1702 1761 et
1725 1738 1871 1772 praescr·
1887 1728 1958 1750 ¹²¹⁰'¹⁵
1960 1723 1980 1743 ¹⁰

1126 1780 1182 1813 tim
1198 1780 1278 1813 illud
1298 1790 1362 1824 quo
1383 1779 1574 1824 dispositum
1587 1786 1634 1814 est
1651 1791 1874 1825 quoscumque

1127 1839 1229 1866 artem
1252 1833 1450 1877 praedictam
1484 1844 1634 1868 exercere
1659 1840 1690 1868 et
1710 1835 1873 1868 clibanum

1125 1887 1245 1919 habere
1268 1886 1423 1927 volentes,
1452 1886 1641 1931 priusquam
1669 1889 1708 1921 ad
1733 1889 1795 1922 hoo
1819 1889 1874 1922 ad-

1126 1940 1209 1974 mitti
1229 1940 1362 1985 possint,
1384 1940 1424 1973 ad
1444 1940 1637 1973 solutionem
1655 1941 1754 1974 trium
1767 1948 1874 1975 scuto-

1126 2004 1211 2034 rum,
1234 2005 1293 2038 pro
1308 2005 1373 2027 una
1386 1994 1574 2027 consulibus
1585 1994 1662 2028 artis
1677 1995 1872 2036 huiusmodi,

1126 2054 1157 2082 et
1180 2048 1315 2092 reliquis
1329 2048 1455 2081 duabus
1474 2049 1620 2092 partibus
1630 2049 1782 2093 hospitali
1795 2050 1872 2083 Bea-

1127 2108 1176 2135 tae
1195 2102 1312 2135 Mariae
1337 2102 1377 2135 de
1392 2102 1530 2135 Laureto
1550 2102 1589 2136 de
1609 2102 1694 2136 dicta
1714 2103 1798 2136 Urbe
1815 2114 1872 2147 ap-

1126 2155 1365 2199 plicandorum,
1388 2155 1501 2195 teneri,
1527 2166 1585 2199 per
1610 2156 1791 2199 praedictas
1818 2156 1871 2189 lit-

1127 2215 1211 2242 teras
1230 2208 1375 2252 Gregorii
1399 2209 1656 2252 praedecessoris
1685 2209 1871 2243 huiusmodi

1126 2262 1354 2296 declarationis
1362 2267 1393 2296 et
1402 2262 1662 2306 reintegrationis
1681 2262 1874 2296 iurisdictio-

1126 2328 1203 2350 num
1225 2317 1355 2357 artium,
1392 2327 1570 2359 earumque
1601 2315 1813 2359 collegiorum
1841 2321 1869 2349 et

1127 2370 1297 2404 consulum
1326 2370 1512 2404 huiusmodi
1542 2370 1726 2403 nullatenus
1753 2370 1871 2403 reinte-

1127 2430 1215 2468 grata
1235 2423 1343 2457 tuisse.
1367 2423 1482 2464 Quare,
1504 2434 1563 2468 pro
1579 2429 1670 2468 parte
1680 2422 1870 2456 universita-

1163 2499 1173 2524 1
1194 2496 1338 2524 Omittitur
1352 2495 1451 2523 relatio
1461 2495 1554 2523 bullae
1563 2495 1626 2523 Iulii
1640 2494 1687 2528 Ill,
1703 2493 1769 2529 quia
1781 2493 1870 2528 ipsam

1127 2541 1214 2569 habes
1225 2541 1330 2575 inbtom.
1343 2546 1381 2573 w,
1398 2547 1459 2575 pag.
1471 2540 1566 2573 467;et
1578 2539 1643 2574 quia
1654 2538 1690 2566 ibi
1702 2537 1788 2566 relata
1797 2537 1871 2565 bulla

1127 2585 1244 2618 Leonis,
1269 2585 1332 2613 ideo
1352 2585 1398 2612 hic
1418 2585 1556 2612 omittitur
1579 2583 1706 2611 eiusdem
1729 2581 1871 2610 relationis

1127 2630 1265 2665 repetitio.
1304 2630 1320 2657 2
1337 2629 1481 2657 omittitur
1496 2628 1579 2656 etiam
1590 2627 1688 2655 relatio
1699 2625 1792 2654 bullae
1803 2624 1872 2653 Gre-

1126 2674 1196 2710 gorii
1207 2673 1278 2709 XIII,
1297 2672 1486 2709 Almam,quta
1506 2675 1548 2700 est
1565 2671 1709 2706 superius,
1728 2677 1792 2706 pag.
1808 2669 1870 2698 332.
