2059 3228
115 227 168 256 An.
187 227 214 255 c.
237 229 300 256 ¹537
361 218 424 251 8:36

317 290 352 312 cx
377 276 572 321 supradictis
593 276 760 313 diaconiis,
776 275 988 321 presbytero,
1010 287 1066 309 ne·
1085 279 1090 290 ·

316 343 379 375 que
413 336 536 368 contra,
568 331 653 362 ullus
682 341 717 362 cx
745 330 839 363 dietis
868 329 968 363 titulis
1000 330 1067 363 dia-

316 395 398 418 cono
424 383 579 416 cardinali
604 383 850 427 quomodolibet
871 384 1068 418 concedatur

315 438 361 470 vel
384 437 577 480 assignetur,
600 447 704 481 neque
725 448 798 470 cum
821 437 858 470 iis
878 444 933 471 aut
952 448 1066 471 eorum

315 489 437 533 aliquo,
461 500 496 523 ex
516 490 628 534 quavis
649 501 757 531 causa,
779 490 920 535 desuper
936 491 1066 535 dispen-

315 550 412 577 sctur.

361 597 375 639 ξ
401 597 431 629 8.
459 596 520 629 Sed
541 602 572 630 ct
591 597 722 631 decreta
741 598 820 631 alias
832 598 864 631 in
877 597 1066 631 consistorio

316 660 414 692 super
438 650 498 683 lioc
514 650 598 683 edita
619 650 806 684 innovantes
822 652 1063 695 etampliantes,

317 703 384 746 pari
407 703 544 743 ratione,
566 703 661 736 ctiam
675 711 843 749 perpetuo,
855 705 1066 749 prohibemus

315 766 355 788 ne
375 756 407 788 in
427 762 591 800 posterum
612 758 709 790 alicui
729 758 916 802 presbytero
933 764 986 792 aut
999 758 1066 791 dia-

315 819 397 842 cono
428 810 596 850 cardinali,
620 811 673 854 qui
701 812 839 844 alterum
861 812 989 845 titulum
1010 818 1065 846 aut

315 862 496 896 diaconiam
521 864 766 907 quomodolibet
780 871 946 899 assecutus
958 866 1064 905 fuerit,

315 916 407 959 quive
425 928 462 950 cx
487 917 600 950 ordine
622 918 835 952 diaconorum
857 919 897 952 ad
918 920 1065 954 ordinem

314 970 574 1014 presbyterorum
596 972 645 1004 vel
665 972 705 1005 ad
722 973 940 1016 episcopalem
961 974 1065 1018 digni-

314 1029 412 1057 tatem
433 1024 607 1063 transierit,
631 1032 683 1058 aut
705 1036 742 1058 ex
763 1027 875 1060 ordine
900 1028 1065 1072 presbyte-

314 1082 404 1109 ratus
424 1077 455 1109 in
476 1078 666 1121 episcopum
690 1079 810 1122 pariter
821 1087 990 1123 promotus
1000 1082 1066 1115 fue-

314 1130 365 1170 rit,
387 1131 517 1165 licentia
537 1138 565 1164 et
583 1133 717 1165 facultas
737 1134 897 1167 retinendi
923 1135 1065 1178 priorem

315 1184 482 1217 ecclesiam
513 1185 562 1217 sui
583 1186 666 1218 tituli
688 1187 734 1219 rel
755 1187 922 1221 diaconiae
951 1189 984 1221 in
1009 1190 1065 1223 ad-

317 1237 584 1272 ministrationem
605 1246 658 1272 aut
682 1240 712 1272 in
743 1240 883 1282 titulum,
911 1253 988 1276 neve
1016 1254 1066 1277 ca-

316 1291 525 1324 nonicatuum
539 1293 848 1336 etpraebcndarum,
859 1294 1064 1338 dignitatum,

146 637 250 658 Licentias
264 643 300 658 re-

119 670 198 689 tinendi
221 669 299 689 certe-

119 701 169 720 siam
186 701 263 726 prioris
274 701 299 720 u-

118 731 155 751 tuli
170 731 203 751 vel
219 731 298 751 diaco—

117 763 164 782 niae
185 762 298 782 cardinali⁴

117 792 155 813 bus
210 793 298 813 concedi

117 823 223 850 prohibet.

912 224 1093 249 nt'LLAntmt
1111 223 1264 249 nommant

1109 276 1344 318 tantummodo,
1362 276 1452 310 novis
1470 276 1646 321 privilegiis
1662 284 1691 313 et
1703 280 1856 324 dignitate

1107 334 1229 369 auctas,
1258 330 1425 364 decoratas
1445 336 1476 364 et
1495 331 1672 374 insignitas,
1691 334 1772 367 nihil
1796 345 1855 368 au-

1108 388 1170 416 tem
1193 383 1326 416 omnino
1343 383 1536 428 praeiudicii
1552 384 1702 428 cuiquam
1712 386 1854 428 illarum,

1107 435 1187 468 nihil
1208 435 1303 468 alieni
1329 436 1407 469 iuris
1428 436 1606 470 detractum
1626 443 1682 471 aut
1704 438 1855 473 immuta-

1108 493 1176 521 tum
1198 489 1321 522 censeri
1342 499 1434 533 posse
1455 496 1511 523 aut
1527 490 1788 535 debere3sicque
1799 503 1857 536 per

1107 552 1331 585 quoscumque
1352 543 1486 584 iudices,
1509 543 1694 577 ordinarios
1713 550 1746 577 et
1771 544 1858 578 dele-

1106 601 1207 640 gatos,
1231 597 1328 630 etiam
1349 608 1519 630 causarum
1545 597 1657 631 Palatii
1684 598 1857 642 Apostolici

1107 650 1270 684 auditores
1297 656 1328 684 et
1357 650 1538 684 cardinales
1568 650 1761 695 praedictos,
1784 652 1858 685 sub-

1107 703 1169 736 lata
1189 704 1235 737 eis
1263 709 1294 737 et
1324 715 1437 738 eorum
1464 704 1598 738 cuilibet
1626 705 1737 749 quavis
1764 704 1858 738 aliter

1107 757 1270 791 iudicandi
1289 764 1319 792 et
1339 759 1572 803 interpretandi
1592 759 1756 799 facultate,
1777 759 1856 792 etin

1106 811 1218 854 quavis
1239 823 1335 845 causa
1355 817 1384 845 et
1401 812 1549 845 instantia
1568 812 1707 846 iudicari
1727 817 1758 845 et
1776 812 1856 846 defi-

1107 864 1168 897 niri
1193 865 1330 906 debere3
1356 876 1484 899 necnon
1506 866 1634 899 irritum
1659 872 1690 900 et
1717 865 1811 900 inane
1829 866 1855 899 si

1107 928 1200 952 secus
1221 930 1319 963 super
1339 918 1522 963 praemissis
1547 930 1726 963 eorumque
1746 919 1856 963 aliquo

1106 983 1124 1005 a
1152 982 1330 1016 quoquam,
1355 972 1467 1016 quavis
1493 973 1695 1014 auctoritate,
1717 971 1858 1006 scienter

1106 1025 1154 1059 vel
1178 1025 1378 1068 ignoranter,
1400 1026 1571 1069 contigerit
1594 1027 1756 1060 attentari.

1150 1079 1165 1122 ξ
1189 1079 1242 1112 11.
1269 1079 1339 1112 Non
1359 1079 1557 1112 obstantibus
1572 1079 1856 1115 constitutionibus

1107 1138 1137 1165 et
1158 1132 1414 1166 ordinationibus
1434 1133 1630 1177 apostolicis,
1653 1144 1690 1167 ac
1703 1134 1854 1168 ccclesia-

1108 1196 1178 1218 rum
1199 1186 1458 1230 supradictarum
1483 1192 1514 1220 et
1533 1186 1668 1220 aliarum
1701 1198 1857 1230 quarum-

1107 1250 1260 1283 cumque,
1296 1250 1435 1273 necnon-
1453 1239 1623 1281 Ordinum,
1658 1241 1854 1281 iuramento,

1107 1294 1352 1327 confirmatione
1373 1294 1549 1337 apostolica
1564 1295 1611 1328 rel
1629 1295 1740 1338 quavis
1754 1295 1856 1329 firmi·-

315 1344 496 1377 officiorum
517 1351 571 1378 aut
591 1346 826 1380 beneficiorum
847 1348 969 1381 dimissi
983 1349 1065 1382 tituli
1084 1349 1087 1375 ¹
1107 1352 1168 1386 tate
1189 1347 1249 1380 alia
1271 1347 1441 1389 roboraliS,
1463 1348 1589 1381 statutis
1609 1348 1855 1383 &consuetudi-

315 1398 364 1429 vel
390 1397 556 1431 diaconiae
577 1400 718 1439 collatio,
741 1411 847 1444 neque
867 1402 989 1445 palatii,
1011 1403 1067 1436 do-

316 1461 400 1491 mus,
422 1450 532 1492 vineae,
550 1452 721 1486 hortorum
733 1459 786 1486 aut
803 1454 981 1496 fructuum,
997 1457 1067 1489 red-

315 1503 442 1537 dituum
468 1511 499 1538 et
522 1512 737 1550 proventuum
763 1514 818 1540 aut
843 1508 961 1542 iurium
985 1521 1066 1553 quo-

315 1568 532 1602 rumcumque
549 1560 587 1591 asl
608 1560 795 1593 huiusmodi
810 1561 919 1595 titulos
930 1574 985 1595 seu
998 1563 1066 1597 dia-

315 1611 424 1644 conias
444 1613 689 1655 pertinentium,
711 1614 749 1646 ad
762 1620 890 1658 tempus
906 1626 962 1649 seu
975 1617 1014 1649 ad
1025 1618 1068 1650 vi-

315 1669 393 1702 tam,
416 1666 552 1699 retentio
573 1667 702 1700 autulla
714 1668 971 1710 aliarcservatio,
985 1681 1067 1714 quo-

315 1717 360 1750 vis
380 1724 558 1761 praetextu,
581 1720 751 1754 occasione
771 1722 819 1754 vel
841 1733 949 1761 causa,
972 1723 1065 1757 etiam

315 1770 637 1805 melioramentorum
667 1778 698 1806 et
721 1780 910 1818 sumptuum
942 1776 974 1809 in
996 1777 1066 1810 illa-

314 1835 387 1856 rum
416 1825 666 1868 reparationem,
688 1828 912 1862 necessitatem
934 1830 996 1863 sive
1028 1842 1066 1863 u-
1085 1821 1089 1852 l

314 1877 460 1911 tilitatem
484 1880 656 1920 sactorum,
679 1881 920 1922 concedantur3
943 1884 999 1916 scd
1015 1895 1068 1917 vo-
1086 1871 1089 1919 l
1108 1882 1295 1915 huiusmodi
1316 1882 1527 1916 ecclesiarum
1548 1883 1705 1926 regimen,
1727 1894 1806 1917 cura
1829 1889 1860 1916 et
1872 1887 1959 1903 'mmm

314 1930 422 1963 lumus
440 1937 474 1964 ut
496 1932 554 1975 ipsi
576 1933 659 1966 tituli
681 1939 713 1967 et
733 1934 912 1975 diaconiae,
936 1947 1010 1969 cum
1031 1938 1067 1970 il-

310 1983 351 2015 lis
372 1985 517 2024 annexis,
541 1986 732 2030 iuribusque
744 1995 774 2021 et
787 1988 991 2032 pertinentiis
1002 1991 1068 2024 suis

310 2037 478 2077 universis,
502 2039 601 2072 libere
620 2040 835 2074 dimittantur.

355 2090 369 2132 ,ξ
394 2090 424 2123 9.
457 2091 593 2136 Insuper
619 2093 838 2138 praecipimus
859 2100 890 2128 et
909 2102 1067 2139 perpetuo

113 2153 296 2204 incffiii'fsi-sifeqim
315 2143 504 2178 ordinamus
530 2151 565 2178 ut
595 2146 635 2179 de
660 2153 766 2180 cetero
797 2147 829 2180 in
853 2149 1066 2191 quibuscum-

114 2206 378 2241 d.‚1„.0„„„„,rc111e
407 2197 520 2230 litteris
551 2200 757 2242 apostolicis,
789 2200 822 2233 in
851 2202 970 2246 quibus
999 2214 1068 2236 car-

114 2245 196 2264 ‘¹⁰¹⁶'''³‘
221 2249 470 2283 n'³¹’¹⁰'¹‹linalium
504 2251 697 2296 subscriptio
732 2264 829 2286 manu
860 2256 992 2298 propria
1024 2257 1069 2289 sa-

114 2276 168 2296 tituli
188 2281 221 2296 aut
247 2278 297 2296 illa—

115 2308 190 2327 coniae
206 2311 238 2327 aut
256 2308 297 2333 evi·
315 2301 427 2334 cienda
453 2304 522 2343 erit,
549 2304 643 2338 iidem
672 2306 864 2348 cardinales,
900 2308 997 2342 etiam
1030 2310 1088 2342 ti-‘

115 2341 214 2364 scopulus
221 2339 251 2358 sui
259 2344 283 2357 ex
290 2348 297 2352 =

115 2369 207 2394 „amere
254 2369 298 2389 uc-
317 2354 372 2386 tuli
408 2366 463 2389 seu
500 2357 668 2391 diaconiae
696 2360 743 2393 vel
778 2361 982 2404 episcopatus
1017 2364 1066 2396 sui

115 2399 174 2420 ‘’U“-
316 2404 531 2437 cardinalatus
552 2407 683 2441 nomine
704 2419 866 2452 expresso,
882 2421 914 2443 se
926 2411 1066 2445 subscri-

317 2451 404 2484 bant.
1007 2494 1014 2497 ,

336 2546 341 2551 .
363 2501 442 2540 §lit
461 2501 674 2538 Decernentes
695 2517 752 2549 per
772 2507 957 2542 huiusmodi
976 2520 1066 2543 erec-

125 2560 301 2595 ·ncrretuma-
322 2552 438 2580 [tonent
468 2557 494 2583 et
529 2552 759 2587 institutionem
791 2557 902 2589 decem
939 2558 1066 2601 praedi-

110 2595 188 2613 ‘’²²¹’'-
316 2606 381 2628 ctas
410 2608 469 2642 per
495 2610 552 2633 nos
584 2602 615 2635 in
642 2603 752 2637 titulos
771 2611 893 2640 erectas
913 2607 1067 2642 ecclesias

1107 1400 1222 1440 nibus3
1244 1399 1417 1444 privilegiis
1437 1411 1578 1444 quoque,
1605 1402 1738 1435 indultis
1758 1407 1788 1436 et
1807 1402 1858 1436 lit-

1108 1453 1184 1486 teris
1213 1454 1408 1497 apostolicis,
1442 1454 1505 1487 illis
1533 1466 1570 1488 ac
1596 1455 1761 1499 quibusvis
1782 1467 1855 1500 per-

1107 1507 1195 1541 sonis
1223 1507 1466 1551 quomodolibet
1494 1509 1667 1550 concessis,
1696 1509 1856 1554 approba-

1108 1562 1147 1594 tis
1176 1567 1205 1594 et
1235 1561 1404 1595 innovatis.
1439 1562 1561 1601 Quibus
1589 1563 1753 1604 omnihus,
1784 1563 1856 1596 illo-

1086 1626 1179 1648 2rum
1207 1621 1334 1648 tenores
1360 1616 1586 1659 praesentibus
1614 1627 1672 1660 pro
1701 1616 1858 1661 expressis

1108 1669 1274 1710 habentes,
1306 1669 1490 1713 specialiter
1521 1677 1548 1703 et
1586 1681 1733 1714 expresse
1762 1671 1856 1704 dero-

1108 1733 1240 1765 gamus,
1263 1722 1445 1766 ceterisque
1466 1723 1636 1756 contrariis
1648 1723 1858 1767 quibuscum-

1086 1804 1088 1817 ,
1108 1787 1182 1819 que.

1152 1830 1166 1871 ,8,
1191 1829 1244 1862 «1⁵2.
1272 1829 1322 1863 Sic
1344 1829 1441 1872 igitur
1461 1829 1723 1873 ipsicardinales,
1740 1830 1859 1874 quihus

1108 1935 1344 1969 administratio
1373 1947 1431 1980 pro
1460 1942 1606 1980 tempore
1627 1936 1798 1970 commissa
1823 1947 1858 1970 c-

1108 1994 1196 2030 runt,
1215 2000 1268 2023 eas
1289 1990 1321 2022 in
1341 1990 1563 2034 spiritualibus
1584 1996 1614 2023 et
1628 1990 1859 2034 temporalibus

1108 2042 1259 2083 sollicite,
1282 2043 1422 2077 fideliter
1445 2049 1475 2076 et
1500 2044 1808 2087 prudenter‘regant
1827 2049 1860 2077 ct

1108 2096 1303 2139 gubernent,
1326 2108 1363 2130 ac
1393 2097 1478 2129 iuxta
1501 2097 1766 2130 constitutionem
1786 2099 1859 2141 piac
1896 2102 1899 2106 '

1086 2181 1089 2184 .
1110 2150 1284 2183 memoriae
1304 2151 1418 2184 Leonis
1442 2152 1546 2194 Papae
1567 2151 1695 2191 decimi,
1726 2151 1860 2194 praede-

1109 2203 1245 2236 cessoris
1260 2204 1373 2243 nostri,
1388 2204 1418 2236 in
1436 2204 1574 2237 concilio
1589 2203 1791 2237 Lateranensi
1802 2214 1860 2237 no-

1108 2257 1236 2290 vissime
1258 2257 1431 2295 celebrato,
1454 2257 1585 2297 editam,
1608 2258 1794 2301 frequenter
1812 2257 1858 2290 vi-

1109 2310 1217 2350 sitent,
1241 2310 1328 2343 circa
1356 2311 1478 2343 cultum
1509 2311 1652 2343 divinum
1679 2311 1856 2354 invigilent,

1109 2374 1216 2397 mores
1236 2374 1273 2396 ac
1292 2364 1388 2396 vitan]
1407 2364 1483 2396 cleri
1504 2370 1534 2397 et
1558 2364 1669 2407 populi
1686 2363 1732 2397 eis
1752 2363 1856 2397 subic-

1109 2413 1150 2445 cti
1177 2413 1348 2456 diligenter
1367 2414 1547 2456 explorent,
1570 2423 1689 2456 eosque
1707 2413 1747 2446 ad
1772 2420 1859 2446 recte

1108 2468 1137 2494 et
1151 2462 1283 2495 honeste
1303 2462 1471 2495 vivendum
1493 2468 1628 2505 paterno
1649 2467 1802 2494 moneant
1815 2462 1859 2494 at'-

1110 2511 1216 2550 sectu;
1253 2511 1413 2544 bonorum
1444 2522 1481 2544 ac
1511 2510 1736 2554 temporalium
1772 2509 1856 2543 redi-

1110 2565 1199 2592 tuum
1222 2569 1333 2592 curam
1354 2565 1480 2603 gerant,
1507 2559 1552 2592 {sic
1576 2559 1614 2592 ad
1642 2558 1696 2592 Ilei
1720 2557 1855 2602 glot-iam

1108 2613 1139 2642 et
1170 2607 1273 2642 fidelis
1300 2608 1413 2653 populi
1440 2608 1707 2649 aedificationem,
1742 2606 1795 2651 pia
1826 2610 1858 2639 et

1912 1850 1988 1873 Cardia
2023 1860 2024 1868 1

1873 1913 1911 1934 sibi
1927 1913 1976 1935 erent
2021 1926 2024 1930 ι

1871 1945 1964 1966 ecelesia

1872 1977 1942 2002 gimen
1956 1977 1978 1996 et
2001 1976 2003 1980 ’
2022 1984 2023 1992 i

1872 2005 1977 2028 ειὶειηιίο
1991 2009 1999 2021 -ῑ
2019 2017 2024 2024 .
