2059 3228
178 254 227 281 An.
244 256 271 283 C.
297 258 361 286 1579

195 974 256 995 Facti
269 976 345 996 series.

430 275 495 310 280

384 390 480 422 ficere
499 389 674 423 volentium
694 390 968 432 commoditatem,
982 391 1129 425 infirmo-

384 453 521 485 rumque
546 443 788 477 subventionem
821 444 967 478 ordinata
986 450 1017 478 et
1037 445 1128 478 insti-

383 501 451 528 tuta
471 496 608 537 suerint,
639 507 678 529 nc
711 497 925 541 contentionis
960 499 1128 531 materiam

381 555 409 581 ct
432 560 541 582 rerum
562 550 716 583 iacturam
736 550 900 591 inducant,
922 562 959 585 ac
977 562 1129 596 persona-

380 612 452 634 rum
474 603 615 646 quietem
635 604 837 648 perturbent,
860 604 1023 638 interdum
1047 606 1127 639 alte-

380 661 425 688 rat
447 662 477 689 et
498 656 660 698 immutat,
695 658 857 702 officiique
887 659 936 691 sui
966 665 1074 702 partes
1093 660 1126 692 in

379 708 428 741 his
448 709 586 743 libenter
604 709 790 754 interponit,
809 717 905 754 prout
918 712 1126 745 rationabiles

379 772 494 796 causac
527 763 733 806 persuadent,
755 770 785 797 et
805 764 1039 798 catholicorum
1072 776 1124 798 re—

377 825 455 858 gum
479 821 552 849 vota
585 816 618 849 id
650 823 839 860 exposcunt,
865 828 902 850 ac
927 817 960 850 in
988 817 1124 852 Domino

375 868 548 902 salubriter
566 869 766 913 dignoscitur
784 870 945 914 expedire.

419 921 485 965 5⁴1.
511 922 640 956 Dudum
661 922 821 967 siquidem
850 919 1019 967 postquam
1049 927 1124 958 cha-

373 974 521 1008 rissimus
539 976 573 1008 in
597 975 724 1009 Christo
740 976 826 1009 filius
841 982 949 1010 noster
964 978 1123 1013 Henricus

372 1027 588 1072 Portugalliae
608 1035 639 1062 et
660 1028 887 1073 Algarbiorum
899 1040 955 1063 rex
975 1031 1120 1073 illustris,

371 1082 427 1125 qui
446 1084 536 1122 tunc,
557 1083 597 1116 ad
617 1082 804 1116 huiusmodi
824 1083 932 1126 regiae
956 1084 1121 1127 dignitatis

370 1134 531 1177 fastigium
569 1137 714 1169 nondum
743 1141 938 1180 assumptus,
959 1137 1119 1172 Ecclesiae

369 1187 549 1229 Elborcnsi,
582 1200 619 1223 ex
656 1189 863 1222 concessione
897 1196 928 1223 et
956 1191 1120 1235 dispensa-

369 1240 457 1274 tione
477 1242 668 1285 apostolica,
687 1247 836 1285 praeerat‚
863 1242 895 1275 iu
916 1243 1040 1277 civitate
1064 1244 1118 1277 El-

367 1292 498 1327 borensi
522 1305 624 1328 unum
645 1295 817 1339 collegium
837 1295 896 1329 sub
918 1296 1118 1332 invocatione

369 1348 400 1381 S.
423 1347 574 1391 Spiritus,
597 1349 635 1382 ad
664 1341 906 1392 ‘grammaticam
931 1356 1117 1395 ceterasque

368 1406 452 1435 'stes
475 1400 625 1435 liberales
645 1408 675 1436 et
691 1413 815 1435 sacram
836 1403 1030 1447 theologiam
1045 1405 1118 1448 qui-

367 1453 507 1487 buslibet
524 1455 650 1488 clericis
671 1462 701 1489 et
721 1455 791 1488 aliis
810 1457 957 1499 personis
987 1459 1115 1492 studere

366 1507 545 1541 volentibus
569 1509 743 1552 legendum
769 1515 800 1542 et
822 1509 1112 1554 interpretandum,

366 1560 530 1594 ordinaria
547 1567 577 1594 et
595 1572 653 1595 seu
672 1562 850 1606 apostolica
869 1564 1114 1599 auctoritatibus

366 1614 751 1655 erexeratetinstituerat,
762 1626 798 1648 ac
814 1617 1021 1659 postmodum
1034 1618 1113 1651 illud

367 1677 398 1698 in
422 1667 667 1701 Universitatem
698 1668 801 1701 Studii
826 1670 985 1711 generalis
1017 1672 1112 1704 etiam

364 1720 458 1763 erigi,
480 1720 614 1764 eiusque
635 1732 758 1761 curam,
785 1723 931 1765 regimen
950 1728 981 1756 ct
1014 1724 1113 1757 admi-

363 1773 588 1807 nistrationem
633 1785 692 1818 pro
724 1780 870 1819 tempore
905 1776 1113 1811 existentibus

362 1826 547 1870 praeposito
570 1828 713 1870 generali
734 1833 764 1861 et
780 1828 926 1872 patribus
946 1829 1112 1865 Societatis

361 1880 434 1912 Iesu
453 1880 598 1921 concedi,
623 1891 751 1914 necnon
783 1882 920 1925 collegio
954 1894 1010 1916 seu
1037 1874 1134 1936 Uni-j

361 1933 505 1966 versitati
514 1933 714 1975 huiusmodi,
738 1934 822 1968 iuter
839 1935 918 1968 alias
938 1938 1110 1970 nonnullas
1129 1938 1133 1980 ξ
1151 1934 1252 1978 recipi
1271 1940 1301 1968 et
1322 1935 1428 1968 curari
1445 1935 1599 1975 valerent,
1615 1945 1688 1968 cum
1705 1934 1803 1968 simili
1820 1945 1897 1979 cap-

362 1986 575 2030 proprietates
603 1998 660 2021 seu
691 1998 817 2021 annuos
844 1988 1000 2031 redditus,
1032 1991 1110 2023 olim
1129 1981 1133 2006 ¹
1150 1989 1247 2032 pella,
1269 1988 1412 2031 erigendi
1432 1993 1463 2022 et
1480 1988 1683 2028 instituendi,
1701 1998 1738 2021 ac
1757 1988 1845 2022 illius
1863 1988 1897 2021 in

361 2040 401 2072 ad
425 2050 570 2072 mensam
594 2040 905 2085 archiepiscopalem
935 2053 991 2075 seu
1021 2043 1110 2087 capi-

362 2094 498 2126 tularem
518 2094 727 2127 Elborensem
747 2100 938 2138 spectantes,
957 2106 993 2128 ac
1013 2097 1108 2130 ctiam

361 2145 554 2189 quingentos
573 2147 734 2180 cruciatos
757 2158 882 2180 annuos
905 2158 941 2180 ex
968 2149 1110 2183 fabricae

361 2199 506 2232 eiusdem
527 2200 682 2233 ccclesiae
694 2199 873 2233 redditibus
891 2201 1060 2244 applicari,
1078 2207 1109 2235 et

361 2252 610 2296 applicationem
621 2253 809 2286 huiusmodi
822 2253 1007 2287 confirmari
1024 2254 1109 2289 dicta

361 2306 537 2348 apostolica
556 2306 748 2340 auctoritate
767 2313 1007 2351 procuraverat.
1030 2308 1105 2349 Nos,

360 2359 653 2402 supplicationibus
688 2360 789 2404 ipsius
830 2360 959 2394 Henrici
998 2361 1081 2403 regis
1098 2388 1106 2402 ‚

360 2416 435 2443 tunc
456 2413 627 2454 praesulis,
641 2413 798 2454 inclinati,
819 2413 879 2447 sibi
897 2419 932 2446 ut
951 2413 983 2446 in
995 2415 1106 2447 cadem

360 2463 497 2505 civitate,
514 2477 573 2509 pro
594 2467 722 2510 collegii
737 2478 793 2500 seu
812 2467 1031 2500 Universitatis
1047 2467 1107 2500 hu-

361 2511 499 2545 iusmodi
518 2521 726 2557 augumento,
741 2526 779 2549 ac
799 2515 994 2549 scholarium
1009 2516 1105 2548 cleri-

360 2570 473 2593 corum
494 2567 523 2594 ct
543 2565 803 2608 presbyterorum
816 2564 894 2597 inibi
907 2564 1103 2598 studentium

359 2611 809 2656 commoditatibuspublicaq.
823 2613 974 2653 utilitate,
988 2623 1102 2654 unum,

359 2658 423 2690 duo
449 2659 494 2691 vel
517 2660 610 2702 plura
644 2661 704 2693 alia
739 2661 883 2705 collegia,
924 2661 955 2694 in
989 2661 1104 2703 quibus

975 283 1155 310 ammaim
1174 282 1324 310 Romnum
1926 324 1931 328 Ι

385 336 633 376 incrementum,
656 341 686 370 ct
706 345 916 380 personarum
933 336 965 371 in
981 338 1131 383 illispro-
1173 337 1271 381 aliqui
1310 347 1347 370 ex
1375 336 1453 381 ipsis
1489 337 1613 371 clericis
1649 336 1852 371 scholaribus
1885 341 1918 371 et

1170 390 1365 435 presbyteris
1383 390 1423 424 ad
1446 395 1570 424 certum
1582 396 1709 435 tempus
1728 390 1917 433 residerent,
1963 399 1971 427 J
2006 417 2009 422 Α

1171 454 1246 477 cum
1266 443 1412 488 cappella
1444 454 1501 477 seu
1529 444 1694 489 cappellis,
1733 444 1767 476 in
1798 444 1917 487 quibus

1170 497 1285 530 missae
1306 501 1335 529 et
1355 497 1418 530 alia
1443 496 1550 530 divina
1583 497 1701 538 officia,
1735 497 1938 537 secundum,
1972 501 1975 505 ’

1170 549 1337 592 providam
1358 549 1594 583 ordinationem
1619 549 1762 583 eiusdem
1785 549 1916 583 Henrici

1167 602 1265 645 regis,
1282 607 1360 636 tunc
1379 603 1549 646 praesulis
1571 603 1708 647 desuper
1724 603 1916 644 faciendam,

1168 655 1423 697 celebrarentur,
1445 655 1590 699 erigendi
1610 661 1640 689 et
1658 655 1847 689 instituendi
1866 655 1914 689 fa-

1167 709 1320 742 cultatem
1341 719 1400 753 per
1423 709 1580 752 quasdam
1610 708 1840 745 concessimus:
1876 719 1914 742 ac

1165 772 1183 795 a
1202 761 1325 795 fabrica
1345 767 1375 795 et
1399 772 1510 795 mensa
1543 761 1714 806 capitulari
1740 761 1914 805 praedictis
1966 784 1973 791 .

1166 820 1211 848 tot
1229 815 1316 848 illius
1335 815 1432 857 bona,
1451 815 1609 854 redditus,
1630 819 1814 859 proventus,
1827 815 1910 857 iura,

1164 868 1383 909 obventiones,
1423 869 1652 910 emolumenta,
1694 869 1913 912 possessiones

1163 927 1194 955 et
1212 922 1438 966 proprietates,
1458 932 1599 966 quorum
1617 932 1744 955 annuus
1761 922 1852 956 valor
1871 922 1912 956 ad

1163 985 1323 1009 summam
1334 980 1474 1018 quatuor
1483 975 1623 1008 millium
1638 975 1856 1009 cruciatorum
1870 975 1914 1009 si-
1952 966 1958 974 ’

1162 1027 1289 1061 milium
1309 1028 1420 1072 aequis
1443 1028 1658 1072 portionibus,
1684 1028 1837 1070 fabricae,
1865 1027 1912 1062 vi-

1161 1080 1288 1123 delicet,
1304 1081 1458 1123 duorum,
1476 1092 1606 1123 mensae
1626 1081 1813 1126 capitularis
1827 1081 1910 1115 alio-

1161 1144 1234 1167 rum
1255 1134 1394 1167 duorum
1422 1133 1561 1167 millium
1596 1134 1816 1168 cruciatorum
1844 1135 1910 1168 hu-

1159 1187 1300 1221 iusmodi
1341 1188 1540 1229 ascenderet,
1582 1193 1740 1232 perpetuo
1777 1190 1908 1233 separa-

1158 1241 1262 1274 vimus
1276 1246 1308 1274 et
1324 1241 1635 1282 dismembravimus;
1656 1241 1775 1285 illaque
1791 1242 1838 1276 sic
1859 1253 1909 1277 se-
1944 1258 1951 1261 ⁴

1157 1300 1270 1338 parata
1283 1299 1313 1327 et
1323 1294 1550 1328 dismembrata
1557 1294 1716 1338 erigendi,
1733 1301 1906 1340 postquam

1158 1352 1264 1381 erecta
1283 1347 1428 1389 fuissent,
1451 1358 1509 1391 pro
1529 1358 1643 1381 eorum
1671 1349 1756 1390 dote,
1777 1360 1905 1383 necnon

1157 1401 1188 1435 S.
1211 1401 1350 1445 Spiritus
1370 1401 1514 1444 collegiis
1532 1401 1705 1445 praedictis
1726 1413 1786 1446 pro
1817 1402 1906 1437 illius
1958 1426 1967 1432 s

1156 1454 1240 1488 dotis
1259 1460 1468 1498 augumento,
1479 1465 1516 1488 ac
1529 1455 1607 1488 alias
1619 1455 1678 1488 sub
1698 1455 1794 1489 certis
1805 1457 1904 1491 modo

1156 1512 1187 1540 et
1209 1507 1314 1540 forma
1333 1513 1412 1541 tunc
1439 1507 1594 1553 expressis
1623 1507 1718 1541 etiam
1745 1515 1918 1553 perpetuo*
1964 1524 1971 1532 ·

1155 1560 1386 1605 applicavimus
1406 1566 1436 1595 et
1455 1561 1748 1606 appropriavimus.

1198 1614 1214 1658 ἓ
1238 1614 1269 1647 2.
1295 1615 1339 1648 Ac
1376 1615 1555 1649 successive
1581 1625 1640 1659 per
1669 1615 1749 1648 alias
1775 1621 1902 1650 nostras
1924 1620 1958 1655 ,ἦ

1153 1667 1296 1708 litteras,
1328 1679 1365 1701 ex
1397 1668 1492 1701 certis
1510 1673 1588 1702 tunc
1608 1668 1764 1712 expressis
1784 1669 1901 1710 causis;

1153 1720 1258 1754 eidem
1277 1721 1416 1755 Henrico
1436 1722 1516 1765 regi,
1536 1727 1615 1755 tunc
1634 1722 1788 1766 praesuli,
1810 1727 1848 1756 ut
1865 1722 1899 1755 in

1153 1773 1264 1806 eadem
1285 1774 1411 1807 civitate
1432 1784 1534 1807 unum
1557 1774 1732 1818 hospitale,
1767 1774 1801 1807 in
1833 1785 1899 1818 quo

1153 1827 1335 1871 collegiales
1349 1833 1380 1861 et
1396 1828 1449 1861 alii
1460 1838 1620 1872 pauperes
1630 1828 1792 1861 scholares
1805 1838 1899 1872 prae-

1152 1881 1239 1922 dicti,
1253 1882 1501 1915 occurrentibus
1516 1891 1629 1915 eorum
1639 1881 1895 1924 infirmitatibus,

1150 2041 1372 2084 spiritualibus
1394 2047 1425 2074 et
1449 2041 1682 2085 temporalibus
1701 2052 1826 2082 curam,
1847 2051 1898 2075 re-
1944 2068 1946 2070 .

1149 2094 1268 2137 gimen,
1299 2094 1495 2137 gubernium
1516 2099 1546 2127 et
1568 2094 1784 2128 visitationem
1802 2094 1895 2138 pres-

1148 2147 1267 2191 hyteris
1288 2147 1457 2181 Societatis
1479 2147 1550 2181 Iesu
1570 2148 1619 2181 vel
1651 2147 1721 2180 aliis
1748 2147 1895 2192 personis
1931 2170 1948 2193 ⁷.

1148 2200 1208 2243 ipsi
1224 2200 1364 2234 Henrico
1376 2201 1456 2244 regi,
1474 2206 1551 2234 tunc
1567 2200 1720 2245 praesuli,
1737 2200 1896 2234 benevisis

1149 2253 1371 2287 committendi
1390 2254 1575 2287 facultatem
1606 2254 1703 2288 etiam
1731 2254 1894 2288 concessi-

1148 2316 1238 2347 mus;
1277 2306 1596 2340 dismembrationem
1633 2317 1709 2340 vero
1748 2317 1894 2341 summae

1148 2359 1284 2392 duorum
1305 2360 1443 2393 millium
1463 2360 1654 2393 ducatorum
1669 2370 1707 2393 ex
1724 2358 1893 2401 fructibus,

1146 2413 1324 2446 redditibus
1347 2419 1377 2447 et
1392 2413 1603 2457 proventibus
1618 2423 1747 2447 mensae
1767 2415 1892 2457 capitu-

1146 2466 1222 2498 laris
1250 2471 1281 2500 et
1311 2467 1562 2511 applicationem
1585 2467 1716 2500 illorum
1749 2466 1893 2510 collegiis

1145 2515 1345 2556 huiusmodi,
1373 2515 1481 2559 quoad
1499 2525 1656 2548 summam
1677 2515 1766 2548 mille
1794 2516 1892 2558 quin·
1927 2525 1938 2559 ’-
1973 2552 1976 2553 ⁷

1146 2570 1315 2606 gentorum
1327 2565 1532 2605 ducatorum,
1547 2563 1666 2597 eisdem
1681 2563 1892 2597 dismembra-
1930 2565 1939 2568 ⁷
1978 2562 1983 2566 '

1146 2612 1231 2646 tione
1247 2618 1277 2646 et
1289 2613 1505 2657 applicatione
1517 2612 1692 2656 inreliquis
1706 2611 1890 2656 quingentis
1924 2623 1935 2639 τ
1972 2635 1975 2638 ᾗ

1146 2662 1268 2696 ducatis
1301 2662 1394 2696 salvis
1424 2668 1454 2695 et
1486 2661 1604 2696 illaesis
1634 2661 1886 2702 remanentibus,
1935 2701 1939 2707 .
1974 2675 1975 2678 ¹
