2059 3228
373 228 435 262 ΠΟ

372 292 386 332 ξ
405 292 433 323 ι1.
462 290 608 323 Volentes
628 288 726 333 igitur
755 289 832 324 huic
861 294 925 323 tam
946 297 1073 335 apertae
1093 312 1095 322 .

144 351 245 387 mesiam
259 357 313 372 con·
327 344 502 377 diabolicae
522 343 627 376 fraudi
647 343 767 387 quibus
782 354 956 388 possumus
980 345 1074 377 ratio-

125 383 313 440 ζῖᾝῗζῗέςξξῖ
327 398 420 429 nibus
434 407 618 436 occurrere,
640 402 671 429 et
681 407 719 430 ex
730 397 979 430 christianorum
995 407 1072 430 ocu-

125 445 255 496 ἵζ’,ωζζζξζξ
272 446 311 465 ¹³¹¹·
326 450 363 482 lis
384 450 534 481 iniectam
555 450 674 483 erroris
702 450 872 493 caliginem
899 451 1072 490 dimovere,

323 513 396 534 sum
415 502 599 546 art-opimus
613 502 645 534 in
663 503 770 546 regnis
781 503 949 546 Aragoniae
967 508 998 536 et
1017 503 1074 535 Va-

322 555 448 593 l··ntiae‚
480 566 516 587 ac
537 555 721 600 principatu
738 556 923 596 Catalonize,
946 566 1072 589 necnon

320 607 525 641 eomitatibus
536 608 724 643 Rossilionis
732 615 761 642 et
769 609 937 643 ceritaniae
946 609 1072 653 aliquos

319 661 448 693 illarum
462 661 601 704 partium
616 662 738 696 incolas
755 668 785 696 et
797 662 993 695 habitatores
1005 663 1071 706 pri-

318 719 423 746 vatam
439 714 500 747 sibi
517 715 684 749 adstruere
698 716 802 759 legem
814 726 879 748 non
897 715 1069 755 dubitasse;

318 773 349 799 et
369 773 434 800 tam
455 767 541 801 illius
560 769 679 811 vigore,
702 780 798 812 quam
819 768 977 812 pessimae
996 780 1071 803 con-

318 821 511 862 suetudinis,
531 832 613 864 quae
633 821 713 854 inibi
731 822 874 862 invaluit,
893 828 1069 866 praetextu,

317 879 480 906 asseratur
497 873 584 907 licite
597 874 686 918 ipsis,
701 874 889 918 praesertim
902 874 928 907 si
945 875 1071 908 nobiles

317 925 451 966 fuerint,
471 926 671 970 ubicumque
701 927 807 970 agitur
828 927 866 960 de
892 928 1067 969 mundano,

317 979 405 1022 quod
415 979 539 1020 dicunt,
554 980 677 1013 honore
691 981 811 1013 tuendo
823 986 878 1013 aut
889 981 1070 1024 reparando

316 1032 365 1065 vel
383 1031 502 1065 iniuria
513 1034 742 1077 propulsanda,
758 1033 797 1066 ab
812 1033 954 1066 amicitia
971 1034 1071 1067 disce-

317 1084 411 1126 dere,
431 1085 680 1130 inimicitiasque
698 1092 729 1119 et
747 1086 902 1119 factiones
922 1087 1006 1120 inter
1022 1097 1068 1127 se,

317 1143 360 1178 et,
378 1143 415 1170 ut
431 1138 476 1170 ibi
497 1138 560 1171 dici
576 1139 668 1180 solet,
681 1139 900 1172 bandositatcs
917 1140 1069 1180 exerceri,

315 1191 470 1224 satellites
485 1197 515 1225 et
532 1192 611 1224 varii
627 1191 754 1235 generis
765 1197 906 1225 armatos
922 1192 1070 1226 homines

317 1243 438 1277 ducere
455 1249 485 1277 et
506 1245 653 1288 privatim
670 1245 803 1286 habere,
824 1246 946 1279 amicos
965 1252 995 1279 et
1012 1257 1070 1279 ne-

317 1297 473 1330 cessarios
497 1297 536 1330 ad
553 1308 643 1330 arma
663 1298 813 1339 excitare,
841 1298 958 1331 damna
977 1298 1069 1331 vicis-

317 1349 377 1383 sim
385 1350 544 1383 hostiliter
552 1352 783 1394 quoquomodo
795 1352 926 1392 inferre,
934 1352 965 1384 in
976 1362 1070 1395 grave

317 1402 502 1436 animarum
522 1415 655 1437 suarum
686 1405 871 1448 periculum
890 1411 921 1439 et
940 1405 1070 1450 praeiu-

318 1455 442 1489 dicium
459 1457 691 1500 plurimorum.

364 1509 379 1552 ἓ
398 1508 430 1542 2.
452 1509 526 1550 Nos,
551 1510 659 1543 animo
681 1511 877 1544 revolventes
895 1511 1071 1555 praemissa

319 1561 411 1595 valde
427 1562 644 1596 abominanda
665 1569 696 1597 et
715 1564 901 1597 detestanda
919 1575 1000 1606 esse,
1027 1570 1069 1606 et,

321 1615 407 1659 quod
422 1616 515 1659 peius
531 1622 588 1656 est,
599 1616 695 1649 huius
705 1616 909 1651 detestandae
923 1617 969 1651 rei
981 1628 1072 1651 occa-

321 1668 411 1701 sione
431 1674 462 1701 et
484 1669 564 1702 alios
589 1670 847 1713 quamplurimos
878 1671 1011 1704 sicarios
1042 1678 1073 1705 et

321 1721 501 1765 praedones
521 1723 668 1764 evadere,
699 1723 756 1766 qui
784 1724 860 1756 dum
879 1735 896 1757 a
915 1725 1073 1768 potentio-

321 1774 412 1807 ribus
422 1775 600 1808 factionum
618 1775 790 1820 capitibus,
804 1787 869 1820 qua
881 1778 952 1820 quis
969 1784 1074 1822 potest

323 1828 438 1861 maiori
458 1839 556 1862 manu
584 1835 615 1862 et
651 1840 801 1869 numero,
840 1831 972 1874 privatis
991 1832 1074 1866 odiis

322 1881 566 1925 inimicitiisque
582 1883 769 1917 exercendis
781 1883 939 1925 foventur,
955 1891 985 1918 et
995 1886 1074 1919 alias

322 1935 356 1967 in
373 1934 514 1968 diversas
540 1935 619 1968 alias
651 1935 765 1969 caedes
786 1942 817 1970 et
841 1937 1011 1971 latrocinia
1037 1950 1074 1972 ac

322 1988 492 2031 sacrilegia
523 1989 650 2033 aliaque
681 1989 818 2024 crimina
842 1998 1072 2036 prorumpunt;

323 2041 383 2074 hac
401 2047 510 2074 nostra
522 2048 678 2086 perpetuo
687 2043 824 2076 valitura
835 2045 1074 2086 constitutione,

325 2105 568 2138 quamcumque
586 2095 703 2139 legem,
716 2107 798 2140 quae
809 2107 908 2140 super
922 2098 1077 2141 praemis·
1095 2083 1098 2144 i

326 2147 369 2180 sis
383 2148 504 2188 statuit,
531 2154 563 2181 et
597 2149 877 2190 consuetudinem,
914 2161 997 2194 quae
1017 2162 1077 2195 pro
1096 2148 1098 2178 ἶ

327 2200 396 2242 lege
414 2200 522 2233 forsan
547 2201 744 2243 observatur,
781 2208 947 2246 tamquam
967 2214 985 2236 a
1001 2205 1077 2237 reli·
1096 2215 1099 2219 ’

128 236 179 265 An.
198 235 225 263 C.
242 236 307 264 1577

147 1567 306 1594 Quamcumque

121 1598 189 1624 legem
208 1600 244 1618 aut
258 1602 308 1618 eon-

121 1628 256 1650 suetudinem
266 1628 308 1648 tol-

123 1658 156 1685 lit,
172 1664 226 1684 quae
241 1664 268 1679 ea
281 1659 307 1679 de

120 1694 145 1711 η
173 1689 306 1711 observetur.

329 2252 424 2295 gione
433 2254 645 2288 etchristiana
660 2255 778 2299 pietate
788 2256 921 2289 omnino
929 2256 1077 2298 alienam,
1097 2253 1100 2290 ἱ

330 2305 458 2348 penitus
477 2307 689 2350 explodimus,
707 2308 909 2349 damnamus,
922 2309 1077 2350 tollimus,
1098 2305 1100 2319 ⁵

331 2357 525 2401 abrogamus
535 2366 565 2392 et
579 2361 758 2402 abolemus,
773 2372 810 2395 ac
822 2372 840 2394 a
857 2361 949 2395 dictis
959 2363 1077 2405 regnis,
1099 2359 1101 2361 ’

331 2410 514 2454 principatu
535 2419 564 2445 et
585 2414 790 2447 comitatibus
805 2413 934 2458 penitus
953 2416 1081 2448 exulaie

334 2459 495 2493 iubemus.

380 2507 394 2549 g
414 2507 444 2540 3.
472 2508 704 2554 Sancimusque
725 2522 836 2545 omnes
856 2518 886 2545 et
912 2514 1054 2556 singulos

165 2578 323 2611 Quconsnium
337 2555 432 2588 etiam
454 2556 563 2597 duces,
582 2560 756 2604 principes,
792 2562 1005 2601 marchiones,
1028 2574 1082 2595 co-
1102 2564 1104 2570 ’

139 2615 184 2637 nivo
226 2609 323 2633 aunuum
339 2605 444 2643 mites,
467 2606 614 2647 barones,
635 2609 712 2642 alios
724 2609 872 2644 dominos
891 2613 1084 2654 temporales
1103 2621 1107 2657 ³.

925 236 1103 264 nULLAJttmt
1122 236 1274 264 ROMAM'M

1096 2184 1099 2205 χ
1118 2174 1343 2212 praeterquam
1363 2168 1396 2201 in
1416 2168 1528 2201 mortis
1547 2169 1696 2209 articulo,
1722 2177 1864 2201 reserva-

1096 2227 1099 2247 1
1118 2228 1202 2250 muS.

1101 2493 1103 2495 .
1123 2472 1178 2494 seu
1194 2462 1226 2495 in
1237 2463 1355 2506 quibus
1375 2469 1405 2496 et
1417 2464 1456 2496 ad
1468 2475 1550 2507 quae
1561 2464 1611 2497 ius
1621 2464 1667 2498 eis
1678 2462 1840 2507 competit,
1852 2461 1865 2485 ¹

1072 2541 1078 2553 ‚
1102 2530 1103 2533 =
1123 2521 1248 2544 necnon
1268 2523 1490 2556 quascumque
1508 2514 1679 2557 pensiones
1702 2522 1824 2546 annuas
1837 2517 1868 2545 et

1115 298 1143 324 et
1163 301 1386 335 quoscumque
1405 288 1484 325 alios
1503 289 1663 325 dictorum
1677 299 1862 334 regnorum,
1876 300 1978 328 imperti

1115 340 1314 384 principatus
1340 345 1370 373 et
1402 341 1624 381 comitatuum,
1647 341 1714 384 qui,
1734 351 1792 384 pro
1812 332 2007 389 suissffssm

1114 389 1161 421 vel
1185 389 1280 421 amici
1296 394 1350 421 aut
1369 388 1556 432 propinqui,
1572 388 1803 431 consanguinei
1813 389 1862 422 vel

1114 441 1255 474 cuiusvis
1273 441 1404 474 alterius
1414 441 1531 474 iniuria
1542 441 1741 482 vindicanda,
1756 441 1864 475 inimi-

1113 495 1213 535 citias,
1225 495 1414 534 simultates,
1427 495 1642 528 bandositates
1649 501 1861 539 nuncupatas,

1113 559 1262 581 exercere
1272 548 1558 592 praesumpserint,
1568 555 1599 582 et
1609 548 1861 592 praemissorum

1112 601 1281 634 occasione
1314 601 1465 634 satellites
1483 606 1515 634 et
1544 607 1683 634 armatos
1697 601 1862 645 ‚homines

1112 664 1256 694 evocare,
1278 659 1333 687 aut
1351 653 1437 698 apud
1456 664 1500 692 se,
1519 654 1568 687 vel
1587 654 1620 687 in
1638 653 1733 687 terris
1751 660 1783 688 et
1801 655 1861 688 do·

1113 707 1240 747 miniis,
1262 707 1309 740 vel
1335 707 1484 740 domibus
1509 706 1575 740 suis
1602 712 1659 740 aut
1680 706 1768 748 alibi,
1796 718 1860 752 pu-

1111 760 1194 793 blice
1223 760 1272 792 vel
1305 761 1441 800 occulte,
1479 761 1578 800 alere,
1618 760 1764 804 recipere
1804 765 1861 794 aut

1112 813 1251 846 retinere
1268 814 1318 846 vel
1350 814 1456 847 fovere
1475 813 1543 846 ausi
1573 813 1712 853 fuerint;
1737 813 1860 857 quique

1110 867 1320 906 necessarios,
1334 867 1601 910 consanguineos,
1619 867 1730 900 affines
1737 871 1767 900 et
1780 867 1861 900 ami-

1111 929 1166 952 cos
1189 920 1221 952 in
1259 920 1429 953 factionem
1455 926 1486 953 et
1516 925 1623 963 partes
1651 930 1724 953 suas
1747 925 1861 954 contra

1110 973 1250 1016 aliquem
1259 973 1439 1017 velaliquos
1446 973 1650 1013 excitaverint
1655 983 1663 1014 ;
1672 983 1859 1017 omnesque,

1111 1025 1166 1069 qui
1186 1026 1296 1059 eadem
1309 1026 1510 1060 fecerintaut
1530 1026 1592 1059 illis
1612 1037 1740 1059 causam
1761 1026 1859 1060 dede-

1110 1078 1185 1119 rint,
1205 1084 1236 1112 et
1255 1079 1310 1122 qui
1330 1091 1419 1113 arma
1438 1091 1497 1124 pro
1517 1080 1702 1123 praemissis
1720 1090 1859 1123 quomo-

1111 1131 1232 1165 dolibet
1242 1133 1448 1176 sumpserint3
1462 1132 1581 1176 quique
1593 1144 1690 1176 super
1703 1133 1753 1167 his
1762 1133 1861 1166 rebus

1111 1184 1202 1217 alteri
1233 1185 1417 1226 eonsilium,
1457 1185 1609 1218 auxilium
1633 1186 1683 1219 vel
1719 1186 1860 1219 favorem

1110 1237 1337 1280 praestiterint,
1351 1244 1565 1282 auctoresque
1584 1244 1615 1272 et
1625 1249 1774 1272 suasores
1792 1239 1860 1272 fue-

1111 1290 1186 1331 rint;
1200 1301 1327 1324 necnon
1336 1302 1401 1332 eos,
1412 1291 1480 1336 qui,
1490 1292 1549 1325 sul)
1559 1297 1725 1335 praetextu
1740 1291 1860 1325 abusus

1111 1345 1311 1386 huiusmodi,
1343 1345 1484 1389 aliquem
1520 1345 1774 1390 provocaverint,
1810 1344 1859 1378 vel

1111 1397 1158 1430 illi
1182 1398 1424 1442 quomodolibet
1446 1399 1509 1431 vim
1529 1398 1709 1439 intulerint,
1738 1397 1860 1442 quique

1111 1463 1181 1485 eam
1194 1458 1397 1496 praetensam
1409 1453 1513 1496 legem
1528 1458 1584 1485 aut
1594 1450 1861 1485 consuetudinem

1111 1505 1232 1539 licitam
1256 1511 1287 1539 et
1309 1517 1376 1540 non
1408 1505 1540 1539 omnino
1576 1506 1759 1539 damnatam
1792 1515 1862 1539 esse

1112 1560 1370 1601 asseveraverint;
1387 1570 1424 1593 ac
1436 1570 1620 1599 eosomnes,
1641 1559 1697 1603 qui
1716 1559 1750 1592 in
1769 1558 1863 1592 dictis

1112 1614 1268 1657 partibus,
1282 1625 1355 1648 cum
1369 1614 1467 1647 armis
1489 1613 1665 1647 homicidia
1684 1619 1716 1646 et
1734 1613 1864 1647 latroci—

1112 1668 1166 1700 nia
1177 1673 1208 1700 et
1219 1668 1280 1701 alia
1290 1668 1412 1701 scelera
1420 1666 1661 1707 committendo,
1671 1677 1727 1699 seu
1738 1666 1804 1699 vias
1813 1666 1863 1699 in-

1113 1720 1271 1761 festando,
1283 1720 1419 1754 inveniri
1435 1720 1622 1763 contigerit,
1641 1718 1863 1753 excommuni-

1114 1774 1245 1815 cationi,
1258 1773 1464 1814 anathemati,
1473 1772 1690 1807 maledictioni
1700 1777 1861 1813 aeternae,

1114 1828 1283 1862 interdicto
1316 1827 1530 1871 omnibusque
1560 1826 1630 1859 aliis
1663 1825 1808 1859 censuris
1831 1830 1863 1858 et

1114 1876 1228 1920 poenis
1246 1876 1481 1916 ecclesiasticis,
1514 1886 1552 1908 eo
1576 1875 1646 1919 ipso
1679 1880 1710 1908 et
1741 1875 1863 1918 absque

1115 1925 1176 1958 alia
1191 1925 1404 1958 declaratione
1418 1923 1634 1964 incurrendis,
1648 1923 1780 1957 omnino
1793 1933 1862 1957 esse

1115 1974 1290 2015 subiectos,
1311 1984 1348 2007 ac
1367 1984 1385 2006 a
1413 1972 1565 2016 Corporis
1583 1972 1700 2005 Christi
1726 1972 1860 2013 unitate,

1116 2022 1171 2066 qui
1191 2028 1304 2055 auctor
1315 2028 1361 2055 est
1370 2022 1459 2065 pacis
1470 2027 1501 2054 et
1513 2020 1719 2061 concordiae,
1730 2020 1864 2054 omnino

1116 2071 1292 2114 praecisos,
1314 2080 1492 2114 eorumque
1512 2069 1747 2102 absolutionem
1771 2068 1865 2102 nobis

1117 2126 1148 2153 et
1164 2120 1307 2153 Romano
1318 2118 1466 2152 Pontifici
1477 2129 1536 2162 pro
1549 2124 1694 2162 tempore
1705 2117 1862 2158 existenti,

1163 2267 1177 2309 ἓ
1201 2265 1231 2298 4.
1260 2266 1298 2299 Et
1317 2266 1341 2299 si
1363 2277 1519 2310 personae
1545 2265 1733 2299 huiusmodi
1759 2265 1864 2299 eccle-

1120 2314 1264 2347 siasticae
1279 2314 1409 2355 suerint,
1423 2315 1518 2348 etiam
1529 2315 1680 2348 omnibus
1689 2320 1721 2348 et
1730 2314 1865 2362 singulis

1121 2364 1276 2404 ecclesiis,
1299 2365 1510 2405 monasteriis,
1525 2364 1733 2408 dignitatibus
1751 2370 1783 2398 et
1796 2362 1866 2397 aliis

1121 2413 1288 2446 beneficiis
1306 2413 1529 2448 ecclesiasticis
1550 2425 1607 2459 per
1625 2425 1680 2448 eos
1709 2413 1863 2454 obtentis,

1124 2560 1253 2593 illorum
1274 2561 1346 2594 loco
1357 2561 1520 2595 fructuum
1544 2562 1784 2604 reservationes,
1806 2562 1871 2595 illis

1162 2626 1171 2649 ι
1194 2622 1276 2651 Forte
1296 2623 1359 2651 add.
1377 2624 1482 2659 privati
1495 2625 1612 2653 existam
1626 2627 1664 2660 (R.
1680 2625 1731 2658 T.)-
