2059 3228
19 0 90 158 r·

28 165 104 237 3³¹³·
118 191 148 221 c.
163 192 231 222 ¹587

67 457 212 483 flutionuzue.

62 1260 201 1287 nanuatttuus,

33 1355 52 1404 -.ρ
25 265 53 1347 ’.νικηθῇ-Μυοωοᾳοεύκιψαννσὴ

59 1420 222 1448 8ιρε.ιίιίοιιυω

37 1448 105 1478 itt-us,

46 2344 50 2347 Α
42 2291 54 2322 ,ομ
42 2215 52 2276 542-
41 2115 61 2204 7-,aeo
43 2097 49 2105 .
37 1955 54 2085 squ-qQ-w‘·
36 1866 57 1946 ‘⁰55³‘
39 1835 47 1852 ‹—
36 1805 47 1824 ὁ.

895 195 998 220 stht'S
1021 196 1039 218 V
1059 195 1107 219 ΓΡ.

245 244 434 279 bononenos
451 245 564 279 decem
577 246 737 290 usque-:ad
757 251 847 279 scuta
866 247 990 290 viginti,

243 303 276 331 et
293 298 484 333 bononenos
502 299 687 343 quindecim
706 311 807 344 usque
821 300 860 333 ad
880 311 992 344 quam-

243 362 382 397 cumque
403 364 575 393 summam,
603 360 634 386 ct
653 363 717 387 non
739 354 835 387 ultra.
859 369 870 378 ι

285 406 300 449 ἓ
320 406 373 440 16.
393 406 566 440 Citationes
582 407 701 440 etalias
718 407 989 440 mandatariorum

240 464 271 492 et
291 471 460 493 cursorum
477 461 650 494 relationes
667 462 850 494 nullatcnus
870 461 902 494 in
914 462 991 495 actis

238 520 416 558 apponant,
440 515 499 547 nisi
517 525 666 548 cursores
686 521 716 548 et
734 515 923 548 mandatarii
939 527 990 549 cas

240 567 272 599 in
293 568 425 600 cartulis
445 574 575 601 octavae
597 568 695 611 partis
715 568 781 601 solii
803 569 893 611 prius
913 569 990 602 sub-

238 620 439 664 scripserint,
467 627 495 654 et
527 632 624 665 supra
649 622 901 665 subscriptiones
931 634 988 656 no-

239 682 313 706 men
333 673 450 706 notarii
471 684 586 707 causae
611 674 792 718 appositum
812 675 920 708 suerit.

281 726 454 760 Citationes
475 733 503 760 ct
525 727 604 760 alios
623 733 713 760 actus
734 738 793 771 pro
813 728 921 772 aliquo
942 731 987 763 vel

239 785 349 813 contra
375 779 516 823 aliquem
543 790 608 813 nou
638 781 806 824 recipiant,
833 782 894 815 nisi
924 788 988 816 tam

238 833 354 866 actoris
371 844 467 877 quam
487 834 532 866 rei
553 843 671 867 nomen
697 845 770 867 cum
796 837 988 877 cognomine

238 891 294 919 aut
313 886 456 920 exercitii
477 887 749 931 habitationisque
769 888 988 931 designatione

237 939 389 983 specifice
410 939 441 972 in
462 941 507 973 eis
531 940 740 983 exprimatur.

279 991 454 1026 citationes
479 993 517 1025 ad
546 993 720 1026 ridendum
746 995 890 1028 mandari
911 1007 988 1030 con·

233 1046 355 1090 signari
376 1047 511 1090 pignora
528 1057 593 1080 non
613 1047 779 1090 recipiant,
799 1048 858 1082 nisi
884 1060 985 1092 appo-

233 1099 331 1133 situm
365 1100 405 1133 sit
433 1100 530 1133 etiam
560 1101 603 1133 ad
633 1101 805 1134 ve'denclmn
832 1104 987 1137 mcmdari

233 1153 433 1187 subhastari.

278 1207 294 1251 ἓ
313 1206 366 1240 17.
388 1206 547 1240 Manualia
563 1208 752 1241 citationum
774 1214 804 1241 et
824 1209 986 1243 manualia

235 1260 505 1304 protestationum
524 1260 697 1304 separatim
716 1267 745 1294 et
767 1261 915 1295 distincte
937 1268 984 1295 te-

235 1321 344 1349 neant.

278 1368 294 1412 ἓ
305 1368 357 1402 18.
376 1368 623 1413 Expeditionum
634 1369 733 1402 libros
744 1369 823 1402 duos
835 1370 984 1410 habeant,

235 1420 269 1454 in
287 1432 428 1465 quorum
459 1433 523 1455 uno
559 1422 706 1455 distincte
742 1428 770 1455 et
809 1423 984 1456 ordinatim

234 1474 391 1508 adnotare
415 1475 553 1508 debeant
587 1486 699 1508 omnes
734 1474 985 1517 significationes

234 1538 294 1573 per
316 1528 401 1562 viam
421 1539 573 1561 recursus
585 1529 818 1568 concedendas,
841 1540 914 1561 eum
937 1541 986 1562 ex-

233 1581 398 1626 pressione
422 1581 562 1615 nominis
596 1581 854 1624 collitigantium,
878 1587 906 1614 et
928 1593 984 1615 cu-

234 1635 356 1669 riarum
385 1647 404 1670 a
435 1636 554 1679 quihus
583 1635 734 1668 dominus
762 1635 985 1669 locumtenens

234 1700 385 1723 recursus
404 1690 490 1723 iuxta
511 1700 583 1722 suas
617 1689 783 1721 facultates
817 1689 983 1729 concedet,

233 1754 271 1777 ac
291 1743 388 1777 etiam
408 1754 553 1777 summae
573 1743 620 1776 vel
641 1741 755 1774 valoris
780 1741 826 1774 rei
853 1742 890 1775 de
921 1753 985 1785 qua

233 1798 350 1841 agitur,
370 1808 497 1831 necnon
519 1803 546 1830 et
569 1797 678 1830 onmia
699 1801 862 1839 sequestra
872 1802 901 1828 et
918 1806 986 1829 mo-

234 1851 364 1891 nitoria,
387 1862 422 1884 ex
443 1851 555 1894 quavis
584 1860 679 1882 causa
704 1849 929 1889 decernenda;
952 1850 984 1882 in

235 1903 336 1937 altero
373 1910 481 1937 autem
514 1904 668 1936 adnotare
706 1902 841 1935 debeant
877 1903 985 1935 onmia

236 1959 386 1992 mandata
405 1958 581 1996 executiva,
604 1967 669 1989 uon
691 1962 796 1989 tamen
816 1955 848 1988 in
869 1962 984 1989 contu-

235 2011 384 2052 maciam,
406 2018 436 2045 et
473 2011 580 2045 omnia
610 2015 741 2049 arresta,
776 2010 925 2042 mandata
946 2011 985 2043 de

235 2065 484 2104 excarcerando,
506 2063 757 2106 significationes
774 2063 907 2101 dotales,
931 2069 985 2095 aut

235 2118 345 2162 vigore
362 2119 504 2158 termini,
532 2124 585 2150 aut
606 2116 639 2149 in
654 2117 717 2149 vim
739 2116 801 2148 litis
817 2117 986 2158 pendentis

237 2176 295 2205 aut
314 2171 378 2204 litis
397 2172 521 2211 finitae,
555 2176 609 2203 aut
639 2175 739 2203 stante
769 2169 913 2212 deposito
938 2170 985 2202 vel

237 2224 420 2267 negatione,
443 2229 497 2257 aut
521 2224 593 2256 data
619 2222 767 2255 cautione
803 2221 841 2253 de
874 2222 985 2254 stando

238 2278 315 2318 iuri,
336 2284 367 2311 et
385 2277 563 2310 iudicatum
583 2276 734 2309 solvendo
755 2285 934 2314 concessas,
957 2281 987 2308 et

238 2341 351 2364 omnes
374 2330 540 2363 citationes
568 2329 615 2362 rel
642 2328 850 2361 inhibitiones
881 2328 986 2370 rigore

239 2379 476 2412 commissionis
496 2383 551 2411 aut
570 2384 658 2410 extra
679 2376 803 2410 curiam
828 2377 984 2415 decretas;

239 2427 415 2460 dummodo
436 2426 466 2458 in
500 2426 644 2469 quolibet
678 2426 820 2469 ipsorum
854 2435 985 2458 casuum

239 2481 354 2520 agatur
372 2475 411 2509 de
435 2486 470 2508 re
499 2475 546 2507 vel
575 2484 702 2507 summa
725 2480 890 2507 scutorum
915 2475 985 2506 auri

240 2531 375 2570 septem.

1675 182 1738 217 963

1032 257 1138 290 neque
1151 251 1320 291 propterea
1332 244 1511 279 mercedem
1524 244 1675 289 aliquam,
1685 245 1779 278 etiam

1798 189 1850 217 An.
1866 190 1895 217 C.
1912 191 1978 218 1527

1836 251 1976 277 Eqmnsuum

1751 297 1757 303 .
1796 285 1911 310 taxatione,

1031 312 1048 333 a
1068 306 1180 344 sponte
1195 300 1358 338 dantihus,
1381 299 1550 344 recipiant,
1572 298 1631 331 nisi
1653 308 1780 342 praevio

1031 353 1152 386 domini
1169 353 1416 385 locumtenentis
1436 353 1566 386 decreto
1586 358 1617 385 ct
1637 351 1780 385 eiusdem

1031 406 1267 451 subscriptione
1289 406 1319 439 in
1345 406 1431 439 calce
1452 406 1653 445 citationum,
1673 404 1712 437 ad
1733 403 1779 436 vi-

1030 460 1173 493 dendum
1195 460 1293 492 taxari
1314 470 1479 503 expensas.
1502 458 1704 502 apponenda.

1075 514 1090 557 g
1109 512 1162 547 20.
1182 513 1320 546 Examen
1344 513 1471 545 testium
1493 512 1633 545 scribere
1658 509 1779 554 possint

1029 567 1093 600 duo
1114 572 1238 600 tantum
1259 567 1373 599 notarii
1402 576 1459 609 pro
1482 565 1627 608 quolibet
1655 564 1775 603 officio,

1029 631 1110 663 quos
1129 621 1328 663 gubernator
1349 631 1405 663 pro
1427 625 1571 662 tempore
1583 617 1778 662 approbave-

1030 674 1082 714 rit,
1104 679 1135 706 et
1150 684 1214 706 non
1235 674 1300 706 alii.

1072 728 1087 770 ἓ
1111 726 1164 760 021.
1192 727 1323 760 Decreta
1349 726 1455 769 aliqua
1476 736 1511 758 ex
1533 723 1644 768 seipsis
1661 722 1777 756 notarii

1029 791 1093 813 non
1111 780 1298 819 conficiant,
1321 781 1375 813 scd
1398 779 1566 812 citationes
1587 787 1698 810 omncs
1717 776 1775 809 do—

1029 834 1114 867 mino
1139 832 1371 867 locumtcnenti
1393 833 1423 865 in
1453 831 1615 865 audientia
1647 830 1776 874 publice

1028 889 1144 930 legant,
1167 888 1206 920 ab
1227 898 1329 930 eoque
1350 887 1478 919 decreta
1502 890 1642 924 sumant,
1664 889 1694 917 et
1719 883 1776 916 de-

1026 942 1101 974 inde
1123 941 1154 973 in
1175 940 1252 974 actis
1273 945 1446 984 apponant.

1070 996 1084 1038 ξ
1109 994 1162 1027 22.
1189 995 1334 1027 Mandata
1363 992 1556 1036 suspicionis
1584 992 1677 1033 fugae
1697 990 1775 1023 scri-

1025 1049 1101 1082 bere
1121 1054 1293 1091 nequeant,
1308 1046 1368 1079 nisi
1390 1046 1479 1089 prius
1499 1044 1630 1078 domino
1652 1045 1774 1077 locum-

1025 1102 1146 1135 tenenti
1168 1102 1238 1134 iura
1256 1101 1414 1144 producta
1434 1100 1480 1132 vel
1503 1098 1635 1142 probata
1666 1102 1772 1130 osten-

1025 1156 1144 1195 derint,
1159 1156 1279 1198 illeque
1295 1160 1405 1197 postea
1424 1153 1571 1185 mandata
1581 1151 1770 1185 decreverit.

1069 1208 1154 1253 {2:3.
1186 1209 1369 1241 iuramenta
1389 1205 1587 1256 suspicionis
1616 1206 1709 1248 fugae
1733 1205 1772 1238 ab

1025 1263 1095 1296 aliis
1119 1272 1217 1306 quam
1238 1259 1541 1304 principalibusmet
1561 1258 1609 1291 rel
1627 1258 1773 1301 personis

1025 1316 1063 1349 ad
1082 1316 1113 1348 id
1133 1314 1270 1359 speciale
1292 1313 1478 1346 mandatum
1496 1311 1688 1345 habentibus
1708 1322 1773 1344 non

1024 1369 1194 1413 recipiant.

1069 1423 1083 1465 ξ
1106 1422 1159 1455 24.
1183 1422 1353 1465 Sequestra
1364 1430 1429 1453 non
1447 1419 1601 1458 scribant,
1624 1418 1719 1451 etiam
1741 1417 1773 1451 in

1025 1476 1128 1509 causis
1165 1475 1365 1514 mercedum,
1400 1473 1461 1506 nisi
1495 1473 1526 1505 in
1552 1472 1773 1505 executionem

1026 1529 1251 1562 mandatorum
1272 1526 1403 1560 serratis
1423 1525 1586 1559 servandis
1616 1525 1774 1558 relaxato-

1024 1594 1110 1623 rum,
1131 1583 1180 1615 vel
1201 1580 1261 1614 nisi
1281 1582 1375 1614 docto
1396 1579 1434 1612 de
1454 1579 1588 1619 credito,
1608 1578 1703 1611 etiam
1720 1589 1774 1611 ex-

1025 1635 1282 1675 traiudicialiter,
1305 1634 1439 1667 arbitrio
1466 1632 1589 1666 domini
1618 1633 1775 1665 locumte-

1025 1691 1142 1731 nentis‚
1164 1690 1335 1732 iuratoque
1356 1688 1395 1721 de
1411 1687 1641 1731 dilapidatione
1662 1692 1715 1719 aut
1728 1686 1775 1718 su-

1024 1754 1082 1787 gae
1101 1743 1296 1786 suspicione.

1069 1797 1083 1841 ξ
1104 1796 1157 1830 ¹25.
1180 1796 1368 1835 Advocatos‚
1387 1799 1614 1838 procuratores
1635 1799 1663 1826 et
1688 1792 1774 1826 solli-

1025 1850 1174 1883 citatores
1190 1860 1247 1892 pro
1267 1848 1528 1881 tideiussionibus
1548 1846 1717 1880 occasione
1736 1845 1774 1878 li-

1024 1903 1104 1936 tium
1130 1902 1242 1935 dandis
1262 1902 1352 1934 nullo
1373 1901 1468 1934 modo
1493 1900 1665 1944 recipiant.

1069 1955 1148 1999 {⁹2st
1169 1954 1427 1997 Significationes
1442 1964 1500 1997 per
1519 1954 1602 1986 viam
1622 1963 1773 1986 recursus

1025 2010 1247 2043 concedendas
1266 2019 1331 2041 non
1352 2008 1502 2047 scribant,
1515 2007 1575 2040 nisi
1593 2018 1665 2040 cum
1687 2008 1774 2041 clau-

1026 2065 1095 2097 sula
1124 2074 1188 2096 non
1220 2067 1324 2096 lamen
1352 2063 1385 2095 in
1412 2063 1662 2095 contumaciam.
1690 2062 1775 2096 Alias

1024 2128 1098 2150 vero
1118 2116 1367 2160 significationes
1387 2126 1450 2148 non
1480 2116 1618 2148 scribant
1646 2116 1705 2148 nisi
1730 2116 1776 2148 vi-

1025 2181 1101 2213 gore
1125 2170 1269 2211 termini,
1292 2175 1345 2202 aut
1371 2169 1431 2201 nisi
1457 2169 1623 2212 productis
1650 2169 1774 2203 iuribus

1026 2225 1074 2257 rel
1104 2223 1350 2268 probationibus
1383 2233 1480 2267 super
1513 2223 1684 2263 solutione,
1720 2229 1775 2256 aut

1026 2276 1086 2310 nic-i
1103 2282 1204 2310 stante
1225 2276 1397 2320 pendentia
1422 2276 1495 2316 litis,
1518 2276 1582 2308 sive
1602 2276 1656 2309 lite
1674 2276 1772 2315 finita,

1026 2326 1074 2358 vel
1090 2326 1150 2358 nisi
1177 2326 1249 2358 data
1270 2325 1417 2358 cautione
1445 2325 1483 2357 de
1514 2325 1627 2357 stando
1662 2325 1722 2358 iuri
1743 2331 1772 2358 et

1027 2374 1203 2407 iudicatum
1230 2374 1394 2413 solvendo,
1416 2373 1545 2417 quando
1565 2379 1669 2422 esseut
1693 2375 1772 2406 rela-

1027 2428 1095 2455 xata
1113 2423 1260 2462 mandata
1281 2423 1471 2466 suspicionis
1490 2423 1594 2465 fugae,
1609 2433 1666 2466 pro
1687 2433 1772 2455 asse-

1027 2472 1193 2505 curatione
1214 2471 1339 2511 iudicii,
1361 2477 1415 2505 aut
1434 2471 1494 2503 nisi
1512 2477 1613 2504 stante
1634 2471 1773 2514 negatio-

1027 2531 1066 2554 ne
1087 2527 1198 2554 contra
1220 2522 1370 2554 mandata
1402 2521 1434 2553 in
1456 2520 1689 2553 contumaciam
1722 2531 1771 2553 re-

284 2575 300 2619 g
320 2574 372 2608 19.
389 2573 488 2607 Listas
501 2582 712 2618 expensarum
726 2581 789 2605 non
801 2570 985 2611 conficiant,
1028 2570 1140 2603 laxata.

1819 521 1917 542 flumine
1933 525 1973 542 tn·-

1792 553 1862 577 stium,

1818 720 1921 746 Decretis,

1788 992 1889 1014 mandatis
1900 996 1971 1021 suspi-

1788 1025 1856 1045 cionis
1871 1024 1940 1051 fugae,

1799 1209 1923 1231 tutamentis
1931 1216 1970 1231 su-

1786 1242 1897 1268 spicionis,

1812 1426 1943 1455 Sequentio,

1814 1798 1970 1822 Fideiussiont-

1786 1830 1831 1857 bus,

1819 1963 1968 1989 signification

1788 1994 1856 2021 uibus,
