2059 3228
64 247 72 256 .
85 229 114 258 G.
127 227 195 256 mm

334 355 438 398 quoad
449 355 615 398 praelatos
635 355 841 388 monialimn.

206 467 210 471 .
261 439 408 476 Gregorius
422 440 564 476 episcopus
585 446 683 469 servus
698 445 837 468 servorum
853 438 911 473 Dei.

376 494 410 522 ad
429 494 554 522 futuram
571 493 613 522 rei
630 492 798 522 memoriam.

255 567 379 608 Dubiis,
395 579 466 612 quse
482 573 661 612 emergunt,
671 566 897 600 declarationis
912 577 960 601 re-

43 658 113 682 um:-
526 674 531 679 .
638 673 644 679 .
800 673 805 678 .

209 684 309 718 super
317 685 355 708 eo
366 675 453 718 quod
466 679 587 718 optima
596 683 737 718 primum
748 679 872 706 ratione
885 684 960 706 con-

209 726 320 761 cilium
336 727 438 760 sanxit
453 726 688 766 Tridentinum‚
703 725 818 759 deinde
839 726 871 758 in
882 737 959 759 con-

207 779 373 814 stitutione
383 779 483 813 felicis
499 779 732 812 recordationis
746 779 791 812 Pii
804 780 907 823 Papae
921 780 955 820 V,

206 833 464 878 praedecessoris
500 832 614 873 nostri,
647 832 741 865 nonis
768 832 851 872 iulii,
879 843 959 876 pon-

207 885 350 920 tificatus
388 886 437 919 sui
465 896 549 918 anno
591 886 705 925 tertio,
746 891 841 928 atque
883 885 957 918 item

206 945 318 973 nostra
348 939 456 972 idibus
489 938 584 978 iunii,
619 938 826 982 pontificatus
858 938 958 972 nostri

207 1000 293 1026 anno
325 996 438 1036 quarto
470 991 582 1031 editis,
627 991 687 1024 suit
720 992 883 1035 provisum
918 1002 958 1024 ne

207 1046 260 1079 cui
290 1045 324 1078 in
353 1050 531 1089 posterum,
556 1044 619 1078 nisi
644 1044 677 1077 in
702 1045 828 1078 casibus
852 1055 958 1078 neees-

206 1096 299 1131 sariis
351 1103 441 1142 septa
500 1098 772 1131 monasteriorum
831 1098 958 1131 monia-

205 1256 293 1290 circa
315 1267 481 1300 personas,
503 1267 585 1300 quae
605 1257 736 1289 alterius
748 1257 788 1289 ad
805 1256 836 1289 id
856 1256 958 1289 licen-

205 1309 250 1343 tia
268 1320 335 1343 non
354 1309 510 1354 indigent,
533 1310 588 1343 sed
609 1310 659 1342 sui
690 1310 880 1343 auctoritate
909 1310 957 1342 os-

205 1362 272 1396 ficii
291 1362 454 1403 nituntur,
469 1374 509 1396 an
525 1363 620 1396 liceat
635 1363 680 1396 eis
695 1374 753 1406 pro
773 1363 866 1396 libito
882 1373 957 1395 suae

204 1416 379 1450 voluntatis
413 1416 599 1449 huiusmodi
630 1422 719 1460 septa
745 1416 880 1459 ingredi,
909 1416 957 1449 rel

203 1469 313 1514 potius
321 1480 446 1503 servare
457 1470 593 1503 debeant
603 1470 663 1514 ipsi
674 1481 802 1514 quoque
813 1469 957 1513 regulam

205 1533 225 1556 a
243 1523 381 1558 concilio
395 1524 640 1568 praescriptam.

250 1576 266 1620 ἓ
284 1577 399 1618 1.Nos,
413 1587 542 1610 omnem
555 1577 774 1610 haesitationis
789 1576 956 1610 materiam

40 1662 43 1663 γ
102 1637 194 1666 uoquosi
206 1630 333 1671 tollere,
357 1635 387 1663 et
415 1630 498 1663 viam
522 1630 681 1664 scandalis
699 1630 898 1673 praecidere,
920 1640 957 1662 ac

31 1667 195 1722 fflffssssss
207 1682 501 1717 Sanctimonialium
513 1684 613 1727 quieti
625 1683 795 1716 consulere
805 1684 956 1723 volentes,

29 1730 197 1787 &2¹:2¹²ssss
208 1737 324 1785 harum
344 1743 468 1778 tenore,
491 1737 682 1771 auctoritate
696 1737 883 1781 apostolica,
905 1737 958 1769 de-

30 1824 58 1846 n·
68 1799 196 1846 “¹3:2⁵3
209 1793 370 1826 claramus
389 1791 549 1834 praelatos
568 1801 681 1824 omnes
696 1796 759 1823 tam
777 1791 957 1823 saeculares

137 1839 149 1852 ³
209 1856 307 1889 quam
326 1845 500 1888 regulares,
525 1844 643 1888 quibus
663 1854 741 1876 cura
762 1850 792 1876 et
810 1844 956 1886 regimen

208 1898 479 1932 monasteriorum
505 1897 695 1930 monialium
720 1897 832 1940 quovis
859 1897 956 1930 modo

208 1951 380 1991 incumbit,
410 1950 561 1984 facultate
586 1950 647 1983 sibi
676 1961 714 1983 ex
737 1950 842 1983 officio
870 1949 959 1983 attri-

208 2004 288 2037 buta
302 2003 504 2046 ingrediendi
522 2003 715 2036 monasteria
735 2003 898 2047 praedicta
915 2003 957 2035 ita

211 2056 343 2089 demum
354 2057 402 2089 uti
418 2067 523 2100 posse,
545 2056 570 2089 si
593 2056 623 2089 id
644 2056 762 2089 faciant
778 2057 810 2089 in
832 2056 958 2089 casibus

211 2109 411 2150 necessariis,
432 2116 463 2143 et
482 2120 501 2142 a
520 2110 643 2153 paucis,
659 2110 758 2153 iisque
777 2109 959 2142 senioribus

213 2172 251 2195 ac
269 2162 426 2206 religiosis
444 2163 603 2206 personis,
625 2163 780 2196 comitati.
802 2163 959 2202 Quocirca

214 2215 379 2249 universos
402 2222 434 2249 et
452 2216 594 2259 singulos
615 2217 787 2260 episcopali
809 2227 865 2249 scu
890 2227 958 2248 ma-

214 2267 274 2301 iori
291 2262 329 2301 ae
347 2267 441 2301 etiam
461 2270 677 2302 cardinalatus
696 2270 848 2313 dignitate
868 2280 960 2313 prae-

216 2321 311 2362 ditos,
334 2331 459 2354 necnon
483 2323 671 2365 quorumvis
690 2323 845 2356 Ordinum
863 2323 958 2356 abba-

216 2380 275 2415 tes,
287 2373 422 2417 priores,
433 2374 597 2408 ministros
607 2381 637 2409 et
647 2376 725 2409 alios
739 2387 960 2420 quoscumque

213 2426 402 2471 superiores
417 2427 581 2469 regulares
605 2428 721 2461 harum
741 2430 823 2462 serie
849 2441 960 2463 mone-

217 2490 290 2512 mus
322 2484 357 2512 ut
391 2479 540 2512 facultate
567 2480 772 2520 huiusmodi,
801 2483 857 2526 qui
891 2494 960 2516 eam

217 2532 356 2574 habent,
378 2538 602 2576 praeterquam
612 2533 643 2565 in
654 2535 791 2575 casibus,
813 2541 849 2568 ut.
868 2547 961 2579 prae-

219 2585 332 2627 fertur,
355 2586 561 2628 necessariis,
579 2586 764 2630 neutiquam
784 2594 927 2623 utantur.

213 299 366 345 Sequitur
389 300 564 336 declaratio
591 301 695 336 dictae
722 303 963 335 constitutionis

823 229 998 255 GREGORWS
1021 231 1074 254 xm
1100 231 1146 255 FP.

976 1007 980 1062 1

975 1067 980 1155 l

976 1266 980 1449 Ι

1646 223 1708 255 1Ιῦ
1771 229 1818 257 An.
1840 231 1869 258 (1.
1887 231 1951 259 1575

1047 282 1062 324 ξ
1082 282 1112 314 ⁶2.
1136 282 1263 321 Quodsi
1282 284 1540 323 contrafecerint,
1558 284 1669 316 eadem
1692 294 1748 315 :m-
1777 291 1952 326 ›Conone-nien-

1003 330 1151 363 ctoritate
1171 333 1343 374 apostolica
1364 333 1534 365 statuimus
1562 338 1658 376 atque
1694 333 1749 365 de·
1767 326 1817 342 ‘'¹¹¹''
1832 328 1913 349 poenae.

1003 379 1178 417 cernimus,
1206 381 1259 423 qui
1283 382 1472 423 pontificalis
1496 381 1660 424 dignitatis
1684 381 1752 413 sue-

1002 427 1076 467 rint,
1097 438 1151 461 eos
1168 439 1225 472 pro
1242 430 1344 472 prium
1366 430 1448 470 rice,
1468 440 1532 473 qua
1552 429 1750 462 contrafece-

999 475 1081 512 srint,
1109 476 1254 518 ingressu
1281 479 1434 511 ‹fc-ctesias:
1461 478 1666 518 interdictos;
1691 488 1751 521 pro

1001 525 1155 565 secunda,
1173 536 1191 558 a
1208 538 1343 559 munere
1366 527 1540 569 pontiticali
1563 533 1593 560 ct
1608 527 1752 560 adivinis

1000 584 1189 617 suspensos;
1207 586 1245 607 ac
1265 576 1417 618 deinceps
1434 576 1500 619 ipso
1522 578 1604 609 sacto
1630 576 1750 619 absque

43 620 355 655 eamean-ui-medium
388 621 515 665 expedit
547 620 710 654 adhibere.
747 619 826 653 Cum
862 620 1062 661 igitur‚alia
1091 623 1325 664 declaratione,
1359 626 1654 659 ‹;=x‹;0111m11nic:1tos
1683 625 1749 658 exi-

1000 676 1105 712 stere;
1141 673 1303 715 regulares
1334 684 1407 706 vero
1448 675 1535 706 omni
1566 675 1672 707 officio
1714 684 1751 706 ac

1001 720 1179 754 ministerio
1197 722 1337 765 privatos
1360 723 1685 757 excommunicationi
1709 722 1751 756 si-

1001 769 1120 802 militer
1140 770 1319 803 subiacere.

1044 818 1058 860 §
1078 817 1109 851 -3.
1137 819 1205 851 Non
1231 819 1432 851 obstantibus
1452 820 1637 862 apostolicis
1659 831 1696 853 ac
1716 820 1748 853 in

999 867 1204 907 generalibus
1224 873 1253 899 et
1274 867 1527 911 provincialibus
1548 869 1693 901 conciliis
1715 879 1748 901 e-

999 915 1083 955 ditis,
1110 917 1316 955 generalibus
1334 917 1380 949 vel
1403 916 1609 959 specialibus,
1632 918 1749 950 consti-

1000 964 1177 997 tutionibus
1208 971 1238 997 et
1265 965 1543 1004 ordinationibus,
1576 966 1749 1008 privilegiis

999 1023 1138 1055 quoque,
1156 1013 1288 1046 indultis
1301 1019 1331 1046 et
1345 1014 1459 1046 litteris
1475 1014 1658 1057 apostolicis
1675 1015 1747 1057 qui-

999 1061 1105 1094 busvis
1120 1063 1263 1095 ecclesiis
1279 1073 1429 1096 earumve
1451 1063 1603 1106 praelatis
1620 1071 1672 1095 aut
1689 1064 1746 1096 Or-

999 1109 1139 1151 dinibus,
1160 1111 1191 1143 in
1207 1122 1324 1154 genere
1340 1111 1386 1144 rel
1405 1111 1437 1144 in
1458 1111 1576 1154 specie,
1599 1112 1658 1144 sub
1675 1112 1746 1154 rpu-

1790 834 1912 861 nerognto.

1763 867 1926 888 contrariorum.

204 1150 286 1183 lium
328 1150 546 1194 ingrediendi
577 1150 812 1183 concederetur
861 1149 957 1183 licen·
998 1158 1200 1202 huscumque
1225 1160 1390 1192 tenoribus
1416 1164 1446 1192 et
1471 1159 1594 1199 formis,
1617 1171 1653 1192 ae
1674 1171 1746 1192 cum

204 1203 262 1245 tia;
283 1213 302 1236 a
319 1203 472 1236 nonnulis
492 1203 670 1236 dubitatum
702 1203 799 1236 fuisse
819 1203 958 1236 sciamus
998 1208 1176 1252 quibusvis,
1199 1208 1294 1242 eiiam
1315 1208 1594 1250 derogatoriarum
1615 1208 1747 1247 deroga-

999 1257 1090 1289 toriis
1113 1257 1249 1300 aliisque
1274 1257 1483 1297 fortioribus,
1511 1256 1747 1290 efficacioribus

999 1305 1187 1345 etinsolitis,
1210 1306 1374 1344 clausulis,
1396 1316 1523 1338 necnon
1547 1305 1747 1337 irritantibus

999 1354 1146 1395 decretis,
1175 1355 1403 1398 quovismodo
1431 1353 1601 1392 concessis,
1628 1364 1746 1396 appro-

998 1401 1079 1435 batis
1098 1408 1126 1435 et
1149 1403 1317 1443 innovatis,
1340 1403 1434 1435 etiam
1456 1403 1480 1435 si
1498 1402 1559 1434 illis
1580 1408 1747 1435 careretur

999 1461 1146 1494 expresse
1173 1452 1261 1494 quod
1283 1462 1378 1484 nemo
1398 1451 1558 1491 interdici,
1592 1450 1744 1493 suspendi

998 1501 1046 1532 rel
1064 1501 1337 1533 excommunicari
1349 1506 1454 1545 posset
1472 1500 1744 1544 perlitterasapo-

999 1549 1126 1582 stolicas
1151 1560 1214 1582 non
1236 1550 1389 1582 facientes
1411 1549 1537 1592 plenam
1559 1555 1588 1581 et
1616 1558 1745 1591 expres-

999 1608 1064 1630 sam
1094 1599 1133 1631 de
1158 1598 1284 1631 indulto
1310 1598 1495 1631 huiusmodi
1528 1597 1742 1633 mentionem,

999 1647 1117 1690 quibus
1141 1658 1319 1691 eorumque
1331 1648 1403 1680 totis
1414 1647 1591 1685 tenoribus,
1603 1644 1744 1689 perinde

998 1706 1034 1728 ac
1050 1696 1120 1729 side
1132 1697 1229 1729 verbo
1245 1697 1283 1729 ad
1292 1696 1424 1729 verbum
1438 1695 1745 1737 insererenturprze-

998 1744 1151 1784 sentibus,
1180 1744 1360 1787 specialiter
1384 1751 1413 1777 et
1438 1755 1585 1788 expresse
1609 1744 1743 1783 deroga-

998 1803 1078 1832 mus,
1095 1794 1275 1836 ceterisque
1289 1793 1457 1826 contrariis
1469 1792 1739 1834 quibuscumque.

1041 1842 1056 1883 ,Ε
1074 1841 1106 1874 4.
1133 1841 1290 1880 Quoniam
1310 1852 1385 1874 vero
1406 1840 1534 1873 difficile
1555 1845 1637 1872 esset
1655 1844 1712 1872 etc.
1755 1842 1816 1864 Fides
1831 1847 1938 1866 ‹ramum-

1041 1891 1154 1923 Datum
1175 1891 1294 1923 Romae
1314 1890 1400 1934 apud
1420 1890 1572 1922 Sanctum
1597 1888 1740 1926 Petrum,
1756 1877 1846 1901 ⁹¹⁰¹¹¹¹¹²'

998 1939 1056 1971 sub
1076 1939 1389 1979 annuloPiscatoris‚
1402 1939 1453 1971 die
1470 1947 1544 1970 xxm
1563 1936 1743 1970 decembris

998 1997 1150 2028 iuanm,
1171 1988 1377 2031 pontificatus
1397 1987 1497 2019 nostri
1517 1996 1601 2018 anno
1620 1995 1651 2018 x.

999 2219 1177 2252 Ecclesiam,
1205 2219 1318 2251 Sancti
1347 2217 1474 2249 Nicolai.
1500 2217 1538 2249 cle
1567 2217 1744 2260 Praefectis

1043 2268 1080 2300 de
1103 2268 1184 2300 Urbe
1203 2269 1239 2300 dc
1255 2278 1333 2299 noro
1355 2268 1389 2299 [η
1406 2266 1627 2310 parochialem
1646 2277 1743 2310 prae-

1044 2317 1111 2359 ficit
1134 2316 1159 2348 ¹.

1045 2382 1190 2417 Gregorius
1213 2382 1354 2417 episcopus
1372 2388 1468 2410 servus
1486 2389 1626 2412 servorum
1644 2383 1700 2416 Dei,

1141 2432 1175 2459 ad
1190 2432 1351 2467 perpetuam
1369 2432 1410 2460 rei
1426 2432 1594 2462 memoriam.

1045 2489 1214 2522 Pastoralis
1231 2489 1326 2521 officii
1348 2499 1425 2522 cura
1441 2491 1544 2531 nobis,
1566 2491 1691 2524 meritis
1709 2490 1746 2522 li·
1786 2509 1904 2534 mmmm,

1003 2543 1053 2571 cet
1072 2537 1260 2580 imparibus,
1281 2548 1317 2570 ex
1339 2539 1402 2572 alto
1423 2540 1594 2574 commissa
1609 2551 1668 2573 nos
1693 2541 1747 2572 ad-

1041 2600 1102 2628 1Ex
1113 2600 1218 2629 Bullarv
1233 2600 1298 2629 Ord.
1310 2601 1448 2637 praedic,
1461 2606 1527 2631 tom.
1540 2609 1672 2639 vnnpag.
1683 2604 1743 2631 331.
