2059 3228
126 184 176 214 An.
191 184 223 216 C.'
240 189 306 218 1583

156 412 250 435 uniones
269 417 305 433 en·-

123 445 235 466 rlesiarum
260 444 305 464 dis-

121 476 242 496 «solvantur.

194 1643 306 1665 Clausulas

123 1675 237 1703 speciales.

210 2483 319 2507 nei-walin

140 2517 301 2535 enuntiationum.

367 177 430 210 ⁴212

323 243 432 271 tenore
455 236 624 276 similibus,
647 235 858 277 restituimus
884 236 1072 281 reponimus

321 297 349 324 ct
376 289 519 334 plenarie
544 289 790 331 reintegramus.

365 342 379 385 ξ
400 342 429 374 4.
454 341 585 374 Necnon
605 340 760 374 unionem
780 342 992 377 ecclesiarum
1014 354 1068 377 seu

321 395 541 438 suppetiarum
576 395 816 438 praedictarum
848 397 933 431 dicto
957 409 1069 434 mona-

319 448 415 482 sterio
436 449 627 481 Sanctorum
647 448 820 483 Salvatoris
840 456 870 484 et
888 450 1069 492 Romualdi,

319 507 354 534 ut
386 502 580 545 praefertur,
606 502 734 543 factam,
757 505 947 539 auctoritate
973 511 1004 539 et
1022 512 1069 539 te-

319 563 397 589 nore
425 555 585 589 similibus
608 556 705 590 etiam
736 564 894 602 perpetuo
927 559 1071 594 dissolvi-

318 618 400 649 mus,
430 608 577 652 illasque,
600 620 658 653 per
690 610 932 646 dissolutionem
956 614 1069 648 huius-

318 661 405 694 modi
420 668 579 704 vacantes,
595 662 698 697 eidem
710 666 970 700 nionasterioseu
983 668 1069 711 prio-

318 714 401 748 ratui
425 715 533 749 Sancti
553 716 688 759 Nicolai,
711 718 754 752 ita
773 719 860 763 quod
880 720 974 754 liceat
992 721 1070 760 dile-

317 767 462 802 ctisfiliis
482 769 569 803 illius
584 771 859 813 monachis‚nunc
871 778 901 807 et
914 783 972 818 pro
989 780 1070 808 tem-

317 831 396 865 pore
404 822 625 865 existentibus,
640 825 770 859 illarum
785 828 1001 871 corporalem,
1018 840 1069 862 re-

316 876 400 909 alem
416 881 447 910 et
458 878 615 911 actualem
637 880 885 923 possessionem,
902 892 961 926 per
974 893 1006 915 se
1022 884 1070 916 vel

315 929 417 963 alium
439 940 496 964 seu
515 931 607 973 aliOS,
631 944 744 967 eorum
765 945 802 968 ac
819 937 1070 970 monasteriiseu

316 983 479 1026 prioratus
499 984 605 1018 Sancti
620 986 743 1020 Nicolai
763 988 948 1022 huiusmodi
970 990 1072 1023 nomi-

316 1036 422 1078 nibus,
435 1039 567 1082 propria
578 1040 769 1075 auctoritate
778 1042 878 1076 libere
887 1044 1070 1087 apprehen-

317 1090 394 1124 dere
405 1096 436 1124 et
451 1098 608 1136 perpetuo
623 1093 774 1136 retinere,
791 1095 987 1140 illarumque
1003 1098 1070 1131 fru-

317 1149 398 1190 ctus,
420 1145 566 1179 redditus
586 1155 616 1180 et
650 1154 825 1191 proventus
854 1151 1021 1195 percipere
1042 1158 1072 1185 et

317 1198 435 1239 levare,
448 1209 485 1232 ae
505 1199 537 1233 in
561 1210 637 1234 suos
658 1207 687 1235 et
708 1202 784 1236 dicti
809 1204 993 1237 monasterii
1015 1216 1070 1238 seu

318 1251 480 1295 prioratus
504 1252 536 1286 S.
569 1253 691 1288 Nicolai
729 1266 806 1289 usus
837 1261 868 1290 et
901 1257 1071 1292 utilitatem

319 1311 517 1347 convertere,
548 1306 730 1341 dioecesani
764 1309 827 1342 loci
851 1311 900 1343 vel
934 1312 1072 1345 cuiusvis

319 1357 452 1392 alterius
470 1359 601 1394 licentia
614 1361 753 1407 desuper
766 1363 898 1398 minime
907 1366 1071 1409 requisita,

319 1412 510 1446 auctoritate
521 1419 553 1447 et
571 1419 683 1449 tenore
699 1416 881 1460 praedictis,
896 1418 991 1452 etiam
1004 1430 1073 1463 per-

320 1471 418 1510 petuo
438 1468 582 1509 unimus,
603 1470 807 1504 annectimus
827 1477 857 1505 et
882 1471 1072 1517 incorpora-

321 1531 405 1555 mus.

365 1575 380 1618 g
400 1575 431 1608 5.
462 1576 676 1612 Decernentes
715 1584 900 1622 praesentes
938 1581 1071 1624 litteras,

324 1628 436 1673 quovis
455 1634 635 1673 praetextu,
664 1631 759 1665 etiam
781 1643 818 1666 ex
838 1644 876 1667 eo
896 1635 983 1677 quod
997 1646 1073 1668 cau-

322 1693 384 1723 sae,
405 1688 538 1727 propter
557 1695 637 1728 quas
657 1692 860 1728 emanarunt,
895 1698 1004 1722 coram
1029 1690 1075 1729 10-

323 1745 435 1768 corum
456 1736 629 1770 ordinariis
641 1738 689 1771 vel
703 1738 785 1779 aliis,
799 1739 895 1772 etiam
909 1746 1072 1786 tamquam

322 1788 412 1822 Sedis
432 1790 635 1833 Apostolicae
655 1791 817 1835 delegatis,
829 1794 1027 1828 examinatae
1043 1802 1074 1829 et

324 1842 518 1884 verita-atae,
540 1842 761 1888 intel-esseque
780 1845 935 1880 habentes
954 1848 992 1882 ad
1014 1849 1075 1883 hoc

323 1896 425 1930 vocati
448 1907 513 1930 nou
535 1898 667 1938 fuerint,
694 1908 800 1942 neque
821 1910 935 1933 eorum
966 1912 1075 1936 acces-

327 1949 404 1983 serit
423 1960 583 1991 assensus,
606 1952 646 1985 de
666 1952 884 1997 subreptionis
898 1955 947 1988 vel
959 1955 1076 2000 obrep-

327 2003 423 2037 tionis
443 2010 499 2037 aut
518 2005 674 2039 nullitatis
694 2006 768 2039 vitio
800 2017 856 2040 seu
890 2007 1078 2043 intentionis

327 2062 455 2090 nostrae
479 2058 528 2090 vel
564 2059 627 2092 alio
659 2060 772 2103 quovis
808 2060 935 2094 delectu
958 2063 1075 2103 notari,

329 2111 527 2154 impugnari,
541 2118 595 2145 aut
609 2113 761 2147 adversus
777 2124 832 2151 eos
849 2115 1078 2159 quodcumque

330 2163 422 2205 iuris,
444 2165 518 2198 sacti
542 2166 590 2198 vel
611 2167 732 2210 gratiae
764 2168 944 2201 remedium
974 2169 1078 2212 impe-

332 2218 408 2250 trari
429 2219 615 2252 nullatenus
635 2231 745 2264 possc3
767 2232 804 2254 ac
824 2232 862 2254 ex
885 2232 973 2255 nunc
1005 2222 1079 2256 irri-

332 2275 399 2303 tum
420 2277 449 2304 et
466 2272 573 2313 inane,
596 2273 621 2306 si
641 2284 733 2307 scens
770 2285 868 2319 super
887 2275 937 2308 his
955 2286 974 2308 a
997 2285 1080 2319 quo-

333 2334 442 2366 quam,
482 2326 594 2368 quavis
631 2328 835 2369 auctoritate,
872 2327 1010 2362 scienter
1033 2330 1081 2362 vel

335 2376 530 2420 ignoranter,
554 2380 724 2424 contIg‘erit
744 2382 905 2414 attentari.

380 2426 394 2468 ἓ
416 2426 445 2459 6.
473 2427 543 2460 Νοη
580 2429 782 2468 obstantibus
820 2430 1014 2474 praemissi&
1046 2443 1083 2465 ac

336 2475 496 2509 voluntate
504 2482 613 2510 nostra
624 2479 800 2521 praedicta;
815 2491 851 2513 ac
863 2480 1084 2514 Laterancnsis

337 2523 464 2557 concilii
485 2526 655 2560 novissime
675 2528 838 2569 celebrati,
865 2529 999 2563 uniones
1011 2540 1083 2573 per-

337 2578 462 2616 petuas,
489 2573 549 2607 nisi
577 2574 610 2608 in
630 2576 757 2610 casibus
777 2588 795 2611 a
816 2579 885 2612 iure
920 2577 1084 2622 permissis

914 183 1092 208 mummium
1115 182 1265 208 nomnen

1101 1791 1311 1825 *annexiones
1335 1799 1365 1825 et
1384 1792 1661 1836 incorporationes
1670 1792 1862 1837 praedictas,

1101 1900 1273 1944 ‚cappellis
1304 1900 1488 1933 nullatenus
1522 1899 1700 1941 minuatur,
1729 1901 1784 1934 sed
1814 1911 1866 1935 ea-

1112 235 1182 268 fieri
1203 235 1417 279 prohibentis,
1429 235 1567 279 aliisque
1576 235 1859 270 constitutionibus

1111 294 1142 321 et.
1165 287 1425 322 ordinationibus
1448 289 1642 332 apostolicis;
1662 299 1788 323 necnon
1802 289 1859 323 Or-

1111 341 1194 375 dinis
1214 348 1245 375 et
1265 341 1523 385 congregationis
1543 343 1794 387 praedictorum,
1811 344 1859 376 iu-

1111 401 1270 435 ramento,
1313 396 1558 430 confirmatione
1597 396 1772 440 apostolica
1810 397 1858 431 vel

1111 448 1222 492 quavis
1242 448 1393 482 firmitate
1413 448 1475 482 alia
1494 449 1662 490 roboratis,
1687 450 1811 484 statutis
1829 457 1860 486 et

1112 500 1417 541 consuetudinibus
1443 502 1620 546 privilegiis
1644 513 1786 547 quoque,
1808 504 1858 537 in-

1111 555 1208 588 dultis
1220 561 1250 589 et
1263 555 1377 588 litteris
1387 556 1585 600 apostolicis,
1601 556 1664 590 illis
1679 567 1859 602 eorumque

1111 609 1252 652 generali
1272 615 1303 643 et
1327 609 1397 642 aliis
1417 609 1596 651 abbatibus,
1622 610 1873 652 diffinitoribus,.

1111 663 1340 704 visitatoribus,
1357 664 1568 698 conventibus
1578 665 1778 708 etpersonis,
1799 665 1858 699 suh

1111 716 1372 761 quibuscumque
1406 717 1572 752 tenoribus
1601 724 1632 752 et
1662 719 1784 761 formis,
1822 730 1859 753 ac

1111 781 1186 804 cum
1204 771 1382 815 quibusvis,
1399 771 1495 805 etiam
1511 772 1791 816 derogatoriarum
1806 773 1860 807 dc-

1111 824 1280 868 rogatoriis
1297 825 1434 869 aliisque
1470 825 1705 859 efficacioribus
1722 832 1753 860 et
1771 827 1859 860 inso-

1111 878 1186 919 litis,
1208 878 1372 919 clausulis,
1386 889 1513 913 necnon
1529 879 1730 914 irritantibus
1744 885 1775 914 et
1789 880 1859 914 aliis

1112 932 1261 973 decretis,
1286 933 1320 966 in
1349 943 1468 977 genere
1487 934 1535 967 vel
1562 934 1595 967 in
1623 934 1741 978 specie,
1763 934 1859 968 etiam

1112 990 1202 1019 motu
1228 986 1360 1030 proprio
1381 992 1412 1020 et
1431 997 1467 1020 ex
1488 992 1575 1020 certa
1601 987 1736 1021 scientia
1758 999 1796 1022 ac
1819 988 1861 1022 de

1112 1039 1275 1082 potestatis
1299 1039 1512 1084 plenitudine,
1539 1040 1634 1074 etiam
1659 1041 1861 1076 consistoria-

1112 1092 1196 1134 liter,
1219 1093 1392 1134 concessis,
1413 1104 1451 1128 ac
1471 1094 1566 1127 etiarn
1587 1094 1709 1138 pluries
1741 1105 1860 1140 appro-
1911 1107 1913 1109 ’

1111 1146 1193 1179 batis
1207 1146 1419 1181 etinnovatis.
1441 1141 1564 1186 Quibus
1581 1149 1746 1190 omnibuS,
1763 1149 1860 1183 etiam

1112 1200 1137 1233 si
1157 1200 1196 1233 de
1216 1200 1280 1234 illis
1300 1211 1481 1244 eorumque
1501 1201 1576 1234 totis
1600 1202 1766 1236 tenoribus
1786 1213 1860 1247 spe-

1113 1253 1215 1293 cialis,
1235 1254 1397 1298 specifica,
1419 1265 1567 1299 expressa
1591 1260 1622 1288 et
1640 1255 1803 1290 individua
1822 1267 1860 1290 ae

1113 1307 1151 1340 de
1171 1308 1268 1340 verbo
1285 1308 1323 1341 ad
1340 1308 1486 1349 verbum,
1503 1318 1568 1342 non
1579 1315 1687 1342 autem
1697 1320 1758 1354 per
1773 1310 1860 1343 clau-

1114 1362 1198 1395 sulas
1214 1362 1381 1405 generales
1401 1362 1487 1395 idem
1507 1362 1728 1406 importantes,
1740 1364 1860 1397 mentio

1113 1421 1168 1448 aut
1192 1415 1321 1459 quaevis
1340 1415 1402 1448 alia
1433 1416 1594 1459 expressio
1614 1416 1773 1459 habenda,
1803 1428 1860 1451 seu

1114 1470 1222 1513 aliqua
1242 1469 1304 1502 alia
1331 1469 1487 1512 exquisita
1513 1469 1616 1503 forma
1640 1470 1680 1503 ad
1706 1471 1769 1504 hoc
1792 1481 1859 1504 ser-

1113 1524 1215 1557 vanda
1235 1523 1328 1563 soret,
1351 1522 1414 1556 illis
1427 1523 1504 1556 alias
1523 1524 1555 1557 in
1573 1535 1631 1558 suo
1651 1524 1767 1558 robore
1788 1535 1861 1568 per-

1115 1576 1287 1618 mansuris,
1309 1577 1370 1610 hac
1390 1577 1456 1610 vice
1477 1577 1652 1618 dumtaxat,
1681 1577 1862 1622 specialiter

1115 1635 1145 1664 et
1163 1640 1312 1675 expresse
1337 1631 1542 1674 derogamus
1569 1631 1751 1676 ceterisque
1782 1643 1860 1666 con-

1116 1684 1221 1717 trariis
1250 1685 1522 1728 quibuseumque.
1564 1685 1718 1719 Volumus
1754 1691 1862 1720 autem

1115 1738 1211 1782 quod,
1226 1743 1356 1782 propter
1367 1739 1561 1782 posteriores
1576 1745 1701 1772 nostras
1713 1739 1860 1782 uniones,

1116 1846 1242 1879 divinus
1280 1846 1385 1880 cultus
1415 1846 1449 1879 in
1479 1846 1599 1880 eisdem
1634 1847 1778 1881 eeclesiis
1807 1857 1865 1882 seu

1119 1965 1190 1986 rum
1220 1962 1363 1997 congrue
1391 1958 1622 1998 supportentur
1653 1965 1753 1988 onera
1786 1965 1864 1989 con-

1119 2013 1221 2040 sueta.

1163 2061 1177 2102 §
1203 2061 1233 2093 7.
1256 2060 1341 2093 Nulli
1362 2070 1443 2103 ergo,
1472 2061 1606 2094 omnino
1635 2061 1804 2095 hominum
1831 2061 1867 2095 li·
1917 2093 1922 2106 ,

1120 2120 1190 2147 ceat.
1209 2115 1292 2147 lianc
1312 2114 1461 2158 paginam
1487 2120 1616 2148 nostrae
1641 2115 1865 2157 absolutionis,
1917 2108 1923 2115 ⁴

1120 2167 1358 2208 disiunctionis,
1395 2168 1701 2209 dismembrationis,
1737 2179 1868 2213 separa-

1123 2221 1227 2261 tionis,
1251 2221 1473 2259 restitutionis,
1495 2221 1711 2266 repositionis,
1749 2222 1868 2256 reinte-

1121 2275 1287 2318 grationis,
1315 2275 1455 2316 unionis,
1488 2275 1686 2316 annexionis,
1719 2275 1870 2320 incorpo-

1123 2328 1266 2368 rationis,
1289 2328 1421 2369 dccreti,
1441 2328 1657 2372 derogationis
1676 2333 1708 2362 et
1725 2329 1870 2362 volunta-

1125 2382 1163 2414 tis
1184 2381 1374 2424 intringere,
1397 2381 1422 2414 si
1443 2382 1515 2424 quis
1538 2387 1645 2415 autem
1675 2382 1737 2415 hoc
1765 2387 1868 2415 atten-

1125 2437 1190 2464 tare
1213 2431 1475 2474 praesumpserit,
1494 2431 1746 2474 indignationem
1763 2430 1869 2464 omni-

1126 2479 1264 2523 potentis
1293 2479 1347 2513 Dei
1371 2490 1408 2512 ae
1428 2480 1596 2514 beatorum
1616 2479 1699 2512 Petri
1725 2486 1755 2512 et
1780 2479 1869 2512 Pauli

1125 2530 1345 2573 apestolorum
1360 2529 1430 2563 eius
1443 2540 1475 2563 se
1491 2529 1614 2563 noverit
1630 2529 1849 2562 incursurum.

1172 2579 1282 2611 Datum
1304 2578 1423 2612 Romae
1442 2578 1528 2622 apud
1549 2578 1701 2612 Sanctum
1725 2577 1868 2618 Petrum,
