2059 3228
105 233 157 263 Αιι,
175 227 202 258 C.
218 229 286 258 1575

143 509 284 533 mgistratum

103 540 187 562 Ordinis
205 539 285 559 Saban-

104 572 151 593 diae
160 570 246 592 ducibus
255 575 285 589 as-

103 603 214 628 slguatum,

103 634 172 654 omnia
182 634 206 653 ad
221 632 284 653 Ordi-

103 670 151 685 neiu
165 664 233 690 ipsum
244 669 284 682 uv-

102 695 199 715 eessaria
223 699 284 720 prae-

103 726 179 746 standa
193 729 285 746 eonces-

344 219 406 253 3¹1ss

301 281 488 324 fructusque
513 285 539 312 et
567 284 741 323 proventus
761 278 793 312 in
811 288 885 312 suos
901 284 932 312 et
946 279 1049 312 dictae

301 332 435 366 militiae
465 343 542 365 usus
581 337 611 364 et
643 330 816 365 utilitatem
847 336 1046 373 convertere,

301 386 439 421 cuiusvis
462 385 592 419 licentia
617 384 749 418 minime
773 385 937 428 requisita.
985 401 993 406 a

344 440 359 483 ἓ
377 439 409 472 2.
432 439 469 472 Et
488 438 701 472 nihilominus
722 438 941 482 magistratum
959 449 1051 482 prae-

300 493 421 526 dictum
442 492 483 525 ab
517 492 586 526 eius
611 492 776 536 primaeva
799 492 962 525 erectione
997 503 1050 524 va-

301 551 439 587 cantem,
466 556 542 579 eum
567 545 719 579 omnibus
750 545 876 579 iuribus
896 551 927 578 et
951 545 1051 589 perti-

301 599 417 633 nentiis
448 599 528 639 suis,
554 598 719 643 praedicto
736 598 1051 631 EmmanueliPliili-

300 654 392 687 berto
422 652 495 686 duci
521 653 656 695 eiusque
687 652 926 686 successoribus
950 651 1052 685 omni-

300 707 360 740 bus
384 706 566 740 Sabaudiae
591 706 740 746 ducibus,
766 706 821 750 qui
845 706 968 750 pariter
983 716 1051 738 ma-

300 760 354 804 gni
379 760 523 803 magistri
549 764 665 801 essent,
692 759 725 792 in
749 765 944 803 perpetuum
974 769 1052 792 eon-

302 813 458 848 cessimus
482 818 512 847 et
540 812 786 856 assignavimus;
814 811 892 856 ipsis
924 817 1051 856 praete-

301 878 356 901 rea
380 872 537 901 eteorum
556 867 691 910 singulis
710 866 845 899 liberam
867 866 1052 899 facultatem

301 921 476 954 tribuimus
494 926 542 962 u-t,
564 927 641 963 quot
663 920 727 953 illis
745 920 799 953 visi
825 920 942 960 forent,
965 918 1051 951 mili-

301 981 348 1008 tes
368 975 493 1008 nobiles
517 979 573 1008 aut
596 974 716 1019 optima
749 973 867 1006 virtute
892 973 1050 1016 cognitos,

302 1029 349 1061 vel
369 1028 451 1062 alios
475 1039 535 1072 pro
560 1038 673 1061 eorum
699 1026 834 1060 arbitrio
858 1027 907 1059 vel
934 1031 1053 1059 statuto

304 1082 517 1127 qualificatos,
544 1094 581 1116 ex
601 1081 752 1114 omnihus
775 1080 969 1121 nationibus,
982 1085 1054 1124 post

303 1137 418 1169 tactam
456 1136 496 1169 ab
534 1135 622 1180 ipsis,
659 1135 747 1167 iuxta
776 1135 914 1167 sormam
938 1133 1053 1166 litteris

303 1190 422 1223 nostris
445 1190 641 1230 adnotatam,
669 1187 847 1222 catholicae
875 1187 951 1220 fidei
977 1197 1053 1231 pro-

305 1243 488 1284 fessionem,
514 1243 554 1276 ad
571 1241 719 1275 habitum
736 1246 766 1274 et
785 1242 969 1284 regularem
980 1251 1055 1284 pro-

306 1296 474 1330 fessionem
499 1296 682 1336 admittere,
708 1305 744 1328 ac
758 1295 853 1328 etiam
874 1294 907 1327 in
922 1294 1055 1338 quihus-

307 1361 445 1394 cumque
470 1349 582 1383 mundi
603 1349 749 1394 partibus
774 1348 1053 1392 prioratuffibaiu-

306 1404 430 1444 livatus,
468 1403 709 1448 praeceptorias
743 1407 774 1435 et
811 1402 872 1435 alia
896 1401 1055 1435 beneficia

307 1458 409 1491 dictae
433 1458 568 1490 militiae
594 1457 730 1500 erigere,
751 1455 884 1499 eiusque
910 1455 955 1489 sic
984 1466 1054 1488 ere-

307 1511 365 1544 ctis
387 1511 623 1556 patrimonialia
645 1510 811 1544 etlaicalia
829 1509 913 1542 bona
927 1519 1053 1550 corum,

307 1565 363 1609 qui
384 1565 440 1598 illa
468 1565 653 1608 relinquere
677 1563 862 1605 voluissent,
889 1563 973 1596 dotis
996 1573 1055 1596 no-

307 1618 395 1651 mine
429 1618 605 1661 assignare.
631 1618 892 1661 Iuspatronatum
905 1616 1055 1649 fundato-

307 1672 398 1706 ribus
415 1683 471 1706 seu
497 1672 703 1710 dotatoribus
727 1671 759 1704 id
792 1671 975 1714 petentibus
1003 1680 1056 1702 va-

307 1726 372 1759 lide
396 1737 570 1767 reservare,
597 1725 683 1770 quod
700 1725 745 1758 sic
758 1731 952 1758 reservatum
971 1724 1055 1756 idem

309 1780 409 1813 robur
427 1780 643 1823 eamdemque
663 1779 727 1812 vim
753 1784 784 1812 et
804 1777 980 1811 efficaciam
999 1778 1057 1810 ob-

310 1833 436 1873 tineret,
452 1844 547 1877 quam
568 1832 702 1865 liaberet
721 1831 745 1864 si
771 1842 788 1864 a
812 1831 905 1864 nohis
926 1841 1057 1864 eonces-

310 1898 380 1919 sum
409 1888 529 1920 suisset.
557 1886 688 1919 Necnon
702 1885 883 1930 provincias
904 1890 934 1918 et
954 1883 1057 1917 natio-

309 1951 366 1973 ws
385 1939 538 1981 dividere,
561 1945 591 1973 et
616 1951 652 1973 ex
671 1938 833 1982 erigendis
853 1938 956 1971 dictae
977 1937 1060 1970 mili-

309 1992 560 2035 tiaeheneficiis,
580 2003 663 2037 quae
676 1992 849 2036 prioratus,
871 2002 953 2035 quae
968 2002 1060 2035 prae-

310 2058 355 2090 ce,
373 2047 484 2088 toriae,
521 2057 603 2090 quae
637 2045 804 2089 superiora
827 2045 877 2078 vel
907 2044 1060 2077 inferiora

309 2101 357 2134 bc.
397 2100 467 2133 ticia
497 2111 583 2140 esse,
611 2110 714 2143 eaque
739 2104 769 2132 et
793 2109 904 2132 eorum
935 2098 1061 2141 singula

310 2166 374 2197 quU
419 2154 539 2187 tructus
563 2154 700 2194 haherc3
727 2158 757 2186 et
780 2157 844 2185 tarn
866 2152 935 2195 ipsa
962 2162 1061 2195 quam

311 2207 366 2240 illa
391 2219 408 2239 o
436 2207 571 2240 tinentes
604 2217 687 2250 quae
721 2216 820 2239 onera
855 2211 1059 2249 supportare;

313 2261 352 2293 ad
372 2261 424 2293 itti.
444 2271 574 2305 quoque
599 2259 789 2293 admittendi
814 2259 932 2303 quibus
956 2258 1061 2302 quali-

316 2314 431 2347 tatibus
449 2314 572 2348 suffulti
600 2320 632 2348 et
656 2314 775 2358 quibus
807 2313 933 2356 legibus
957 2312 1063 2346 subia-

316 2379 387 2401 cerc
407 2368 572 2408 deberent,
596 2368 723 2411 aliaque
748 2368 786 2400 ad
807 2378 909 2400 usum,
931 2366 1063 2399 militiae

315 2416 410 2449 huin.s
433 2417 614 2451 necessaria
639 2417 813 2450 decernere
834 2422 866 2450 ct
885 2416 1061 2455 deelararoe

891 226 1069 251 mummium
1094 226 1244 250 ROMANUM

1091 277 1237 311 ordinata
1276 278 1399 315 forent,
1433 278 1701 323 quotiescumque
1735 279 1840 312 visum

1091 329 1214 372 suisset,
1240 340 1300 374 pro
1325 340 1439 363 eorum
1464 329 1597 363 arbitrio
1622 337 1653 363 et
1676 332 1842 365 voluntate

1092 383 1310 427 interpretari,
1346 388 1485 424 mutare,
1511 383 1660 424 alterare,
1685 384 1842 426 limitare,

1092 437 1267 479 corrigere,
1290 447 1346 470 seu
1371 437 1404 470 in
1429 436 1596 470 meliorem
1624 437 1761 470 formam
1791 447 1842 472 re-

1092 490 1223 531 ducere,
1246 495 1302 523 aut
1325 490 1358 523 in
1384 495 1488 523 totum
1509 490 1627 532 delere,
1651 490 1778 535 aliaque
1801 491 1842 525 de

1092 554 1174 576 novo
1199 543 1307 585 edere,
1335 548 1366 576 et
1385 554 1608 588 quascumque
1631 553 1752 588 poenas
1784 554 1842 589 ap-

1093 607 1225 640 ponere,
1249 601 1279 630 et
1299 597 1338 629 ad
1363 597 1493 630 illorum
1519 597 1740 631 executionem
1764 607 1842 642 pro-

1093 650 1209 684 cedere
1228 651 1384 684 valerent.

1137 705 1151 748 ἓ
1172 704 1204 737 3.
1226 704 1339 737 Postea
1354 710 1475 747 autem,
1498 705 1740 739 considerantes
1750 704 1842 738 istam

1093 811 1159 845 ritii
1180 823 1313 855 magnos
1333 813 1458 846 fruetus
1471 840 1478 854 ,
1500 813 1556 846 tali
1576 814 1766 857 praesertim
1783 812 1844 846 du-

1094 871 1181 899 ctore
1216 872 1312 909 atque
1350 866 1515 910 magistro,
1551 866 1627 900 fidei
1665 866 1845 900 catholicae

1094 930 1162 952 esse
1185 919 1368 961 allaturam,
1390 920 1445 953 sed
1470 920 1571 954 multo
1591 925 1701 954 tamen
1712 919 1844 954 uberio-

1093 982 1156 1012 res,
1183 972 1208 1005 si
1232 972 1303 1006 aliis
1326 972 1497 1006 fulciretur
1521 978 1552 1006 et
1583 973 1767 1007 muniretur
1791 973 1847 1008 ad-

1094 1026 1246 1059 iumentis
1280 1032 1310 1059 et
1335 1027 1474 1067 auxiliis3
1509 1038 1545 1060 ae
1570 1032 1742 1071 propterea
1775 1030 1850 1074 cer-'b

1073 1118 1075 1121 Ι
1095 1085 1208 1113 nentes
1237 1079 1383 1113 militiam
1409 1080 1578 1124 hospitalis
1602 1081 1713 1114 Sancti
1737 1080 1847 1115 Lazari

1094 1133 1387 1177 Hierosolymitani‚
1414 1134 1473 1166 suh
1502 1134 1624 1177 Regula
1648 1133 1758 1168 Sancti
1780 1128 1850 1168 Au-³

1095 1186 1227 1230 gustini,
1256 1186 1320 1219 iam
1351 1186 1475 1230 pridem
1507 1187 1651 1231 magistri
1689 1187 1847 1231 regimine

1095 1240 1292 1281 destitutam,
1308 1241 1449 1274 nobilem
1464 1241 1596 1284 quidem
1616 1247 1648 1274 et
1664 1241 1844 1286 antiquam,

1095 1294 1149 1326 sed
1174 1294 1243 1337 ipsa
1262 1299 1419 1327 vetustate
1448 1305 1485 1327 ac
1515 1299 1701 1339 temporum
1729 1294 1848 1328 iniuria

1095 1348 1185 1381 valde
1205 1347 1363 1381 deiectam
1389 1352 1419 1380 et
1444 1348 1626 1392 prolapsam
1652 1359 1736 1389 esse,
1762 1347 1847 1392 opti·
1892 1362 1893 1365 ¹
1928 1366 1930 1368 -

1096 1412 1185 1434 mum
1217 1401 1312 1434 nobis
1339 1401 1443 1434 visum
1473 1406 1521 1435 est
1545 1401 1570 1435 si
1591 1401 1675 1435 hanc
1705 1406 1847 1450 vei-erem

1095 1453 1141 1487 illi
1162 1465 1264 1488 novae
1294 1459 1325 1488 et
1351 1465 1464 1488 recens
1488 1455 1632 1488 nascenti
1652 1454 1847 1503 adiungere-¹

1096 1519 1179 1549 mus,
1197 1513 1244 1549 ut,
1271 1509 1358 1552 quod
1383 1519 1447 1542 una
1467 1508 1500 1541 in
1520 1509 1590 1553 ipso
1615 1508 1708 1542 initio
1731 1519 1791 1553 per
1813 1518 1848 1543 se

1096 1572 1192 1605 agere
1216 1562 1358 1606 perfecte
1383 1573 1448 1595 non
1482 1567 1600 1606 posset,
1627 1562 1760 1596 alterius
1789 1562 1848 1596 ad-

1097 1615 1163 1648 iuta
1183 1615 1313 1656 auxilio,
1335 1621 1364 1649 et
1387 1615 1507 1648 viribus
1532 1615 1713 1658 geminatis,
1734 1615 1849 1649 fortior

1098 1674 1181 1702 esset
1204 1669 1243 1702 ad
1268 1669 1549 1713 agendum‚atque
1570 1669 1666 1702 citius
1680 1675 1711 1703 et
1723 1660 1852 1702 facilius

1098 1729 1224 1766 optatos
1257 1723 1412 1756 ecelesiae
1441 1723 1496 1755 Dei
1522 1729 1553 1756 et
1576 1722 1751 1756 christiano
1788 1733 1848 1767 po-

1099 1778 1177 1820 pulo
1202 1777 1326 1810 fructus
1350 1778 1465 1810 ass'erre
1497 1781 1627 1821 posset;
1653 1776 1685 1809 id
1708 1786 1784 1810 vero
1801 1776 1849 1809 sa-

1099 1840 1172 1863 cere
1189 1829 1386 1863 instituimus
1402 1840 1477 1864 cum
1498 1840 1535 1863 eo
1556 1830 1642 1873 quod
1658 1828 1850 1863 Emmanuel

1099 1883 1295 1917 philibertus
1315 1889 1345 1917 et
1368 1894 1428 1927 pro
1452 1889 1598 1928 tempore
1622 1884 1759 1917 existens
1788 1883 1852 1917 dux

1100 1943 1132 1970 et
1151 1937 1304 1980 magister
1316 1937 1511 1981 praedictus,
1535 1937 1724 1970 annexionis
1742 1937 1852 1970 huius-

1102 1991 1189 2024 modi
1210 1991 1347 2032 ratione,
1369 1991 1449 2024 duas
1473 1990 1621 2024 triremes
1645 1990 1740 2024 dictis
1764 1990 1851 2023 mili-

1100 2045 1185 2077 tibus
1219 2045 1403 2086 instruetas,
1437 2055 1495 2088 pro
1530 2044 1620 2078 Sedis
1650 2043 1852 2088 Apostolieae

1102 2098 1301 2140 defensione,
1328 2104 1440 2131 contra
1469 2098 1658 2140 liaeretiCOS,
1692 2097 1850 2138 infideles,

1103 2151 1223 2196 piratas
1245 2157 1274 2185 et
1292 2162 1516 2196 quoscumque.
1541 2152 1620 2185 alios
1644 2151 1713 2185 eius
1731 2151 1849 2191 hostes,

1104 2206 1257 2238 continue
1292 2206 1329 2238 ile
1360 2216 1419 2238 suo
1459 2210 1669 2238 manutenere
1707 2205 1849 2238 deberet.

1103 2258 1219 2299 Quare,
1243 2263 1330 2291 motu
1356 2258 1489 2302 proprio
1510 2264 1541 2291 et
1560 2268 1598 2290 cx
1622 2262 1709 2291 certa
1719 2256 1853 2291 seientia

1104 2319 1225 2353 nostra,
1248 2313 1352 2356 deque
1377 2311 1574 2356 apostolicae
1594 2310 1760 2355 potestatis
1782 2310 1852 2355 ple-

1105 2366 1263 2407 nitudiue,
1285 2366 1431 2398 militiam
1452 2365 1561 2399 Sancti
1582 2363 1689 2397 Lazari
1708 2363 1852 2408 praedie-

1105 2421 1182 2457 tam,
1205 2426 1278 2448 cum
1304 2415 1390 2448 illius
1424 2414 1613 2457 magistratu
1637 2425 1674 2446 ac
1704 2412 1853 2447 omnibus

1881 712 1949 736 Cum
1990 712 2000 732 -“
2037 714 2039 722 '

1093 757 1138 791 sic
1155 758 1194 791 de
1214 769 1294 791 novo
1311 764 1450 792 erectam
1468 759 1616 792 militiam
1636 758 1744 793 Sancti
1755 759 1843 792 Mau·
1856 745 1984 803 Ξῖζῗζὲῗῗ,
2002 760 2038 793 ᾗ»

1854 807 1993 828 mentionem·
2002 795 2035 830 ss*

316 2470 410 2507 atque
432 2471 494 2498 tam
521 2466 559 2499 de
584 2465 758 2509 praedictis
783 2475 879 2508 quam
901 2465 973 2498 aliis
990 2464 1063 2507 qui-
1106 2470 1137 2497 et
1157 2464 1417 2508 quibuscumque
1438 2463 1524 2496 illius
1537 2463 1744 2507 prioratibus,
1763 2471 1841 2506 prae

315 2513 517 2557 bum-uiuunt}
539 2516 634 2547 rebus
655 2520 686 2547 et
706 2514 844 2557 negotiis
864 2513 1065 2547 occurrenti·
1107 2513 1270 2557 ceptoriis‚
1302 2512 1516 2556 hospitalibus
1540 2517 1571 2545 et
1595 2511 1665 2544 aliis
1688 2509 1853 2544 benefieiis

315 2561 376 2595 bus
400 2573 624 2606 quaecumque
650 2570 766 2597 statuta
787 2563 938 2604 condere,
961 2563 1065 2595 facere
1106 2562 1320 2605 regularibuS,
1348 2571 1527 2604 eorumque
1562 2558 1727 2600 membris,
1756 2568 1853 2602 gran-

317 2616 348 2645 et
367 2610 528 2653 ordinare,
552 2612 684 2655 illaque,
701 2619 870 2656 postquam
893 2611 1020 2646 condita
1037 2617 1065 2645 ct
1084 2630 1091 2663 ι
1107 2611 1179 2656 giis,
1202 2610 1332 2653 castri&
1346 2609 1439 2652 villis,
1460 2608 1620 2651 domibus,
1646 2606 1854 2653 possessioni-
