2059 3228
41 234 95 264 h-
105 233 136 263 G.
154 233 219 262 t573

64 744 161 771 haum
168 746 228 766 eluu-

39 772 94 794 ΒΗ·
104 777 229 798 μυωπι-

39 799 171 826 ωσι-ηις

29 1402 43 1413 1

71 1405 184 1428 nmmum
197 1408 229 1428 ir-

40 1432 109 1456 flm-
120 1434 217 1460 npponlt.

59 1938 155 1960 Bteem

42 1965 70 1986 de

834 239 1011 264 GREGotttUS
1030 239 1084 262 xitt
1105 240 1153 262 t‘t‘.

239 306 373 340 quorum
406 296 549 332 interest,

235 350 352 395 poterit.
387 349 620 392 quomodolibet
660 349 691 380 in
716 348 875 387 futurum,
901 356 978 388 quo-

236 403 343 435 minus
385 401 557 446 praemissa
598 401 693 433 libere
733 399 799 431 lieri
840 397 977 441 possint,

236 467 294 500 pet·
315 467 347 489 se
365 455 518 488 velationi
533 465 586 486 scu
604 454 690 493 alios,
708 451 852 496 pttbblice
865 451 912 483 vel
927 462 978 482 oc-

235 511 326 549 cutte,
343 509 459 542 directer
486 509 530 540 vet
556 507 717 545 indirecte,
742 504 833 537 tacite
859 504 904 536 vel
928 514 978 536 cx-

236 575 352 609 presse,
367 563 477 607 quoris
502 561 643 605 quaesito
657 560 758 592 colore
777 559 821 590 vel
840 556 976 599 ingenio,

236 617 390 661 impedire
415 617 550 649 audeant
576 615 621 646 rel
647 615 856 655 praesumant.

279 670 295 713 ᾗ
317 671 346 703 5.
373 670 579 701 Decernentcs
596 676 719 709 quoque
738 668 917 707 praesentes
930 662 977 694 lit-

237 728 321 757 teras
353 724 438 756 nullo
469 730 617 764 umquam
645 724 783 761 tempore
808 717 845 749 de
870 716 978 748 subre-

237 777 354 822 ptionis
368 781 421 809 aut
435 773 630 817 obreptionis
641 771 714 803 vitio
728 776 779 803 aut
795 769 978 802 intentionis

237 835 364 862 nostrae
387 829 434 862 vel
458 827 606 870 quopiam
632 825 692 857 alio
720 824 858 863 defectu,
883 823 977 855 ctiam

235 894 272 919 ex
295 893 332 916 eo
356 881 440 925 quod
463 881 613 912 interesse
637 878 788 910 babentes
801 875 899 908 vocati
916 885 977 907 non

235 935 364 975 fuerint,
390 933 503 972 notari,
528 930 722 975 impugnari,
747 928 922 967 invalidari,
939 927 977 959 ad

236 987 388 1021 terminos
420 986 498 1019 iuris
529 984 637 1017 reduci
671 984 847 1015 nullatenus
871 992 977 1025 posse,

235 1041 403 1083 minusque
427 1039 485 1072 sub
506 1037 670 1081 quibusvis
687 1036 837 1068 similium
856 1035 901 1067 vel
918 1034 978 1066 dis-

235 1093 387 1128 similium
419 1091 593 1135 gratiarum
619 1089 872 1122 revocationibus
895 1098 979 1119 com-

234 1145 401 1190 prehendi,
415 1145 470 1178 sed
495 1154 619 1186 semper
643 1142 682 1174 ab
707 1141 766 1173 illis
783 1145 935 1183 exceptas,
949 1144 977 1171 et

235 1199 361 1243 quoties
383 1198 453 1231 illae
477 1196 680 1235 emanabant,
706 1194 797 1226 toties
825 1193 858 1224 in
876 1191 979 1235 pristi-

235 1261 312 1285 num
326 1255 442 1284 statum
456 1249 617 1283 restitutas
629 1253 657 1280 et
673 1248 709 1280 de
724 1257 804 1279 novo
817 1252 981 1277 concessas

235 1315 314 1339 esse.

282 1358 297 1401 ἓ
320 1357 349 1391 6.
374 1357 488 1400 Sicque
513 1356 552 1388 ab
576 1355 726 1388 omnibus
743 1352 875 1391 censeri,
892 1356 923 1383 et
940 1351 982 1383 ita

239 1420 297 1454 per
319 1420 535 1453 quoscumque
560 1408 679 1440 iudices
696 1412 726 1439 et
738 1404 981 1445 commissarios

239 1462 349 1506 quavis
373 1462 559 1495 auctoritate
584 1461 764 1502 fungentes,
789 1459 884 1491 etiam
910 1468 982 1490 cau-

238 1525 345 1549 sarum
368 1514 479 1548 Palatii
503 1514 671 1557 Apostolici
689 1513 849 1545 auditores
865 1522 901 1544 ac
913 1521 982 1543 san-

237 1572 305 1601 ctae
316 1568 477 1601 Romanae
490 1567 643 1600 Ecclesiae
662 1566 847 1604 cardinales,
861 1564 982 1596 sublata

204 1664 206 1666 Ι
239 1621 285 1654 eis
307 1626 337 1654 et
369 1632 478 1654 eorum
502 1620 628 1653 cuilibet
655 1618 764 1661 quavis
788 1617 878 1649 aliter
903 1617 982 1648 iudi-

71 1967 142 1993 vum,

238 1673 332 1706 candi
356 1673 512 1711 facultate,
538 1672 671 1705 iudicari
696 1672 825 1710 debere;
856 1670 982 1702 irritum

237 1736 362 1770 quoque
397 1731 425 1758 et
462 1726 576 1763 inane,
602 1725 626 1756 si
662 1735 750 1756 secus
774 1734 868 1766 super
892 1723 942 1755 his
965 1734 983 1755 a

237 1789 408 1822 quoquam,
426 1778 536 1821 quavis
559 1781 757 1816 auctoritate,
776 1776 913 1809 scienter
938 1776 983 1808 vel

237 1830 432 1874 ign01·‘,ante1
457 1830 561 1873 contig
560 1830 624 1862 erit
649 1829 808 1862 attentati.

280 1884 296 1927 ἓ
320 1884 349 1917 7.
372 1884 410 1916 Et.
433 1883 641 1916 nihilominus
657 1882 812 1914 universis
828 1887 856 1914 ct
876 1882 982 1917 simu-

156 1936 276 1970 fflmlis
298 1937 531 1970 venerabilibus
554 1936 704 1968 fratribus
718 1935 833 1968 nostris
849 1936 984 1979 pattiat-

238 1991 317 2033 chis,
333 1991 530 2034 archiepisc„
548 1989 704 2032 episeopis
728 2000 762 2021 ac
777 1988 983 2020 dilen-tistiliis

239 2019 351 2076 ceteiis
365 2043 503 2076 locorum
520 2041 701 2080 ordinariis,
719 2052 841 2074 necnon
857 2042 982 2074 illorum

239 2100 270 2128 et
293 2106 403 2129 eorum
426 2095 552 2127 vicariis
576 2106 630 2128 seu
644 2094 830 2127 officialibus
844 2095 875 2126 in
891 2095 982 2126 suiri-

240 2148 377 2181 tualibus
400 2153 429 2181 et
452 2148 581 2181 cuilibet
605 2147 746 2190 ipsorum
772 2148 803 2179 in
829 2148 980 2187 solidum,

240 2204 331 2233 motu
353 2201 457 2241 simili,
475 2211 531 2244 per
546 2206 729 2243 praesentes
754 2201 982 2233 committimus

241 2257 273 2286 et
296 2253 483 2286 mandamus
511 2258 666 2296 quatenus
690 2253 748 2296 ipsi
775 2254 819 2286 rel
844 2254 906 2286 duo
930 2261 983 2287 aut

241 2316 324 2338 unus
348 2315 468 2346 eorum,
492 2316 548 2348 per
571 2318 603 2339 se
627 2307 673 2339 vel
697 2307 793 2339 alium
818 2318 872 2340 seu
896 2308 981 2348 alios,

241 2363 422 2402 praesentes
445 2359 564 2391 litteras
581 2365 609 2392 et
624 2360 656 2391 in
669 2360 714 2392 eis
727 2365 875 2392 contenta
889 2372 984 2403 quae-

242 2422 398 2453 cumque,
423 2411 477 2442 ubi
502 2416 532 2443 et
555 2413 682 2454 quando
706 2424 785 2455 opus
809 2414 923 2451 suerit,
949 2426 980 2446 at

241 2464 366 2510 quoties
389 2474 445 2506 pro
470 2469 559 2505 parte
582 2464 714 2497 alicuius
735 2476 789 2498 seu
806 2467 982 2508 aliquorum

241 2523 273 2550 et
296 2527 568 2559 quormncumque
593 2516 625 2548 in
638 2518 818 2559 praemissis
836 2518 984 2551 interesse

1670 231 1712 263 43

587 295 729 327 intererit
751 298 802 326 aut
830 294 978 326 interesse
1007 292 1142 324 efficacis·
1167 293 1357 326 defensionis
1383 294 1538 337 praesidio
1563 294 1754 335 assistentes,

1008 346 1120 377 saciant
1154 348 1322 389 pramnissa
1358 359 1463 380 omnia
1495 353 1521 380 et
1556 347 1679 389 singula
1712 348 1752 379 :ili

1007 398 1164 438 omnibus,
1190 410 1268 442 quos
1293 400 1343 432 itta
1367 406 1562 433 concernunt
1588 400 1752 433 inviolabi-

1008 451 1078 484 liter
1101 452 1271 491 observari,
1286 463 1321 484 ac
1339 454 1514 494 praedictos
1531 453 1683 486 interesse
1698 453 1752 486 lia-

1008 505 1115 537 hcntes
1141 505 1199 537 illis
1223 505 1352 549 pacifice
1378 506 1436 537 srui
1463 511 1491 537 et
1517 506 1665 547 gaudere.
1683 507 1749 539 Non

1008 559 1224 600 permittentes
1236 570 1289 591 eos
1303 559 1437 601 desuper
1448 571 1502 601 pet·
1513 559 1680 602 praedictos
1694 558 1753 590 sra-

1009 616 1070 643 tres
1083 611 1209 643 Ordinis
1227 611 1480 644 Praedicatormn
1496 612 1541 642 rel
1555 622 1665 643 eorum
1679 621 1753 643 con-

1007 670 1189 704 servatores,
1216 664 1345 703 iudices,
1372 663 1549 695 defensores
1574 673 1627 695 seu
1647 668 1753 705 prote-

1007 722 1109 750 ctores
1132 722 1185 750 aut
1211 727 1429 760 quoscumque
1455 716 1541 755 alios,
1566 716 1675 759 quavis
1699 726 1755 748 au-

1007 769 1151 802 ctoritate
1175 769 1408 812 quomodolibet
1428 769 1567 801 indebite
1583 769 1753 808 molestari,

1007 823 1254 855 contradictores
1289 822 1442 865 quoslibet
1477 827 1507 854 et
1538 822 1667 854 rebelles
1698 832 1754 864 per

1008 875 1187 915 sententias,
1205 885 1355 907 censuras
1379 880 1407 907 et
1427 886 1466 917 po
1489 884 1545 906 nas
1563 874 1684 917 aliaque
1699 885 1755 917 op-

1008 933 1143 970 portuna
1160 928 1238 960 iuris
1255 933 1283 960 et
1295 927 1366 960 sacti
1385 927 1534 965 remedia,
1545 926 1755 969 appellatione

1009 981 1191 1024 postposita,
1216 980 1453 1023 compescendo,
1469 979 1679 1022 legitimisque
1705 991 1754 1011 su-

1009 1044 1064 1075 per
1088 1033 1137 1065 his
1151 1033 1306 1066 habendis
1319 1033 1448 1066 serratis
1462 1032 1673 1075 processibus,
1686 1043 1754 1064 ¹sen-

1010 1087 1141 1127 tentias,
1174 1097 1324 1120 censuras
1356 1091 1385 1119 et
1411 1096 1529 1128 poenas
1554 1085 1636 1127 ipsas
1660 1084 1755 1116 etiam

1009 1140 1129 1173 iteratis
1142 1140 1263 1172 vicibus
1276 1138 1487 1182 aggravando,
1502 1138 1646 1169 invocato
1659 1136 1754 1168 etiam

1009 1194 1047 1226 ad
1071 1194 1140 1233 hoe,
1158 1193 1183 1225 si
1200 1203 1280 1236 opus
1295 1191 1400 1231 fuerit,
1418 1190 1532 1223 auxilio
1550 1189 1672 1222 brachii
1690 1199 1755 1221 sae-

1009 1246 1136 1279 culatis

1053 1300 1067 1342 ξ
1091 1298 1121 1332 8.
1145 1299 1213 1331 Non
1229 1297 1428 1330 obstantibus
1446 1296 1558 1329 litteris
1574 1295 1799 1355 praedeces-m

1779 233 1829 260 Au.
1843 231 1870 260 C.
1887 232 1951 259 1573

1794 1306 1808 1325 C
1824 1308 1882 1324 ntrar
1883 1305 1955 1326 istot-

1011 1352 1090 1384 soris
1108 1351 1290 1385 huiusmodi
1308 1362 1380 1384 cum
1394 1351 1465 1383 inde
1483 1350 1624 1393 sequutis
1641 1354 1672 1381 et
1688 1349 1757 1382 aliis
1785 1338 1800 1358 ⁷

1012 1405 1200 1448 praedictis;
1225 1415 1349 1438 necnon
1372 1404 1443 1447 piae
1468 1403 1640 1436 memmiae
1665 1403 1756 1435 Boni-

1012 1459 1081 1492 sacii
1105 1459 1207 1502 Papae
1231 1457 1411 1499 VHLetiam
1436 1456 1686 1500 praedecessoris
1700 1465 1755 1488 no—

1012 1513 1078 1553 stri,
1092 1513 1131 1545 de
1154 1522 1227 1552 una,
1245 1516 1275 1544 et.
1299 1510 1424 1543 concilii
1449 1509 1605 1552 generalis
1618 1509 1655 1541 de
1680 1509 1756 1540 dua-

1012 1568 1070 1599 bus
1094 1566 1223 1605 diaetis,
1249 1565 1420 1598 dummodo
1446 1564 1527 1595 ultra
1552 1567 1615 1594 tres
1640 1561 1758 1593 diaetas

1013 1619 1092 1663 quis,
1106 1619 1213 1661 vigore
1229 1617 1454 1661 praesentium,
1472 1616 1510 1648 ad
1529 1615 1680 1648 iudicium
1694 1624 1757 1647 non

1013 1673 1176 1712 trahatur,
1201 1677 1229 1704 et
1255 1672 1324 1704 aliis
1348 1670 1527 1714 apostolicis
1552 1679 1674 1701 necnon
1693 1695 1700 1707 ,
1726 1668 1757 1699 in

1011 1724 1257 1768 provincialibus
1270 1730 1298 1757 et
1314 1723 1517 1767 synodalibus
1533 1721 1676 1754 conciliis
1693 1721 1758 1752 edi-

1012 1779 1072 1818 tis,
1096 1778 1284 1821 specialibus
1307 1778 1354 1810 vel
1381 1775 1582 1819 generalibus
1607 1774 1758 1806 constitu-

1012 1831 1167 1869 tionibus;
1199 1841 1233 1862 ac
1266 1829 1430 1873 quibusvis
1461 1829 1555 1861 etiam
1591 1827 1665 1859 dicti
1703 1826 1759 1859 Or-

1012 1884 1094 1917 dinis
1129 1884 1405 1919 Praedicatorum,
1435 1882 1530 1915 etiam
1563 1881 1758 1918 iuramento,

1012 1937 1252 1971 confirmatione
1276 1936 1445 1979 apostolica
1471 1935 1515 1967 vel
1534 1933 1642 1976 quavis
1660 1931 1759 1964 tirmi-

1012 1995 1073 2023 tate
1104 1990 1163 2022 alia
1192 1989 1366 2025 roboratis,
1391 1987 1515 2019 statutis
1539 1991 1568 2017 et
1592 1988 1758 2017 consuetu-

1011 2043 1154 2079 dinibus;
1173 2041 1346 2084 privilegiis
1363 2049 1499 2082 quoque,
1517 2037 1646 2069 indultis
1660 2041 1690 2069 et.
1706 2035 1755 2068 lit-

1013 2096 1085 2128 teris
1109 2094 1287 2137 apostolieis
1300 2093 1401 2125 eidem
1416 2090 1524 2123 tlt-dini
1544 2090 1689 2132 illiusque
1707 2100 1758 2121 su-

1011 2147 1189 2192 perioribus
1213 2151 1244 2179 et
1267 2145 1411 2188 personis
1436 2155 1470 2175 ae
1496 2142 1659 2185 quibusvis
1678 2141 1757 2180 aliis,

1011 2201 1068 2233 suh
1098 2199 1349 2243 quibuscumque
1380 2195 1544 2228 tenoribus
1573 2199 1601 2226 et
1627 2193 1757 2234 formis,

1012 2265 1045 2285 ac
1071 2263 1139 2285 cum
1166 2250 1338 2294 quibusvis,
1363 2249 1458 2281 ctiam
1483 2247 1758 2289 derogatoriaruni

1012 2304 1219 2347 derogatoriis
1250 2303 1381 2344 aliisque
1405 2300 1633 2333 efficacioribus
1657 2304 1686 2332 et
1711 2299 1759 2330 in-

1013 2358 1110 2389 solitis
1139 2354 1306 2391 clausulis,
1333 2352 1595 2395 irritantibusque
1626 2357 1656 2384 et
1687 2351 1757 2384 aliis

974 2426 984 2442 ’·,
1013 2409 1156 2443 dec-retis,
1174 2408 1206 2439 in
1231 2416 1346 2448 genere
1370 2406 1416 2437 vel
1441 2405 1473 2436 in
1498 2405 1600 2447 specie
1629 2415 1664 2436 ac
1681 2405 1758 2436 alias

1013 2459 1247 2504 qnmnodolibet
1272 2458 1439 2497 concessis,
1464 2458 1679 2497 confirmatis,
1703 2467 1758 2499 ap-

1015 2513 1155 2557 probatis
1179 2517 1208 2544 et
1233 2510 1399 2549 innovatis,
1424 2515 1454 2542 et
1478 2510 1574 2542 Bulla
1598 2510 1706 2541 Aurea
1722 2520 1759 2541 ae

242 2570 389 2603 habentis
414 2570 459 2602 vel
483 2568 667 2600 habentium
691 2569 807 2601 fuerint
831 2570 984 2612 requisiti,
1017 2569 1101 2599 Marc
1125 2566 1277 2606 illaquam
1300 2563 1505 2605 nuncupatis:
1524 2563 1639 2605 quihus
1656 2562 1759 2594 omni-

245 2622 426 2655 solemuiter
436 2622 641 2665 publicantes,
650 2620 796 2664 eisqueiu
806 2622 986 2664 praemissis
999 2644 1004 2657 .
1016 2622 1082 2659 bus,

1107 2617 1230 2652 etiamsi
1255 2617 1293 2650 de
1318 2616 1377 2649 iltis
1389 2627 1561 2658 eorumque
1581 2616 1652 2647 totis
1670 2619 1757 2647 teno-
