2059 3228
126 225 220 252 Aac.
241 225 305 253 1575
372 227 435 262 ⁴10ss
904 241 1089 266 nUtLARmM
1114 241 1269 265 Romnum

371 290 386 333 g
410 291 438 323 ·l.
463 291 550 329 Quod
577 299 686 324 omnes
720 296 752 325 et
786 291 928 335 singulae
963 304 1073 327 causae
1105 304 1161 336 per
1184 293 1310 326 easdem
1334 299 1538 337 praesentes,
1569 296 1749 331 facultatem
1771 306 1850 332 oon-

163 350 412 396 ⁴rra-sseciugqnunc
437 349 539 376 motae
562 350 592 376 et
617 354 674 387 pro
713 350 855 389 tempore
891 347 1073 386 movendae,
1103 345 1244 378 cedimus
1266 351 1296 378 et
1321 352 1518 388 potestatem.

128 377 255 448 Qi‘iq'r‘nb
270 384 293 396 ⁵¹¹
1145 397 1161 441 g
1183 398 1213 430 li.
1231 399 1298 431 Non
1314 399 1513 432 obstantibus
1529 401 1710 443 praemissis
1722 412 1758 435 ac
1773 410 1850 435 con·
1875 412 1994 439 nemu·

147 437 200 474 „mli
220 490 223 495 ,
256 450 448 497 '‘¹‘'.“.‘¹¹¹5¹¹¹¹¹¹³
463 454 491 481 et
505 448 691 483 delictorum
707 461 762 494 per
773 462 989 495 quoscumque
1002 452 1073 485 sub·
1103 449 1319 484 stitutionihus
1343 457 1374 484 et
1389 452 1643 487 ordinationibus
1656 441 1986 497 apostolicis;“⁸‘¹⁰“'¹''

156 1501 258 1521 clausula
271 1500 323 1520 sub-

129 1528 173 1547 latu
181 1531 202 1547 et
209 1529 321 1548 decretum

127 1556 223 1575 irritam.

156 1926 256 1946 Fncultas
268 1932 323 1946 nun-

128 1953 153 1984 tii
169 1955 192 1972 in
205 1957 321 1974 contrave·

130 1983 224 2000 mentes.

251 407 320 448 ‚3:35‘
330 397 512 440 quorumvis
536 402 775 440 praetensorum
799 409 996 435 excessuum,
1013 399 1073 431 cri-

168 490 178 500 ιι
191 489 255 501 rema
267 482 309 501 Nia

328 501 506 533 collectores
521 506 552 533 et
568 503 811 545 commissarios,
830 510 893 537 tam
912 505 1073 547 generales

326 564 420 596 quam
445 554 660 596 particulares,
684 556 717 588 in
734 557 927 599 quibuslibet
946 556 1073 600 provin-

326 607 383 639 ciis
406 607 585 641 civitatibus
609 614 637 641 et
655 609 855 642 dioecesibus
874 610 965 642 istius
983 609 1071 652 regni

328 659 532 701 Neapolitani,
556 671 613 704 pei·
637 667 666 693 te
689 667 719 694 et
744 673 800 705 pro
818 668 961 705 tempore
979 662 1072 695 isthic

326 712 509 745 existentem
535 719 677 747 nostrum
701 721 732 748 et
756 716 843 748 Sedis
879 715 1074 758 Apostolicae

328 765 480 797 nuncium
503 771 534 798 et.
557 768 755 800 collectorem
781 769 958 810 generalem
977 767 1075 810 depu-

328 822 408 849 tatos
432 818 684 859 commissorum,
709 831 727 852 a
752 826 780 853 tc
804 826 832 853 et
858 831 915 863 pro
932 826 1074 864 tempore

327 870 479 903 existente
503 872 620 904 nuncio
646 874 756 911 solum,
772 883 834 905 non
850 878 956 905 autem
970 884 987 905 a
1004 873 1075 916 qui-

329 922 435 956 busvis
460 924 529 956 aliis
554 924 722 965 iudicibus,
748 926 842 957 etiam
860 926 1000 957 locorum
1025 935 1075 957 01·-

331 977 476 1017 dinariis,
501 978 649 1021 deinceps
674 979 706 1010 in
731 979 883 1019 futurum,
901 988 965 1010 non
982 978 1075 1010 modo

329 1030 462 1062 durante
486 1041 596 1062 eorum
630 1031 733 1063 officio
751 1058 758 1071 ‚
802 1031 855 1063 sed
887 1030 982 1063 etiam
1007 1036 1074 1073 post

329 1081 432 1125 ipsum
456 1082 632 1123 dimissum,
657 1083 755 1115 donec
778 1082 922 1122 vixerint,
947 1082 1074 1123 audiri,

329 1135 475 1175 cognosci
486 1140 514 1167 et
529 1135 629 1167 decidi
648 1136 766 1179 possint
781 1141 809 1168 et
824 1136 967 1168 debeant.
983 1135 1076 1168 Aliis-

330 1197 391 1228 que
415 1187 573 1220 iudicibus
596 1193 625 1220 et
651 1189 793 1221 locorum
817 1188 1009 1228 ordinariis,
1035 1198 1074 1221 ne

331 1240 364 1272 in
389 1240 448 1273 illis
472 1251 548 1281 sese,
567 1241 847 1284 quovispraetextu
863 1252 918 1274 seu
933 1240 1074 1284 quaesito

330 1293 443 1333 colore,
470 1293 681 1327 intromittere
706 1295 930 1338 quoquomodo
965 1295 1075 1327 ullate-

327 1354 387 1376 nus
411 1346 545 1378 audeant
571 1347 617 1379 vel
641 1353 873 1390 praesumant,
901 1347 1075 1380 districtius

329 1398 521 1432 inhibemus.

373 1451 389 1494 ᾖ
412 1450 442 1484 Ξ.
467 1451 579 1494 Sicque
603 1461 660 1495 per
683 1462 897 1495 quoscumque
912 1453 1030 1485 iudices
1046 1458 1076 1485 et

331 1504 574 1544 commissarios,
582 1505 691 1547 quavis
704 1505 890 1537 auctoritate
900 1505 1074 1547 fungentes,

329 1557 452 1590 sublata
475 1557 520 1590 eis
543 1562 574 1590 et
597 1568 707 1590 eorum
724 1558 855 1591 cuilibet
865 1558 1076 1601 quavisaliter

330 1611 489 1644 iudicandi
513 1615 543 1643 et
568 1611 797 1654 interpretandi
822 1611 976 1651 facultate,
994 1611 1076 1643 iudi-

331 1664 396 1697 cari
420 1670 450 1698 et
475 1663 600 1697 definiri
625 1663 750 1703 debere,
765 1673 888 1696 necnon
903 1663 1027 1695 irritum
1045 1667 1073 1695 et

331 1718 471 1758 inane,si
485 1728 573 1751 secus
589 1727 684 1760 super
701 1716 954 1759 hisaqnoquam,
967 1716 1076 1758 quavis

331 1771 529 1811 auctoritate,
553 1770 689 1803 scienter
707 1770 751 1802 vel
768 1769 962 1811 ignoranter,
975 1767 1076 1800 conti-

331 1824 413 1867 gerit
436 1823 595 1864 attentari,
625 1823 835 1855 decernimus.

375 1877 390 1920 ‘S'
413 1877 442 1910 3.
466 1876 619 1915 Quocirca
643 1875 700 1907 tibi
726 1880 757 1908 et
780 1885 838 1918 pro
854 1879 995 1917 tempore
1011 1874 1074 1905 exi-

332 1930 425 1964 stenti
450 1929 577 1970 nuncio,
602 1928 853 1961 contradictores
877 1927 1075 1970 quoslibetet

332 1985 474 2024 rebelles,
498 1982 621 2016 etiamsi
647 1981 815 2024 episcopali
841 1985 893 2012 aut
918 1979 1075 2022 archiepi-

331 2037 446 2080 scopali
471 2035 625 2079 dignitate
653 2035 820 2076 fungentes
851 2033 968 2065 suerint
986 2060 993 2071 ,
1017 2033 1075 2065 sub

331 2090 489 2122 interdicti
523 2089 682 2131 ingressus
707 2086 854 2120 ecclesiae
879 2097 914 2118 ac
946 2096 1074 2128 suspen-

332 2142 429 2174 sionis
453 2152 470 2173 a
495 2140 619 2181 divinis,
644 2140 748 2183 quoad
787 2139 948 2182 episcopos
972 2145 1002 2171 ct
1027 2150 1075 2171 ar-

330 2195 563 2237 ‹·l1i‹·piscopos;
587 2205 650 2238 quo
667 2204 740 2226 vero
757 2193 795 2226 ad
811 2192 988 2231 inferiores,
1004 2192 1074 2223 sub-

331 2247 522 2290 pe‹·uniariis
547 2246 679 2280 arbitrio
703 2251 804 2279 vestro
829 2245 1022 2278 declarandis
1046 2251 1075 2277 ct

332 2300 527 2341 applicandis
544 2300 653 2343 poenis
667 2304 695 2332 et
720 2299 847 2332 demum
876 2298 934 2330 sub
952 2303 1075 2330 senten—

333 2353 382 2383 tiis
407 2359 433 2383 ι·ι
460 2352 600 2384 censuris
624 2351 855 2390 ecclesiasticis,
882 2355 909 2382 et
934 2360 991 2392 per
1015 2350 1074 2381 alia

334 2404 411 2435 ini-is
435 2409 465 2436 et
489 2404 559 2436 sacti
585 2404 735 2444 remedia,
759 2403 968 2447 appellatione
991 2407 1075 2446 post-

332 2457 442 2500 posita,
467 2457 696 2499 compescendi,
721 2456 951 2499 brachiumque
968 2466 1074 2488 saecu-

331 2510 395 2542 lare
420 2509 458 2541 ad
483 2509 563 2550 hoc,
588 2510 612 2541 si
637 2520 716 2554 opus
739 2510 832 2543 fuerit
850 2536 858 2551 ,
882 2509 1073 2549 invocandi,

331 2568 496 2605 ceteraque
514 2563 551 2594 ad
570 2562 600 2594 id
618 2563 793 2595 necessaria
816 2562 960 2603 faciendi,
986 2572 1074 2594 man-

334 2616 429 2648 dandi
453 2621 483 2649 et
517 2617 687 2659 exequi-nili
708 2646 713 2651 ,

1103 515 1138 536 ac
1162 505 1335 547 quibusvis,
1360 506 1455 538 etiam
1474 506 1662 549 iuramento,
1680 508 1849 542 confirma-

1104 557 1188 590 tione
1211 559 1382 601 apostolica
1407 560 1454 591 vel
1479 560 1588 602 quavis
1611 560 1762 594 firmitate
1785 562 1848 596 alia

1103 610 1268 651 roboratis,
1287 611 1412 644 statutis
1428 617 1457 645 et
1476 612 1768 653 consuetudinibus;
1782 614 1848 657 pri-

1103 664 1224 707 vilegiis
1249 675 1384 708 quoque,
1402 665 1533 698 indultis
1549 671 1580 698 et
1596 666 1708 700 litteris
1724 672 1850 710 aposto-

1103 716 1170 749 licis
1195 717 1227 748 in
1259 717 1454 750 contrarium
1493 718 1600 750 forsan
1638 719 1794 752 concessis
1816 723 1849 752 et

1103 769 1308 811 confirmatis,
1335 770 1451 813 quibus
1475 771 1645 812 omnibus,
1669 782 1780 805 eorum
1803 777 1849 806 te-

1104 832 1207 863 nores,
1223 833 1259 855 ac
1277 823 1301 856 si
1316 823 1354 856 de
1369 824 1462 856 verbo
1476 824 1515 856 ad
1529 824 1659 857 verbum
1672 825 1851 859 insereren-

1106 878 1157 907 tur
1172 876 1401 918 praesentibus
1415 888 1472 920 pro
1489 877 1682 911 sufficienter
1694 879 1849 922 expressis

1105 927 1266 969 habentes,
1292 929 1372 970 illis,
1395 930 1473 963 alias
1503 930 1536 962 in
1561 941 1618 964 suo
1642 931 1756 965 robore
1779 942 1851 975 per-

1105 981 1274 1021 mansuris,
1299 982 1359 1014 hac
1383 983 1449 1015 vice
1467 983 1637 1025 dumtaxat,
1651 984 1691 1017 ad
1702 985 1849 1018 effectum

1104 1034 1339 1076 praesentium,
1364 1036 1540 1078 specialiter
1571 1042 1602 1070 et
1624 1048 1769 1080 expresse
1791 1038 1845 1071 de-

1105 1096 1262 1129 rogamus,
1274 1088 1451 1132 ceterisque
1462 1090 1630 1123 contrariis
1643 1091 1848 1134 quibuscum·

1104 1150 1174 1182 que;
1199 1152 1254 1174 seu
1276 1142 1301 1175 si
1336 1143 1515 1186 aliquibus,
1553 1145 1765 1178 communiter
1799 1144 1848 1178 vel

1103 1194 1238 1235 divisim,
1264 1196 1304 1228 ab
1327 1197 1435 1229 eadem
1449 1197 1489 1229 sit
1505 1197 1582 1230 Sede
1596 1198 1848 1242 indultumquod

1104 1248 1262 1290 interdici,
1278 1251 1427 1293 suspendi
1440 1252 1488 1284 vel
1498 1250 1766 1284 excommunicari
1783 1261 1848 1284 non

1104 1301 1222 1344 possint
1247 1312 1304 1345 per
1326 1303 1445 1336 litteras
1457 1303 1643 1347 apostolicas
1655 1314 1720 1337 non
1731 1303 1850 1337 facien·
1886 1328 1888 1330 -

1104 1361 1149 1389 tes
1173 1357 1300 1399 plenam
1316 1362 1348 1390 et
1363 1367 1541 1400 expressam
1558 1358 1597 1390 de
1612 1357 1708 1390 verbo
1721 1357 1762 1390 ad
1775 1367 1846 1390 ver-

1105 1410 1181 1442 bum
1205 1410 1242 1442 de
1267 1410 1388 1443 indulto
1412 1410 1592 1443 huiusmodi
1623 1410 1827 1444 mentionem.

1147 1464 1259 1496 Datum
1284 1464 1401 1496 Romae
1424 1464 1508 1507 apud
1539 1464 1688 1497 Sanctum
1712 1463 1850 1505 Petrum,

1106 1519 1163 1550 sub
1187 1518 1303 1550 annulo
1342 1517 1531 1558 piscatoris,
1567 1517 1618 1551 die
1652 1527 1685 1549 1v
1709 1515 1848 1550 ianuarii

1105 1580 1243 1609 uonxxv,
1267 1571 1469 1614 pontificatus
1492 1571 1591 1603 nostri
1615 1581 1700 1603 anno
1723 1579 1768 1603 111.

1138 1624 1202 1650 Dat.
1221 1625 1264 1650 die
1283 1626 1300 1650 4
1317 1625 1371 1651 ian.
1392 1624 1467 1657 1575,
1486 1625 1585 1659 pontif.
1604 1633 1677 1651 anno
1695 1633 1736 1650 111.

1435 1757 1508 1790 XLI.

1381 1852 1576 1895 Reformatio

1104 1907 1212 1939 curiae
1227 1907 1264 1940 de
1275 1907 1414 1948 Sabellis,
1430 1905 1609 1940 marescalli
1624 1908 1726 1940 almae
1747 1905 1847 1939 Urbis.

1142 1997 1279 2033 Gregorius
1301 1997 1439 2033 episeopus
1459 2004 1553 2025 servus
1579 2004 1713 2025 servorum
1735 1996 1781 2025 uei
1796 2016 1805 2031 ,

1252 2046 1285 2074 att
1307 2049 1458 2082 perpetuam
1478 2046 1515 2074 rei
1537 2046 1696 2074 memoriam.

1147 2137 1225 2169 Dum
1243 2143 1326 2171 recte
1342 2137 1610 2170 administrandae
1623 2137 1741 2181 ubique
1755 2136 1846 2171 iusti-

1107 2191 1166 2224 tiae
1190 2191 1328 2224 rationes
1351 2201 1460 2224 omnes
1497 2190 1576 2223 bene
1608 2190 1792 2223 constitutas
1814 2194 1846 2223 et

1105 2244 1249 2287 cupimus
1272 2249 1299 2277 et
1326 2255 1383 2288 pro
1406 2249 1514 2277 nostro
1538 2254 1668 2277 munere
1686 2244 1845 2288 veterique

1105 2298 1218 2338 studio,
1243 2309 1305 2341 quo
1321 2308 1497 2341 possumus,
1514 2297 1666 2330 enitimur
1683 2297 1766 2330 haud
1790 2306 1845 2339 po-

1105 2356 1220 2383 strema
1244 2361 1310 2383 esse
1334 2350 1427 2383 debet
1451 2350 1610 2383 minorum
1635 2349 1730 2382 huius
1752 2348 1846 2382 Urbis

1106 2403 1308 2436 tribunalium
1335 2414 1419 2443 cura,
1444 2403 1477 2435 in
1494 2403 1608 2446 quibus
1625 2401 1775 2446 quicquid
1792 2400 1846 2434 de-

1105 2457 1257 2500 linquitur
1280 2467 1317 2489 eo
1341 2457 1479 2490 deterius
1503 2456 1658 2499 contingit
1680 2466 1744 2498 quo
1767 2466 1845 2498 pau-

1105 2510 1242 2552 periores
1256 2510 1360 2550 afficit,
1374 2510 1488 2553 quibus
1505 2510 1536 2541 in
1550 2521 1584 2543 re
1598 2507 1682 2542 tenui
1696 2513 1726 2541 et
1743 2509 1846 2542 acrius

1102 2573 1137 2595 ex
1155 2563 1270 2595 iniuria
1284 2563 1434 2595 damnum
1452 2562 1654 2600 eudifficilius
1670 2561 1844 2594 remedium

740 2618 863 2659 plenam
887 2622 916 2650 et
941 2616 1071 2649 liberam
1102 2616 1206 2649 alliu-ri
1233 2617 1319 2648 solet.

1881 2151 2009 2171 Exordium.
