2059 3228
96 179 136 203 λιι
164 178 190 203 (ἶ.
213 179 276 207 1575,

338 172 400 205 530

293 234 525 266 assecutionem
542 231 777 266 beneficiorum
788 232 938 275 alioruin,
951 247 1041 279 prac—

295 287 448 319 iudirium
469 285 614 329 generari
628 297 635 325 3
650 286 886 329 etquibnslibet
894 288 965 321 aliis
977 288 1041 332 pri-

293 340 424 381 vilegiis,
448 338 656 381 indulgentiis
666 345 693 372 et
711 339 826 373 litteris
845 341 1039 385 apostolicis,

293 393 485 435 simeialibus
505 393 551 425 vel
572 392 790 435 generalibus,
804 405 1039 438 quorumcum-

292 458 352 487 que
374 452 522 479 tenorum
544 446 689 487 existant,
702 458 760 491 per
779 458 873 492 quae,
890 459 1040 492 praescn-

293 499 373 531 tibus
394 509 459 532 non
480 510 627 542 expressa
641 500 688 532 vel
699 500 830 534 omnino
837 512 901 534 non
911 501 1038 541 inserta,

291 554 422 585 etl'eetus
443 564 553 585 earum
581 553 730 596 impediri
746 555 1038 598 valeatquomodo-

293 606 366 638 libet
386 607 435 639 rel
456 602 649 646 difl'erriset
679 607 717 640 de
742 607 861 651 quibus
885 619 1038 652 quorum-

290 670 352 701 que
372 659 446 692 totis
467 660 635 693 tenoribus
654 661 692 693 ad
722 661 856 694 verbum
890 662 1039 695 habenda

289 712 325 743 >it
348 712 379 744 in
396 714 514 746 nostris
533 713 647 746 litteris
668 714 790 748 mentio
810 715 969 759 specialis.

331 766 345 809 ξ
367 765 396 798 7.
424 766 508 799 Nulli
527 778 603 809 ergo
618 767 751 801 omnino
764 768 1039 802 hominumliceat

182 832 198 843 ιι
225 829 270 843 mv>
289 819 368 851 lianc
385 819 535 862 paginam
558 826 684 854 nostrae
705 822 928 864 absolutionis,
943 821 1037 856 unio-

286 872 346 907 nis.
367 873 556 906 annexionis
581 879 637 907 ele.

329 926 444 959 Datum
464 927 584 960 Romae
609 928 694 972 apud
715 928 747 962 S.
770 928 918 970 Petrum,
952 939 1037 963 anno

288 980 520 1013 lncarnationis
545 982 728 1015 dominicae
749 982 920 1016 millesimo
941 983 1036 1027 quin-

286 1034 462 1073 gentesimo
500 1036 737 1078 septuagesimo
767 1035 893 1080 quinto,
931 1037 1037 1071 idibus

285 1087 408 1130 aprilis,
433 1088 637 1130 pontificatus
656 1088 757 1122 nostri
778 1099 863 1125 anno
881 1099 928 1123 111.

324 1145 386 1174 Dat.
406 1146 452 1175 die
469 1146 503 1176 13
514 1147 619 1186 aprilis
636 1148 718 1186 1575,
735 1147 841 1188 pontif.
858 1157 936 1179 anno
951 1157 995 1180 111.

567 1321 746 1356 CLXXXIII.

289 1396 502 1440 Confirmatio
522 1398 771 1441 privilegiorum
787 1403 818 1433 et
834 1398 1037 1432 indultorum

331 1463 349 1484 a
367 1452 426 1484 Pio
447 1451 499 1484 IV
519 1463 736 1485 concessorum
759 1453 1036 1496 archiconfrater-

331 1505 432 1538 nitati
441 1505 673 1539 Sanctissimae
686 1507 860 1540 Trinitatis
869 1506 907 1540 de
918 1506 999 1540 Urbe
1007 1505 1034 1540 1.

346 1586 491 1620 Gregorius
505 1586 657 1622 episcopus.
672 1594 768 1616 servus
783 1593 924 1616 servorum
934 1586 992 1621 Dei,

453 1641 487 1668 ad
500 1639 626 1668 futuram
639 1641 680 1669 rei
694 1641 863 1670 memoriam.

329 1712 375 1744 Ad
396 1712 591 1755 apostolicae
606 1712 770 1755 dignitatis
789 1713 926 1757 apicem,
942 1712 1039 1746 meri-

287 1765 324 1797 tis
358 1765 434 1798 licet
467 1765 657 1809 imparibus,
685 1766 791 1799 divina
825 1767 1038 1810 dispositione

286 1818 401 1859 vocati,
422 1819 509 1852 curis
534 1818 686 1861 angimur
707 1820 857 1861 assiduis,
880 1826 912 1854 et
932 1820 1038 1854 debita

286 1872 494 1906 meditatione
524 1864 705 1916 pulsamur,
742 1879 778 1906 ut
810 1873 974 1907 charitatis
1007 1878 1039 1908 et

287 1926 632 1970 misericordiaeopera
639 1926 760 1970 ubique
770 1927 931 1967 locorum,
942 1938 1038 1971 prae-

286 1980 394 2011 sertim
418 1979 448 2012 in
469 1980 554 2012 alma
580 1980 675 2019 Urbe,
687 1986 911 2020 exerceantur,
933 1981 1035 2022 ethis,

286 2044 367 2076 quas·
385 2038 556 2076 propterea
576 2044 634 2077 per
654 2033 880 2068 christifideles
899 2034 952 2077 pie
963 2034 1038 2067 reli-

286 2087 437 2130 gioseque
453 2087 522 2119 sieri
533 2092 782 2128 consueverunt,
796 2088 945 2129 libenter,
959 2088 1036 2121 dum

286 2152 301 2171 a
325 2140 415 2171 nobis
436 2140 567 2183 petitur,
590 2151 630 2174 ne
656 2141 829 2184 aliquando
841 2141 880 2174 de
891 2141 953 2174 illis
963 2141 1040 2174 hae-

288 2193 373 2224 >nari
407 2193 588 2237 contingat,
621 2199 749 2227 nostrae
780 2194 1040 2228 confirmationiS

290 2246 386 2278 robur
407 2247 590 2287 adijcimus,
623 2258 658 2280 ac
688 2247 775 2281 circa
800 2258 849 2289 ea,
877 2258 935 2291 per
955 2258 1039 2292 quae

288 2300 371 2331 <atus
395 2300 497 2333 votiva
517 2301 678 2341 succedat,
696 2312 733 2334 ac
744 2301 900 2334 ecclesiae
911 2301 1038 2344 aliaque
1058 2293 1061 2348 l

291 2352 338 2393 pia
360 2353 428 2385 loca
449 2354 487 2385 ad
509 2354 694 2388 exercitium
730 2354 918 2388 huiusmodi
941 2354 1039 2388 desti—
1058 2354 1062 2386 l

290 2411 359 2436 nata
382 2406 421 2437 ab
443 2406 518 2449 ipsis
540 2408 688 2440 fidelibus
717 2408 750 2440 in
776 2408 883 2441 debita
907 2418 1039 2440 venera·
1059 2410 1062 2457 ᾖ

290 2456 373 2489 tione
395 2458 585 2500 habeantur,
604 2461 745 2494 creditae
765 2461 857 2494 nobis
873 2460 1040 2505 potestatis
1059 2462 1063 2502 l
1083 2478 1222 2511 jusmodi
1243 2475 1485 2511 communicare
1496 2479 1627 2518 possem
1642 2472 1830 2509 gndulsemss

886 182 1063 209 nt‘t.1,.tntt'=31
1087 183 1236 207 Romami

1081 236 1256 279 fidelesque
1277 236 1363 279 ipsos
1382 237 1420 271 ad
1450 237 1479 269 id
1511 237 1733 281 spiritualibus
1758 248 1830 272 mu-

1082 288 1227 330 neribus,
1261 289 1471 332 indulgentiis
1491 290 1639 324 videlicet
1664 297 1695 325 et
1715 301 1831 336 pecca-

1083 347 1188 375 torum
1220 342 1475 384 remissionibus,
1506 343 1692 387 frequenter
1719 345 1832 378 invita-

1082 406 1165 428 mus.

1124 449 1139 493 g
1166 449 1195 482 t.
1223 449 1372 483 Exhibita
1406 450 1499 484 nobis
1531 461 1636 494 nuper
1658 461 1718 496 pro
1741 455 1832 496 parte

1081 503 1273 535 dilectorum
1299 503 1440 536 filiorum
1476 504 1676 537 confratrum
1708 505 1833 538 confra-

1081 556 1239 589 ternitatis
1271 556 1330 589 sub
1365 556 1565 591 invocatione
1606 557 1833 591 Sanctissimae

1848 184 1946 215 Ansss.
1961 216 1968 218 ,
2012 193 2016 212 a

1871 459 1929 482 noti
1970 464 1979 470 ¹·
1990 467 1991 471 =
2002 471 2003 475 =

1080 609 1245 643 Trinitatis
1265 610 1298 642 in
1315 611 1399 643 alma
1419 610 1503 644 Urbe
1523 611 1680 644 canonice
1703 610 1831 644 institu-
1847 608 1855 617 ”

1080 668 1129 696 tae
1136 663 1249 707 petitio
1261 663 1445 697 continebat
1463 665 1550 708 quod
1559 665 1647 705 alias,
1659 669 1831 708 postquam

1080 716 1182 750 felicis
1202 717 1436 750 recordationis
1463 717 1538 751 Pius
1562 718 1647 762 Papa
1667 717 1716 759 lv,
1737 728 1832 762 prae·
1874 741 1878 746 -

1079 771 1230 804 decessor
1248 776 1370 812 noster,
1393 770 1628 804 institutionem
1657 771 1832 804 confrater-

1079 825 1187 858 nitatis
1202 825 1261 858 sub
1282 825 1484 859 invocatione
1505 824 1648 858 eiusdem
1667 824 1832 858 Sanctissi-

1080 889 1149 911 mae
1160 879 1336 920 Trinitatis,
1357 879 1391 912 in
1412 889 1488 923 qua,
1511 884 1546 912 ut
1565 883 1744 923 acceperat,
1754 877 1832 911 dile-

1079 932 1121 965 cti
1140 932 1199 965 filii
1219 933 1305 966 illius
1325 933 1504 966 confratres
1531 932 1619 965 varia
1641 931 1770 976 pietatis
1796 936 1829 964 et

1078 987 1253 1020 laudabilia
1273 998 1371 1031 opera
1391 990 1613 1027 exerc-nerant,
1636 990 1667 1018 et
1695 984 1727 1018 in
1747 995 1828 1029 pau-

1078 1040 1210 1084 peribus
1244 1039 1426 1084 peregrinis
1463 1045 1494 1072 et
1532 1037 1829 1072 convalescentibus

1077 1094 1224 1138 personis
1243 1095 1283 1128 ad
1294 1094 1451 1138 hospitale
1462 1093 1566 1126 dictae
1581 1092 1826 1126 confraternita-

1078 1149 1118 1182 tis
1137 1149 1354 1192 undequaque
1376 1146 1613 1181 confluentibus
1632 1145 1828 1190 excipiendis

1078 1208 1109 1236 et
1127 1202 1323 1242 reficiendis,
1356 1201 1530 1244 multisque
1554 1199 1626 1232 aliis
1648 1199 1772 1242 pietatis
1795 1203 1828 1234 et:

1078 1255 1220 1290 caritatis
1239 1255 1403 1300 operibus
1422 1264 1487 1287 non
1505 1253 1609 1286 solum
1629 1252 1663 1285 in
1681 1251 1827 1296 peregri-

1077 1320 1196 1344 norum
1229 1315 1260 1343 et
1306 1306 1598 1343 convalescentium
1639 1303 1826 1339 huiusmodi

1078 1363 1251 1397 maximam
1275 1361 1538 1397 commoditatem
1569 1366 1601 1394 et
1634 1358 1827 1393 consolatio-

1078 1429 1166 1460 nem,
1187 1428 1300 1451 verum
1325 1416 1421 1450 etiam
1439 1426 1513 1449 cnm
1538 1414 1636 1448 totius
1655 1413 1760 1447 dictae
1770 1413 1827 1447 Ur-

1077 1471 1126 1505 bis
1142 1477 1173 1505 et
1195 1471 1282 1505 orbis
1307 1469 1506 1515 amplissima
1528 1468 1624 1502 laude
1648 1473 1679 1501 et
1697 1467 1826 1507 decore,

1078 1525 1181 1569 magis
1191 1535 1228 1558 ac
1239 1524 1340 1568 magis
1352 1523 1385 1556 in
1396 1522 1465 1557 dies
1472 1533 1505 1556 se
1512 1522 1704 1556 exercebant
1714 1526 1745 1554 et
1755 1531 1828 1565 per-

1077 1584 1175 1624 petuo
1195 1589 1345 1612 exercere
1364 1576 1587 1616 intendebant,
1605 1575 1827 1618 nonnullaque

1078 1637 1195 1666 statuta
1218 1638 1250 1666 et
1273 1630 1494 1665 ordinationes
1513 1630 1654 1673 desuper
1673 1628 1828 1662 condide-

1078 1691 1162 1727 rant,
1194 1685 1383 1719 eorumdem
1412 1684 1610 1718 confratrum
1645 1681 1830 1719 salubribus,

1078 1740 1158 1773 votis
1178 1745 1210 1773 et
1228 1739 1325 1783 gratis
1345 1739 1378 1772 in
1397 1743 1573 1782 conspectu
1592 1735 1647 1769 Dei
1666 1740 1698 1769 et.
1722 1733 1828 1768 homi-

1078 1804 1158 1827 num
1193 1793 1320 1837 pietatis
1339 1792 1492 1837 operibus
1514 1791 1547 1824 id
1567 1789 1826 1834 exposcentibus,

1079 1847 1255 1892 apostolica
1279 1845 1472 1880 auctoritate
1491 1849 1651 1889 perpetuo
1672 1842 1830 1888 approba-

1078 1907 1165 1935 verat
1185 1907 1216 1935 et
1236 1901 1494 1940 confirmaveram
1523 1898 1736 1941 eamdemque
1755 1906 1831 1930 con-

1078 1955 1313 1988 fraternitatem
1361 1953 1395 1986 in
1442 1950 1831 1986 archiconfraternitatem

1080 2009 1224 2044 eiusdem
1245 2007 1473 2042 Sanctissimae
1494 2005 1672 2046 Trinitatis,
1694 2003 1830 2038 itautab

1080 2074 1128 2105 ea,
1156 2069 1322 2107 tamquam
1342 2060 1486 2101 matrice,
1512 2059 1606 2100 aliae,
1637 2058 1663 2092 si
1683 2068 1766 2102 quae
1791 2056 1831 2090 de

1079 2127 1161 2150 novo
1186 2116 1402 2159 erigerentur,
1417 2111 1695 2147 confraternitates
1710 2111 1832 2155 depen-

1080 2171 1205 2210 derent,
1226 2169 1311 2202 dicta
1331 2165 1640 2208 auct01·itate‚etiam
1662 2169 1832 2209 perpetuo,

1080 2228 1225 2257 erexerat
1249 2228 1278 2256 et
1297 2221 1492 2260 instituerat,
1514 2230 1551 2253 ac
1562 2218 1834 2252 archiconfrater-

1081 2276 1188 2310 nitatis
1206 2276 1299 2309 titulo
1317 2275 1534 2313 decoraverat;
1552 2281 1679 2305 necnon
1689 2270 1833 2304 eiusdem

1080 2328 1445 2364 archiconfraternitatis
1465 2325 1693 2366 confratribus,
1715 2329 1751 2357 ut
1768 2323 1834 2368 pri-

1081 2379 1197 2422 vilegia
1216 2385 1246 2412 et
1273 2376 1499 2420 indulgentias,
1525 2374 1584 2408 sibi
1604 2384 1664 2418 pro
1687 2378 1840 2416 tempore⁴

1082 2439 1246 2468 concessa,
1269 2425 1586 2460 confraternitatibus
1598 2422 1757 2466 erigendis
1770 2422 1832 2454 hu-

290 2510 510 2544 auetoritatem
550 2514 768 2547 favorabiliter
815 2513 1038 2559 impartimur,
1059 2524 1063 2543 ε
1084 2538 1120 2559 30
1138 2533 1201 2560 mm
1223 2525 1256 2558 jn
1275 2523 1507 2568 approbatione
1532 2528 1564 2556 et
1587 2519 1831 2556 confirmatione

330 2583 337 2607 t
358 2582 396 2609 Ex
416 2582 513 2617 Regest
535 2584 562 2610 in
584 2584 688 2612 secret.
707 2585 792 2612 Brev.

1084 2574 1356 2610 confraternitatis
1390 2571 1588 2613 huiusmodi,
1619 2569 1770 2612 illiusque
1798 2567 1832 2601 in
