<?xml version="1.0" encoding="UTF-8"?>
<!DOCTYPE html PUBLIC "-//W3C//DTD XHTML 1.0 Transitional//EN"
    "http://www.w3.org/TR/xhtml1/DTD/xhtml1-transitional.dtd">
<html xmlns="http://www.w3.org/1999/xhtml" xml:lang="en" lang="en">
 <head>
  <title>
</title>
<meta http-equiv="Content-Type" content="text/html;charset=utf-8" />
  <meta name='ocr-system' content='tesseract 3.04.00' />
  <meta name='ocr-capabilities' content='ocr_page ocr_carea ocr_par ocr_line ocrx_word'/>
</head>
<body>
  <div class='ocr_page' id='page_1' title='image "./bullarumdiplomat08cath_1046.png"; bbox 0 0 2059 3228; ppageno 0'>
   <div class='ocr_carea' id='block_1_1' title="bbox 306 222 1865 2395">
    <p class='ocr_par' dir='ltr' id='par_1_1' title="bbox 363 222 1852 541">
     <span class='ocr_line' id='line_1_1' title="bbox 363 222 1228 260; baseline 0 -2"><span class='ocrx_word' id='word_1_1' title='bbox 363 222 445 259; x_wconf 69' lang='lat'>10:3⁰</span> <span class='ocrx_word' id='word_1_2' title='bbox 937 234 1087 260; x_wconf 69' lang='lat' dir='ltr'><strong>mittatur</strong></span> <span class='ocrx_word' id='word_1_3' title='bbox 1110 235 1228 259; x_wconf 66' lang='lat' dir='ltr'><strong>nouam</strong></span> 
     </span>
     <span class='ocr_line' id='line_1_2' title="bbox 405 287 1848 330; baseline -0.001 -10"><span class='ocrx_word' id='word_1_4' title='bbox 405 287 603 327; x_wconf 81' lang='lat' dir='ltr'><strong>municandi‚</strong></span> <span class='ocrx_word' id='word_1_5' title='bbox 629 288 894 330; x_wconf 71' lang='lat' dir='ltr'><strong>congregationes</strong></span> <span class='ocrx_word' id='word_1_6' title='bbox 917 287 1064 320; x_wconf 78' lang='lat' dir='ltr'><strong>visitandi</strong></span> <span class='ocrx_word' id='word_1_7' title='bbox 1089 293 1117 320; x_wconf 85' lang='lat' dir='ltr'><strong>et</strong></span> <span class='ocrx_word' id='word_1_8' title='bbox 1138 293 1254 320; x_wconf 83' lang='lat' dir='ltr'><strong>statuta</strong></span> <span class='ocrx_word' id='word_1_9' title='bbox 1277 297 1335 329; x_wconf 93' lang='lat' dir='ltr'><strong>pro</strong></span> <span class='ocrx_word' id='word_1_10' title='bbox 1363 297 1474 321; x_wconf 86' lang='lat' dir='ltr'><strong>earum</strong></span> <span class='ocrx_word' id='word_1_11' title='bbox 1499 287 1653 328; x_wconf 77' lang='lat' dir='ltr'><strong>regimine</strong></span> <span class='ocrx_word' id='word_1_12' title='bbox 1674 287 1848 324; x_wconf 63' lang='lat' dir='ltr'><strong>condendi,</strong></span> 
     </span>
     <span class='ocr_line' id='line_1_3' title="bbox 405 338 1850 384; baseline -0.001 -10"><span class='ocrx_word' id='word_1_13' title='bbox 405 340 468 374; x_wconf 67' lang='lat'><strong>502</strong></span> <span class='ocrx_word' id='word_1_14' title='bbox 487 352 507 372; x_wconf 87' lang='grc' dir='ltr'><em>α</em></span> <span class='ocrx_word' id='word_1_15' title='bbox 527 346 557 373; x_wconf 89' lang='lat' dir='ltr'><strong>et</strong></span> <span class='ocrx_word' id='word_1_16' title='bbox 579 350 642 384; x_wconf 81' lang='lat' dir='ltr'><strong>seq.</strong></span> <span class='ocrx_word' id='word_1_17' title='bbox 666 339 783 372; x_wconf 76' lang='lat' dir='ltr'><strong>Eadem</strong></span> <span class='ocrx_word' id='word_1_18' title='bbox 814 340 1021 383; x_wconf 71' lang='lat' dir='ltr'><strong>congregatio</strong></span> <span class='ocrx_word' id='word_1_19' title='bbox 1046 350 1106 383; x_wconf 88' lang='lat' dir='ltr'><strong>pro</strong></span> <span class='ocrx_word' id='word_1_20' title='bbox 1130 338 1334 373; x_wconf 71' lang='lat' dir='ltr'>studentibus</span> <span class='ocrx_word' id='word_1_21' title='bbox 1358 338 1486 382; x_wconf 75' lang='lat' dir='ltr'><strong>collegii</strong></span> <span class='ocrx_word' id='word_1_22' title='bbox 1509 338 1670 371; x_wconf 78' lang='lat' dir='ltr'><strong>societatis</strong></span> <span class='ocrx_word' id='word_1_23' title='bbox 1691 340 1760 373; x_wconf 81' lang='lat' dir='ltr'><strong>lesu</strong></span> <span class='ocrx_word' id='word_1_24' title='bbox 1781 351 1850 372; x_wconf 78' lang='lat' dir='ltr'><strong>ain-</strong></span> 
     </span>
     <span class='ocr_line' id='line_1_4' title="bbox 405 391 1852 436; baseline 0 -11"><span class='ocrx_word' id='word_1_25' title='bbox 405 393 524 436; x_wconf 88' lang='lat' dir='ltr'><strong>pliatur</strong></span> <span class='ocrx_word' id='word_1_26' title='bbox 543 399 573 426; x_wconf 88' lang='lat' dir='ltr'><strong>et</strong></span> <span class='ocrx_word' id='word_1_27' title='bbox 594 392 776 425; x_wconf 73' lang='lat' dir='ltr'>extenditur</span> <span class='ocrx_word' id='word_1_28' title='bbox 792 392 831 425; x_wconf 85' lang='lat' dir='ltr'><strong>ad</strong></span> <span class='ocrx_word' id='word_1_29' title='bbox 846 403 1071 436; x_wconf 87' lang='lat' dir='ltr'><strong>quoscumque</strong></span> <span class='ocrx_word' id='word_1_30' title='bbox 1091 392 1172 426; x_wconf 89' lang='lat' dir='ltr'><strong>alios</strong></span> <span class='ocrx_word' id='word_1_31' title='bbox 1185 402 1251 425; x_wconf 88' lang='lat' dir='ltr'><strong>non</strong></span> <span class='ocrx_word' id='word_1_32' title='bbox 1270 392 1446 431; x_wconf 74' lang='lat' dir='ltr'><strong>studentes,</strong></span> <span class='ocrx_word' id='word_1_33' title='bbox 1463 391 1528 425; x_wconf 76' lang='lat'>8⁵28</span> <span class='ocrx_word' id='word_1_34' title='bbox 1543 402 1561 424; x_wconf 81' lang='grc' dir='ltr'><em>α</em></span> <span class='ocrx_word' id='word_1_35' title='bbox 1578 396 1608 424; x_wconf 89' lang='lat' dir='ltr'><strong>et</strong></span> <span class='ocrx_word' id='word_1_36' title='bbox 1622 401 1684 435; x_wconf 77' lang='lat' dir='ltr'><strong>seq.</strong></span> <span class='ocrx_word' id='word_1_37' title='bbox 1706 392 1852 426; x_wconf 83' lang='lat' dir='ltr'><strong>Facultas</strong></span> 
     </span>
     <span class='ocr_line' id='line_1_5' title="bbox 403 443 1850 489; baseline 0.001 -12"><span class='ocrx_word' id='word_1_38' title='bbox 403 445 480 478; x_wconf 76' lang='lat' dir='ltr'><strong>alias</strong></span> <span class='ocrx_word' id='word_1_39' title='bbox 508 445 774 487; x_wconf 73' lang='lat' dir='ltr'>congregationes</span> <span class='ocrx_word' id='word_1_40' title='bbox 805 445 881 478; x_wconf 83' lang='lat' dir='ltr'><strong>huic</strong></span> <span class='ocrx_word' id='word_1_41' title='bbox 909 446 1104 489; x_wconf 68' lang='lat' dir='ltr'><strong>agmegandi</strong></span> <span class='ocrx_word' id='word_1_42' title='bbox 1136 451 1169 479; x_wconf 89' lang='lat' dir='ltr'><strong>et</strong></span> <span class='ocrx_word' id='word_1_43' title='bbox 1191 445 1309 488; x_wconf 78' lang='lat' dir='ltr'><strong>gratias</strong></span> <span class='ocrx_word' id='word_1_44' title='bbox 1338 451 1370 478; x_wconf 89' lang='lat' dir='ltr'><strong>et</strong></span> <span class='ocrx_word' id='word_1_45' title='bbox 1394 443 1609 488; x_wconf 79' lang='lat' dir='ltr'>indulgentias</span> <span class='ocrx_word' id='word_1_46' title='bbox 1638 444 1850 485; x_wconf 89' lang='lat' dir='ltr'><strong>concedendi,</strong></span> 
     </span>
     <span class='ocr_line' id='line_1_6' title="bbox 403 498 638 541; baseline -0.004 -10"><span class='ocrx_word' id='word_1_47' title='bbox 403 498 467 531; x_wconf 69' lang='lat'><strong>829</strong></span> <span class='ocrx_word' id='word_1_48' title='bbox 487 509 505 530; x_wconf 85' lang='grc' dir='ltr'>α</span> <span class='ocrx_word' id='word_1_49' title='bbox 527 503 556 531; x_wconf 84' lang='lat' dir='ltr'><strong>ct</strong></span> <span class='ocrx_word' id='word_1_50' title='bbox 576 509 638 541; x_wconf 82' lang='lat' dir='ltr'><strong>seq.</strong></span> 
     </span>
    </p>

    <p class='ocr_par' dir='ltr' id='par_1_2' title="bbox 315 549 1854 697">
     <span class='ocr_line' id='line_1_7' title="bbox 315 549 1853 595; baseline -0.001 -12"><span class='ocrx_word' id='word_1_51' title='bbox 315 551 444 584; x_wconf 78' lang='lat' dir='ltr'><strong>Antonii</strong></span> <span class='ocrx_word' id='word_1_52' title='bbox 465 552 527 593; x_wconf 70' lang='lat' dir='ltr'><strong>(S.)</strong></span> <span class='ocrx_word' id='word_1_53' title='bbox 542 550 728 584; x_wconf 78' lang='lat' dir='ltr'><strong>Viennensis</strong></span> <span class='ocrx_word' id='word_1_54' title='bbox 748 549 874 584; x_wconf 73' lang='lat' dir='ltr'><strong>‹tt-dinis</strong></span> <span class='ocrx_word' id='word_1_55' title='bbox 895 551 1048 584; x_wconf 84' lang='lat' dir='ltr'><strong>fratribus</strong></span> <span class='ocrx_word' id='word_1_56' title='bbox 1067 551 1288 595; x_wconf 73' lang='lat' dir='ltr'><strong>eleemosynas</strong></span> <span class='ocrx_word' id='word_1_57' title='bbox 1311 561 1371 595; x_wconf 90' lang='lat' dir='ltr'><strong>pro</strong></span> <span class='ocrx_word' id='word_1_58' title='bbox 1394 561 1507 584; x_wconf 86' lang='lat' dir='ltr'><strong>eorum</strong></span> <span class='ocrx_word' id='word_1_59' title='bbox 1532 549 1747 594; x_wconf 75' lang='lat' dir='ltr'>hospitalibus</span> <span class='ocrx_word' id='word_1_60' title='bbox 1757 549 1853 583; x_wconf 85' lang='lat' dir='ltr'><strong>colli-</strong></span> 
     </span>
     <span class='ocr_line' id='line_1_8' title="bbox 402 601 1854 648; baseline -0.001 -12"><span class='ocrx_word' id='word_1_61' title='bbox 402 615 478 647; x_wconf 84' lang='lat' dir='ltr'><strong>gere</strong></span> <span class='ocrx_word' id='word_1_62' title='bbox 497 604 707 647; x_wconf 72' lang='lat' dir='ltr'><strong>permittitur,</strong></span> <span class='ocrx_word' id='word_1_63' title='bbox 731 603 796 636; x_wconf 74' lang='lat'><strong>384</strong></span> <span class='ocrx_word' id='word_1_64' title='bbox 814 604 831 636; x_wconf 84' lang='lat' dir='ltr'><em>b</em></span> <span class='ocrx_word' id='word_1_65' title='bbox 857 609 962 648; x_wconf 80' lang='lat' dir='ltr'><strong>etseq.</strong></span> <span class='ocrx_word' id='word_1_66' title='bbox 985 604 1102 636; x_wconf 84' lang='lat' dir='ltr'><strong>Forma</strong></span> <span class='ocrx_word' id='word_1_67' title='bbox 1116 603 1289 647; x_wconf 86' lang='lat' dir='ltr'><strong>colligendi</strong></span> <span class='ocrx_word' id='word_1_68' title='bbox 1309 603 1552 647; x_wconf 81' lang='lat' dir='ltr'><strong>praescribitur,</strong></span> <span class='ocrx_word' id='word_1_69' title='bbox 1574 602 1688 647; x_wconf 84' lang='lat' dir='ltr'><strong>poenis</strong></span> <span class='ocrx_word' id='word_1_70' title='bbox 1700 601 1854 636; x_wconf 84' lang='lat' dir='ltr'><strong>iniunctis</strong></span> 
     </span>
     <span class='ocr_line' id='line_1_9' title="bbox 403 656 1085 697; baseline 0 -8"><span class='ocrx_word' id='word_1_71' title='bbox 403 668 472 690; x_wconf 86' lang='lat' dir='ltr'><strong>eam</strong></span> <span class='ocrx_word' id='word_1_72' title='bbox 499 667 563 690; x_wconf 88' lang='lat' dir='ltr'><strong>non</strong></span> <span class='ocrx_word' id='word_1_73' title='bbox 584 656 840 697; x_wconf 73' lang='lat' dir='ltr'><strong>observantibus,</strong></span> <span class='ocrx_word' id='word_1_74' title='bbox 862 656 927 690; x_wconf 82' lang='lat'><strong>386</strong></span> <span class='ocrx_word' id='word_1_75' title='bbox 951 667 969 689; x_wconf 75' lang='lat' dir='ltr'><strong>ci</strong></span> <span class='ocrx_word' id='word_1_76' title='bbox 995 662 1026 689; x_wconf 90' lang='lat' dir='ltr'><strong>et</strong></span> <span class='ocrx_word' id='word_1_77' title='bbox 1055 656 1085 689; x_wconf 84' lang='lat' dir='ltr'><strong>b.</strong></span> 
     </span>
    </p>

    <p class='ocr_par' dir='ltr' id='par_1_3' title="bbox 316 707 1845 805">
     <span class='ocr_line' id='line_1_10' title="bbox 316 707 1845 753; baseline 0 -12"><span class='ocrx_word' id='word_1_78' title='bbox 316 709 442 742; x_wconf 69' lang='lat' dir='ltr'><strong>Antonii</strong></span> <span class='ocrx_word' id='word_1_79' title='bbox 468 710 529 751; x_wconf 89' lang='lat' dir='ltr'>(S.)</span> <span class='ocrx_word' id='word_1_80' title='bbox 549 709 588 741; x_wconf 81' lang='lat' dir='ltr'><strong>de</strong></span> <span class='ocrx_word' id='word_1_81' title='bbox 617 709 725 741; x_wconf 85' lang='lat' dir='ltr'><strong>Padua</strong></span> <span class='ocrx_word' id='word_1_82' title='bbox 754 709 931 753; x_wconf 90' lang='lat' dir='ltr'><strong>nuncupati</strong></span> <span class='ocrx_word' id='word_1_83' title='bbox 960 720 977 741; x_wconf 86' lang='lat' dir='ltr'><strong>a</strong></span> <span class='ocrx_word' id='word_1_84' title='bbox 1008 709 1163 752; x_wconf 83' lang='lat' dir='ltr'><strong>Gregorio</strong></span> <span class='ocrx_word' id='word_1_85' title='bbox 1175 709 1215 742; x_wconf 83' lang='lat' dir='ltr'><strong>tx</strong></span> <span class='ocrx_word' id='word_1_86' title='bbox 1227 709 1420 743; x_wconf 85' lang='lat' dir='ltr'><strong>Sanctorum</strong></span> <span class='ocrx_word' id='word_1_87' title='bbox 1445 709 1519 742; x_wconf 84' lang='lat' dir='ltr'><strong>albo</strong></span> <span class='ocrx_word' id='word_1_88' title='bbox 1547 707 1704 752; x_wconf 79' lang='lat' dir='ltr'><strong>adscripti</strong></span> <span class='ocrx_word' id='word_1_89' title='bbox 1728 708 1845 741; x_wconf 78' lang='lat' dir='ltr'><strong>festum</strong></span> 
     </span>
     <span class='ocr_line' id='line_1_11' title="bbox 401 760 1653 805; baseline -0.001 -10"><span class='ocrx_word' id='word_1_90' title='bbox 401 762 523 805; x_wconf 80' lang='lat' dir='ltr'><strong>duplici</strong></span> <span class='ocrx_word' id='word_1_91' title='bbox 547 762 611 795; x_wconf 89' lang='lat' dir='ltr'><strong>ritu</strong></span> <span class='ocrx_word' id='word_1_92' title='bbox 637 761 866 794; x_wconf 88' lang='lat' dir='ltr'><strong>celebrandum</strong></span> <span class='ocrx_word' id='word_1_93' title='bbox 895 761 947 794; x_wconf 91' lang='lat' dir='ltr'><strong>die</strong></span> <span class='ocrx_word' id='word_1_94' title='bbox 975 771 1030 794; x_wconf 78' lang='lat' dir='ltr'><strong>xm</strong></span> <span class='ocrx_word' id='word_1_95' title='bbox 1050 761 1144 802; x_wconf 92' lang='lat' dir='ltr'><strong>iunii,</strong></span> <span class='ocrx_word' id='word_1_96' title='bbox 1165 761 1272 795; x_wconf 83' lang='lat' dir='ltr'><strong>Sixtus</strong></span> <span class='ocrx_word' id='word_1_97' title='bbox 1291 761 1314 794; x_wconf 93' lang='lat' dir='ltr'>V</span> <span class='ocrx_word' id='word_1_98' title='bbox 1334 761 1512 802; x_wconf 87' lang='lat' dir='ltr'><strong>constituit,</strong></span> <span class='ocrx_word' id='word_1_99' title='bbox 1531 760 1596 795; x_wconf 80' lang='lat'><strong>654</strong></span> <span class='ocrx_word' id='word_1_100' title='bbox 1618 772 1653 794; x_wconf 89' lang='grc' dir='ltr'><strong>α.</strong></span> 
     </span>
    </p>

    <p class='ocr_par' dir='ltr' id='par_1_4' title="bbox 313 813 1865 1017">
     <span class='ocr_line' id='line_1_12' title="bbox 313 813 1853 858; baseline 0 -11"><span class='ocrx_word' id='word_1_101' title='bbox 313 815 494 858; x_wconf 67' lang='lat' dir='ltr'><strong>Appellatio</strong></span> <span class='ocrx_word' id='word_1_102' title='bbox 520 826 538 848; x_wconf 90' lang='lat' dir='ltr'><strong>a</strong></span> <span class='ocrx_word' id='word_1_103' title='bbox 567 813 732 848; x_wconf 79' lang='lat' dir='ltr'><strong>sententiis</strong></span> <span class='ocrx_word' id='word_1_104' title='bbox 761 814 821 847; x_wconf 82' lang='lat' dir='ltr'><strong>sori</strong></span> <span class='ocrx_word' id='word_1_105' title='bbox 847 814 1067 855; x_wconf 83' lang='lat' dir='ltr'><strong>ecclesiastici,</strong></span> <span class='ocrx_word' id='word_1_106' title='bbox 1098 815 1132 847; x_wconf 93' lang='lat' dir='ltr'><strong>in</strong></span> <span class='ocrx_word' id='word_1_107' title='bbox 1160 814 1260 848; x_wconf 91' lang='lat' dir='ltr'><strong>lndiis</strong></span> <span class='ocrx_word' id='word_1_108' title='bbox 1283 814 1537 848; x_wconf 88' lang='lat' dir='ltr'><strong>occidentalibus</strong></span> <span class='ocrx_word' id='word_1_109' title='bbox 1560 819 1593 848; x_wconf 93' lang='lat' dir='ltr'><strong>et</strong></span> <span class='ocrx_word' id='word_1_110' title='bbox 1610 813 1725 847; x_wconf 86' lang='lat' dir='ltr'><strong>insulis</strong></span> <span class='ocrx_word' id='word_1_111' title='bbox 1754 814 1853 847; x_wconf 86' lang='lat' dir='ltr'><strong>maris</strong></span> 
     </span>
     <span class='ocr_line' id='line_1_13' title="bbox 400 865 1850 911; baseline -0.001 -11"><span class='ocrx_word' id='word_1_112' title='bbox 400 867 519 900; x_wconf 84' lang='lat' dir='ltr'><strong>Oceani</strong></span> <span class='ocrx_word' id='word_1_113' title='bbox 534 867 601 910; x_wconf 86' lang='lat' dir='ltr'><strong>regi</strong></span> <span class='ocrx_word' id='word_1_114' title='bbox 617 867 843 911; x_wconf 76' lang='lat' dir='ltr'><strong>Hispaniarum</strong></span> <span class='ocrx_word' id='word_1_115' title='bbox 855 867 1018 907; x_wconf 88' lang='lat' dir='ltr'><strong>subiectis,</strong></span> <span class='ocrx_word' id='word_1_116' title='bbox 1032 867 1072 900; x_wconf 85' lang='lat' dir='ltr'><strong>ab</strong></span> <span class='ocrx_word' id='word_1_117' title='bbox 1082 867 1235 911; x_wconf 90' lang='lat' dir='ltr'><strong>episcopo</strong></span> <span class='ocrx_word' id='word_1_118' title='bbox 1249 867 1289 900; x_wconf 82' lang='lat' dir='ltr'><strong>ad</strong></span> <span class='ocrx_word' id='word_1_119' title='bbox 1305 867 1544 911; x_wconf 82' lang='lat' dir='ltr'><strong>metropolitam</strong></span> <span class='ocrx_word' id='word_1_120' title='bbox 1556 865 1627 900; x_wconf 89' lang='lat' dir='ltr'><strong>fieri</strong></span> <span class='ocrx_word' id='word_1_121' title='bbox 1642 871 1761 910; x_wconf 87' lang='lat' dir='ltr'><strong>potest,</strong></span> <span class='ocrx_word' id='word_1_122' title='bbox 1777 868 1797 899; x_wconf 73' lang='lat'><em>2</em></span> <span class='ocrx_word' id='word_1_123' title='bbox 1815 877 1850 899; x_wconf 84' lang='grc' dir='ltr'><strong>α.</strong></span> 
     </span>
     <span class='ocr_line' id='line_1_14' title="bbox 402 919 1852 964; baseline -0.001 -11"><span class='ocrx_word' id='word_1_124' title='bbox 402 920 433 954; x_wconf 85' lang='lat' dir='ltr'><strong>Si</strong></span> <span class='ocrx_word' id='word_1_125' title='bbox 454 921 559 964; x_wconf 88' lang='lat' dir='ltr'><strong>prima</strong></span> <span class='ocrx_word' id='word_1_126' title='bbox 573 921 731 954; x_wconf 87' lang='lat' dir='ltr'><strong>sententia</strong></span> <span class='ocrx_word' id='word_1_127' title='bbox 747 932 765 953; x_wconf 90' lang='lat' dir='ltr'><strong>a</strong></span> <span class='ocrx_word' id='word_1_128' title='bbox 780 920 988 964; x_wconf 81' lang='lat' dir='ltr'><strong>metropolita</strong></span> <span class='ocrx_word' id='word_1_129' title='bbox 1006 920 1070 954; x_wconf 84' lang='lat' dir='ltr'><strong>lata</strong></span> <span class='ocrx_word' id='word_1_130' title='bbox 1089 919 1186 953; x_wconf 74' lang='lat' dir='ltr'><strong>suerit</strong></span> <span class='ocrx_word' id='word_1_131' title='bbox 1200 945 1210 959; x_wconf 92' lang='lat'>‚</span> <span class='ocrx_word' id='word_1_132' title='bbox 1234 920 1274 953; x_wconf 87' lang='lat' dir='ltr'><strong>ad</strong></span> <span class='ocrx_word' id='word_1_133' title='bbox 1302 920 1493 964; x_wconf 89' lang='lat' dir='ltr'><strong>episcopum</strong></span> <span class='ocrx_word' id='word_1_134' title='bbox 1518 919 1708 954; x_wconf 86' lang='lat' dir='ltr'><strong>viciniorem</strong></span> <span class='ocrx_word' id='word_1_135' title='bbox 1738 919 1852 964; x_wconf 86' lang='lat' dir='ltr'><strong>appel-</strong></span> 
     </span>
     <span class='ocr_line' id='line_1_15' title="bbox 400 972 1865 1017; baseline -0.001 -11"><span class='ocrx_word' id='word_1_136' title='bbox 400 974 476 1006; x_wconf 88' lang='lat' dir='ltr'><strong>latio</strong></span> <span class='ocrx_word' id='word_1_137' title='bbox 497 972 745 1016; x_wconf 79' lang='lat' dir='ltr'><strong>interponenda,</strong></span> <span class='ocrx_word' id='word_1_138' title='bbox 766 972 786 1005; x_wconf 71' lang='lat'><strong>2</strong></span> <span class='ocrx_word' id='word_1_139' title='bbox 807 973 834 1005; x_wconf 82' lang='lat' dir='ltr'><strong>b.</strong></span> <span class='ocrx_word' id='word_1_140' title='bbox 1864 1014 1865 1017; x_wconf 11' lang='grc' dir='ltr'><strong>Ἴ</strong></span> 
     </span>
    </p>

    <p class='ocr_par' dir='ltr' id='par_1_5' title="bbox 311 1024 1853 1121">
     <span class='ocr_line' id='line_1_16' title="bbox 311 1024 1852 1069; baseline -0.001 -9"><span class='ocrx_word' id='word_1_141' title='bbox 311 1026 658 1061; x_wconf 74' lang='lat' dir='ltr'><strong>Archicont&#39;raternitas</strong></span> <span class='ocrx_word' id='word_1_142' title='bbox 683 1027 718 1060; x_wconf 91' lang='lat' dir='ltr'><strong>V.</strong></span> <span class='ocrx_word' id='word_1_143' title='bbox 740 1028 849 1059; x_wconf 82' lang='lat' dir='ltr'><strong>Annae</strong></span> <span class='ocrx_word' id='word_1_144' title='bbox 868 1026 930 1065; x_wconf 73' lang='lat' dir='ltr'><strong>(S.)</strong></span> <span class='ocrx_word' id='word_1_145' title='bbox 950 1025 1128 1066; x_wconf 83' lang='lat' dir='ltr'><strong>Varsaviae;</strong></span> <span class='ocrx_word' id='word_1_146' title='bbox 1145 1025 1257 1069; x_wconf 86' lang='lat' dir='ltr'><strong>Campi</strong></span> <span class='ocrx_word' id='word_1_147' title='bbox 1273 1025 1382 1059; x_wconf 84' lang='lat' dir='ltr'><strong>Sancti</strong></span> <span class='ocrx_word' id='word_1_148' title='bbox 1400 1026 1440 1059; x_wconf 84' lang='lat' dir='ltr'><strong>de</strong></span> <span class='ocrx_word' id='word_1_149' title='bbox 1460 1025 1557 1066; x_wconf 87' lang='lat' dir='ltr'><strong>Urhe;</strong></span> <span class='ocrx_word' id='word_1_150' title='bbox 1577 1024 1852 1068; x_wconf 81' lang='lat' dir='ltr'><strong>Chordigerorum</strong></span> 
     </span>
     <span class='ocr_line' id='line_1_17' title="bbox 399 1077 1853 1121; baseline -0.002 -8"><span class='ocrx_word' id='word_1_151' title='bbox 399 1080 431 1113; x_wconf 87' lang='lat' dir='ltr'><strong>S.</strong></span> <span class='ocrx_word' id='word_1_152' title='bbox 453 1079 628 1118; x_wconf 78' lang='lat' dir='ltr'><strong>Francisci;</strong></span> <span class='ocrx_word' id='word_1_153' title='bbox 643 1078 844 1119; x_wconf 83' lang='lat' dir='ltr'><strong>Consalonis;</strong></span> <span class='ocrx_word' id='word_1_154' title='bbox 858 1079 989 1112; x_wconf 85' lang='lat' dir='ltr'><strong>Pietatis</strong></span> <span class='ocrx_word' id='word_1_155' title='bbox 1005 1084 1258 1118; x_wconf 61' lang='lat' dir='ltr'><strong>carceratorum</strong></span> <span class='ocrx_word' id='word_1_156' title='bbox 1271 1077 1564 1121; x_wconf 83' lang='lat' dir='ltr'><strong>Saci·amenti(SS);</strong></span> <span class='ocrx_word' id='word_1_157' title='bbox 1577 1077 1752 1111; x_wconf 77' lang='lat' dir='ltr'><strong>Trinitatis.</strong></span> <span class='ocrx_word' id='word_1_158' title='bbox 1767 1077 1853 1120; x_wconf 46' lang='lat'>(882)</span> 
     </span>
    </p>

    <p class='ocr_par' dir='ltr' id='par_1_6' title="bbox 310 1130 1853 1280">
     <span class='ocr_line' id='line_1_18' title="bbox 310 1130 1853 1177; baseline -0.001 -12"><span class='ocrx_word' id='word_1_159' title='bbox 310 1132 571 1177; x_wconf 79' lang='lat' dir='ltr'><strong>Areliihospitale</strong></span> <span class='ocrx_word' id='word_1_160' title='bbox 588 1131 726 1176; x_wconf 87' lang='lat' dir='ltr'><strong>Spiritus</strong></span> <span class='ocrx_word' id='word_1_161' title='bbox 750 1132 856 1165; x_wconf 86' lang='lat' dir='ltr'><strong>Sancti</strong></span> <span class='ocrx_word' id='word_1_162' title='bbox 874 1132 905 1164; x_wconf 93' lang='lat' dir='ltr'><strong>in</strong></span> <span class='ocrx_word' id='word_1_163' title='bbox 930 1132 1020 1165; x_wconf 74' lang='lat' dir='ltr'><strong>Saxia</strong></span> <span class='ocrx_word' id='word_1_164' title='bbox 1041 1132 1080 1165; x_wconf 90' lang='lat' dir='ltr'><strong>de</strong></span> <span class='ocrx_word' id='word_1_165' title='bbox 1095 1131 1179 1165; x_wconf 86' lang='lat' dir='ltr'><strong>Urbe</strong></span> <span class='ocrx_word' id='word_1_166' title='bbox 1201 1131 1376 1176; x_wconf 78' lang='lat' dir='ltr'><strong>privilegiis</strong></span> <span class='ocrx_word' id='word_1_167' title='bbox 1400 1137 1430 1164; x_wconf 90' lang='lat' dir='ltr'><strong>et</strong></span> <span class='ocrx_word' id='word_1_168' title='bbox 1446 1130 1652 1174; x_wconf 79' lang='lat' dir='ltr'><strong>indulgentiis</strong></span> <span class='ocrx_word' id='word_1_169' title='bbox 1671 1142 1689 1164; x_wconf 89' lang='lat' dir='ltr'><strong>a</strong></span> <span class='ocrx_word' id='word_1_170' title='bbox 1716 1130 1853 1164; x_wconf 89' lang='lat' dir='ltr'><strong>summis</strong></span> 
     </span>
     <span class='ocr_line' id='line_1_19' title="bbox 399 1183 1850 1227; baseline -0.001 -10"><span class='ocrx_word' id='word_1_171' title='bbox 399 1184 610 1218; x_wconf 85' lang='lat' dir='ltr'><strong>Pontificibus</strong></span> <span class='ocrx_word' id='word_1_172' title='bbox 629 1184 765 1217; x_wconf 86' lang='lat' dir='ltr'><strong>ditatum</strong></span> <span class='ocrx_word' id='word_1_173' title='bbox 783 1190 841 1224; x_wconf 89' lang='lat' dir='ltr'><strong>est,</strong></span> <span class='ocrx_word' id='word_1_174' title='bbox 862 1184 927 1218; x_wconf 73' lang='lat'><strong>172</strong></span> <span class='ocrx_word' id='word_1_175' title='bbox 946 1195 977 1217; x_wconf 76' lang='lat' dir='ltr'><strong>a.</strong></span> <span class='ocrx_word' id='word_1_176' title='bbox 1000 1186 1087 1224; x_wconf 85' lang='lat' dir='ltr'><strong>Quae</strong></span> <span class='ocrx_word' id='word_1_177' title='bbox 1106 1189 1265 1227; x_wconf 83' lang='lat' dir='ltr'><strong>quatenus</strong></span> <span class='ocrx_word' id='word_1_178' title='bbox 1284 1184 1469 1220; x_wconf 89' lang='lat' dir='ltr'><strong>Tridentino</strong></span> <span class='ocrx_word' id='word_1_179' title='bbox 1488 1195 1554 1217; x_wconf 91' lang='lat' dir='ltr'><strong>non</strong></span> <span class='ocrx_word' id='word_1_180' title='bbox 1573 1183 1714 1224; x_wconf 82' lang='lat' dir='ltr'><strong>obstant,</strong></span> <span class='ocrx_word' id='word_1_181' title='bbox 1728 1183 1850 1217; x_wconf 78' lang='lat' dir='ltr'><strong>confir-</strong></span> 
     </span>
     <span class='ocr_line' id='line_1_20' title="bbox 401 1237 1636 1280; baseline 0 -10"><span class='ocrx_word' id='word_1_182' title='bbox 401 1244 543 1278; x_wconf 82' lang='lat' dir='ltr'><strong>mantur,</strong></span> <span class='ocrx_word' id='word_1_183' title='bbox 570 1238 649 1270; x_wconf 75' lang='lat' dir='ltr'><em>ibid.</em></span> <span class='ocrx_word' id='word_1_184' title='bbox 672 1238 701 1277; x_wconf 86' lang='lat' dir='ltr'><strong>b;</strong></span> <span class='ocrx_word' id='word_1_185' title='bbox 723 1237 868 1280; x_wconf 90' lang='lat' dir='ltr'><strong>locisque</strong></span> <span class='ocrx_word' id='word_1_186' title='bbox 893 1237 1044 1271; x_wconf 87' lang='lat' dir='ltr'><strong>omnibus</strong></span> <span class='ocrx_word' id='word_1_187' title='bbox 1059 1237 1187 1271; x_wconf 90' lang='lat' dir='ltr'><strong>Ordinis</strong></span> <span class='ocrx_word' id='word_1_188' title='bbox 1201 1237 1496 1277; x_wconf 80' lang='lat' dir='ltr'><strong>communicantur,</strong></span> <span class='ocrx_word' id='word_1_189' title='bbox 1522 1237 1586 1271; x_wconf 72' lang='lat'><strong>173</strong></span> <span class='ocrx_word' id='word_1_190' title='bbox 1606 1238 1636 1270; x_wconf 86' lang='lat' dir='ltr'><strong>b.</strong></span> 
     </span>
    </p>

    <p class='ocr_par' dir='ltr' id='par_1_7' title="bbox 306 1289 1848 1377">
     <span class='ocr_line' id='line_1_21' title="bbox 306 1289 1848 1335; baseline -0.001 -12"><span class='ocrx_word' id='word_1_191' title='bbox 306 1291 521 1324; x_wconf 64' lang='lat' dir='ltr'><strong>Ariminensis</strong></span> <span class='ocrx_word' id='word_1_192' title='bbox 546 1290 719 1324; x_wconf 84' lang='lat' dir='ltr'><strong>comitatus</strong></span> <span class='ocrx_word' id='word_1_193' title='bbox 749 1290 995 1324; x_wconf 82' lang='lat' dir='ltr'><strong>constitutiones</strong></span> <span class='ocrx_word' id='word_1_194' title='bbox 1021 1301 1081 1335; x_wconf 92' lang='lat' dir='ltr'><strong>pro</strong></span> <span class='ocrx_word' id='word_1_195' title='bbox 1099 1290 1168 1324; x_wconf 88' lang='lat' dir='ltr'><strong>eius</strong></span> <span class='ocrx_word' id='word_1_196' title='bbox 1188 1290 1344 1334; x_wconf 80' lang='lat' dir='ltr'><strong>regimine</strong></span> <span class='ocrx_word' id='word_1_197' title='bbox 1364 1290 1516 1330; x_wconf 71' lang='lat' dir='ltr'><strong>sancitae,</strong></span> <span class='ocrx_word' id='word_1_198' title='bbox 1534 1290 1598 1324; x_wconf 82' lang='lat'><strong>598</strong></span> <span class='ocrx_word' id='word_1_199' title='bbox 1616 1301 1638 1323; x_wconf 85' lang='lat' dir='ltr'><strong>a</strong></span> <span class='ocrx_word' id='word_1_200' title='bbox 1660 1295 1692 1323; x_wconf 86' lang='lat' dir='ltr'><strong>et</strong></span> <span class='ocrx_word' id='word_1_201' title='bbox 1711 1300 1775 1334; x_wconf 83' lang='lat' dir='ltr'><strong>seq.</strong></span> <span class='ocrx_word' id='word_1_202' title='bbox 1813 1289 1848 1322; x_wconf 92' lang='lat' dir='ltr'><strong>V.</strong></span> 
     </span>
     <span class='ocr_line' id='line_1_22' title="bbox 399 1344 555 1377; baseline 0 -1"><span class='ocrx_word' id='word_1_203' title='bbox 399 1344 498 1377; x_wconf 90' lang='lat' dir='ltr'><strong>Iulius</strong></span> <span class='ocrx_word' id='word_1_204' title='bbox 517 1344 555 1376; x_wconf 91' lang='lat' dir='ltr'><strong>lt.</strong></span> 
     </span>
    </p>

    <p class='ocr_par' dir='ltr' id='par_1_8' title="bbox 309 1397 1850 1654">
     <span class='ocr_line' id='line_1_23' title="bbox 309 1397 1849 1441; baseline 0 -10"><span class='ocrx_word' id='word_1_205' title='bbox 309 1399 536 1432; x_wconf 74' lang='lat' dir='ltr'><strong>Armeniorum</strong></span> <span class='ocrx_word' id='word_1_206' title='bbox 559 1398 732 1441; x_wconf 79' lang='lat' dir='ltr'><strong>collegium</strong></span> <span class='ocrx_word' id='word_1_207' title='bbox 753 1399 785 1431; x_wconf 90' lang='lat' dir='ltr'><strong>in</strong></span> <span class='ocrx_word' id='word_1_208' title='bbox 799 1398 883 1432; x_wconf 89' lang='lat' dir='ltr'><strong>Urbe</strong></span> <span class='ocrx_word' id='word_1_209' title='bbox 902 1398 1096 1439; x_wconf 84' lang='lat' dir='ltr'><strong>instituitur,</strong></span> <span class='ocrx_word' id='word_1_210' title='bbox 1114 1398 1181 1432; x_wconf 81' lang='lat'><strong>493</strong></span> <span class='ocrx_word' id='word_1_211' title='bbox 1199 1410 1230 1432; x_wconf 80' lang='lat' dir='ltr'><strong>a.</strong></span> <span class='ocrx_word' id='word_1_212' title='bbox 1254 1399 1362 1432; x_wconf 83' lang='lat' dir='ltr'><strong>Merita</strong></span> <span class='ocrx_word' id='word_1_213' title='bbox 1382 1397 1608 1432; x_wconf 74' lang='lat' dir='ltr'><strong>Armeniorum</strong></span> <span class='ocrx_word' id='word_1_214' title='bbox 1629 1403 1849 1437; x_wconf 80' lang='lat' dir='ltr'><strong>recensentur.</strong></span> 
     </span>
     <span class='ocr_line' id='line_1_24' title="bbox 397 1450 1850 1495; baseline 0 -12"><span class='ocrx_word' id='word_1_215' title='bbox 397 1451 480 1484; x_wconf 84' lang='lat' dir='ltr'><strong>inter</strong></span> <span class='ocrx_word' id='word_1_216' title='bbox 498 1462 581 1494; x_wconf 84' lang='lat' dir='ltr'><strong>quae</strong></span> <span class='ocrx_word' id='word_1_217' title='bbox 596 1451 751 1484; x_wconf 84' lang='lat' dir='ltr'><strong>auxilium</strong></span> <span class='ocrx_word' id='word_1_218' title='bbox 768 1451 1076 1495; x_wconf 79' lang='lat' dir='ltr'><strong>Hierosolymitanae</strong></span> <span class='ocrx_word' id='word_1_219' title='bbox 1092 1451 1287 1495; x_wconf 78' lang='lat' dir='ltr'><strong>expeditioni</strong></span> <span class='ocrx_word' id='word_1_220' title='bbox 1307 1451 1507 1494; x_wconf 78' lang='lat' dir='ltr'><strong>praestitum,</strong></span> <span class='ocrx_word' id='word_1_221' title='bbox 1528 1451 1608 1484; x_wconf 75' lang='lat' dir='ltr'><strong>ibid.</strong></span> <span class='ocrx_word' id='word_1_222' title='bbox 1629 1451 1659 1483; x_wconf 82' lang='lat' dir='ltr'><strong>b.</strong></span> <span class='ocrx_word' id='word_1_223' title='bbox 1681 1450 1850 1493; x_wconf 72' lang='lat' dir='ltr'><strong>Privilegia</strong></span> 
     </span>
     <span class='ocr_line' id='line_1_25' title="bbox 398 1503 1850 1548; baseline -0.001 -11"><span class='ocrx_word' id='word_1_224' title='bbox 398 1504 536 1547; x_wconf 83' lang='lat' dir='ltr'><strong>collegio</strong></span> <span class='ocrx_word' id='word_1_225' title='bbox 557 1514 720 1544; x_wconf 76' lang='lat' dir='ltr'><strong>concessa,</strong></span> <span class='ocrx_word' id='word_1_226' title='bbox 737 1504 804 1538; x_wconf 88' lang='lat'>494</span> <span class='ocrx_word' id='word_1_227' title='bbox 818 1515 851 1544; x_wconf 82' lang='lat' dir='ltr'><strong>a;</strong></span> <span class='ocrx_word' id='word_1_228' title='bbox 872 1504 1026 1538; x_wconf 85' lang='lat' dir='ltr'><strong>officiales</strong></span> <span class='ocrx_word' id='word_1_229' title='bbox 1045 1503 1164 1548; x_wconf 87' lang='lat' dir='ltr'><strong>aliique</strong></span> <span class='ocrx_word' id='word_1_230' title='bbox 1174 1504 1215 1537; x_wconf 86' lang='lat' dir='ltr'><strong>ad</strong></span> <span class='ocrx_word' id='word_1_231' title='bbox 1235 1503 1313 1537; x_wconf 86' lang='lat' dir='ltr'><strong>illud</strong></span> <span class='ocrx_word' id='word_1_232' title='bbox 1334 1504 1530 1548; x_wconf 84' lang='lat' dir='ltr'><strong>pertinentes</strong></span> <span class='ocrx_word' id='word_1_233' title='bbox 1545 1503 1656 1536; x_wconf 85' lang='lat' dir='ltr'><strong>iisdem</strong></span> <span class='ocrx_word' id='word_1_234' title='bbox 1677 1503 1850 1547; x_wconf 78' lang='lat' dir='ltr'><strong>privilegiis</strong></span> 
     </span>
     <span class='ocr_line' id='line_1_26' title="bbox 398 1556 1849 1601; baseline -0.001 -11"><span class='ocrx_word' id='word_1_235' title='bbox 398 1558 572 1594; x_wconf 86' lang='lat' dir='ltr'><strong>donantur,</strong></span> <span class='ocrx_word' id='word_1_236' title='bbox 595 1558 713 1600; x_wconf 86' lang='lat' dir='ltr'><strong>quibus</strong></span> <span class='ocrx_word' id='word_1_237' title='bbox 732 1558 850 1601; x_wconf 74' lang='lat' dir='ltr'><strong>gaudet</strong></span> <span class='ocrx_word' id='word_1_238' title='bbox 874 1558 1016 1591; x_wconf 89' lang='lat' dir='ltr'><strong>studium</strong></span> <span class='ocrx_word' id='word_1_239' title='bbox 1037 1558 1232 1597; x_wconf 83' lang='lat' dir='ltr'><strong>Romanum,</strong></span> <span class='ocrx_word' id='word_1_240' title='bbox 1253 1558 1331 1590; x_wconf 76' lang='lat' dir='ltr'><strong>ibici.</strong></span> <span class='ocrx_word' id='word_1_241' title='bbox 1353 1558 1382 1589; x_wconf 86' lang='lat' dir='ltr'><strong>b.</strong></span> <span class='ocrx_word' id='word_1_242' title='bbox 1397 1556 1564 1597; x_wconf 79' lang='lat' dir='ltr'><strong>Quomodo</strong></span> <span class='ocrx_word' id='word_1_243' title='bbox 1580 1557 1620 1589; x_wconf 89' lang='lat' dir='ltr'><strong>ad</strong></span> <span class='ocrx_word' id='word_1_244' title='bbox 1640 1557 1759 1599; x_wconf 82' lang='lat' dir='ltr'><strong>gradus</strong></span> <span class='ocrx_word' id='word_1_245' title='bbox 1773 1568 1849 1600; x_wconf 88' lang='lat' dir='ltr'><strong>pro-</strong></span> 
     </span>
     <span class='ocr_line' id='line_1_27' title="bbox 399 1610 1552 1654; baseline 0.001 -12"><span class='ocrx_word' id='word_1_246' title='bbox 399 1610 558 1650; x_wconf 76' lang='lat' dir='ltr'><strong>movendi,</strong></span> <span class='ocrx_word' id='word_1_247' title='bbox 586 1611 664 1644; x_wconf 77' lang='lat' dir='ltr'><strong>ibid.</strong></span> <span class='ocrx_word' id='word_1_248' title='bbox 691 1616 722 1644; x_wconf 90' lang='lat' dir='ltr'><strong>et</strong></span> <span class='ocrx_word' id='word_1_249' title='bbox 739 1621 802 1654; x_wconf 79' lang='lat' dir='ltr'><strong>seq.</strong></span> <span class='ocrx_word' id='word_1_250' title='bbox 829 1610 888 1650; x_wconf 88' lang='lat' dir='ltr'><strong>Qui</strong></span> <span class='ocrx_word' id='word_1_251' title='bbox 907 1610 1039 1654; x_wconf 84' lang='lat' dir='ltr'><strong>Collegii</strong></span> <span class='ocrx_word' id='word_1_252' title='bbox 1059 1616 1271 1654; x_wconf 71' lang='lat' dir='ltr'><strong>protectores</strong></span> <span class='ocrx_word' id='word_1_253' title='bbox 1293 1610 1359 1644; x_wconf 81' lang='lat'>495</span> <span class='ocrx_word' id='word_1_254' title='bbox 1377 1622 1408 1643; x_wconf 84' lang='grc' dir='ltr'><strong>α.</strong></span> <span class='ocrx_word' id='word_1_255' title='bbox 1548 1649 1552 1653; x_wconf 15' lang='grc' dir='ltr'><strong>ᾗ</strong></span> 
     </span>
    </p>

    <p class='ocr_par' dir='ltr' id='par_1_9' title="bbox 310 1662 1846 1697">
     <span class='ocr_line' id='line_1_28' title="bbox 310 1662 1846 1697; baseline 0 -2"><span class='ocrx_word' id='word_1_256' title='bbox 310 1663 393 1696; x_wconf 73' lang='lat' dir='ltr'><strong>Artis</strong></span> <span class='ocrx_word' id='word_1_257' title='bbox 409 1663 602 1696; x_wconf 85' lang='lat' dir='ltr'><strong>conficiendi</strong></span> <span class='ocrx_word' id='word_1_258' title='bbox 618 1663 757 1696; x_wconf 90' lang='lat' dir='ltr'><strong>sericum</strong></span> <span class='ocrx_word' id='word_1_259' title='bbox 770 1663 801 1697; x_wconf 89' lang='lat' dir='ltr'><strong>in</strong></span> <span class='ocrx_word' id='word_1_260' title='bbox 815 1668 880 1696; x_wconf 88' lang='lat' dir='ltr'><strong>toto</strong></span> <span class='ocrx_word' id='word_1_261' title='bbox 893 1664 1110 1697; x_wconf 81' lang='lat' dir='ltr'><strong>ecclesiastico</strong></span> <span class='ocrx_word' id='word_1_262' title='bbox 1125 1663 1270 1697; x_wconf 89' lang='lat' dir='ltr'><strong>dominio</strong></span> <span class='ocrx_word' id='word_1_263' title='bbox 1285 1662 1454 1696; x_wconf 81' lang='lat' dir='ltr'><strong>institutio.</strong></span> <span class='ocrx_word' id='word_1_264' title='bbox 1476 1662 1510 1695; x_wconf 87' lang='lat' dir='ltr'><strong>V.</strong></span> <span class='ocrx_word' id='word_1_265' title='bbox 1525 1662 1638 1695; x_wconf 89' lang='lat' dir='ltr'><strong>Petrus</strong></span> <span class='ocrx_word' id='word_1_266' title='bbox 1649 1662 1846 1695; x_wconf 79' lang='lat' dir='ltr'><strong>Valentinus.</strong></span> 
     </span>
    </p>

    <p class='ocr_par' dir='ltr' id='par_1_10' title="bbox 309 1715 1851 1971">
     <span class='ocr_line' id='line_1_29' title="bbox 309 1715 1850 1759; baseline -0.001 -11"><span class='ocrx_word' id='word_1_267' title='bbox 309 1716 490 1758; x_wconf 75' lang='lat' dir='ltr'><strong>Astrologia</strong></span> <span class='ocrx_word' id='word_1_268' title='bbox 515 1716 686 1749; x_wconf 87' lang='lat' dir='ltr'><strong>iudiciaria</strong></span> <span class='ocrx_word' id='word_1_269' title='bbox 700 1717 803 1749; x_wconf 89' lang='lat' dir='ltr'><strong>multa</strong></span> <span class='ocrx_word' id='word_1_270' title='bbox 823 1717 908 1749; x_wconf 85' lang='lat' dir='ltr'><strong>mala</strong></span> <span class='ocrx_word' id='word_1_271' title='bbox 922 1717 1027 1756; x_wconf 76' lang='lat' dir='ltr'><strong>affert,</strong></span> <span class='ocrx_word' id='word_1_272' title='bbox 1048 1716 1112 1750; x_wconf 78' lang='lat'><strong>646</strong></span> <span class='ocrx_word' id='word_1_273' title='bbox 1132 1727 1152 1749; x_wconf 86' lang='grc' dir='ltr'><strong>ιι</strong></span> <span class='ocrx_word' id='word_1_274' title='bbox 1171 1721 1202 1749; x_wconf 89' lang='lat' dir='ltr'><strong>et</strong></span> <span class='ocrx_word' id='word_1_275' title='bbox 1215 1727 1277 1759; x_wconf 81' lang='lat' dir='ltr'><strong>seq.</strong></span> <span class='ocrx_word' id='word_1_276' title='bbox 1295 1715 1381 1749; x_wconf 86' lang='lat' dir='ltr'><strong>Libri</strong></span> <span class='ocrx_word' id='word_1_277' title='bbox 1401 1715 1440 1748; x_wconf 90' lang='lat' dir='ltr'><strong>de</strong></span> <span class='ocrx_word' id='word_1_278' title='bbox 1456 1715 1510 1748; x_wconf 89' lang='lat' dir='ltr'><strong>illa</strong></span> <span class='ocrx_word' id='word_1_279' title='bbox 1530 1720 1701 1748; x_wconf 85' lang='lat' dir='ltr'><strong>tractantes</strong></span> <span class='ocrx_word' id='word_1_280' title='bbox 1716 1715 1850 1748; x_wconf 86' lang='lat' dir='ltr'><strong>omnino</strong></span> 
     </span>
     <span class='ocr_line' id='line_1_30' title="bbox 398 1767 1850 1813; baseline -0.001 -12"><span class='ocrx_word' id='word_1_281' title='bbox 398 1768 438 1801; x_wconf 86' lang='lat' dir='ltr'><strong>ab</strong></span> <span class='ocrx_word' id='word_1_282' title='bbox 462 1768 633 1801; x_wconf 72' lang='lat' dir='ltr'><strong>ordinariis</strong></span> <span class='ocrx_word' id='word_1_283' title='bbox 653 1768 833 1813; x_wconf 82' lang='lat' dir='ltr'><strong>extirpandi</strong></span> <span class='ocrx_word' id='word_1_284' title='bbox 859 1775 951 1802; x_wconf 90' lang='lat' dir='ltr'><strong>erant</strong></span> <span class='ocrx_word' id='word_1_285' title='bbox 975 1780 1012 1802; x_wconf 82' lang='lat' dir='ltr'><strong>ex</strong></span> <span class='ocrx_word' id='word_1_286' title='bbox 1036 1769 1233 1812; x_wconf 88' lang='lat' dir='ltr'><strong>praescripto</strong></span> <span class='ocrx_word' id='word_1_287' title='bbox 1255 1768 1432 1802; x_wconf 88' lang='lat' dir='ltr'><strong>Tridentini</strong></span> <span class='ocrx_word' id='word_1_288' title='bbox 1457 1767 1599 1807; x_wconf 74' lang='lat' dir='ltr'><strong>concilii,</strong></span> <span class='ocrx_word' id='word_1_289' title='bbox 1625 1767 1714 1811; x_wconf 91' lang='lat' dir='ltr'><strong>quod</strong></span> <span class='ocrx_word' id='word_1_290' title='bbox 1735 1778 1850 1800; x_wconf 81' lang='lat' dir='ltr'><strong>execu-</strong></span> 
     </span>
     <span class='ocr_line' id='line_1_31' title="bbox 400 1820 1847 1863; baseline 0 -10"><span class='ocrx_word' id='word_1_291' title='bbox 400 1821 477 1854; x_wconf 80' lang='lat' dir='ltr'><strong>tioni</strong></span> <span class='ocrx_word' id='word_1_292' title='bbox 499 1821 729 1854; x_wconf 86' lang='lat' dir='ltr'><strong>demandatum</strong></span> <span class='ocrx_word' id='word_1_293' title='bbox 753 1832 818 1855; x_wconf 91' lang='lat' dir='ltr'><strong>non</strong></span> <span class='ocrx_word' id='word_1_294' title='bbox 838 1822 897 1854; x_wconf 83' lang='lat' dir='ltr'><strong>suit</strong></span> <span class='ocrx_word' id='word_1_295' title='bbox 913 1847 922 1861; x_wconf 90' lang='lat'><strong>,</strong></span> <span class='ocrx_word' id='word_1_296' title='bbox 955 1821 1019 1855; x_wconf 80' lang='lat'><strong>649</strong></span> <span class='ocrx_word' id='word_1_297' title='bbox 1039 1833 1057 1854; x_wconf 85' lang='grc' dir='ltr'><em>α</em></span> <span class='ocrx_word' id='word_1_298' title='bbox 1078 1827 1109 1855; x_wconf 85' lang='lat' dir='ltr'><strong>et</strong></span> <span class='ocrx_word' id='word_1_299' title='bbox 1128 1822 1156 1855; x_wconf 79' lang='lat' dir='ltr'><strong>b.</strong></span> <span class='ocrx_word' id='word_1_300' title='bbox 1176 1821 1318 1855; x_wconf 79' lang='lat' dir='ltr'><strong>Pontifex</strong></span> <span class='ocrx_word' id='word_1_301' title='bbox 1340 1821 1438 1863; x_wconf 77' lang='lat' dir='ltr'><strong>igitur</strong></span> <span class='ocrx_word' id='word_1_302' title='bbox 1461 1821 1549 1854; x_wconf 80' lang='lat' dir='ltr'><strong>iubet</strong></span> <span class='ocrx_word' id='word_1_303' title='bbox 1579 1825 1614 1853; x_wconf 91' lang='lat' dir='ltr'><strong>ut</strong></span> <span class='ocrx_word' id='word_1_304' title='bbox 1632 1820 1789 1854; x_wconf 84' lang='lat' dir='ltr'><strong>ordinarii</strong></span> <span class='ocrx_word' id='word_1_305' title='bbox 1818 1826 1847 1853; x_wconf 92' lang='lat' dir='ltr'><strong>et</strong></span> 
     </span>
     <span class='ocr_line' id='line_1_32' title="bbox 399 1873 1851 1918; baseline 0 -12"><span class='ocrx_word' id='word_1_306' title='bbox 399 1874 606 1917; x_wconf 85' lang='lat' dir='ltr'><strong>inquisitores</strong></span> <span class='ocrx_word' id='word_1_307' title='bbox 625 1875 802 1918; x_wconf 79' lang='lat' dir='ltr'><strong>astrologos</strong></span> <span class='ocrx_word' id='word_1_308' title='bbox 826 1875 1023 1915; x_wconf 84' lang='lat' dir='ltr'><strong>iudiciarios,</strong></span> <span class='ocrx_word' id='word_1_309' title='bbox 1046 1874 1303 1913; x_wconf 87' lang='lat' dir='ltr'><strong>mathematicos,</strong></span> <span class='ocrx_word' id='word_1_310' title='bbox 1331 1873 1524 1907; x_wconf 79' lang='lat' dir='ltr'><strong>divinatores</strong></span> <span class='ocrx_word' id='word_1_311' title='bbox 1549 1884 1659 1907; x_wconf 85' lang='lat' dir='ltr'><strong>severe</strong></span> <span class='ocrx_word' id='word_1_312' title='bbox 1680 1879 1851 1907; x_wconf 82' lang='lat' dir='ltr'><strong>coerceant</strong></span> 
     </span>
     <span class='ocr_line' id='line_1_33' title="bbox 398 1926 1357 1971; baseline 0.001 -12"><span class='ocrx_word' id='word_1_313' title='bbox 398 1927 563 1971; x_wconf 83' lang='lat' dir='ltr'><strong>librosque</strong></span> <span class='ocrx_word' id='word_1_314' title='bbox 583 1927 750 1961; x_wconf 89' lang='lat' dir='ltr'><strong>universos</strong></span> <span class='ocrx_word' id='word_1_315' title='bbox 765 1927 883 1961; x_wconf 87' lang='lat' dir='ltr'><strong>harum</strong></span> <span class='ocrx_word' id='word_1_316' title='bbox 903 1928 1021 1960; x_wconf 89' lang='lat' dir='ltr'><strong>artium</strong></span> <span class='ocrx_word' id='word_1_317' title='bbox 1041 1927 1221 1961; x_wconf 88' lang='lat' dir='ltr'><strong>eliminent.</strong></span> <span class='ocrx_word' id='word_1_318' title='bbox 1243 1926 1307 1960; x_wconf 75' lang='lat'><strong>650</strong></span> <span class='ocrx_word' id='word_1_319' title='bbox 1325 1938 1357 1960; x_wconf 80' lang='lat' dir='ltr'><strong>a.</strong></span> 
     </span>
    </p>

    <p class='ocr_par' dir='ltr' id='par_1_11' title="bbox 313 1974 1854 2236">
     <span class='ocr_line' id='line_1_34' title="bbox 313 1974 1851 2019; baseline -0.001 -7"><span class='ocrx_word' id='word_1_320' title='bbox 313 1980 521 2013; x_wconf 75' lang='lat' dir='ltr'><strong>Auditoratus</strong></span> <span class='ocrx_word' id='word_1_321' title='bbox 537 1991 707 2013; x_wconf 79' lang='lat' dir='ltr'><strong>causarum</strong></span> <span class='ocrx_word' id='word_1_322' title='bbox 721 1980 996 2014; x_wconf 80' lang='lat' dir='ltr'><strong>confidentialium</strong></span> <span class='ocrx_word' id='word_1_323' title='bbox 1015 1980 1213 2014; x_wconf 80' lang='lat' dir='ltr'><strong>decisionem</strong></span> <span class='ocrx_word' id='word_1_324' title='bbox 1228 1979 1303 2013; x_wconf 86' lang='lat' dir='ltr'><strong>Pius</strong></span> <span class='ocrx_word' id='word_1_325' title='bbox 1318 1981 1340 2012; x_wconf 85' lang='lat' dir='ltr'>V</span> <span class='ocrx_word' id='word_1_326' title='bbox 1353 1980 1412 2013; x_wconf 90' lang='lat' dir='ltr'><strong>sibi</strong></span> <span class='ocrx_word' id='word_1_327' title='bbox 1430 1979 1608 2019; x_wconf 77' lang='lat' dir='ltr'><strong>reservarit,</strong></span> <span class='ocrx_word' id='word_1_328' title='bbox 1621 1978 1686 2012; x_wconf 87' lang='grc'><strong>794</strong></span> <span class='ocrx_word' id='word_1_329' title='bbox 1697 1974 1726 2012; x_wconf 63' lang='lat' dir='ltr'><strong>b}</strong></span> <span class='ocrx_word' id='word_1_330' title='bbox 1744 1979 1851 2013; x_wconf 85' lang='lat' dir='ltr'><strong>Sixtus</strong></span> 
     </span>
     <span class='ocr_line' id='line_1_35' title="bbox 399 2032 1854 2076; baseline -0.001 -11"><span class='ocrx_word' id='word_1_331' title='bbox 399 2032 422 2064; x_wconf 84' lang='lat' dir='ltr'>V</span> <span class='ocrx_word' id='word_1_332' title='bbox 441 2033 642 2066; x_wconf 82' lang='lat' dir='ltr'><strong>auditoratus</strong></span> <span class='ocrx_word' id='word_1_333' title='bbox 661 2033 767 2066; x_wconf 85' lang='lat' dir='ltr'><strong>officio</strong></span> <span class='ocrx_word' id='word_1_334' title='bbox 787 2043 899 2066; x_wconf 79' lang='lat' dir='ltr'><strong>causas</strong></span> <span class='ocrx_word' id='word_1_335' title='bbox 919 2032 1162 2067; x_wconf 82' lang='lat' dir='ltr'><strong>confidentiales</strong></span> <span class='ocrx_word' id='word_1_336' title='bbox 1173 2033 1355 2076; x_wconf 82' lang='lat' dir='ltr'><strong>assignavit,</strong></span> <span class='ocrx_word' id='word_1_337' title='bbox 1379 2033 1443 2066; x_wconf 81' lang='lat'><strong>795</strong></span> <span class='ocrx_word' id='word_1_338' title='bbox 1461 2044 1494 2072; x_wconf 82' lang='lat' dir='ltr'><strong>a;</strong></span> <span class='ocrx_word' id='word_1_339' title='bbox 1515 2037 1593 2065; x_wconf 84' lang='lat' dir='ltr'><strong>cum‘</strong></span> <span class='ocrx_word' id='word_1_340' title='bbox 1610 2032 1854 2069; x_wconf 79' lang='lat' dir='ltr'><strong>emolumentis.</strong></span> 
     </span>
     <span class='ocr_line' id='line_1_36' title="bbox 399 2084 1850 2129; baseline -0.001 -11"><span class='ocrx_word' id='word_1_341' title='bbox 399 2085 555 2118; x_wconf 85' lang='lat' dir='ltr'><strong>reditibus</strong></span> <span class='ocrx_word' id='word_1_342' title='bbox 581 2091 612 2119; x_wconf 89' lang='lat' dir='ltr'><strong>et</strong></span> <span class='ocrx_word' id='word_1_343' title='bbox 631 2085 804 2129; x_wconf 79' lang='lat' dir='ltr'><strong>privilegiis</strong></span> <span class='ocrx_word' id='word_1_344' title='bbox 828 2085 991 2126; x_wconf 86' lang='lat' dir='ltr'><strong>omnibus,</strong></span> <span class='ocrx_word' id='word_1_345' title='bbox 1007 2097 1091 2129; x_wconf 82' lang='lat' dir='ltr'><strong>quae</strong></span> <span class='ocrx_word' id='word_1_346' title='bbox 1105 2085 1170 2119; x_wconf 78' lang='lat' dir='ltr'><strong>veri</strong></span> <span class='ocrx_word' id='word_1_347' title='bbox 1190 2085 1365 2119; x_wconf 79' lang='lat' dir='ltr'><strong>familiares</strong></span> <span class='ocrx_word' id='word_1_348' title='bbox 1381 2085 1556 2125; x_wconf 71' lang='lat' dir='ltr'><strong>Ponfflicis,</strong></span> <span class='ocrx_word' id='word_1_349' title='bbox 1591 2084 1736 2118; x_wconf 87' lang='lat' dir='ltr'><strong>continui</strong></span> <span class='ocrx_word' id='word_1_350' title='bbox 1760 2094 1850 2117; x_wconf 87' lang='lat' dir='ltr'><strong>com-</strong></span> 
     </span>
     <span class='ocr_line' id='line_1_37' title="bbox 400 2136 1850 2183; baseline -0.001 -12"><span class='ocrx_word' id='word_1_351' title='bbox 400 2139 560 2172; x_wconf 82' lang='lat' dir='ltr'><strong>mensales</strong></span> <span class='ocrx_word' id='word_1_352' title='bbox 578 2144 609 2172; x_wconf 83' lang='lat' dir='ltr'><strong>et</strong></span> <span class='ocrx_word' id='word_1_353' title='bbox 619 2138 789 2172; x_wconf 82' lang='lat' dir='ltr'><strong>domestici</strong></span> <span class='ocrx_word' id='word_1_354' title='bbox 800 2139 933 2183; x_wconf 88' lang='lat' dir='ltr'><strong>praelati</strong></span> <span class='ocrx_word' id='word_1_355' title='bbox 945 2139 1101 2183; x_wconf 86' lang='lat' dir='ltr'><strong>Sedisque</strong></span> <span class='ocrx_word' id='word_1_356' title='bbox 1114 2138 1289 2182; x_wconf 82' lang='lat' dir='ltr'><strong>Apostolici</strong></span> <span class='ocrx_word' id='word_1_357' title='bbox 1302 2138 1419 2172; x_wconf 86' lang='lat' dir='ltr'><strong>notarii</strong></span> <span class='ocrx_word' id='word_1_358' title='bbox 1433 2139 1565 2178; x_wconf 85' lang='lat' dir='ltr'><strong>babent,</strong></span> <span class='ocrx_word' id='word_1_359' title='bbox 1579 2138 1657 2171; x_wconf 79' lang='lat' dir='ltr'><strong>ibid.</strong></span> <span class='ocrx_word' id='word_1_360' title='bbox 1669 2136 1850 2171; x_wconf 75' lang='lat' dir='ltr'><strong>Notat-tatus</strong></span> 
     </span>
     <span class='ocr_line' id='line_1_38' title="bbox 399 2190 1716 2236; baseline 0 -13"><span class='ocrx_word' id='word_1_361' title='bbox 399 2191 439 2223; x_wconf 90' lang='lat' dir='ltr'><strong>ad</strong></span> <span class='ocrx_word' id='word_1_362' title='bbox 459 2191 660 2225; x_wconf 81' lang='lat' dir='ltr'><strong>auditoratus</strong></span> <span class='ocrx_word' id='word_1_363' title='bbox 678 2190 820 2225; x_wconf 88' lang='lat' dir='ltr'><strong>officium</strong></span> <span class='ocrx_word' id='word_1_364' title='bbox 840 2192 1045 2236; x_wconf 89' lang='lat' dir='ltr'><strong>praedictum</strong></span> <span class='ocrx_word' id='word_1_365' title='bbox 1063 2192 1249 2236; x_wconf 86' lang='lat' dir='ltr'><strong>applicatur</strong></span> <span class='ocrx_word' id='word_1_366' title='bbox 1267 2198 1300 2225; x_wconf 88' lang='lat' dir='ltr'><strong>et</strong></span> <span class='ocrx_word' id='word_1_367' title='bbox 1319 2191 1519 2232; x_wconf 86' lang='lat' dir='ltr'><strong>conceditur,</strong></span> <span class='ocrx_word' id='word_1_368' title='bbox 1541 2191 1621 2224; x_wconf 78' lang='lat' dir='ltr'><strong>ibid.</strong></span> <span class='ocrx_word' id='word_1_369' title='bbox 1639 2190 1716 2224; x_wconf 82' lang='grc'>798.</span> 
     </span>
    </p>

    <p class='ocr_par' dir='ltr' id='par_1_12' title="bbox 314 2242 1851 2395">
     <span class='ocr_line' id='line_1_39' title="bbox 314 2242 1848 2288; baseline 0 -13"><span class='ocrx_word' id='word_1_370' title='bbox 314 2242 483 2284; x_wconf 69' lang='lat' dir='ltr'><strong>Augustini</strong></span> <span class='ocrx_word' id='word_1_371' title='bbox 503 2244 566 2287; x_wconf 84' lang='lat' dir='ltr'><strong>(S.)</strong></span> <span class='ocrx_word' id='word_1_372' title='bbox 584 2244 669 2281; x_wconf 89' lang='lat' dir='ltr'><strong>Ordo</strong></span> <span class='ocrx_word' id='word_1_373' title='bbox 697 2243 906 2277; x_wconf 86' lang='lat' dir='ltr'><strong>eremitarum</strong></span> <span class='ocrx_word' id='word_1_374' title='bbox 926 2255 944 2277; x_wconf 88' lang='lat' dir='ltr'><strong>a</strong></span> <span class='ocrx_word' id='word_1_375' title='bbox 964 2244 1119 2288; x_wconf 80' lang='lat' dir='ltr'><strong>Gregorio</strong></span> <span class='ocrx_word' id='word_1_376' title='bbox 1133 2245 1199 2278; x_wconf 76' lang='lat' dir='ltr'><strong>xltl</strong></span> <span class='ocrx_word' id='word_1_377' title='bbox 1223 2244 1426 2288; x_wconf 78' lang='lat' dir='ltr'><strong>privilegium</strong></span> <span class='ocrx_word' id='word_1_378' title='bbox 1446 2243 1598 2288; x_wconf 87' lang='lat' dir='ltr'><strong>impetrat</strong></span> <span class='ocrx_word' id='word_1_379' title='bbox 1627 2242 1848 2287; x_wconf 83' lang='lat' dir='ltr'><strong>permutandi,</strong></span> 
     </span>
     <span class='ocr_line' id='line_1_40' title="bbox 402 2295 1851 2342; baseline -0.001 -13"><span class='ocrx_word' id='word_1_380' title='bbox 402 2296 528 2330; x_wconf 75' lang='lat' dir='ltr'><strong>locandi</strong></span> <span class='ocrx_word' id='word_1_381' title='bbox 557 2303 588 2330; x_wconf 86' lang='lat' dir='ltr'><strong>et</strong></span> <span class='ocrx_word' id='word_1_382' title='bbox 612 2297 786 2336; x_wconf 84' lang='lat' dir='ltr'><strong>alienandi,</strong></span> <span class='ocrx_word' id='word_1_383' title='bbox 811 2297 895 2330; x_wconf 86' lang='lat' dir='ltr'><strong>bona</strong></span> <span class='ocrx_word' id='word_1_384' title='bbox 919 2296 1031 2330; x_wconf 89' lang='lat' dir='ltr'><strong>Ordini</strong></span> <span class='ocrx_word' id='word_1_385' title='bbox 1059 2297 1265 2342; x_wconf 85' lang='lat' dir='ltr'><strong>pertinentia,</strong></span> <span class='ocrx_word' id='word_1_386' title='bbox 1292 2297 1471 2330; x_wconf 88' lang='lat' dir='ltr'><strong>dummodo</strong></span> <span class='ocrx_word' id='word_1_387' title='bbox 1496 2297 1530 2330; x_wconf 89' lang='lat' dir='ltr'><strong>in</strong></span> <span class='ocrx_word' id='word_1_388' title='bbox 1552 2295 1731 2332; x_wconf 79' lang='lat' dir='ltr'><strong>evidentem</strong></span> <span class='ocrx_word' id='word_1_389' title='bbox 1749 2295 1851 2339; x_wconf 89' lang='lat' dir='ltr'><strong>ipsius</strong></span> 
     </span>
     <span class='ocr_line' id='line_1_41' title="bbox 401 2349 1499 2395; baseline 0.002 -14"><span class='ocrx_word' id='word_1_390' title='bbox 401 2350 569 2384; x_wconf 88' lang='lat' dir='ltr'><strong>utilitatem</strong></span> <span class='ocrx_word' id='word_1_391' title='bbox 586 2351 652 2391; x_wconf 85' lang='lat' dir='ltr'><strong>siat,</strong></span> <span class='ocrx_word' id='word_1_392' title='bbox 673 2356 706 2384; x_wconf 88' lang='lat' dir='ltr'><strong>et</strong></span> <span class='ocrx_word' id='word_1_393' title='bbox 723 2350 854 2385; x_wconf 86' lang='lat' dir='ltr'><strong>licentia</strong></span> <span class='ocrx_word' id='word_1_394' title='bbox 872 2361 890 2383; x_wconf 87' lang='lat' dir='ltr'><strong>a</strong></span> <span class='ocrx_word' id='word_1_395' title='bbox 908 2350 1050 2393; x_wconf 79' lang='lat' dir='ltr'><strong>generali</strong></span> <span class='ocrx_word' id='word_1_396' title='bbox 1071 2351 1178 2395; x_wconf 88' lang='lat' dir='ltr'><strong>priore</strong></span> <span class='ocrx_word' id='word_1_397' title='bbox 1190 2350 1388 2391; x_wconf 84' lang='lat' dir='ltr'><strong>obtineatur,</strong></span> <span class='ocrx_word' id='word_1_398' title='bbox 1404 2349 1448 2383; x_wconf 76' lang='grc'><strong>14</strong></span> <span class='ocrx_word' id='word_1_399' title='bbox 1466 2361 1499 2383; x_wconf 83' lang='lat' dir='ltr'><strong>a.</strong></span> 
     </span>
    </p>
   </div>
   <div class='ocr_carea' id='block_1_2' title="bbox 1069 2461 1092 2494">
    <p class='ocr_par' dir='ltr' id='par_1_13' title="bbox 1069 2461 1092 2494">
     <span class='ocr_line' id='line_1_42' title="bbox 1069 2461 1092 2494; baseline 0 0"><span class='ocrx_word' id='word_1_400' title='bbox 1069 2461 1092 2494; x_wconf 89' lang='lat' dir='ltr'>B</span> 
     </span>
    </p>
   </div>
   <div class='ocr_carea' id='block_1_3' title="bbox 314 2557 1849 2666">
    <p class='ocr_par' dir='ltr' id='par_1_14' title="bbox 314 2557 1849 2666">
     <span class='ocr_line' id='line_1_43' title="bbox 314 2557 1847 2610; baseline 0 -13"><span class='ocrx_word' id='word_1_401' title='bbox 314 2563 532 2598; x_wconf 77' lang='lat' dir='ltr'><strong>l.&#39;.:ni·lositates</strong></span> <span class='ocrx_word' id='word_1_402' title='bbox 548 2571 577 2599; x_wconf 88' lang='lat' dir='ltr'><strong>et</strong></span> <span class='ocrx_word' id='word_1_403' title='bbox 598 2565 716 2600; x_wconf 82' lang='lat' dir='ltr'><strong>similia</strong></span> <span class='ocrx_word' id='word_1_404' title='bbox 733 2567 1042 2610; x_wconf 85' lang='lat' dir='ltr'><strong>quomodocumque</strong></span> <span class='ocrx_word' id='word_1_405' title='bbox 1061 2572 1250 2602; x_wconf 64' lang='lat' dir='ltr'><strong>exercet-tes</strong></span> <span class='ocrx_word' id='word_1_406' title='bbox 1265 2577 1295 2600; x_wconf 87' lang='lat' dir='ltr'><strong>in</strong></span> <span class='ocrx_word' id='word_1_407' title='bbox 1311 2566 1419 2609; x_wconf 80' lang='lat' dir='ltr'><strong>regnis</strong></span> <span class='ocrx_word' id='word_1_408' title='bbox 1438 2566 1618 2610; x_wconf 78' lang='lat' dir='ltr'><strong>Aragoniae</strong></span> <span class='ocrx_word' id='word_1_409' title='bbox 1631 2557 1663 2600; x_wconf 85' lang='lat' dir='ltr'><strong>et</strong></span> <span class='ocrx_word' id='word_1_410' title='bbox 1674 2564 1847 2602; x_wconf 71' lang='lat' dir='ltr'><strong>valentiae,</strong></span> 
     </span>
     <span class='ocr_line' id='line_1_44' title="bbox 401 2618 1849 2666; baseline -0.002 -15"><span class='ocrx_word' id='word_1_411' title='bbox 401 2627 438 2650; x_wconf 81' lang='lat' dir='ltr'><strong>ae</strong></span> <span class='ocrx_word' id='word_1_412' title='bbox 457 2618 857 2666; x_wconf 73' lang='lat' dir='ltr'><strong>principatuCataloniac,</strong></span> <span class='ocrx_word' id='word_1_413' title='bbox 882 2631 1007 2654; x_wconf 70' lang='lat' dir='ltr'><strong>necnon</strong></span> <span class='ocrx_word' id='word_1_414' title='bbox 1029 2620 1235 2655; x_wconf 67' lang='lat' dir='ltr'><strong>comitatinos</strong></span> <span class='ocrx_word' id='word_1_415' title='bbox 1256 2619 1446 2655; x_wconf 81' lang='lat' dir='ltr'><strong>hossilionis</strong></span> <span class='ocrx_word' id='word_1_416' title='bbox 1468 2624 1499 2654; x_wconf 89' lang='lat' dir='ltr'><strong>et</strong></span> <span class='ocrx_word' id='word_1_417' title='bbox 1517 2619 1694 2654; x_wconf 84' lang='lat' dir='ltr'><strong>Ceritaniae</strong></span> <span class='ocrx_word' id='word_1_418' title='bbox 1711 2618 1759 2651; x_wconf 66' lang='lat' dir='ltr'><strong>rel</strong></span> <span class='ocrx_word' id='word_1_419' title='bbox 1777 2627 1849 2650; x_wconf 85' lang='lat' dir='ltr'><strong>con-</strong></span> 
     </span>
    </p>
   </div>
   <div class='ocr_carea' id='block_1_4' title="bbox 1988 425 2059 2814">
    <p class='ocr_par' dir='ltr' id='par_1_15' title="bbox 1988 425 2059 2814">
     <span class='ocr_line' id='line_1_45' title="bbox 1988 425 2059 2814; baseline 0 0"><span class='ocrx_word' id='word_1_420' title='bbox 1988 425 2059 2814; x_wconf 95' lang='lat' dir='ltr'><strong> </strong></span> 
     </span>
    </p>
   </div>
  </div>
 </body>
</html>
