2059 3228
123 225 175 252 An.
195 225 226 253 C.
248 224 314 252 1573

133 973 196 992 Fides
204 975 308 992 transum-

121 1004 214 1025 ptorum.

138 2350 256 2372 Exordium

370 225 411 259 58

328 288 369 321 tis
392 289 554 321 tenoribus
578 289 730 331 specialis,
767 289 911 333 specifica
949 296 979 322 et
1015 301 1064 322 ex—
1096 291 1266 323 servantiae
1291 292 1425 325 candore
1461 293 1553 327 iidem
1593 296 1827 334 conserventur,

326 350 433 383 pressa
457 351 492 373 ae
516 341 676 373 individua
715 342 831 375 mentio
860 353 914 376 seu
937 343 1064 386 quaevis
1092 344 1254 385 specialem
1278 345 1498 386 cogitationem
1536 347 1704 390 suscipere;
1745 345 1829 388 quod

326 393 387 426 alia
409 393 565 436 expressio
589 394 733 427 habenda
757 400 810 427 aut
821 395 925 438 aliqua
938 395 997 427 alia
1013 405 1063 427 cx-
1093 396 1114 426 :j
1140 397 1241 439 aliqua
1266 407 1321 440 per
1343 398 1595 439 praedecessores
1608 409 1682 431 suos
1700 399 1739 431 ad
1755 408 1829 431 eum

327 446 441 489 quisita
466 446 564 478 forma
587 446 626 478 ad
649 446 709 479 hoc
732 448 880 480 servanda
915 447 1003 486 foret,
1029 447 1062 478 il-
1092 447 1183 480 finem
1222 454 1336 482 statuta
1374 455 1470 490 sunt,
1505 461 1594 493 quae,
1635 451 1828 494 experientia

327 499 426 531 lorum
452 503 585 539 tenores,
609 508 645 531 ac
667 499 693 532 si
706 499 744 532 de
756 499 850 532 verbo
867 499 905 531 ad
921 498 1060 536 verbum,
1091 499 1228 541 docente,
1253 501 1382 533 minime
1405 501 1549 544 expedire
1577 503 1750 544 cognoscit,
1775 503 1828 535 de-

327 550 406 582 nihil
430 550 554 593 penitus
577 550 702 592 omisso,
741 557 771 584 et
808 552 908 584 forma
946 551 979 583 in
1004 550 1062 583 illis
1089 551 1311 585 clarationibus
1334 553 1463 596 aliisque
1477 554 1650 586 rationibus
1666 565 1728 587 non
1748 555 1828 587 desi-

326 602 439 635 tradita
463 603 636 643 observata,
675 604 785 636 inserti
824 604 934 643 forent,
973 612 1061 645 prae-
1091 602 1134 634 nit
1160 605 1347 648 prospicere.

325 654 465 687 sentibus
487 665 545 698 pro
568 655 758 689 sufficienter
780 656 932 699 expressis
945 654 1061 687 haben-

902 237 1000 260 ΒΗΜΛ
1007 236 1080 260 mun
1107 237 1256 261 ROMANJM

1843 222 1894 254 An.
1913 223 1951 257 cg
1965 209 2023 268 1²³⁹?
2048 206 2049 209 ¹

1133 656 1147 698 ἕ
1171 656 1200 689 t.
1223 658 1406 701 Accepimus
1429 669 1530 701 nuper
1553 658 1648 692 felicis
1683 658 1829 692 recorda—
1841 652 1999 700 „ffiffflg'rg

324 711 379 746 tes,
404 706 464 739 illis
487 707 563 740 alias
586 708 618 740 in
642 718 699 741 suo
711 708 824 740 robore
837 706 1061 751 permansuriS,
1093 708 1184 741 tionis
1207 710 1296 743 Pium
1320 712 1434 754 Papam
1471 711 1515 751 V,
1554 711 1827 754 praedecessorem
1839 705 1980 752 ξξξζζῗζζῗζᾜῗ
2002 713 2024 722 ¹⁷

323 757 382 790 hac
405 758 471 791 vice
495 759 664 800 dumtaxat,
689 759 864 802 specialiter
877 764 905 792 et
919 769 1060 802 expresse

322 810 519 853 derogamus,
543 812 718 855 ceterisque
741 811 908 844 contrariis
934 811 1062 854 quihus-

322 873 466 906 cumque.

364 916 379 959 ἓ
401 917 432 950 4.
455 917 603 950 Volumus
626 922 730 949 autem
754 916 836 959 quod
849 915 1062 959 praesentium

323 962 537 1012 transumptis,
561 969 656 1002 etiam
681 968 852 1012 impressis,
887 979 984 1001 manu
1007 979 1062 1001 no-

323 1021 393 1054 tarii
418 1022 535 1065 publici
559 1021 701 1053 eiusdem
740 1021 862 1063 collegii
901 1021 1060 1054 secretarii

320 1074 515 1117 subscriptis,
539 1079 571 1107 et
594 1074 695 1117 sigillo
730 1074 889 1106 communi
921 1074 1059 1107 eiusdem

321 1126 442 1169 collegii
466 1126 607 1167 munitis,
632 1127 742 1160 eadem
766 1137 896 1170 prorsus
919 1127 1006 1167 fides,
1029 1127 1060 1159 in

320 1179 437 1211 iudicio
454 1183 482 1211 et
496 1183 591 1219 extra,
617 1190 652 1212 ac
675 1180 752 1212 alias
775 1180 968 1223 ubicumque
984 1191 1061 1224 opus

319 1230 423 1270 suerit,
448 1231 647 1272 adhiheatur,
671 1242 751 1275 quae
776 1232 980 1265 adhiberetur
1003 1232 1061 1265 eis-

319 1283 389 1316 dem
417 1284 644 1326 praesentihus,
662 1284 687 1317 si
711 1285 812 1317 forent
835 1285 992 1318 exhibitae
1015 1286 1062 1318 vel

318 1340 471 1368 ostensae.

361 1389 440 1421 Nulli
465 1399 541 1431 ergo
564 1393 616 1421 etc.

359 1441 469 1473 Datum
495 1441 610 1474 Romae
634 1442 717 1484 apud
741 1442 889 1475 Sanctum
911 1443 1058 1483 Marcum,
1088 1449 1191 1476 actum
1208 1448 1413 1483 coarctamus⁷
1442 1443 1516 1475 dum
1545 1443 1577 1474 in
1609 1442 1722 1483 officio,
1747 1441 1831 1485 quod

317 1503 400 1526 anno
424 1494 653 1527 [neat-nationis
677 1494 855 1528 dominicae
894 1495 1059 1528 millesimo
1088 1503 1261 1540 gesserunt,
1279 1507 1438 1530 successor
1454 1496 1591 1538 eligitur.

317 1547 571 1590 quingentesimo
595 1547 827 1591 septuagesimo
854 1552 976 1590 quarto,
1001 1548 1060 1580 idi-

316 1600 375 1633 bus
390 1600 468 1640 iulii,
493 1600 694 1643 pontificatus
718 1600 816 1633 nostri
841 1610 925 1632 anno
949 1610 994 1633 111.

357 1653 423 1685 Dat.
448 1652 499 1685 die
523 1652 565 1685 15
581 1653 648 1685 iulii
673 1652 768 1693 1574,
785 1652 896 1695 pontif.
913 1663 997 1685 anno
1014 1663 1060 1686 111.
1088 1661 1178 1689 vetur
1193 1661 1226 1687 ut
1243 1655 1339 1688 iidem
1370 1663 1478 1686 omnes
1509 1651 1654 1684 minister
1677 1650 1831 1694 generalis

638 1780 725 1813 ΧΧΠ.

315 1867 546 1900 Declarationes
569 1868 800 1900 constitutionis
823 1878 842 1899 a
866 1867 926 1900 Pio
956 1868 982 1899 V
995 1868 1057 1900 edi·
1088 1865 1326 1899 renunciatione
1356 1864 1462 1904 officii,
1491 1863 1648 1896 discedere
1674 1861 1807 1895 debeant
1821 1867 1899 1902 wiron
1921 1868 1980 1888 hunc
2002 1856 2037 1910 ᾗ

357 1924 407 1952 tae
429 1920 514 1952 circa
536 1920 711 1952 electionem
734 1924 760 1952 et
784 1931 902 1953 munus
917 1921 1059 1953 nm'w'stri'
1087 1922 1119 1950 ut
1152 1917 1178 1950 si
1210 1917 1262 1960 qui
1295 1927 1348 1950 eos
1379 1926 1525 1949 accusare
1554 1916 1663 1956 velint,
1696 1915 1829 1947 durante

355 1972 508 2014 qeneralis
532 1972 729 2015 aliorumque
752 1974 968 2015 praelatorum
1000 1974 1058 2007 Or-
1088 1975 1228 2013 tempore
1257 1969 1446 2013 syndicatus,
1470 1968 1568 2001 libere
1595 1967 1626 1999 id
1642 1967 1743 2000 facere
1759 1976 1830 2010 pos-

356 2025 441 2057 dinis
467 2026 609 2066 fratrum
639 2025 798 2057 Miuorum
831 2025 861 2058 S.
893 2026 1059 2059 Frcmciscz·
1087 2023 1158 2062 sint3
1183 2033 1220 2055 eo
1244 2027 1349 2055 autem
1376 2020 1483 2062 finito,
1508 2020 1592 2052 iuxta
1616 2019 1728 2052 seriem
1753 2019 1829 2052 dicti

356 2078 392 2109 dc
410 2076 625 2119 observantia,
650 2089 685 2110 ac
708 2079 845 2120 [omnem
873 2083 899 2111 et
922 2080 1058 2122 qualila-
1087 2075 1213 2108 Ordinis
1238 2074 1433 2116 generalium
1457 2077 1662 2113 statutorum,
1691 2072 1724 2104 in
1747 2071 1830 2104 diffi-

357 2134 417 2162 tem
441 2131 632 2162 novitiorum
661 2131 910 2173 recipiendorum
944 2136 1002 2164 etc.
1027 2132 1055 2164 1.
1087 2128 1202 2161 nitorio
1231 2127 1435 2169 recipiantur.

314 2210 452 2246 Gregorius
474 2213 545 2247 Papa
564 2212 623 2246 ΧΙΙΙ,
645 2213 677 2240 ad
689 2215 838 2248 perpetuam
850 2214 886 2241 rei
898 2216 1054 2243 memoriam.

358 2286 520 2319 consuevit
545 2287 706 2319 Romanus
728 2286 866 2319 Pontifex
880 2313 887 2327 ‚
911 2287 962 2319 cui
986 2288 1055 2320 uni-
1085 2297 1155 2319 rum
1173 2285 1282 2319 electio
1310 2285 1408 2317 libere
1433 2294 1490 2327 per
1504 2289 1576 2317 vota
1593 2289 1710 2316 secreta
1727 2283 1986 2324 fiel'ei‚eteetionibus.
2000 2325 2002 2330 Ι

315 2339 395 2371 versi
419 2339 638 2372 christifideles
662 2349 756 2372 curae
779 2343 876 2379 sunt,
914 2339 952 2372 de
975 2339 1055 2372 Reli·
1085 2339 1127 2371 ita
1151 2343 1184 2370 ut
1202 2336 1435 2370 commissarius
1463 2337 1616 2379 generalis
1632 2337 1679 2369 vel
1695 2336 1748 2379 qui
1764 2337 1826 2369 ele-

315 2392 400 2435 gioni
426 2391 592 2435 adscriptis
615 2391 700 2432 viris,
725 2396 757 2424 ut
782 2391 815 2423 in
835 2391 989 2434 regutaris
1001 2392 1055 2424 ob·
1084 2390 1180 2424 ctioni
1206 2389 1407 2433 praesideret,
1432 2389 1458 2421 si
1483 2389 1615 2422 sormam
1631 2388 1824 2432 praedictam

302 2495 306 2499 ·
351 2499 359 2516 ι
377 2488 416 2514 De
426 2490 484 2514 toto
496 2488 596 2514 Ordine
609 2488 704 2514 Franci
710 2496 790 2515 scano
798 2489 891 2515 notavi
900 2490 931 2514 in
942 2489 1054 2515 Honorii

314 2525 351 2551 111
369 2523 565 2550 constitutione
584 2531 670 2556 van,
687 2524 770 2555 Solet,
784 2525 849 2551 tom.
864 2532 904 2558 111,
915 2532 977 2558 pag.
995 2524 1053 2551 394.

312 2559 499 2593 Etsignanter
507 2559 538 2583 de
545 2558 588 2583 his
596 2559 947 2586 fratribusdeobservantia
955 2559 1053 2594 scripsi

313 2595 346 2621 ad
365 2594 462 2620 Leonis
481 2594 507 2619 X
525 2595 610 2619 coust.
626 2601 715 2624 xxvii,
735 2595 785 2626 Ite,
804 2596 868 2621 tom.
881 2603 906 2622 v.
919 2602 982 2629 pag.
994 2594 1054 2623 ⁶592.
1083 2603 1144 2630 pag.
1161 2594 1220 2620 917.

1093 766 1242 803 nostrum,
1266 774 1323 806 per
1345 775 1415 797 suas
1438 764 1470 795 in
1495 764 1595 796 forma
1618 763 1720 796 brevis
1749 763 1830 796 litte-

1092 823 1141 845 ras
1157 838 1165 851 ,
1201 824 1335 856 quarum
1366 815 1478 848 seriem
1514 813 1735 859 praesentibus
1773 825 1830 858 pro

1091 866 1241 908 expressis
1264 867 1426 908 habemus,
1440 868 1521 900 clrca
1535 867 1683 900 Ordinem
1697 868 1830 900 fratrum

1092 918 1245 951 Minorum
1269 919 1306 952 de
1330 919 1530 952 Ohservantia
1545 920 1716 952 salubriter
1732 919 1764 951 in
1780 919 1830 952 via

1091 970 1212 1002 Domini
1230 970 1440 1013 dirigendum,
1465 971 1548 1004 inter
1574 972 1634 1004 alia
1667 972 1704 1004 de
1735 971 1829 1003 mini-

1091 1028 1154 1055 stro
1171 1024 1319 1065 generali,
1337 1024 1550 1056 commissario
1566 1029 1595 1056 et
1612 1028 1830 1067 procuratore,

1089 1075 1184 1107 etiam
1215 1076 1413 1118 generalibus
1443 1080 1471 1108 et
1503 1076 1763 1118 provincialibus,
1795 1079 1831 1107 ut

1091 1137 1126 1160 eo
1144 1127 1175 1159 in
1193 1127 1340 1170 capitulo,
1358 1139 1419 1171 quo
1436 1128 1550 1161 absolvi
1576 1129 1701 1169 debent,
1714 1127 1830 1160 diffini·
1864 1160 1866 1162 ,

1090 1185 1172 1213 tores
1189 1191 1252 1213 non
1268 1186 1380 1221 essent,
1399 1191 1500 1224 neque
1530 1191 1637 1214 vocem
1660 1181 1825 1221 haberent,

1090 1233 1243 1265 statuisse.

1090 1349 1172 1379 nem,
1198 1339 1356 1370 nonnullis
1387 1339 1425 1371 de
1456 1338 1568 1378 causis,
1602 1348 1682 1380 quae
1715 1335 1992 1392 rationilegffiggam
2011 1332 2026 1363 Ῐ”

1088 1390 1222 1423 maxime
1239 1401 1394 1423 consonae
1425 1395 1507 1431 sunt,
1539 1390 1684 1431 adducti,
1702 1390 1742 1422 ad
1758 1400 1831 1423 eum
1960 1387 1964 1392 '

1131 1551 1145 1594 ἓ
1166 1550 1196 1584 3.
1213 1550 1373 1582 Dictarum
1396 1559 1469 1581 vero
1493 1548 1670 1580 litterarum
1695 1551 1830 1590 partem,
1841 1557 2001 1605 fiffievdgsg
2017 1538 2039 1594 „⁸

1089 1616 1168 1649 quae
1185 1609 1257 1637 ante
1273 1603 1375 1636 dictae
1390 1601 1532 1645 proxima
1549 1605 1604 1640 est,
1637 1599 1670 1631 in
1701 1609 1762 1642 qua
1779 1608 1830 1630 ca·
1840 1612 1984 1662 {affixam
2017 1611 2026 1639 'T

1088 1714 1119 1742 et
1134 1708 1187 1742 alii
1203 1707 1366 1751 praedicti,
1383 1707 1463 1739 sacta
1491 1704 1678 1738 successoris
1705 1703 1831 1737 electio-

1088 1772 1137 1803 ne,
1153 1761 1325 1794 discedant.

1129 1815 1144 1857 ξ
1159 1814 1190 1846 4.
1207 1813 1268 1846 Nos

1840 1899 1945 1915 scessum·

1128 2181 1143 2224 g
1167 2180 1196 2213 5.
1213 2181 1256 2213 Ac
1280 2180 1355 2212 dum
1378 2189 1435 2222 per
1450 2178 1575 2211 easdem
1600 2177 1720 2210 litteras
1736 2187 1827 2220 prae-
1874 2192 1948 2225 pfly
1968 2200 1981 2214 0

1085 2233 1262 2276 cipiebatur
1286 2232 1370 2275 quod
1397 2230 1638 2274 provincialium
1666 2221 2023 2292 minist1·o-2‡{2i²ni{{⁸'

1837 2277 1861 2290 su
1879 2278 1931 2292 om&
1955 2279 1965 2292 S
1994 2282 2013 2292 ΙΝ

1085 2442 1275 2485 transgredi,
1295 2452 1348 2474 seu
1373 2443 1519 2475 electores
1535 2441 1704 2485 quominus
1727 2441 1824 2476 libere

1084 2497 1234 2538 eligerent
1260 2494 1369 2537 quovis
1386 2494 1480 2527 modo
1496 2494 1650 2537 impedire
1663 2493 1824 2527 convictus

1118 2562 1127 2578 ¹
1147 2558 1215 2584 Vide
1228 2556 1303 2583 PiiV
1312 2558 1398 2583 const.
1409 2542 1507 2591 exem,
1520 2555 1686 2589 Pastorazis,
1695 2556 1761 2582 tom.
1771 2563 1821 2591 vn,
