2059 3228
212 309 295 345 quae
313 294 579 344 pro'defenstone
599 299 776 334 catholicae
796 299 958 334 fideiassi-

212 352 274 386 due
294 353 420 387 fortiter
443 353 551 387 subire
578 364 644 387 non
663 354 846 393 recusabat,
873 353 958 386 eius-

212 407 284 440 dem
305 417 436 451 quoque
455 407 675 441 Universitatis
692 406 906 451 patrocinium
927 411 959 440 et

212 460 456 505 protectionem,
470 471 565 505 quam
578 461 630 505 pie
642 466 838 505 susceperat,
847 471 959 504 quam-

211 523 273 558 que
292 514 322 548 ei
342 514 475 547 omnino
494 514 685 549 auctoritate
696 514 958 557 apostolicacon-

211 567 318 608 cessit,
328 567 518 613 continuare
530 578 593 601 non
604 568 845 610 dedignaretur,
855 567 957 600 eidem

210 621 286 655 duci
305 626 384 655 tunc
401 626 432 655 et
450 632 509 666 pro
527 627 672 666 tempore
701 620 845 654 existenti
864 621 958 654 deca-

210 685 288 708 num
307 680 339 708 et
374 675 571 720 professores
601 674 873 718 iurisprudentiae
900 678 959 717 pro

59 738 64 765 ζ
80 738 100 771 ·,
209 733 356 772 tempore
374 728 511 772 eligendi
524 734 554 762 et
571 728 739 762 amovendi
755 728 883 772 plenam
901 738 959 760 au-

211 782 392 816 ctoritatem
412 783 596 816 tribuendo.

254 836 270 879 g
293 835 324 870 5.
344 835 493 869 Ceterum
513 835 613 869 vbluit
632 840 668 868 ut
686 834 960 879 ipsedecanusiu-

46 855 197 936 ἐμω-εο-
210 888 461 933 risprudentiae,
481 899 555 922 cum
573 888 709 922 consilio
726 888 864 922 aliorum
883 899 960 932 pro-

69 964 74 965 ν
97 931 388 989 ’Ἒῗιξῗΐθεεὸωῐω
415 942 516 975 libere
544 947 651 986 posset
670 952 781 975 omnes
806 941 960 975 officiales

46 1019 47 1022 η
87 1025 114 1046 m
127 993 198 1046 “³¹¹ss
211 994 316 1042 eidem
335 994 478 1029 facultati
497 994 703 1028 inservientes
721 995 839 1038 eligere
864 1000 960 1038 atque

37 1086 44 1090 ,
75 1054 375 1090 mmet-amovere„
394 1048 446 1082 cui
463 1048 558 1081 etiam
586 1048 706 1081 decano
737 1048 961 1092 iurispruden-

209 1101 272 1136 tiae
291 1101 488 1145 professores
503 1112 614 1135 omnes
629 1107 722 1145 atque
735 1102 916 1134 scholastici
931 1107 961 1135 et

211 1155 365 1189 officiales
383 1154 463 1188 iuris
481 1155 628 1188 canonici
642 1160 673 1188 et
687 1155 787 1188 cixilis
810 1160 960 1199 parerent

168 1246 177 1256 ⁶
211 1208 433 1249 etohedirent‚
455 1219 500 1243 ac.
512 1208 551 1241 ab
576 1209 645 1252 ipso
661 1213 861 1251 regerentur,
880 1214 909 1241 et
921 1208 960 1241 ab

53 835 69 851 a·

211 1319 244 1347 et
261 1314 400 1358 insignia
416 1314 496 1347 iuris
513 1314 660 1348 canonici
677 1320 704 1347 et
720 1314 820 1347 civilis
831 1325 962 1358 promo-

211 1374 375 1411 verentur,
395 1374 427 1402 et
434 1369 574 1413 promoti
586 1368 708 1402 litteras
718 1368 960 1412 promotionum

208 1421 353 1455 munitas
369 1422 515 1455 eiusdem
535 1422 651 1465 sigillo,
670 1422 703 1454 in
721 1433 785 1465 quo
810 1428 889 1455 esset
914 1421 962 1454 in-

56 1484 81 1520 ]oe
211 1475 342 1521 scriptio
355 1476 553 1516 huiusmodi,
567 1476 719 1520 Sigillum
730 1476 852 1509 Decam'
865 1477 961 1509 iuris-

56 1536 73 1567 „s
207 1529 402 1573 prudentiae
425 1529 653 1563 Universitatz's
676 1530 961 1573 Musszponlancn-

211 1583 269 1624 sis,
290 1588 327 1616 ut
345 1584 444 1629 moris
463 1589 541 1625 erat,
557 1584 751 1628 acciperent.

63 1680 65 1683 Α
256 1636 272 1681 ἓ
295 1637 326 1672 6.
353 1637 523 1671 Praeterea
552 1638 790 1671 venerabilibus
810 1637 963 1670 fratribus

121 1703 201 1731 pinu-
211 1691 341 1731 nostris,
364 1697 441 1725 tunc
458 1692 536 1732 suis,
560 1692 690 1724 Metensi
717 1697 745 1724 ct
773 1690 962 1724 Yirdunensi

50 1734 201 1792 fflffiffi
213 1754 251 1777 ac
266 1744 408 1778 Tullensi
428 1739 598 1789 episcopis,
612 1756 667 1778 seu
687 1746 790 1778 tribus
807 1744 878 1777 aliis
889 1755 963 1787 per-

49 1793 200 1850 ‘ffim‘fffflg
213 1797 301 1836 sonis
321 1798 354 1830 in
369 1798 522 1841 dignitate
538 1799 754 1832 ecclesiastica
773 1799 963 1839 constitutis,

62 1852 68 1858 ς
213 1851 253 1884 ab
270 1851 384 1884 eodem
403 1851 516 1884 Carolo
536 1852 617 1884 duce
640 1851 796 1897 eligendis
809 1878 816 1892 ,
837 1861 965 1884 eorum-

180 1911 186 1918 ·
213 1914 278 1949 que
302 1905 444 1947 cuilibet,
465 1905 570 1949 quoad
597 1906 782 1938 facultatem
803 1905 964 1949 iurispru-

216 1957 356 1999 dentiae,
383 1969 420 1991 ac
442 1969 501 2002 pro
527 1959 647 1991 salubri
674 1958 849 1992 directione
871 1959 964 1992 scho-

59 1433 73 1451 .-
50 1127 86 1421 ”ms-{142³
54 1097 80 1116 ⁴.

59 1621 72 1628 ,.

57 1630 86 1655 ’ρ

217 2117 317 2159 tione,
338 2119 541 2152 revocatione
559 2130 595 2152 ac
607 2120 700 2152 etiam
714 2130 749 2151 ex
763 2119 885 2161 integro
897 2119 965 2151 edi-

202 2171 306 2215 ¹tione
323 2171 466 2216 indigere
491 2173 724 2216 cognovissent,
758 2173 965 2211 reformandi,

219 2226 378 2267 mutandi,
396 2227 579 2270 corrigendi
599 2233 628 2259 et
649 2227 687 2260 dc:
700 2237 779 2259 novo
793 2226 964 2265 condendi,

219 2279 358 2319 condita,
369 2279 467 2313 sacris
479 2280 655 2313 canonibus
669 2291 731 2312 non
745 2279 965 2322 repugnantia,

220 2331 445 2372 confirmandi,
468 2333 586 2365 abusus
597 2344 817 2376 quoscumque
835 2331 966 2365 tollendi

219 2395 258 2418 ac
276 2385 432 2428 quicquid
453 2386 638 2419 statuissent
653 2392 683 2418 et
695 2386 906 2425 ordinassent,
922 2391 965 2418 ut-

220 2445 284 2478 que
303 2445 341 2468 ea
361 2435 495 2478 ipsaque
515 2435 546 2467 in
567 2435 680 2467 litteris
714 2435 909 2481 apostolicis,
942 2435 966 2467 si

221 2483 360 2528 desuper
380 2484 543 2517 consectae
555 2484 700 2523 fuissent,
714 2489 828 2516 statuta
845 2484 968 2516 etordi-

872 246 975 274 SIX'N'S
997 246 1017 269 V
1035 246 1083 270 Μ’.

1636 239 1702 273 579»

1764 246 1804 274 An
1833 247 1851 274 C
1882 248 1947 276 1385

1000 299 1201 343 pecuniarias
1221 301 1346 344 aliaque
1363 306 1547 345 opportuna
1565 301 1645 335 iuris
1662 304 1746 336 ctl'a-

1000 352 1040 386 cti
1058 353 1212 393 remedia,
1230 355 1445 397 appellatione
1458 355 1648 399 postposita,
1663 367 1747 389 com-

1000 406 1174 449 pescendi3
1197 406 1411 450 legitimisque
1432 419 1530 451 super
1549 408 1599 441 his
1624 409 1746 442 haben-

1000 458 1050 492 dis
1070 459 1199 492 servatis
1220 460 1433 502 prm-essibus,
1456 472 1608 494 censuras
1629 467 1657 495 et
1670 473 1746 506 poe-

1000 523 1057 545 nas
1073 512 1156 556 ipsas
1176 512 1348 545 incrurisse
1377 514 1573 554 declarandi,
1601 514 1747 559 ipsasque

1000 575 1152 598 censuras
1177 571 1207 598 et
1233 576 1352 609 poenas
1372 566 1466 599 etiam
1487 567 1608 600 iteratis
1625 568 1748 601 vicibus

1001 618 1207 662 aggravandi‚
1222 630 1258 651 ac
1271 619 1474 652 interdictum
1494 621 1746 655 ecclesiasticum

1001 672 1197 717 apponendi,
1220 673 1441 716 auxiliumque
1460 674 1582 707 brachii
1603 677 1748 709 sacculu-

1000 726 1045 759 ris
1060 726 1100 759 ad
1120 737 1168 767 ea,
1196 726 1221 759 si
1246 735 1327 770 opus
1352 727 1444 767 soret,
1471 727 1652 769 invocandi,
1679 730 1748 772 ple-

1000 791 1075 813 nam
1095 780 1193 813 simili
1219 780 1408 814 auctoritate
1429 782 1584 814 concessit
1607 789 1748 826 potcsta-

1002 839 1077 867 tem.

1045 887 1060 930 ἓ
1085 887 1115 920 7,
1147 887 1218 920 Non
1251 887 1451 921 obstantibus
1476 888 1547 932 piae
1573 890 1748 923 memoriae
1792 900 1871 921 sanan
1898 900 1947 926 qui-

1000 940 1156 974 Bonisacii
1175 941 1279 984 Papae
1296 941 1408 981 octavi,
1421 941 1515 974 etiam
1525 943 1749 985 praedecesso-
1763 930 1893 983 ξξῖἶᾞᾞ
1906 936 1947 982 0ὲῖ
1965 946 1973 952 “

1001 994 1045 1026 ris
1065 993 1178 1035 nostri,
1202 995 1240 1027 de
1261 1005 1337 1034 una,
1352 999 1382 1027 et
1402 994 1433 1027 in
1454 995 1590 1028 concilio
1606 997 1747 1038 generali
1763 992 1874 1014 ⁵¹³¹¹¹¹⁵”⁵·

1001 1047 1088 1080 edita
1109 1047 1147 1081 de
1172 1048 1296 1080 duabus
1321 1048 1444 1087 diaetis,
1464 1049 1638 1082 dummodo
1663 1051 1749 1083 ultra

981 1136 982 1145 ἵ
1001 1107 1067 1133 trcs
1085 1101 1204 1134 diaetas
1230 1101 1347 1144 aliquis
1367 1101 1405 1134 ad
1426 1101 1582 1135 iudicium
1604 1113 1668 1135 non
1685 1109 1748 1136 tra-

1001 1155 1153 1192 heretur,
1176 1154 1311 1198 aliisque
1339 1155 1524 1199 apostolicis
1550 1155 1749 1189 constitutio-

980 1218 982 1253 ᾗ
1001 1208 1118 1248 nibus;
1140 1219 1176 1240 ac
1188 1208 1291 1240 dictae
1310 1207 1543 1249 Universitatis‚
1556 1208 1749 1250 iuramento,

211 1261 325 1295 eodem
350 1261 470 1295 decano
490 1261 762 1305 iurisprudentiae
784 1262 822 1294 ad
843 1261 960 1304 gradus
981 1256 983 1268 ¹

1002 1261 1246 1294 confirmatione
1267 1261 1444 1305 apostolica
1459 1262 1507 1294 vel
1527 1263 1636 1306 quavis
1647 1263 1750 1296 firmi-

1001 1320 1065 1347 tate
1083 1315 1145 1347 alia
1160 1315 1332 1355 roboratis,
1355 1315 1480 1348 statutis
1500 1317 1750 1350 etconsuetudi-

1000 1368 1097 1401 nibus
1115 1378 1122 1407 3
1145 1367 1318 1412 privilegiis
1334 1379 1476 1412 quoque,
1503 1369 1637 1402 indultis
1656 1375 1686 1403 et
1702 1370 1751 1403 lit-

981 1434 983 1449 t
1000 1421 1077 1454 teris
1097 1421 1293 1465 apostolicis,
1311 1422 1432 1455 decano
1455 1428 1485 1455 et.
1501 1422 1749 1466 professoribus,

1002 1475 1214 1516 scholasticis,
1235 1475 1427 1508 officialibus
1448 1481 1477 1509 et
1493 1476 1564 1509 aliis
1579 1477 1751 1520 praedictis

1002 1529 1247 1572 quomodolibet
1267 1529 1438 1569 concessis,
1461 1530 1645 1573 approbatis
1656 1536 1685 1563 et
1702 1531 1752 1563 in-

1003 1583 1137 1623 novatis3
1153 1583 1271 1626 quibus
1286 1583 1448 1623 omnibus,
1469 1583 1531 1616 illis
1551 1584 1628 1616 alias
1644 1584 1678 1615 in
1694 1594 1752 1617 suo

1004 1637 1121 1669 robore
1140 1636 1374 1680 permansuris,
1392 1647 1428 1669 ea
1447 1637 1515 1669 vice
1526 1636 1701 1674 dumtaxat,
1713 1636 1753 1669 ad

1005 1689 1155 1722 effectum
1177 1690 1440 1733 praemissorum,
1456 1690 1637 1733 specialiter
1657 1696 1687 1723 et
1702 1701 1754 1723 cx-

1004 1744 1748 1787 pressederogavit,contrariisquibuscumque.

984 1836 985 1842 ἵ
1004 1798 1066 1830 Aut
1083 1797 1109 1830 si
1128 1797 1303 1841 aliquibus,
1318 1797 1533 1830 communiter
1550 1797 1597 1829 rel
1611 1797 1750 1837 divisim,

1005 1851 1044 1883 ab
1069 1851 1180 1884 eadem
1210 1858 1289 1884 esset
1321 1851 1401 1884 Sede
1423 1850 1583 1883 indultum
1604 1850 1689 1892 quod
1707 1850 1754 1882 in—

984 1898 986 1925 ‘3
1004 1905 1132 1945 terdici‚
1152 1905 1302 1949 suspendi
1324 1905 1373 1937 vel
1397 1903 1671 1937 excommunicari
1689 1914 1754 1935 non

985 1964 1138 2003 ¹possent
1157 1969 1214 2002 per
1239 1959 1361 1991 litteras
1390 1957 1582 2001 apostolicas
1612 1967 1677 1989 non
1706 1957 1753 1989 sa-

216 2011 402 2045 lasticorum
429 2011 462 2045 in
497 2023 534 2045 ea
562 2012 829 2052 incumbentium,
866 2005 986 2055 quae-³

217 2058 358 2108 cumque
377 2066 566 2105 mutatione,
584 2066 797 2104 correctione,
817 2065 966 2098 emenda·
986 2087 987 2090 κ

1007 2012 1127 2044 cientes
1148 2012 1275 2055 plenam
1296 2017 1325 2044 et
1345 2021 1528 2053 expressam
1549 2021 1585 2042 ac
1606 2009 1644 2042 de
1655 2009 1754 2042 verbo

1007 2066 1045 2098 ad
1076 2066 1207 2098 verbum
1234 2065 1272 2097 de
1298 2064 1422 2097 indulto
1448 2062 1634 2096 huiusmodi
1666 2072 1756 2095 men-

1007 2119 1138 2151 tionem.

1050 2171 1066 2212 T,
1092 2171 1122 2204 8.
1149 2171 1193 2204 Ne
1213 2176 1319 2204 autem
1341 2170 1380 2203 (ie
1400 2175 1517 2202 statuto
1532 2196 1542 2210 ,
1568 2169 1753 2211 voluntate,
1796 2178 1890 2215 sgeeutn
1900 2177 1957 2200 nra:

1008 2226 1150 2258 cessione
1172 2230 1199 2257 et
1222 2224 1427 2266 derogatione
1448 2222 1632 2266 praedictis,
1646 2233 1755 2266 proco
1769 2211 1952 2269 ξᾙήῃξξιιῗξζ

1008 2279 1093 2321 quod
1115 2289 1212 2321 super
1234 2278 1295 2310 illis
1315 2277 1457 2310 ciusdem
1487 2276 1631 2319 Gregorii
1659 2287 1754 2320 prae-
1770 2272 1955 2325 [ξξᾙζῐξζζξῗ.

1008 2332 1184 2365 decessoris
1201 2332 1335 2370 litterae,
1353 2330 1420 2362 eius
1432 2329 1676 2373 superveniente
1688 2330 1755 2363 obi·
1771 2336 1840 2357 fluunt
1852 2332 1931 2357 sutus.

1010 2391 1054 2426 tu,
1078 2386 1240 2418 consectae
1261 2395 1325 2417 non
1347 2384 1489 2423 suerunt,
1512 2383 1756 2426 valeatquomo-

1009 2435 1126 2467 dolibet
1150 2433 1312 2471 haesitat-i,
1349 2432 1483 2475 ipseque
1508 2437 1615 2464 rector
1638 2438 1669 2465 et
1701 2432 1756 2465 atii

1010 2482 1165 2526 praedicti
1187 2482 1314 2514 illorum
1336 2483 1532 2512 frustrentur
1551 2480 1679 2521 effectu,
1700 2491 1756 2513 vo-

75 2533 90 2575 't
154 2523 159 2532 ¹
221 2538 296 2566 nata
316 2533 433 2571 forent,
454 2538 610 2576 perpetuo
632 2532 790 2565 observari
808 2533 966 2571 l'aciendi;
988 2533 989 2544 ¹
1010 2532 1118 2563 lumus
1139 2536 1168 2563 et
1198 2530 1359 2573 praedicta
1389 2528 1580 2562 auctoritate
1608 2528 1756 2562 similiter

75 2571 83 2583 ζ
223 2581 475 2615 contradictores
499 2581 657 2624 quoslibet
688 2587 716 2613 et
747 2580 882 2613 rebelles
911 2592 968 2624 per
1010 2579 1214 2612 decernimus
1235 2577 1756 2621 quodstfttntntusnluntas,con-

223 2639 375 2667 censuras
390 2636 421 2664 et
436 2641 556 2678 poenas
577 2629 810 2668 ecclesiasticas
822 2640 858 2663 ac
871 2629 964 2663 etiam
987 2638 995 2679 ιι
1011 2628 1112 2665 cessio
1133 2634 1162 2661 et
1182 2626 1344 2674 derogatio
1364 2625 1509 2674 Gregorii
1529 2625 1756 2673 praedecesso-
