2059 3228
150 266 206 293 An.
223 265 251 293 C.
271 265 340 293 1586
392 265 453 298 7ού

346 328 529 371 praemissis
553 328 731 361 necessaria
755 329 871 362 suerint
890 340 946 363 seu
962 339 1093 373 quomo-

347 381 463 413 dolibet
487 386 676 424 opportuna.

392 434 406 476 ξ
430 434 460 467 5.
485 435 552 467 Non
577 435 776 469 obstantibus
800 447 999 480 quacumque
1023 445 1091 468 cen·
1125 434 1331 478 Confirmatio
1354 442 1382 484 et
1404 449 1488 472 nova
1510 441 1663 474 concessio
1683 443 1861 485 ⁸oratiarum

155 486 482 540 „offlssgffiffi‘ffssflffl'iffi
507 488 603 521 etiam
628 490 794 532 completa,
811 496 842 523 et
865 490 958 523 etiam
979 489 1091 523 maiori

348 551 365 573 a
390 540 459 574 iure
483 547 598 575 statuta
622 543 881 587 praescriptione,
904 554 939 576 ac
964 543 1092 586 quibus-

347 595 395 627 vis
433 595 715 629 constitutionibus
754 602 783 629 et
822 597 1092 637 ordinationibus

344 658 471 682 necnon
495 649 678 692 privilegiis,
703 650 966 694 exemptionibus,
989 650 1090 683 indul·
1112 668 1115 671 -

346 702 385 736 tis
409 708 441 735 et
465 701 578 736 litteris
614 704 793 746 apostolicis
831 704 990 748 capitulis,
1016 714 1090 737 con—

343 755 597 798 gregationibus,
613 756 764 799 collegiis,
780 753 969 798 seminariis,
983 758 1089 801 hospi-

345 807 462 841 talibus
487 814 516 841 et
545 809 615 842 aliis
649 810 710 853 piis
746 811 822 844 locis
845 812 1005 855 praefatis,
1031 812 1089 845 sub

345 861 600 905 quibuscumque
614 858 777 897 tenoribus
793 870 823 897 et
835 864 954 905 formis,
965 875 1000 897 ac
1016 875 1087 897 cum

343 914 507 957 quibusvis
530 915 803 958 derogatoriarum
821 917 1039 961 derogatoriis,
1057 927 1088 949 a—

342 968 456 1012 liisque.
480 969 708 1004 efficacioribus
732 977 762 1004 et
779 971 914 1005 insolitis
930 971 1086 1011 clausulis,

341 1031 466 1054 necnon
490 1022 692 1057 irritantibus
727 1031 757 1058 et
792 1025 861 1059 aliis
886 1027 1031 1067 decretis,
1056 1035 1087 1058 e-

341 1075 418 1110 tiam
443 1082 532 1110 motu
557 1083 587 1111 et
612 1079 742 1112 scientia
767 1079 932 1120 similibus,
948 1091 983 1114 ac
1000 1081 1038 1114 de
1055 1091 1086 1112 a-

338 1132 509 1174 postolicae
548 1134 712 1175 potestatis
746 1134 965 1177 plenitudine,
990 1135 1085 1168 etiam

336 1185 608 1227 consistorialiter,
632 1192 663 1219 et
686 1198 721 1219 ex
745 1197 839 1220 causa
865 1187 936 1220 initi
960 1193 1085 1221 contra-

337 1244 415 1279 ctus,
425 1244 480 1272 aut
504 1239 581 1273 alias
605 1240 842 1283 quomodolibet
867 1241 1023 1274 concessis
1047 1252 1083 1274 ac

336 1293 458 1327 iteratis
492 1294 615 1327 vicibus
642 1294 826 1338 approbatis
861 1299 889 1327 et
916 1294 1081 1328 innovatis.

336 1347 456 1386 Quibus
472 1347 631 1388 omnibus,
649 1347 785 1388 etiamsi,
802 1357 859 1390 pro
877 1347 1003 1380 illorum
1020 1348 1083 1381 sus-

336 1400 455 1434 iicienti
480 1402 697 1444 derogatione,
710 1401 748 1434 de
772 1401 832 1434 illis
849 1411 1022 1444 eorumque
1037 1406 1081 1435 to-

335 1456 375 1489 tis
399 1456 563 1489 tenoribus
587 1454 744 1499 specialis,
762 1454 918 1498 specifica,
936 1466 1080 1498 expressa

334 1514 365 1542 et
388 1508 553 1542 individua
569 1519 605 1542 ac
628 1509 666 1542 de
689 1509 785 1542 verbo
801 1509 839 1541 ad
857 1509 997 1550 verbum,
1016 1520 1080 1542 non

300 1550 307 1560 ⁸
335 1568 440 1596 autem
465 1574 522 1606 per
546 1563 700 1596 clausulas
724 1564 887 1605 generales
911 1564 994 1596 idern
1020 1564 1079 1597 in]-

333 1621 510 1658 portantes,
536 1615 655 1648 mentio
690 1626 746 1649 seu
780 1616 909 1659 quaevis
943 1617 1004 1649 alia
1028 1628 1079 1650 ex-

333 1669 453 1712 pressio
489 1668 649 1710 habenda,
675 1674 729 1702 aut
752 1669 858 1712 aliqua
882 1671 942 1702 alia
969 1671 1078 1714 exqui-

332 1722 391 1755 sita
415 1722 516 1754 forma
541 1722 694 1755 servanda
718 1728 808 1764 esset,
826 1729 950 1757 tenores
967 1724 1077 1757 huius-

333 1776 430 1817 modi,
448 1786 484 1809 ac
508 1776 533 1808 si
558 1776 595 1808 de
620 1776 716 1809 verbo
740 1776 779 1809 ad
804 1777 934 1809 verbum
958 1777 1076 1810 insere-

332 1835 444 1862 rentur
477 1829 715 1872 praesentibus,
741 1840 799 1873 pro
823 1831 913 1873 plene
938 1837 968 1864 et
992 1832 1078 1865 suffi-

334 1883 455 1915 cienter
478 1882 632 1926 expressis
649 1883 814 1925 habentes,
828 1883 887 1917 hac
905 1885 971 1918 vice
987 1885 1079 1918 dum-

334 1941 427 1976 taxat,
452 1935 631 1979 specialiter
654 1942 684 1970 et
709 1947 853 1980 expresse
877 1939 1078 1982 derogamus3

330 1999 454 2022 necnon
478 1989 627 2022 omnibus
651 1990 710 2023 illis
744 2001 825 2034 quae
858 1992 1079 2035 praedecesso-

329 2052 379 2074 res
404 2042 535 2085 praefati
561 2043 594 2075 in
618 2043 751 2086 singulis
767 2054 879 2077 eorum
896 2045 1009 2078 litteris
1026 2056 1078 2079 vo-

328 2095 456 2127 luerunt
480 2105 543 2128 non
561 2096 697 2139 obstare,
715 2098 891 2141 ceterisque
909 2099 1079 2133 contrariis

330 2147 593 2192 quibuscumque.

377 2202 391 2245 ἓ
415 2202 444 2235 6.
468 2203 619 2236 Volumus
642 2209 747 2238 autem
790 2210 825 2238 ut
862 2206 1079 2250 praesentium

175 2257 542 2301 Tmnsumpwuunsumptis
565 2262 618 2290 etc.

143 2303 182 2316 ‘'⁴'‘
202 2298 263 2320 ⁶⁶¹⁰⁵'
379 2310 491 2343 Datum
508 2311 625 2344 Romae
641 2312 726 2354 apud
743 2312 772 2345 S.
796 2313 934 2354 Petrum,
950 2313 1009 2346 sub
1025 2324 1080 2347 an-

335 2363 409 2396 nulo
433 2363 621 2404 Piscatoris,
646 2364 697 2397 die
721 2375 771 2398 x1v
795 2366 870 2399 maii
908 2376 1078 2409 MDLxxxw,

334 2415 539 2449 Pontificatus
563 2417 663 2450 nostri
689 2428 772 2451 anno
796 2429 829 2452 11.

376 2469 442 2503 Dat.
467 2470 519 2503 die
542 2470 585 2503 14
609 2471 683 2504 maii
704 2471 798 2513 1586,
816 2473 927 2516 pontif.
945 2483 1029 2508 anno
1045 2484 1077 2508 11.

926 277 964 299 Bt*
970 276 1110 300 LLARtmt
1135 276 1289 302 ROMANUM

1443 333 1551 368 XLVII.

1165 493 1191 522 el
1218 491 1460 534 pririleyiormn
1500 492 1617 526 Ordini
1651 493 1862 537 cisterciensi,

1164 543 1291 588 eiusque
1302 545 1473 588 abbatebus,
1486 546 1648 579 monachis
1664 551 1692 579 et
1710 552 1864 581 monaste-

1164 597 1223 630 riis
1262 608 1282 630 a
1321 597 1466 641 Greqorio
1505 599 1556 632 IX
1568 627 1576 641 ,
1599 600 1781 633 Innocentio
1804 601 1862 643 IV,
1893 612 1898 618 ·

1163 649 1251 683 Siscto
1262 649 1319 692 IV,
1335 651 1518 685 Innocentio
1542 653 1632 694 VIII,
1646 653 1708 686 Pio
1720 653 1742 686 I
1745 653 1778 694 V,
1801 653 1863 687 Pio

1168 702 1200 743 V,
1220 702 1366 746 Greyorio
1389 704 1481 738 XIII
1489 709 1516 738 et
1533 706 1607 738 aliis
1629 705 1863 741 SummisPon-

1162 755 1301 796 tificibus
1324 768 1540 792 concessorum
1557 759 1577 792 ¹.
1857 758 1863 765 ’

1150 863 1239 894 sixtus
1261 867 1332 902 Papa
1352 868 1382 901 V,
1405 868 1438 896 ad
1460 859 1610 904 perpetuam
1629 869 1669 898 ret
1690 868 1840 898 memoriam

1160 966 1299 1001 Pontifex
1334 970 1516 1012 Romanus,
1540 970 1710 1014 primarias
1743 969 1858 1004 Christi

1116 1019 1168 1053 Dei
1193 1026 1222 1054 et
1246 1022 1371 1056 Domini
1396 1024 1497 1057 nostri
1523 1024 1555 1056 in
1573 1024 1666 1057 terris
1681 1033 1796 1067 gerens
1811 1023 1858 1056 vi-

1115 1084 1176 1116 ces,
1199 1075 1279 1108 sicut
1304 1076 1400 1110 totius
1417 1066 1567 1110 dominici
1581 1078 1686 1120 gregis
1709 1077 1858 1121 pascendi

1115 1137 1224 1161 curam
1249 1134 1279 1162 et
1296 1140 1377 1163 onus
1394 1131 1567 1164 susstinere
1586 1130 1795 1174 dignoscitur,
1812 1131 1857 1164 ita

1116 1180 1146 1212 in
1160 1192 1223 1224 eos,
1240 1193 1319 1226 quos
1335 1184 1461 1227 gravius
1477 1185 1631 1226 laborare,
1647 1190 1677 1218 et
1693 1195 1750 1218 suo
1765 1194 1858 1228 prae-

1113 1235 1206 1279 cipuo
1229 1237 1346 1271 auxilio
1375 1238 1519 1281 indigere
1554 1237 1759 1282 perspexerit,
1782 1248 1857 1282 pro-

1112 1289 1239 1331 pensius
1256 1294 1284 1323 et
1316 1290 1519 1324 favorabilius
1550 1291 1736 1324 incumbere
1751 1290 1856 1324 debet.

1111 1342 1186 1375 Cum
1211 1343 1323 1386 primis
1346 1354 1420 1377 vero
1444 1343 1666 1387 religiosorum
1682 1343 1855 1378 monacho-

1112 1406 1193 1437 rum,
1225 1396 1302 1440 qui,
1326 1397 1496 1430 mundanis
1531 1397 1661 1431 abiectis
1689 1397 1855 1440 illecebris,

1111 1452 1142 1481 in
1168 1450 1280 1494 spiritu
1306 1450 1495 1484 humilitatis
1518 1451 1676 1484 Altissimo
1699 1451 1855 1485 famulan-

1110 1507 1170 1543 tur,
1195 1509 1359 1546 paternam
1391 1515 1500 1537 curam
1524 1515 1650 1547 gerere,
1673 1510 1854 1539 nutantem-

1109 1567 1170 1599 que
1204 1557 1330 1590 illorum
1365 1563 1491 1599 statum,
1532 1563 1687 1601 quantum
1721 1569 1757 1592 ex
1791 1559 1854 1593 alto

1107 1611 1303 1652 conceditur,
1330 1611 1424 1644 celeri
1449 1621 1485 1644 ac
1517 1611 1636 1644 salubri
1674 1611 1853 1647 munimine

1107 1663 1225 1697 fulcire.

1150 1717 1164 1759 ξ
1187 1717 1218 1750 1.
1243 1717 1333 1759 Sane,
1358 1718 1437 1751 sicut
1462 1728 1520 1760 pro
1551 1724 1641 1761 parte
1664 1718 1770 1752 dilecti
1793 1719 1892 1770 filii¹²¹¹
1932 1750 1950 1771 P
1954 1760 1988 1768 ¹¹¹¹¹

1108 1771 1263 1804 Edmundi
1288 1782 1305 1804 a
1329 1771 1436 1812 Cruce,
1453 1770 1578 1804 abbatis
1602 1772 1788 1806 monasterii
1805 1772 1936 1809 Ci-0.“lini

1108 1825 1225 1867 sternii,
1249 1824 1462 1858 Cabilonensis
1486 1824 1649 1866 dioecesis,
1674 1825 1772 1858 totius

1108 1878 1190 1911 dinis
1214 1877 1427 1911 Cisterciensis
1451 1877 1616 1920 generalis,
1633 1887 1760 1911 necnon
1775 1863 1944 1911 dictisess‘m.
1981 1878 2005 1898 <

1108 1931 1234 1965 Ordinis
1258 1930 1386 1974 capituli
1410 1931 1576 1973 generalis,
1599 1931 1691 1964 nohis
1714 1931 1774 1964 fuit
1795 1941 1848 1964 ex-

1108 1984 1245 2028 positum
1259 1983 1343 2026 quod
1350 1983 1603 2017 Cisterciensium
1617 1984 1848 2018 monachorum

1108 2038 1190 2072 Ordo
1214 2049 1232 2071 a
1256 2037 1326 2070 divo
1351 2036 1488 2070 Roberto
1511 2036 1684 2078 institutus,
1697 2042 1728 2070 et
1743 2047 1762 2070 a
1777 2036 1849 2070 divo

1107 2091 1265 2124 Bernardo
1304 2090 1476 2123 illustratus
1490 2117 1497 2131 ,
1527 2091 1703 2134 ceterisque
1736 2101 1848 2124 eorum

1108 2143 1340 2177 successoribus
1378 2150 1581 2187 propagatus,
1606 2145 1779 2177 multorum
1805 2145 1849 2178 vi-

1107 2207 1217 2230 rorum
1255 2196 1466 2230 sanctimonia
1504 2197 1705 2240 praecellens,
1741 2203 1806 2231 tam
1831 2209 1849 2232 a

1108 2249 1402 2292 praedecessoribus
1427 2250 1542 2282 nostris
1573 2250 1722 2284 Romanis
1744 2252 1851 2285 Ponti-

1108 2302 1231 2344 ficibus,
1248 2313 1343 2346 quam
1359 2303 1455 2335 etiarn
1471 2302 1512 2335 ab
1528 2302 1785 2346 imperatoribus,
1801 2314 1852 2337 re-

1109 2357 1211 2400 gibus,
1235 2355 1369 2388 ducibus
1392 2361 1423 2388 et
1446 2355 1516 2388 aliis
1532 2356 1741 2399 principibus,
1754 2361 1800 2390 tot
1819 2361 1850 2390 et

1110 2410 1202 2443 tantis
1226 2407 1409 2452 privilegiis,
1433 2408 1545 2451 gratiis
1562 2413 1592 2441 et
1608 2408 1768 2442 favoribus
1783 2418 1849 2442 me-

1144 2483 1151 2499 ⁴
1174 2480 1380 2507 Institutionem
1398 2479 1478 2505 hulus
1492 2478 1603 2505 Ordinis
1615 2480 1644 2505 et
1655 2478 1748 2506 omnia
1758 2479 1850 2513 ipsum

1108 2516 1303 2544 concernentia
1312 2516 1417 2549 inspice
1434 2515 1464 2540 in
1483 2514 1622 2541 Paschatis
1651 2514 1675 2540 11
1705 2514 1849 2540 constitut.

1108 2562 1149 2586 111,
1167 2551 1351 2583 Desiderium,
1369 2555 1437 2576 tom.
1455 2559 1484 2583 11,
1503 2558 1567 2583 pag.
1586 2550 1647 2576 209.
1667 2549 1790 2576 Similem
1803 2557 1849 2575 au-

1107 2591 1164 2615 tem
1177 2589 1346 2613 statutorum
1359 2585 1470 2612 Ordinis
1483 2588 1511 2611 et
1523 2585 1731 2619 privilegiorum
1749 2583 1848 2610 confir·

1107 2623 1256 2649 mationem
1274 2621 1357 2647 habes
1370 2621 1398 2646 in
1411 2620 1455 2646 Pii
1467 2620 1560 2653 quarti
1573 2619 1714 2648 constitut:-
1729 2628 1847 2651 nxxxvn,

1107 2659 1142 2684 In
1154 2656 1296 2690 eminenti,
1315 2659 1382 2682 tom.
1401 2663 1440 2681 vn
1452 2664 1515 2689 pag.
1527 2655 1588 2688 2603
1600 2657 1629 2681 et.
1641 2654 1768 2688 Gregorii
1779 2653 1847 2680 xm

1107 2695 1194 2720 const.
1213 2698 1308 2725 xxvm,
1328 2689 1469 2724 superna,
1487 2698 1551 2725 pag.
1569 2691 1613 2724 73,
1631 2689 1710 2716 huius
1728 2689 1805 2716 tomi.
