2059 3228
340 276 425 309 1092
901 286 1051 310 nnuman
1075 287 1196 311 nonam

387 348 523 382 quorum
551 338 720 371 dubiorum
752 337 839 370 totali
864 338 1038 370 remotione
1151 349 1260 373 corum
1283 341 1474 384 regularium
1496 342 1574 384 Iesu,
1589 343 1684 376 etiam
1705 343 1802 378 sacris

381 398 412 425 et
443 392 680 435 privilegiorum
708 390 936 431 cofirmatione‚
963 390 1038 423 457.
1151 391 1316 426 ordinibus
1338 403 1402 426 non
1436 394 1562 435 initiati,
1586 396 1715 428 verbum
1747 395 1801 429 Dei

296 444 415 477 CLXIV.
440 444 561 477 Erectio
587 444 709 486 collegii
739 443 905 477 Societatis
919 444 989 477 Iesu
1005 443 1038 475 in
1156 444 1339 485 praedicare
1363 446 1496 489 possint,
1519 446 1594 480 496.

388 496 513 529 civitate
536 496 667 539 Iprensi,
690 496 764 530 465.
1066 493 1196 527 CLXXV.
1220 495 1262 528 De
1291 496 1391 530 forma
1408 507 1470 540 qua
1485 497 1590 531 clerici
1612 498 1649 531 R.
1672 498 1704 532 C.
1719 500 1800 542 Apo-

305 547 410 580 CLXV.
434 548 558 580 Erectio
581 548 707 591 collegii
733 548 896 582 Societatis
911 549 980 582 Iesu
1006 549 1039 582 in
1157 547 1283 581 stolicae
1313 549 1527 591 expeditiones
1562 551 1731 584 camerales
1760 550 1802 584 si-

386 599 502 643 oppido
531 599 682 633 Montensi
699 600 928 634 Cameracensis
955 601 1039 634 dioe-
1154 609 1251 642 gnare
1274 600 1397 642 debent,
1424 601 1483 634 sub
1505 601 1631 634 nomine
1647 608 1678 635 et.
1703 603 1806 646 sigillo

387 652 476 692 cesis,
501 653 575 686 469.
1155 651 1287 685 Sanctae
1316 652 1476 686 Romanae
1490 653 1642 687 Ecclesiae
1658 655 1803 688 cardina-

300 706 419 738 CLXVI.
450 706 491 738 De
519 706 670 739 electione
712 704 882 749 praepositi
909 715 1040 749 genera·
1153 704 1191 737 Iis
1213 705 1390 745 camerarii,
1422 706 1496 739 496.

387 758 425 791 lis
449 763 477 791 et
507 758 640 791 aliorum
667 759 878 801 praelatorum
909 768 1041 801 congre·
1067 756 1211 791 CLXXVI.
1248 757 1404 790 Institutio
1441 758 1704 792 confraternitatis
1749 768 1805 792 seu

290 821 308 838 ι
391 811 526 854 gationis
564 811 793 843 monachorum
830 810 1039 843 Eremitarum
1154 809 1406 852 congregationis
1444 815 1644 843 externorum
1689 810 1808 844 schola-

388 863 491 896 Sancti
521 863 701 905 Hieronymi
733 862 771 895 de
812 861 1015 895 observantia
1032 889 1040 903 ,
1155 862 1248 903 rium,
1273 863 1385 895 studiis
1412 863 1534 906 collegii
1562 863 1725 896 Societatis
1736 863 1806 896 Iesu

385 916 660 958 celebrationeque
694 915 820 958 capituli
865 914 1040 957 generalis,
1156 914 1195 947 de
1222 914 1304 947 Urbe
1331 914 1552 956 insistentium,
1565 915 1624 948 sub
1640 915 1809 949 invocatio-

393 975 421 1002 et
462 968 638 1002 retentione
676 967 830 1010 regularis
874 966 1041 999 observan—
1157 975 1197 999 ne
1223 966 1482 999 Annunciationis
1504 967 1616 1000 Beatae
1631 967 1755 1008 Mariae‚
1768 967 1809 1000 ad

392 1022 463 1061 tiae,
488 1021 564 1054 473.
1155 1018 1208 1061 pia
1239 1028 1334 1062 opera
1365 1018 1592 1059 exercendum;
1619 1024 1650 1052 et
1680 1019 1809 1053 facultas

306 1073 437 1106 CLXVII.
469 1072 628 1105 Institutio
658 1071 777 1114 collegii
810 1071 849 1104 ad
887 1070 1042 1104 scholares
1156 1070 1234 1103 alias
1272 1069 1464 1113 aggregandi
1517 1070 1803 1113 congregationes,

391 1124 528 1157 nationis
558 1125 783 1157 Maronitarum
806 1124 856 1167 pie
879 1129 911 1156 et
933 1124 1040 1157 catho-
1157 1133 1228 1156 cum
1282 1122 1548 1165 indulgentiarum
1568 1144 1581 1162 .
1597 1122 1807 1156 communica-

385 1178 443 1210 liee
467 1177 556 1209 bonis
572 1176 694 1210 artibus
711 1176 958 1219 christianisque
974 1186 1041 1209 mo·
1156 1174 1250 1215 tione,
1275 1174 1350 1208 499.

384 1229 472 1261 ribus
488 1233 517 1261 et
535 1228 888 1261 doctrinainstruendos
898 1228 931 1261 in
947 1228 1040 1268 Urbe;
1069 1227 1226 1262 CLXXVII.
1249 1228 1361 1261 Contra
1387 1227 1490 1261 exules
1518 1231 1548 1260 et
1580 1226 1657 1260 alios
1669 1226 1702 1259 in
1719 1226 1808 1260 Italia

388 1287 418 1314 et
445 1281 607 1324 deputatio
635 1279 803 1313 cardinalis
830 1289 888 1322 pro
909 1279 977 1312 eius
992 1290 1042 1312 re·
1154 1284 1393 1320 commorantes,
1420 1280 1475 1323 qui
1505 1279 1654 1313 animalia
1680 1284 1710 1313 et
1741 1280 1800 1313 alia

388 1333 507 1375 gimine
530 1344 537 1373 ;
582 1342 825 1375 annuorumque
882 1332 1041 1365 redituum
1154 1332 1236 1364 bona
1273 1331 1307 1364 in
1339 1331 1427 1364 Statu
1475 1332 1689 1366 Ecclesiastico
1727 1332 1805 1366 diri·

385 1386 556 1429 assignatio
587 1396 645 1429 pro
672 1385 855 1418 eorumdem
898 1384 1041 1418 substen-
1155 1384 1259 1428 pium,
1281 1384 1441 1417 abducunt
1456 1411 1466 1425 ,
1488 1384 1646 1428 recipiunt
1667 1385 1715 1417 vel
1736 1394 1807 1428 per-

391 1439 520 1480 tatione,
545 1439 620 1472 475.
1157 1441 1289 1476 mutant,
1313 1435 1386 1469 503.

300 1490 442 1524 CLXVIII.
475 1491 595 1524 Erectio
630 1489 750 1533 collegii
788 1489 949 1523 Societatis
974 1489 1043 1522 Iesu
1070 1487 1240 1521 CLXXVIII.
1257 1488 1345 1526 Quod
1367 1488 1521 1521 Eremitae
1550 1488 1806 1531 congregationis

387 1543 420 1574 in
445 1543 570 1575 civitate
593 1542 754 1585 Brugensi‚
779 1540 852 1574 480.
1155 1539 1408 1580 Camaldulensis,
1430 1540 1550 1573 ordinis
1580 1540 1609 1573 S.
1637 1540 1805 1582 Benedicti,

300 1593 419 1626 CLXIX.
442 1594 563 1627 Erectio
578 1593 697 1636 collegii
730 1593 892 1627 Societatis
922 1593 1042 1626 lesuin
1159 1591 1353 1625 Aretinensis
1375 1591 1538 1632 dioecesis,
1561 1591 1723 1636 religiosos
1750 1592 1808 1626 Or-

392 1646 516 1678 civitate
545 1646 723 1686 Mantuana,
750 1645 825 1678 484.
1156 1643 1265 1676 dinum
1289 1643 1530 1676 Mendicantium
1567 1644 1707 1687 recipere
1733 1654 1805 1688 pos-

304 1697 409 1730 CLXX.
440 1698 482 1730 De
505 1696 737 1740 praedicatione
764 1697 848 1730 verbi
872 1697 924 1729 Dei
948 1698 1043 1730 semel
1156 1695 1228 1734 sinn
1256 1695 1315 1737 ipsi
1346 1705 1419 1728 vero
1450 1695 1490 1727 ad
1520 1695 1616 1728 alium
1647 1695 1807 1736 Ordinem,

393 1749 426 1781 in
454 1750 651 1783 hebdomada
663 1749 802 1782 facienda
819 1749 973 1789 hebraeis,
986 1759 1043 1791 pro
1158 1747 1253 1779 etiam
1280 1747 1491 1779 Eremitarum
1514 1747 1616 1780 Sancti
1641 1748 1806 1780 Romualdi

392 1812 501 1834 eorum
519 1802 558 1834 ad
585 1801 699 1834 Christi
716 1800 810 1833 fidem
827 1800 1042 1841 conversione,
1156 1797 1267 1831 Montis
1309 1798 1447 1831 Coronae
1470 1824 1479 1839 ,
1516 1798 1650 1831 transire
1689 1808 1807 1842 neque-

393 1853 426 1885 in
444 1853 536 1887 terris
553 1859 583 1886 et
598 1853 673 1886 loeis
690 1854 722 1885 in
739 1853 854 1896 quibus
873 1857 977 1886 extant
991 1862 1042 1886 eo·
1156 1854 1220 1890 ant,
1245 1849 1318 1883 505.

391 1917 463 1938 rum
480 1915 665 1949 synagogae,
681 1904 755 1938 487.
1069 1901 1216 1935 CLXXIX.
1239 1900 1441 1934 Confirmatio
1470 1901 1705 1944 privilegiorum
1732 1902 1807 1936 Uni-

304 1957 423 1990 CLXXI.
443 1955 605 1990 Innovati0
622 1955 855 1989 constitutionis
871 1955 988 1989 Nicolai
1004 1956 1041 1989 III
1156 1953 1314 1986 versitatis
1330 1952 1433 1986 Studii
1460 1953 1614 1996 generalis
1637 1954 1806 1988 Lovanien-

389 2016 418 2043 et
439 2010 572 2043 aliarum
590 2009 787 2042 sanctionum
806 2012 916 2040 contra
933 2007 1042 2040 iuran-
1156 2005 1210 2046 sis,
1234 2005 1309 2038 505.

394 2068 439 2095 tes
455 2067 486 2095 et
510 2061 614 2094 iurare
629 2060 777 2093 facientes
792 2059 910 2099 illicita,
927 2059 1042 2102 impos·
1070 2058 1203 2092 CLXXX.
1226 2056 1399 2090 Publieatio
1426 2056 1601 2090 litterarum
1632 2067 1687 2090 seu
1702 2055 1807 2100 potius

397 2114 509 2154 sibilia,
533 2113 684 2146 damnosa
707 2118 738 2145 et
760 2111 985 2145 ecclesiasticae
1007 2112 1042 2144 li·
1156 2108 1271 2142 decreti
1305 2109 1352 2142 Pii
1379 2110 1480 2152 Papae
1508 2109 1532 2141 V
1567 2120 1660 2152 super
1676 2110 1808 2142 transla-

390 2167 504 2199 bertati
529 2177 564 2199 ao
580 2164 714 2198 decretis
730 2163 852 2198 concilii
869 2163 1041 2196 Tridentini
1156 2161 1241 2194 tione
1270 2161 1418 2194 ecclesiae
1451 2161 1637 2194 cathedralis
1665 2162 1806 2194 Feretra-

392 2217 599 2258 adversantia,
616 2216 690 2250 489.
1157 2223 1216 2246 nae
1238 2213 1278 2245 ab
1300 2213 1415 2255 oppido
1439 2213 1541 2246 Sancti
1565 2213 1673 2246 Leonis
1696 2213 1736 2246 ad
1751 2223 1805 2256 op-

309 2270 441 2303 CLXXII.
458 2270 602 2313 Deposita
627 2268 831 2312 pecuniarum
848 2267 981 2300 actualia
994 2278 1044 2299 su-
1158 2265 1267 2308 pidum
1283 2269 1495 2307 nuncupatum
1521 2264 1620 2297 Pinna
1646 2265 1806 2304 Billorum,

396 2332 453 2364 pra
480 2332 635 2354 summam
648 2325 809 2354 scutorum
826 2320 978 2363 quinque,
995 2330 1044 2353 oc·
1158 2321 1188 2349 et
1214 2316 1384 2358 respectiva
1415 2315 1540 2357 unione,
1567 2321 1736 2359 augmento
1765 2327 1802 2349 ac

392 2375 516 2407 casione
530 2374 632 2406 litium
649 2373 681 2406 in
697 2374 777 2405 alma
808 2371 891 2405 Urbe
921 2371 1023 2404 fienda
1037 2398 1044 2412 ,
1157 2369 1317 2403 dotatione
1333 2368 1497 2412 utriusque
1519 2369 1658 2412 capituli,
1687 2368 1762 2402 515.

395 2427 479 2470 apud
502 2426 637 2459 Montem
657 2424 784 2458 Pietatis
813 2423 851 2456 de
877 2426 983 2456 cetero
1008 2422 1045 2454 fi·
1073 2421 1217 2457 CLXXXI.
1247 2420 1402 2453 Institutio
1419 2421 1539 2462 collegii
1555 2420 1807 2464 presbyterorum

397 2486 459 2516 ant,
484 2478 559 2511 491.
1160 2473 1352 2516 regularium
1379 2473 1539 2507 Societatis
1569 2473 1647 2513 Iesu,
1678 2473 1808 2506 Univer-

308 2531 452 2564 CLXXIII.
476 2529 598 2562 Erectio
621 2528 742 2571 collegii
773 2527 995 2562 Armeniorum
1011 2527 1044 2560 in
1161 2525 1323 2568 sitatisque
1354 2525 1452 2559 Studii
1487 2525 1642 2568 generalis
1671 2525 1806 2558 diversa-

396 2582 488 2621 Urbe,
517 2581 592 2614 493.
1160 2590 1231 2612 rum
1263 2578 1465 2612 scientiarum
1507 2579 1727 2620 bonarumque
1752 2586 1802 2608 ar-

310 2633 440 2669 CLxxn'
482 2633 568 2671 Quod
591 2632 727 2674 religiosi
755 2633 918 2667 Societatis
956 2634 994 2666 cli
1004 2633 1045 2666 ri·
1161 2632 1239 2665 tium
1264 2630 1296 2662 in
1312 2631 1428 2674 oppido
1446 2631 1549 2663 Pontis
1564 2629 1723 2670 Monsonii‚
1747 2627 1804 2660 Me-
