2059 3228
42 0 99 60 Ψ,

34 196 39 201 ’
66 189 94 218 C.
112 187 192 218 1576*

73 247 75 250 ⁴
234 237 249 282 ἓ
273 237 304 271 2.
331 237 395 271 Nos
410 236 520 281 igitur,
539 236 627 281 pium
644 241 676 270 ct
690 236 852 282 laudabile
866 248 940 281 pro-

44 301 176 326 naum-ne»
188 290 328 336 positum
353 291 540 325 huiusmodi
558 291 737 335 plurimum
759 291 790 324 in
802 291 937 324 Domino

36 332 174 388 ffiffi'i'ffim
187 345 460 386 commendantes,
481 356 518 379 ac
543 346 644 389 ipsius
664 345 936 379 confraternitatis

186 397 402 431 stabilimento
423 399 578 433 ctdccori
605 410 642 433 ac
666 399 870 444 ampliationi
898 411 936 434 ac

185 461 340 496 prospero
361 453 523 486 successui
545 459 680 497 paterno
713 453 830 487 affectu
860 465 936 487 con—

185 504 291 538 sulere
310 506 463 547 volentcs;
487 506 637 551 ipsosque
656 508 934 542 confratresctco-

184 567 257 591 rum
277 557 422 602 singulos
441 570 457 593 a
483 560 648 603 quibusvis
675 562 934 596 excommunica-

183 609 291 652 tionis,
328 612 557 656 suspensionis‚
595 614 755 647 interdicti
797 615 934 659 aliisque

183 663 407 698 ecclesiasticis
424 666 601 707 sententiis,
613 668 757 701 censuris
769 674 798 701 et
811 670 931 712 poenis,

181 727 199 750 a
229 717 299 750 iure
325 719 373 751 vel
393 719 432 752 ab
460 719 603 760 homine,
632 721 744 764 quavis
763 722 932 757 occasione

180 770 228 803 vel
249 781 357 814 causa,
384 772 468 813 latis,
501 773 524 806 si
554 773 671 816 quibus
690 776 933 817 quomodolibet

179 823 325 858 innodati
337 825 487 866 existant,
500 826 539 859 ad
551 826 699 860 effectum
709 830 929 871 praesentium

179 877 344 911 dumtaxat
374 881 657 923 consequendum,
693 881 808 915 harum
849 884 931 918 serie

178 929 380 966 absolventes
408 938 439 966 et
461 933 626 967 absolutos
650 935 718 968 fore
748 942 927 980 censentes,

176 982 364 1019 huiusmodi
391 986 682 1030 supplicationibus
712 988 868 1031 inclinati,
892 1003 928 1025 ex

176 1042 264 1070 certa
283 1043 392 1072 nostra
417 1039 562 1081 scientia,
595 1052 631 1074 ac
660 1043 699 1075 de
733 1044 928 1087 apostolicae

176 1091 342 1134 potestatis
360 1087 594 1137 plenitudine,
631 1096 927 1131 confraternitatem

175 1144 385 1188 praedictam,
411 1158 509 1191 quam
542 1148 681 1192 pridem,
704 1150 755 1183 die
779 1151 928 1185 videlicet

175 1196 328 1241 vigesima
358 1206 472 1243 quarta
497 1202 617 1235 mensis
637 1204 830 1246 septembris
850 1206 926 1238 anni

172 1251 349 1295 praeteriti,
367 1254 427 1287 sub
447 1254 650 1289 invocatione
662 1256 693 1289 S.
708 1257 837 1291 loannis
846 1269 925 1302 apo-

173 1304 247 1338 stoli
274 1311 305 1339 et
333 1307 557 1351 evangelistae,
592 1310 632 1342 ad
660 1310 715 1343 Dei
741 1311 869 1344 laudem
896 1317 927 1345 et

174 1357 276 1392 eiusd.
294 1358 403 1393 Sancti
420 1360 589 1403 honorem,
612 1363 700 1397 vivae
710 1364 796 1398 vocis
808 1371 926 1398 nostrae

173 1413 306 1447 oraculo
331 1414 627 1457 denominavimus,
656 1418 715 1450 sub
736 1419 848 1452 eadem
879 1420 926 1452 in-

172 1465 340 1500 vocatione
350 1467 388 1501 de
401 1478 483 1502 novo
496 1469 746 1504 denominamus
764 1477 795 1505 et
810 1483 925 1516 perpe-

174 1523 228 1552 tuo
239 1518 439 1554 denominari
449 1523 610 1559 volumus:
624 1534 660 1556 ac
677 1525 873 1558 erectionem
895 1532 925 1559 et

173 1571 409 1608 institutionem
439 1576 710 1610 confraternitatis
736 1578 767 1611 in
789 1580 923 1612 ecclesia

173 1624 282 1659 Sancti
311 1627 439 1661 Ioannis
472 1629 630 1673 Calybitae
656 1631 855 1673 huiusmodi,
890 1638 925 1666 ut

172 1679 365 1723 praefertur,
388 1681 498 1723 factas,
521 1684 712 1717 auctoritate
732 1686 921 1728 apostolica,

173 1737 285 1767 tenore
309 1735 540 1778 praesentium,
557 1738 778 1780 approbamus
798 1743 828 1771 et
848 1749 924 1771 con-

173 1785 352 1829 firmamus⁷
373 1787 499 1831 illisque
516 1790 659 1832 plenarie
680 1796 710 1823 et
730 1791 923 1826 inviolabilis

173 1839 334 1874 firmitatis
364 1842 465 1874 robur
491 1843 673 1884 adiicimus,
696 1855 873 1888 omnesque
894 1852 923 1879 et

173 1893 317 1938 singulos
336 1900 400 1928 tarn
422 1896 501 1928 iuris
516 1908 611 1940 quam
634 1897 706 1930 facti
731 1899 884 1937 defectus,
898 1900 922 1932 si

801 186 977 210 Gnnoontus
997 187 1049 210 Xlll
1071 186 1118 210 ΡΡ,

1620 183 1683 218 5535

981 237 1068 270 licita
1083 243 1113 270 et
1133 238 1278 279 honesta,
1299 246 1328 274 ct
1357 252 1373 275 a
1399 242 1516 276 dilecto
1544 242 1610 278 silio
1631 257 1725 290 prac-

980 290 1083 323 dictae
1099 290 1316 327 Urbisvicario
1324 296 1544 338 approbanda,
1558 299 1725 341 condendi,

980 349 1009 376 ct
1030 348 1092 376 tam
1114 344 1168 377 illa
1189 356 1284 389 quani
1303 349 1397 381 ctiam
1418 350 1491 391 alia,
1516 356 1577 385 tam
1598 364 1655 397 per
1671 360 1724 388 cos

979 396 1143 438 hactenus,
1164 405 1200 431 ut
1224 402 1415 444 praefertur,
1429 404 1519 446 facta,
1532 417 1590 449 pro
1606 413 1726 452 tempo-

978 461 1063 490 rum,
1085 461 1296 494 personarum
1324 461 1354 488 et
1384 457 1529 492 locorum
1558 462 1724 503 qualitati-

977 503 1047 545 bus,
1059 506 1214 547 mutandi,
1230 508 1603 555 alterandi,corrigendi,
1618 525 1724 548 emen·

977 557 1086 599 dandi,
1109 558 1340 603 interpretandi
1364 567 1394 594 ct
1423 563 1452 595 in
1485 566 1600 598 molius
1626 568 1724 600 refor-

976 612 1097 653 mandi‚
1135 613 1262 657 illisque
1295 615 1443 657 addendi,
1478 619 1653 659 minuendi,
1686 633 1722 655 ac

975 665 1071 698 etiam
1091 666 1153 699 alia
1173 667 1303 700 illorum
1325 669 1395 702 loco
1416 671 1454 703 dc
1477 683 1557 705 novo
1585 674 1720 708 faciendi

974 718 1068 751 toties
1105 720 1231 762 quoties
1256 731 1292 754 ac
1312 728 1407 765 prout
1436 729 1466 756 ct
1497 728 1720 769 quandocum-

974 782 1036 814 que
1058 772 1103 805 eis
1122 773 1303 816 videbitur;
1339 786 1464 810 necnon
1486 779 1516 811 in
1538 780 1616 813 festo
1636 783 1720 815 eius-

974 826 1046 858 dem
1067 826 1175 860 Sancti
1196 828 1324 862 loannis
1336 836 1408 863 ante
1422 832 1549 866 Portam
1562 835 1716 878 Latinam,

974 879 1024 912 die
1049 885 1136 914 sexta
1166 882 1284 915 mensis
1317 884 1392 916 maii
1425 886 1580 920 celebrari
1610 890 1715 929 solito,

973 943 1073 966 unum
1094 934 1126 967 in
1149 935 1231 968 Urbe
1249 943 1449 971 carceratum
1463 940 1565 973 dictae
1582 943 1719 977 nationis

972 987 1194 1030 Bononiensis,
1221 989 1246 1021 si
1271 1000 1330 1033 pro
1357 997 1501 1036 tempore
1528 996 1716 1038 reperiatur,

971 1051 1065 1083 quem
1085 1042 1271 1083 maluerint,
1294 1055 1331 1077 ex
1351 1056 1560 1091 quocumque
1586 1050 1719 1084 crimine

971 1093 1170 1135 damnatum,
1198 1097 1278 1130 citra
1307 1104 1414 1132 tamen
1439 1101 1591 1143 haeresis,
1623 1103 1718 1137 falsae

972 1153 1129 1188 monetae,
1153 1149 1385 1185 falsificationis
1407 1153 1584 1188 litterarum
1606 1162 1719 1202 etsup-

969 1200 1181 1242 plicationum
1202 1214 1239 1235 ac
1260 1206 1524 1240 commissionum
1540 1215 1571 1242 et
1581 1210 1718 1244 aliarum

968 1253 1144 1295 gratiarum
1160 1257 1423 1300 apostolicarum,
1447 1271 1505 1295 nec
1525 1273 1590 1296 non
1614 1264 1718 1298 laesae

968 1307 1143 1342 maiestatis
1167 1315 1197 1342 et
1217 1312 1423 1346 assassiniiac
1434 1315 1594 1359 propinati
1604 1319 1716 1351 veneni

968 1371 1004 1392 ac
1029 1362 1124 1395 ctiam
1155 1363 1294 1398 incendii
1323 1368 1533 1402 ecclesiarum
1563 1376 1618 1404 aut.
1638 1372 1716 1405 alio-

968 1425 1039 1447 rum
1076 1416 1221 1450 locorum
1255 1420 1383 1462 piorum
1418 1422 1564 1463 crimina,
1594 1425 1715 1459 etiamsi

968 1469 1082 1501 ultimo
1103 1471 1263 1514 supplicio
1284 1474 1474 1516 plectendus
1497 1478 1629 1519 veniret,
1661 1480 1715 1523 qui

969 1527 1073 1555 tamen
1104 1524 1144 1556 ab
1170 1525 1362 1560 haeredibus
1383 1529 1495 1562 offensi
1528 1542 1638 1575 pacem
1661 1544 1714 1566 scu

966 1575 1090 1609 veniam
1114 1577 1275 1620 habuerit,
1310 1581 1347 1613 ad
1373 1583 1561 1617 eorumdem
1592 1587 1716 1620 confra-

967 1634 1050 1662 trum
1072 1631 1276 1674 electionem,
1299 1635 1471 1676 quotannis
1491 1648 1508 1669 a
1529 1639 1714 1672 carceribus

966 1682 1137 1725 educendi,
1161 1690 1190 1717 et
1211 1686 1361 1720 eductum
1384 1689 1553 1732 liberandi,
1572 1694 1712 1726 auctori-

966 1741 1029 1769 tate
1053 1743 1084 1769 et
1103 1743 1213 1771 tenore
1234 1741 1416 1784 praedictis,
1439 1744 1565 1786 plenam
1584 1752 1614 1778 et
1634 1747 1714 1781 libe·

966 1800 1033 1822 ram
1054 1790 1217 1825 licentiam
1239 1799 1268 1826 et
1290 1794 1472 1828 facultatem
1504 1799 1712 1832 concedimus

966 1849 996 1875 et
1021 1844 1236 1888 impartimur.
1268 1848 1449 1881 Mandantes
1477 1861 1562 1885 nunc
1596 1858 1625 1885 et
1654 1865 1711 1897 pro

965 1903 1110 1941 tempore
1130 1900 1338 1934 existentibus
1357 1902 1460 1936 dictae
1481 1904 1573 1937 Urbis
1593 1906 1710 1947 guber-

1743 193 1794 222 Αη.
1812 192 1841 222 C;
1860 193 1928 222 1576

174 1947 230 1991 qui
251 1947 480 1982 intervenerint
501 1950 530 1982 ln
557 1951 690 1991 eisdem,
713 1953 920 1995 supplcmus;
965 1951 1069 1983 ΠέὶῐῡΓί
1090 1957 1121 1984 et
1140 1954 1278 1986 senatori
1308 1965 1344 1987 ac
1365 1966 1534 1989 causarum
1560 1957 1710 1993 Gamerae

173 2011 300 2034 necnon
320 2003 488 2036 ecclesiam
507 2005 607 2047 ipsam
630 2004 923 2039 confraternitatiet
965 2005 1166 2047 Apostolicae
1192 2008 1333 2049 generali
1368 2010 1507 2042 auditori
1537 2016 1568 2043 et
1598 2022 1709 2045 eorum

174 2054 389 2089 confratribus
408 2057 581 2100 praedit-tis
601 2064 759 2101 perpetuo
772 2059 921 2092 concedi·
945 2064 947 2071 ¹
965 2057 1230 2099 locatenentihus,
1253 2071 1311 2093 nec
1340 2072 1402 2094 non
1434 2065 1711 2099 conservatoribus

174 2117 245 2140 mus
265 2114 296 2141 et
311 2109 521 2153 assignamus.

217 2162 232 2205 g
255 2161 286 2195 3.
314 2162 352 2195 Et
371 2163 581 2196 nihilominus
602 2164 817 2198 confratribus
844 2176 921 2198 con-

50 2216 160 2257 manga
174 2215 381 2248 fraternitatis
401 2216 598 2257 huiusmodi,
621 2228 707 2250 nunc
728 2223 758 2250 et
773 2224 921 2260 protem-

46 2253 148 2304 ’,ΨΜ
174 2278 252 2312 pore
272 2269 653 2314 existentibus,[lcinceps
665 2271 922 2314 etquandocum-

173 2332 249 2365 quc,
283 2334 321 2357 ac
346 2328 444 2367 prout
468 2323 514 2356 eis
538 2323 706 2363 videbitur,
737 2335 795 2368 pro
823 2325 922 2358 felicis

173 2371 444 2405 confraternitatis
481 2372 666 2404 huiusmodi
707 2373 863 2415 regimine
893 2380 922 2407 et

174 2421 332 2463 gubernio
352 2431 388 2454 ac
396 2426 478 2454 statu
489 2426 518 2454 et
527 2421 815 2460 administratione,
827 2433 922 2464 quae-

175 2479 314 2514 cumque
337 2470 399 2503 alia
432 2474 548 2502 statuta
577 2476 608 2503 et
629 2470 848 2504 ordinationes
877 2471 921 2504 eis

174 2517 332 2560 henevisa,
352 2519 452 2552 sacris
468 2524 574 2552 tamen
595 2519 772 2552 canonibus
792 2525 822 2552 et
847 2529 923 2552 con-

174 2566 249 2600 cilio
267 2567 455 2602 Tridentino
490 2578 555 2602 non
586 2567 759 2607 contraria,
783 2578 818 2600 ac
843 2567 921 2601 alias

965 2111 1145 2154 ceterisque
1165 2113 1305 2146 iustitiae
1326 2115 1490 2155 ministris,
1506 2117 1710 2152 administra-

946 2160 948 2162 ’
965 2164 1087 2196 toribus
1107 2171 1136 2197 ct
1153 2166 1355 2207 officialibus,
1368 2169 1450 2201 utad
1463 2179 1591 2203 omnem
1605 2171 1711 2215 requi-

965 2216 1112 2249 sitionem
1145 2223 1174 2250 et
1198 2219 1376 2262 simplicem
1398 2222 1584 2264 petitionem
1610 2230 1641 2257 et
1659 2225 1709 2258 in-

965 2271 1111 2303 stantiam
1133 2273 1329 2305 consratrum
1350 2274 1587 2317 praedictorum
1607 2288 1709 2311 unum

965 2330 1178 2364 carceratum,
1206 2336 1263 2368 per
1282 2336 1348 2366 eos,
1381 2332 1413 2360 ut
1434 2330 1625 2373 praefertur,
1652 2331 1709 2365 eli-

941 2372 1116 2453 (gendum,
1153 2373 1256 2406 cidem
1289 2376 1541 2412 confraternitati
1572 2380 1606 2412 in
1625 2380 1710 2414 dicto

965 2420 1043 2453 t'csto
1064 2422 1218 2460 relaxent,
1242 2433 1278 2455 ac
1298 2424 1428 2458 realiter
1446 2432 1478 2459 ct
1497 2437 1572 2460 curn
1592 2429 1710 2464 effectu

942 2471 1097 2509 ,'i·elaxari
1121 2471 1247 2505 saciant.

943 2517 946 2524 t

1007 2519 1021 2562 g
1046 2519 1077 2551 4.
1106 2519 1257 2561 Ulterius,
1280 2522 1534 2559 confraternitati
1558 2526 1709 2572 illiusque

958 2567 1191 2615 confratribus,
1212 2579 1299 2605 nunc
1319 2577 1348 2605 et
1376 2583 1435 2618 pro
1468 2580 1612 2622 tempore
1645 2579 1710 2612 exi-
