2059 3228
98 210 150 239 An.
168 209 196 238 C.
213 210 280 239 1576

887 197 1065 224 RwLLARtUM

339 200 401 235 540

294 264 400 304 hebal,
422 263 636 297 ecclesiastica
663 265 862 296 sacramenta
891 254 1042 290 omnibus

296 318 327 350 in
347 327 384 350 eo
405 317 612 351 existentibus
633 317 882 354 ministrantem,
897 313 940 346 ita
955 311 1042 356 quod

294 370 488 414 parochialis
503 380 559 403 seu
580 370 716 403 aliarum
726 367 936 403 ecclesiarum
949 376 1044 410 prac-

295 424 453 457 dictarum
473 428 617 457 rectores
635 424 684 456 vel
703 421 886 456 beneficiati
905 419 985 453 nihil
1011 418 1042 451 in

295 477 380 510 dicto
405 477 557 521 hospitali
591 487 684 520 agere
718 480 916 515 tenerentur,
948 472 1042 506 etiam

295 535 385 563 motu
410 529 519 570 simili,
542 535 699 574 perpetuo
719 529 848 574 penitus
876 527 991 563 exemit
1013 532 1043 559 et

294 583 435 617 totaliter
471 583 639 624 liberavit,
658 582 674 600 ”³
689 595 725 617 ac
760 582 837 616 dicti
875 580 1044 625 hospitalis

294 637 571 671 administratores
598 638 637 670 ad
661 637 803 680 aliquam
827 636 1044 677 eleemosyna-

294 701 367 723 rum
387 696 418 723 et
438 690 623 724 relictorum
643 691 847 733 aliorumque
862 687 1043 733 praedicto-

294 754 367 776 rum
387 744 582 778 solutionem
602 744 719 788 cuique
741 742 920 776 faciendam
946 740 1044 773 mini-

296 807 346 829 me
368 797 471 830 teneri
490 808 549 831 nec
570 797 641 841 cogi
661 807 765 841 posse,
788 795 843 829 sed
866 795 1044 837 eleemosy-

1087 193 1237 221 ROMANUM

1084 255 1119 282 ut
1150 246 1380 292 praemittitur,
1401 246 1502 281 instar
1534 247 1639 290 primo
1668 244 1746 279 dicti
1769 244 1830 279 ho-

1084 301 1204 346 spitalis
1231 300 1385 334 institutis
1413 305 1444 333 et
1471 299 1505 332 in
1532 300 1678 333 futurum
1694 299 1832 333 ubilibet

1084 354 1302 395 instituendis,
1325 354 1433 387 omnia
1453 358 1484 387 et
1502 353 1627 397 singula
1651 353 1828 398 privilegia,

1084 410 1263 450 facultates,
1285 408 1422 449 indulta,
1444 407 1674 452 exemptiones,
1699 407 1831 440 liberta-

1084 468 1142 503 teS,
1169 463 1400 502 immunitates,
1427 460 1644 504 indulgentias
1667 465 1698 493 et
1715 470 1832 504 pecca-

1085 522 1191 549 torum
1223 516 1440 555 remissiones,
1471 514 1683 548 relaxationes
1702 519 1734 547 et
1755 513 1834 546 alias

1085 579 1308 613 quascumque
1318 569 1447 612 gratias,
1463 574 1527 601 tam
1539 567 1723 611 spirituales
1737 576 1833 611 quam

1084 623 1291 667 temporales,
1324 622 1431 666 primo
1464 622 1549 655 dicto
1592 620 1757 666 hospitali,
1798 626 1835 654 ut

1086 676 1315 721 praemittitur,
1333 686 1496 716 concessa,
1521 674 1775 714 communicare,
1797 684 1834 707 ac

1085 730 1164 764 alias
1183 730 1217 762 in
1245 729 1431 773 praemissis
1455 734 1638 773 opportune
1666 727 1835 772 providere

1086 783 1124 816 de
1144 783 1341 827 benignitate
1361 782 1537 827 apostolica
1557 783 1775 826 dignaremur.

1843 183 1896 212 An.
1911 179 1967 222 cj-

1130 836 1145 880 ξ
1164 836 1218 869 10.
1240 836 1302 869 Νο5
1320 836 1431 879 igitur,
1453 836 1509 880 qui
1529 835 1656 879 pietatis
1679 840 1710 868 et
1728 834 1835 868 chari·
1861 846 1965 869 extensi-r

1085 889 1158 922 tatis
1174 900 1273 934 opera
1287 889 1382 923 latius
1391 889 1513 933 ubique
1526 888 1835 934 propagarisincero
1849 879 1952 937 ῗζξξξξξζ
1970 900 1981 905 ··
2002 888 2005 919 ,¹
2032 875 2034 880 ’

1087 942 1307 976 desideramus
1321 943 1452 982 affectu,
1467 943 1670 987 praedictum
1679 953 1833 977 maiorem
1848 942 1896 994 Ἓξ
1897 940 1954 994 40¹2
2006 949 2011 984 ’λ

1087 997 1282 1030 confratrem
1307 1008 1324 1030 a
1349 997 1513 1040 quibusvis
1529 997 1835 1031 excommunicatio·
1848 1007 1889 1028 nis

295 860 352 884 nas
373 856 403 884 et
422 851 535 884 relicta
554 851 681 895 aliaque
714 849 890 894 praemissa
910 848 943 880 in
967 847 1044 880 sub-

295 904 521 938 stentationem
541 910 572 938 et
600 903 842 938 subventionem
862 910 1045 946 pauperum

296 958 371 991 dicti
391 958 560 1002 hospitalis
580 957 723 992 converti
749 956 867 990 debere
892 954 1043 993 decrevit,

294 1011 484 1045 inhibitione
505 1011 682 1045 etirritanti
693 1021 731 1044 ac
743 1010 838 1044 etiam
852 1008 922 1042 aliis
933 1008 1046 1041 decre-

134 1233 167 1254 C
177 1240 200 1254 a
209 1237 282 1284 11115-
294 1238 400 1271 nupei
418 1237 477 1270 p1o
498 1232 588 1271 palte
607 1226 715 1259 dilecti
735 1224 793 1257 filii
814 1223 944 1256 maioris
969 1233 1046 1255 con-

98 1269 165 1286 851111*
182 1272 206 1284 cu

100 1300 163 1317 uvuis
178 1272 282 1317 edendae.

293 1065 334 1099 tis
353 1065 495 1110 desuper
514 1066 679 1110 appositis,
702 1064 840 1109 proutin
856 1062 949 1096 dictis
961 1062 1047 1095 litte-

294 1118 338 1152 115
358 1119 485 1163 plenius
505 1119 700 1152 continetur.

338 1174 353 1217 ξ
373 1173 405 1207 9.
435 1173 513 1206 Cum
534 1178 652 1212 autem,
679 1172 762 1205 sicut
785 1169 925 1204 exhibita
943 1169 1039 1202 nobis

295 1281 401 1314 fratris
421 1280 498 1313 dicti
515 1279 683 1323 hospitalis
713 1277 826 1322 petitio
847 1276 1045 1316 continebat,

296 1335 335 1368 ad
355 1333 431 1367 dicti
451 1333 619 1377 hospitalis
638 1332 751 1372 instar,
770 1341 873 1364 unum
893 1331 924 1363 in
933 1329 1048 1373 Hispa-

296 1387 389 1428 lensi,
409 1393 440 1420 et
460 1387 548 1420 aliud
575 1387 608 1419 in
632 1384 832 1420 Cordubensi
849 1383 1046 1423 civitatibus,

297 1441 452 1484 aliudque
472 1440 504 1473 in
525 1440 563 1473 de
574 1439 755 1479 Madrid,ac
775 1438 863 1471 aliud
883 1437 915 1470 in
936 1437 974 1469 de
986 1437 1049 1469 Lu-

298 1504 377 1527 cena
385 1493 691 1538 oppidis,Toletanae
702 1497 732 1524 et
740 1490 956 1525 Cordubensis
968 1489 1049 1522 dioe-

299 1558 429 1588 cesum,
460 1557 496 1580 ac
520 1547 615 1591 plura
642 1545 705 1579 alia
733 1545 765 1577 in
786 1543 918 1577 diversis
946 1542 1050 1576 India-

299 1611 372 1634 rum
392 1600 490 1634 maris
510 1599 626 1633 Oceani
648 1596 820 1642 provinciis
849 1596 967 1629 similia
990 1596 1050 1629 ho-

293 1646 426 1698 spitalia
443 1654 611 1693 hactenus,
631 1652 695 1685 Deo
715 1650 902 1689 auxiliante,
917 1660 934 1682 a
946 1649 1052 1683 diver-

299 1708 342 1740 sis
362 1706 624 1740 christifidelibus
643 1705 682 1738 de
694 1704 788 1737 bonis
804 1714 822 1736 a
836 1703 901 1736 Deo
913 1702 1048 1744 collatis,

300 1772 358 1806 pro
378 1760 538 1794 similibus
569 1757 832 1791 christifidelibus
865 1756 1002 1789 infirmis
1022 1760 1053 1789 et

300 1814 500 1859 pauperibus
517 1811 722 1856 recipiendis,
745 1810 869 1844 alendis
885 1815 915 1843 et
934 1820 1051 1843 curan-

302 1869 361 1908 dis,
384 1867 423 1900 ab
439 1867 560 1901 eisdem
580 1864 805 1904 confratribus,
825 1863 894 1907 qui,
907 1874 944 1896 ex
961 1862 1053 1897 Sedis

302 1921 503 1966 Apostolicae
524 1919 715 1953 auctoritate
731 1944 738 1959 ‚
761 1917 820 1951 sub
835 1917 958 1960 Regula
973 1917 1052 1950 San-

304 1976 345 2008 cti
365 1974 548 2019 Augustini,
570 1973 721 2007 Ordinem
738 1971 882 2004 eiusdem
898 1970 930 2004 S.
943 1970 1052 2013 Augu-

304 2029 376 2063 sssini
399 2038 547 2072 expresse
567 2025 749 2070 profitendo
765 2024 912 2059 emittere
937 2024 1051 2064 solent,

306 2082 443 2114 militare
468 2085 658 2120 noscuntur,
687 2089 751 2112 non
776 2078 844 2111 sine
869 2076 1008 2110 maximo
1025 2081 1056 2109 et

307 2134 460 2169 continuo
480 2132 643 2166 charitatis
669 2131 832 2172 exercitio,
865 2129 1056 2164 christifide-

307 2189 386 2221 lium
415 2197 597 2232 pauperum
626 2184 850 2228 languentium
882 2182 1001 2217 auxilio
1026 2187 1057 2215 et

308 2241 487 2284 refrigerio,
510 2240 578 2283 regi
599 2244 629 2272 ct
647 2237 822 2282 gubernari
838 2236 942 2277 solita,
958 2246 1055 2269 cano-

309 2295 380 2328 nice
402 2293 545 2327 instituta
565 2292 695 2332 suerint,
727 2302 764 2325 ac
790 2291 886 2324 etiam
912 2289 946 2322 in
975 2289 1054 2328 dies,

310 2347 374 2380 Deo
401 2346 602 2390 permittente
623 2351 653 2378 et
673 2343 932 2377 christifidelium
953 2341 1058 2375 chari-

312 2401 373 2427 tau·
395 2400 570 2433 crescente,
592 2394 624 2426 in
645 2394 790 2426 futurum
812 2392 844 2425 in
857 2391 991 2425 diversis
1004 2401 1057 2424 or-

311 2443 361 2476 bis
374 2443 537 2476 christiani
559 2443 744 2486 regionibus
755 2441 916 2475 aedificari
929 2450 1058 2484 speren-

314 2498 385 2528 turz
413 2502 470 2536 pro
491 2497 580 2536 parte
601 2491 743 2525 eiusdem
776 2491 907 2524 maioris
935 2490 1059 2523 confra-

315 2541 370 2573 tris
390 2540 481 2573 nobis
501 2540 557 2572 fuit
578 2540 745 2573 humiliter
756 2540 1059 2584 supplicatumqua

315 2595 407 2623 tenus
436 2589 607 2636 praedictis
640 2588 863 2632 hospitalibus,
888 2588 1056 2627 hactenus,
1078 2605 1083 2631 !

1086 1050 1148 1090 nis,
1170 1050 1391 1094 suspensionis
1410 1056 1442 1084 et
1460 1050 1620 1085 interdicti
1638 1051 1771 1096 aliisque
1784 1062 1836 1085 ec-

1088 1102 1275 1136 clesiasticis
1294 1104 1470 1145 sententiis,
1489 1105 1635 1138 censuris
1651 1110 1681 1138 et
1700 1105 1832 1148 poenis,

1088 1167 1106 1190 a
1124 1156 1196 1189 iure
1211 1157 1261 1190 vel
1280 1156 1320 1190 ab
1354 1157 1497 1199 homine,
1523 1158 1635 1202 quavis
1667 1158 1836 1192 occasione

1087 1210 1138 1243 vel
1157 1220 1270 1250 causa,
1292 1210 1376 1251 latis,
1398 1210 1423 1243 si
1451 1211 1572 1254 quibus
1591 1211 1837 1255 quomodolibet

1089 1263 1262 1297 innodatus
1277 1263 1390 1304 existit,
1407 1264 1445 1297 ad
1456 1265 1605 1298 effectum
1618 1265 1835 1308 praesentium

1089 1317 1256 1350 dumtaxat
1274 1318 1540 1361 consequendum
1559 1319 1675 1352 harum
1687 1318 1768 1351 serie
1783 1318 1837 1351 ab·

1089 1371 1249 1404 solventes
1282 1375 1313 1405 et
1344 1371 1527 1405 absolutum
1556 1372 1625 1406 fore
1656 1378 1834 1413 censentes,

1090 1424 1280 1458 huiusmodi
1309 1426 1599 1469 supplicationibus
1624 1426 1780 1466 inclinati,
1801 1436 1837 1459 o-

1090 1477 1220 1511 mnihus
1237 1483 1268 1511 et
1278 1478 1414 1522 singulis
1427 1479 1641 1524 hospitalibus
1655 1480 1837 1525 praedictis,

1090 1537 1157 1565 tam
1187 1532 1221 1565 in
1240 1533 1469 1577 Hispaniarum
1488 1534 1596 1577 regnis
1615 1545 1712 1578 quam
1731 1534 1765 1566 in
1788 1525 1839 1567 In—

1091 1585 1152 1618 diis
1170 1586 1269 1619 maris
1285 1586 1403 1621 Oceani
1418 1587 1603 1622 huiusmodi
1613 1593 1644 1621 et
1654 1587 1839 1621 totiuschri-

1092 1639 1186 1673 stiani
1197 1640 1283 1674 orbis
1303 1640 1497 1682 civitatibus,
1519 1642 1648 1686 oppidis
1667 1647 1698 1675 et
1716 1640 1838 1675 locisin

1092 1700 1272 1739 posterum,
1298 1695 1336 1728 ad
1363 1694 1463 1729 instar
1481 1695 1586 1739 primo
1605 1695 1681 1729 dicti
1700 1695 1840 1737 hospita-

1092 1748 1144 1788 lis,
1158 1747 1313 1781 canonice
1325 1748 1541 1789 instituendis,
1555 1748 1663 1782 omnia
1675 1748 1842 1791 etsingula

1092 1801 1273 1859 privilegia,
1294 1801 1473 1843 facultates,
1500 1801 1624 1835 indulta
1656 1807 1685 1835 et
1713 1801 1840 1844 gratias.

1093 1861 1159 1888 tam
1179 1855 1364 1900 spirituales
1390 1865 1489 1900 quam
1508 1855 1714 1898 temporales,
1736 1854 1841 1898 primo

1095 1909 1180 1942 dicto
1199 1908 1364 1953 hospitali,
1377 1909 1550 1953 utpraefei
1554 1915 1616 1949 [111
1631 1919 1795 1948 concessa,
1799 1907 1842 1941 ita

1095 1962 1183 2005 quod
1202 1961 1265 1995 illis
1284 1962 1435 1996 omnibus
1459 1967 1490 1995 et
1512 1962 1646 2005 singulis
1673 1960 1843 2005 hospitalia

1094 2016 1282 2049 huiusmodi
1300 2017 1497 2060 illorumque
1516 2016 1653 2049 maiores
1667 2015 1757 2049 etalii
1769 2025 1844 2048 con·
1871 2044 1874 2045 γ

1095 2069 1209 2103 fratres
1228 2080 1265 2103 ac
1293 2069 1413 2103 infirmi
1443 2075 1475 2102 et
1497 2069 1578 2102 aliae
1608 2079 1762 2113 personae
1783 2067 1844 2101 illis

1096 2123 1316 2165 inservientes,
1333 2133 1435 2166 eaque
1446 2128 1595 2156 eteorum
1615 2121 1765 2156 ecclesias
1774 2120 1846 2154 visi-

1097 2183 1209 2218 tantes,
1229 2188 1266 2210 ac
1289 2176 1322 2210 in
1342 2177 1388 2210 eis
1404 2176 1443 2209 ab
1462 2175 1613 2209 humanis
1642 2175 1842 2213 decedentes,

1098 2242 1277 2276 eorumque
1290 2231 1472 2274 sepulturas
1480 2229 1600 2263 ibidem
1610 2228 1773 2271 eligentes,
1784 2227 1843 2267 uti,

1098 2285 1172 2326 frui,
1192 2284 1289 2329 potiri
1303 2289 1334 2317 et
1353 2284 1495 2327 gaudere
1515 2283 1615 2316 libere
1635 2293 1672 2315 ac
1686 2281 1773 2314 licite
1791 2291 1844 2314 va-

1098 2340 1185 2372 leant
1202 2338 1236 2371 in
1249 2337 1403 2371 omnibus
1427 2343 1458 2370 et
1477 2347 1535 2381 per
1558 2335 1682 2376 omnia,
1711 2333 1846 2378 perinde

1099 2399 1135 2421 ac
1155 2387 1179 2421 si
1201 2387 1247 2420 eis
1267 2387 1450 2431 specialiter
1468 2391 1499 2418 et
1528 2394 1677 2438 explesse
1696 2392 1847 2416 concessa

1100 2438 1246 2477 fuissent,
1289 2434 1463 2480 apostolica
1498 2433 1700 2473 auctoritate,
1734 2437 1846 2464 tenore

1101 2485 1331 2530 praesentium,
1360 2483 1639 2518 communicamus
1667 2491 1704 2514 ac
1730 2480 1769 2513 ad
1793 2479 1846 2512 illa

1101 2535 1302 2569 extendimus
1316 2539 1347 2568 et
1365 2533 1569 2577 ampliamus.

1145 2585 1160 2629 ἓ
1184 2585 1237 2618 11.
1259 2584 1330 2618 Non
1345 2581 1544 2618 obstantibus
1566 2577 1846 2614 constitutionibus
