2059 3228
405 227 490 261 10:322
985 233 1128 256 arrum!
1155 232 1270 255 noim-t

358 290 523 332 Ilospitalc
537 298 594 330 pro
603 287 765 319 Maronitis
779 285 863 327 apud
885 285 1053 318 ecclesiam
1073 285 1181 318 Sancti
1203 283 1331 317 loannis
1351 284 1382 316 in
1402 284 1485 316 l'rbe
1507 284 1641 327 erigitur
1660 286 1755 330 eique
1776 296 1890 329 aggre-

443 347 560 383 gantur
575 340 702 377 domus,
720 338 866 371 aedificia
887 344 1059 381 ceteraque
1079 338 1117 370 ad
1137 348 1206 370 eam
1229 337 1396 370 ecclesiam
1418 336 1616 380 pertinentia
1628 348 1701 370 cum
1715 339 1890 376 reditibus²

445 391 655 436 proventibus
675 396 732 424 etc.
755 390 819 424 439
839 392 856 423 b
876 397 908 424 et
926 402 1003 434 seq.;
1026 390 1192 423 servitium
1215 390 1247 422 in
1268 389 1403 422 ecclesia
1419 389 1640 429 constituitur,
1654 389 1719 422 440
1738 402 1770 431 a;
1783 401 1889 424 exem-

444 444 513 488 ptio
534 444 704 487 hospitalis
724 454 742 476 a
761 443 957 483 visitatione,
981 448 1011 475 et
1032 454 1050 475 a
1070 452 1278 486 quocumque
1299 452 1409 480 onere,
1431 441 1509 473 ibid.
1532 441 1562 481 b·‚
1577 441 1639 474 hoc
1659 441 1887 476 Maronitarum

443 496 606 539 hospitale
636 496 675 529 ad
702 496 789 529 illius
815 495 958 528 nationis
982 495 1138 528 maiorem
1160 494 1335 527 utilitatem
1356 493 1575 537 supprimitur
1593 493 1658 527 475
1678 494 1695 526 b
1715 498 1748 526 et
1765 493 1828 528 476
1847 506 1886 535 a;

449 549 481 581 V.
505 548 737 581 Maronitarum
768 548 953 591 collegium.
984 548 1016 580 V.
1039 547 1154 580 Beatae
1174 547 1290 579 Mariae
1310 546 1449 589 Virginis
1469 546 1723 579 Teutonicorum
1737 572 1745 587 ,
1765 546 1893 591 Paupe-.

445 612 518 635 rum
539 600 809 641 mendicantium,
831 601 960 633 Ioannis
979 601 1019 633 de
1038 600 1102 632 Deo
1122 599 1332 639 Granatense‚
1355 599 1496 643 Spiritus
1514 599 1576 643 (S.)
1595 604 1628 632 et
1649 599 1890 634 Purificationis

442 654 476 687 B.
500 654 539 686 M.
562 654 596 685 Y.
619 653 847 695 Portugalliae,
868 653 996 686 Ioannis
1017 652 1078 695 (S.)
1096 651 1387 685 Hierosolimitani.

352 707 534 752 Hospitalia
553 717 571 739 a
591 707 708 739 Ioanne
729 707 767 739 de
788 707 851 739 Deo
872 707 1004 739 fundata
1024 711 1194 739 creverunt
1212 705 1335 748 ubique
1355 715 1429 737 cum
1450 704 1650 738 confratibus
1662 705 1727 739 762
1741 717 1773 745 a;
1786 716 1892 739 unum

441 766 549 793 tamen
560 760 761 803 superiorem
774 770 935 803 unamque
946 759 1090 802 regulam
1103 759 1237 792 minime
1248 758 1510 798 liabebant‚ibid.
1521 763 1552 790 et
1566 757 1630 791 763
1647 769 1680 800 a;
1701 768 1738 791 ea
1751 759 1890 802 proinde

438 813 550 846 omnia
564 813 596 845 in
609 823 709 845 unum
725 810 844 855 corpus
855 812 925 845 unit
937 812 1045 844 Sixtus
1054 811 1090 852 V,
1106 817 1203 854 atque
1217 811 1359 854 primum
1379 811 1560 854 capitulum
1571 811 1767 855 inhospitali
1789 811 1821 849 S.
1838 812 1889 845 10-

439 866 533 899 annis
544 864 1010 909 Calybitaehaberipermittit‚
1031 865 1070 897 ad
1091 864 1178 907 quod
1197 864 1292 896 binos
1312 863 1490 896 confratres
1509 873 1546 896 ex
1566 863 1701 907 singulis
1713 864 1888 908 hospitali-

437 920 498 953 bus
512 919 670 963 praecipit
687 918 876 954 transmitti:
892 918 970 951 ibid.
986 929 1006 950 a
1019 924 1050 950 et
1063 929 1140 961 seq.;
1155 918 1284 951 decreta
1297 917 1433 961 capituli
1447 923 1608 961 perpetuo
1621 917 1783 951 observari
1795 918 1887 951 iubet

439 972 504 1006 764
523 973 552 1005 b.
580 972 615 1004 V.
637 971 744 1004 Iacobi
764 972 825 1013 (S.)
845 972 883 1004 de
905 971 1037 1014 Spuma,
1060 970 1225 1003 Calatrava
1244 975 1275 1003 et
1294 971 1478 1011 Aleantara,
1499 971 1632 1004 Antonii
1645 971 1707 1014 (S.)
1725 971 1887 1005 Viennen-

438 1026 493 1065 sis,
514 1025 705 1058 Franciscus
725 1024 862 1057 Medices
881 1024 1064 1056 Hetruriae.

346 1077 524 1122 Hospitalis
543 1077 578 1110 B.
601 1078 639 1110 M.
662 1078 696 1109 Y.
721 1077 886 1119 magistro,
910 1082 940 1109 et
961 1077 1115 1109 fratribus
1135 1075 1343 1109 Theutonicis
1362 1076 1498 1120 antiqua
1518 1076 1755 1110 confirmantur
1779 1077 1882 1121 privi-

435 1131 529 1175 legia,
554 1131 745 1174 praesertim
766 1130 953 1163 conserendi
973 1129 1142 1170 beneficia,
1166 1129 1264 1163 etiam
1284 1129 1449 1163 mensibus
1468 1129 1638 1163 reservatis
1658 1130 1689 1163 S.
1718 1129 1792 1164 Sedi
1820 1130 1885 1164 218

435 1190 455 1217 α
475 1190 506 1217 et
525 1195 587 1227 seq.

346 1235 568 1279 Hungaricum
589 1235 764 1278 collegium
785 1235 818 1268 in
838 1235 1036 1269 monasterio
1055 1235 1163 1268 Sancti
1177 1234 1332 1278 Stephani
1347 1234 1380 1267 in
1395 1233 1500 1267 Monte
1510 1234 1620 1268 Coelio
1636 1235 1675 1268 de
1689 1235 1775 1269 Urbe
1790 1236 1885 1268 insti-.

435 1289 552 1329 tuitur,
575 1288 639 1323 250
659 1300 679 1322 α
698 1295 730 1322 et
749 1289 777 1322 b.
800 1289 945 1322 Ecclesia
963 1288 1071 1322 Sancti
1094 1288 1250 1332 Stephani
1272 1288 1305 1320 in
1325 1287 1434 1320 Coelio
1454 1287 1559 1321 Monte
1577 1289 1716 1332 collegio
1735 1289 1883 1333 applica-

432 1347 497 1382 tur,
525 1341 584 1376 251
617 1353 653 1381 α;
684 1352 788 1386 eaque
813 1342 853 1374 ab
880 1342 1017 1375 ecclesia
1036 1341 1242 1374 Lateranensi
1263 1347 1445 1385 separatur²
1463 1348 1559 1386 atque
1579 1341 1727 1375 aedificia
1745 1347 1778 1375 et
1795 1342 1883 1375 bona

434 1395 540 1428 eidem
565 1395 765 1438 pertinentia
793 1384 1173 1437 collegio‘assignantur‚
1202 1395 1280 1426 ibid.
1303 1395 1332 1434 b3
1358 1395 1519 1439 hospitale
1544 1395 1679 1438 insuper
1709 1406 1782 1428 cum
1813 1395 1882 1428 suis

431 1449 528 1481 honis
548 1448 685 1492 collegio
704 1448 830 1489 unitur,
851 1449 930 1481 ibid.
952 1448 1123 1490 Privilegia
1144 1448 1280 1491 collegio
1300 1449 1435 1493 eiusque
1455 1449 1636 1482 rectoribus
1657 1456 1688 1482 et
1715 1448 1880 1481 familiari-

429 1501 492 1534 bus
513 1501 696 1544 ceterisque
709 1512 872 1541 concessa,
895 1501 959 1535 252
979 1512 1009 1534 ιι.
1034 1501 1121 1534 Inter
1140 1501 1203 1534 alia
1223 1502 1433 1544 promovendi
1453 1503 1601 1535 alumnos
1621 1502 1659 1535 ad
1675 1501 1883 1535 academicos

429 1553 560 1596 gradus,
581 1554 660 1587 ibid.
684 1555 713 1595 b;
737 1554 948 1597 designantur
968 1554 1148 1587 cardinales
1168 1560 1382 1597 protectores,
1401 1554 1466 1589 253
1480 1565 1511 1588 a.

1107 1661 1119 1698 1

340 1765 445 1799 lacobi
458 1765 521 1809 (S.)
533 1766 572 1799 de
591 1765 713 1810 Spatha
727 1766 844 1799 militia
858 1773 889 1800 et
902 1767 1014 1800 Militia
1028 1768 1066 1800 de
1081 1768 1153 1800 Avis
1173 1768 1332 1810 regularis
1351 1768 1503 1800 adversus
1521 1766 1647 1799 Mauros
1667 1766 1813 1810 aliosque
1833 1766 1873 1799 fi-

426 1819 478 1852 dei
500 1819 680 1852 catholicae
699 1819 808 1852 hostes
828 1820 861 1852 in
882 1820 1064 1853 Lusitaniae
1085 1831 1184 1863 regno
1204 1820 1353 1853 instituta
1372 1826 1404 1853 et
1423 1830 1441 1852 a
1465 1819 1618 1852 Romanis
1649 1819 1876 1858 Pontificibus,

428 1872 622 1915 praesertim
641 1872 775 1905 Nicolao
793 1872 829 1912 V,
851 1873 932 1905 Iulio
958 1873 981 1905 Il
1009 1879 1038 1906 et
1060 1873 1159 1906 Paulo
1180 1873 1229 1913 111,
1253 1873 1432 1916 privilegiis
1452 1872 1623 1917 permultis
1643 1878 1675 1905 et
1693 1872 1806 1913 gratiis
1825 1872 1875 1905 di-

428 1930 526 1965 tatae,
549 1924 629 1957 alios
649 1925 772 1958 iudices
785 1952 795 1965 ,
818 1932 948 1969 praeter
968 1937 1022 1959 eos
1035 1953 1043 1965 ‚
1072 1927 1128 1969 qui
1162 1926 1194 1959 in
1214 1926 1333 1959 litteris
1363 1925 1552 1970 apostolicis
1569 1936 1627 1969 per
1647 1925 1740 1958 Pium
1760 1925 1784 1957 V
1803 1925 1875 1958 latis

426 1977 571 2020 deputati
591 1977 730 2017 fuerant,
752 1979 785 2010 in
805 1979 962 2021 dignitate
983 1984 1091 2012 tamen
1111 1979 1306 2012 constitutos
1327 1979 1358 2011 in
1377 1978 1594 2021 Portugalliae
1614 1988 1713 2020 regno
1733 1978 1766 2010 in
1784 1978 1872 2010 futu-

427 2040 499 2062 mm
519 2030 678 2073 deputare
696 2030 798 2064 libere
819 2037 849 2063 et
869 2031 958 2064 licite
978 2037 1125 2074 possunt,
1148 2031 1213 2065 tto
1232 2043 1251 2064 α
1282 2038 1313 2065 et
1342 2032 1376 2069 b;
1409 2031 1520 2064 omnia
1550 2030 1719 2074 privilegia
1747 2030 1874 2063 militiis

425 2082 675 2124 regularibusin
691 2084 797 2126 regnis
818 2083 1048 2127 Hispaniarum
1069 2095 1221 2117 concessa
1240 2085 1279 2117 ad
1298 2084 1427 2117 easdem
1447 2083 1581 2117 militias
1601 2083 1634 2116 in
1654 2083 1761 2126 regnis
1780 2083 1872 2116 Lusi-.

422 2134 531 2167 taniae
551 2136 781 2174 extenduntuig
804 2137 882 2168 ibid.
900 2148 907 2172 2
935 2137 1108 2180 omniaque
1130 2148 1188 2180 pro
1209 2137 1330 2181 potiori
1348 2138 1474 2170 cautela
1492 2137 1621 2170 noviter
1638 2137 1873 2176 conceduntur,

424 2187 490 2219 112
509 2188 547 2227 b;
569 2188 609 2221 de
628 2188 806 2229 calatrava,
829 2196 860 2222 et
880 2189 918 2222 dc
938 2190 1109 2222 Alcantara
1129 2191 1265 2223 fratrum
1286 2195 1317 2223 et
1336 2190 1478 2223 rnilitum
1498 2190 1710 2234 hospitalium
1730 2195 1762 2222 et
1788 2189 1873 2221 mili-

424 2239 545 2273 tiarum
573 2251 591 2273 a
621 2241 679 2274 Pio
698 2241 723 2273 V
741 2248 891 2275 revocata
913 2243 1050 2275 testandi
1071 2243 1110 2276 de
1130 2243 1273 2287 propriis
1291 2243 1387 2276 bonis
1406 2243 1554 2283 facultas,
1576 2242 1872 2286 supplicationibus

419 2291 563 2336 Philippi
584 2293 814 2336 Hispaniarum
834 2294 931 2337 regis,
954 2294 1146 2327 restituitur
1165 2306 1183 2328 a
1202 2295 1357 2338 Gregorio
1376 2295 1454 2335 XIII,
1476 2294 1541 2328 130
1560 2306 1581 2328 α
1601 2300 1633 2327 et
1651 2305 1715 2338 seq.

336 2344 477 2377 Ianuarii
498 2345 560 2388 (S.)
580 2346 727 2389 episcopi
747 2352 779 2379 et
799 2347 948 2390 martyris
968 2353 1000 2380 et
1019 2347 1182 2381 sociorum
1204 2348 1274 2381 eius
1288 2348 1341 2381 die
1355 2359 1406 2380 :nx
1421 2347 1615 2392 septembris
1630 2347 1786 2380 festivitas
1798 2347 1871 2380 sim—

424 2398 501 2441 plici
523 2398 633 2432 officio
653 2405 818 2439 renovata,
841 2399 905 2433 6602
925 2401 954 2433 I).

338 2449 453 2483 lesuati
476 2451 591 2484 fratres
608 2452 869 2495 congregationis
888 2452 996 2486 Sancti
1013 2452 1201 2497 Hieronymi
1221 2453 1412 2496 gratiarum,
1433 2453 1678 2497 exemptionum
1706 2459 1739 2486 et
1762 2453 1868 2486 indut-

425 2503 607 2544 gentiarum
621 2515 639 2537 a
650 2504 800 2548 plurimis
812 2505 947 2538 summis
959 2505 1171 2549 pontificibus
1184 2516 1410 2539 concessarum
1418 2505 1700 2539 confirmationem
1710 2505 1867 2542 obtinent,

426 2554 490 2587 199
510 2556 527 2587 b
547 2562 579 2589 et
597 2567 658 2600 seq.
680 2590 682 2592 ,

335 2604 497 2646 lttegiiimi
521 2608 559 2640 ad
581 2609 726 2641 habitum
748 2611 794 2643 vet
816 2610 1049 2653 professionem
1070 2611 1306 2655 cuiuscumque
1325 2610 1454 2645 Ordinis
1473 2610 1629 2654 regularis
1649 2610 1738 2643 nullo
1769 2607 1865 2640 modo
