2059 3228
99 192 152 219 An.
170 191 198 229 C.
217 192 284 229 1586

128 1853 221 1881 Magistri
237 1860 273 1875 re-

90 1891 136 1906 rum
173 1885 275 1911 spiritua-

89 1916 139 1936 tium

342 183 405 217 450

296 298 369 331 dem
389 301 560 341 praecepta
580 299 716 336 serv‚ent
739 294 802 327 sive
830 292 954 327 nobiles
978 292 1041 326 sive

295 350 478 385 sacerdotes
496 349 576 389 sint;
599 348 745 382 omnium
766 347 863 381 etiam
876 346 1042 390 religioso-

294 415 367 437 rum
387 403 472 437 idem
493 403 533 436 sit
552 403 652 436 victus
672 408 703 436 et
721 401 864 443 vestitus,
886 401 1041 434 honestus

294 464 402 490 tamen
421 462 452 490 et
471 456 619 501 personis
643 455 870 490 ecclesiasticis
894 454 1039 498 superio-

292 520 365 543 rum
387 510 508 544 iudicio
528 510 738 549 conveniens
759 514 789 543 et
808 514 844 541 ut
867 508 967 552 (quod
991 507 1040 540 in-

292 563 467 608 tendimus)
491 564 660 608 spirituale
689 562 872 597 aedificium
902 561 941 594 ad
975 561 1041 593 cul-

293 627 377 657 men,
396 617 462 650 Deo
481 617 590 656 dante,
617 616 826 661 perducatur,
859 619 1042 647 statuantur

291 675 365 703 ante
384 670 495 705 omnia
520 671 729 704 fundamenta
759 668 896 714 pietatis.
930 667 1040 710 Itaque

290 729 571 757 sacramentorum
584 723 659 768 pius
678 728 709 757 et
719 722 865 756 assiduus
875 731 952 754 usus
967 730 1041 752 con-

291 781 446 818 servetur,
469 777 668 821 singulisque
687 776 854 810 mensibus
887 773 1039 808 solemni-

290 829 415 874 busque
439 830 526 865 sestis
550 841 586 864 ac
615 829 786 864 dominicis
819 827 980 861 Adventus
1009 831 1040 859 et

290 882 572 927 Quadragesimae,
586 894 709 924 omneS‚
728 881 910 917 constitutis
920 891 978 925 per
990 891 1040 913 su-

290 936 436 980 periores
467 937 690 971 sacerdotibus
730 936 845 970 delicta
879 934 1036 973 confessi,

290 989 352 1023 nisi
372 990 551 1034 legitimum
573 989 1038 1034 intercedatimpedimentum,

290 1043 548 1085 communicent,
569 1044 713 1089 quotidie
733 1044 862 1077 missam
891 1041 1036 1082 audiant3

268 1140 270 1142 Ι
289 1103 322 1130 et
339 1108 444 1136 mane,
464 1104 638 1142 antequam
665 1097 779 1132 studiis
799 1107 932 1141 operam
960 1096 1038 1129 dare

288 1150 459 1195 incipiant,
481 1151 683 1185 dimidiatam
702 1152 816 1184 horam
836 1150 909 1195 piae
935 1149 1037 1182 medi-

288 1204 401 1238 tationi
420 1205 620 1250 impendan13
651 1210 682 1239 et
705 1204 842 1249 vesperi,
864 1208 1037 1246 antequam

289 1257 433 1291 cubitum
454 1264 538 1300 eant,
561 1264 709 1303 quartam
728 1258 828 1291 horae
848 1262 971 1301 partem
997 1256 1037 1289 li-

287 1310 383 1344 taniis
411 1318 441 1345 et
473 1312 694 1346 discutiendae
728 1311 945 1345 conscientiae
978 1309 1036 1342 tri-

287 1364 405 1405 buant;
427 1371 458 1399 et
477 1366 503 1399 si
522 1366 594 1410 quis
614 1366 756 1400 officium
785 1363 1037 1399 ecclesiasticum

287 1418 423 1453 recitare
455 1419 560 1461 debet,
585 1419 616 1453 id
647 1420 718 1453 aliis
756 1419 845 1452 horis
877 1418 1034 1459 absolvat;

288 1473 470 1506 sacerdotes
487 1473 602 1507 missae
619 1472 814 1507 sacrificium
836 1472 1038 1516 frequentius

288 1525 352 1559 Deo
372 1526 521 1569 offerant,
544 1527 577 1560 in
598 1538 663 1571 quo
683 1527 869 1571 peragendo
889 1537 955 1560 non
975 1527 1036 1559 mi-

287 1589 349 1612 nus
359 1579 525 1613 dimidiata
544 1580 798 1621 horainsistant3
819 1580 890 1624 piae
907 1590 1037 1624 quoque

288 1633 540 1667 consuetudines
574 1634 734 1668 nascentis
765 1634 891 1677 collegii
925 1643 1037 1667 omnes

287 1687 563 1730 praescribantur,
599 1693 629 1721 et
663 1687 800 1732 posteris
819 1687 1036 1720 observandae

288 1745 523 1783 proponantur.

333 1793 348 1836 ξ
369 1793 399 1827 8.
422 1793 555 1827 Praeter
574 1794 764 1827 constitutos
780 1805 839 1838 per
854 1793 1038 1838 superiores

288 1846 416 1890 collegii
437 1848 662 1889 confessarios,
685 1848 748 1881 sint
769 1848 801 1880 in
821 1853 909 1881 tanta
928 1848 1037 1880 inulti-

288 1900 399 1934 tudine
418 1901 638 1945 aliquirerum
654 1901 870 1945 spiritualium
881 1901 1037 1945 magistri,

289 1954 344 1998 qui
363 1953 490 1998 pietatis
514 1955 719 1999 disciplinam
741 1955 884 1999 primum
905 1954 1036 1998 quidem

288 2007 378 2041 novis
393 2007 542 2049 alumnis,
563 2008 678 2041 deinde
698 2009 792 2042 etiam
813 2008 930 2041 adultis
956 2014 1038 2041 cclc—

289 2060 399 2105 risque
434 2062 586 2095 omnibus
618 2061 859 2095 accuratissime
890 2062 1035 2101 tradant;

290 2115 376 2157 quod
404 2114 429 2147 si
450 2116 530 2148 tales
550 2115 693 2158 magistri
715 2126 750 2148 ex
787 2115 854 2158 ipsa
879 2115 1038 2148 Societate

291 2167 386 2210 deligi
416 2178 481 2201 non
511 2169 687 2212 potuerint,
709 2168 822 2212 optimi
852 2168 971 2212 quique
1001 2178 1038 2201 cx

290 2220 368 2263 ipsis
387 2221 528 2254 alumnis
552 2228 772 2262 assumantur,
803 2221 871 2265 qui,
894 2222 934 2254 ab
950 2221 1037 2254 omni

291 2284 369 2306 cura
397 2275 530 2308 omnino
550 2276 655 2315 vacui,
684 2276 746 2308 hoc
772 2281 895 2308 tantum
922 2286 1039 2307 munus

291 2326 424 2359 sollicite
446 2328 599 2382 subeant;
621 2328 744 2361 alumni
758 2339 832 2361 vcro
844 2328 957 2361 studiis
970 2328 1038 2371 qui-

291 2375 362 2406 dem
379 2376 512 2416 addicti,
532 2376 563 2409 in
579 2376 693 2420 pictate
706 2388 781 2410 uto
797 2379 843 2409 d«
839 2377 945 2410 idiosi
953 2377 1040 2418 ‚qui-

885 187 1063 212 BELLARIUM
1087 185 1213 210 Rmtht
1216 186 1237 208 ,Nl

126 252 210 275 Bisdem
227 253 282 280 tesi·
297 250 360 278 tate
381 243 529 284 devincti,
553 242 673 276 eisdem
694 240 820 283 legibus
842 240 956 281 vivant,
988 250 1041 272 ea·
1083 236 1170 270 modi
1186 236 1291 270 facete
1310 234 1512 277 tentaverint,
1534 237 1638 270 statim
1656 247 1675 270 a
1693 235 1830 280 collegio

99 283 138 304 itus
153 290 226 306 omnen
249 286 283 306 vi-

100 320 150 337 vere
165 315 249 338 debent.

1083 290 1297 325 dimittantui.

1126 345 1141 388 ἓ
1160 343 1190 378 9.
1215 343 1315 378 Festis
1335 343 1449 377 diebus
1469 342 1557 376 domi
1576 354 1609 377 se
1629 344 1827 386 contineant,
1819 352 1973 407 ,egam-
2001 355 2017 400 t!

1083 398 1234 439 orationi,
1273 397 1346 441 piae
1378 396 1523 438 lectioni,
1561 397 1676 431 divinis
1701 399 1826 439 officiis,

1083 451 1180 484 sacris
1189 451 1401 485 caeremoniis
1411 450 1631 495 perdiscendis
1641 458 1672 485 et
1681 463 1829 488 exercen-

1082 506 1128 538 dis
1162 506 1240 539 dent
1268 516 1412 550 operam.
1449 505 1541 545 Quod
1560 506 1586 539 si
1607 507 1829 550 superioribus

1083 559 1325 593 incommodum
1344 559 1507 593 videretur
1535 559 1686 594 omnibus
1715 561 1829 596 diebus

1083 613 1167 646 sestis
1184 619 1285 646 totum
1306 613 1451 646 divinum
1477 613 1620 646 officium
1641 613 1826 657 decantare,

1083 667 1113 699 in
1130 667 1378 701 solemnioribus
1388 672 1496 700 tamen
1515 666 1628 700 diebus
1644 673 1675 700 et
1691 668 1829 702 domini-

1082 721 1126 754 cis
1149 721 1322 762 Adventus,
1352 720 1633 764 Quadragesimae,
1661 727 1692 754 et
1710 721 1744 754 in
1759 721 1827 755 die.-

1081 775 1140 808 bus
1160 775 1246 808 festis
1255 773 1459 808 Beatissimae
1467 773 1606 818 Virginis
1614 774 1742 816 Mariae,
1751 775 1829 809 San-

1081 834 1205 862 ctorum
1221 828 1385 870 Omnium,
1407 829 1637 872 Apostolorum
1653 830 1828 873 etAngelo-

1081 892 1152 914 rum
1172 882 1289 926 partim
1310 882 1508 921 decantetur,
1532 882 1650 925 partim
1678 882 1827 917 distincte

1080 941 1110 968 et
1130 935 1242 969 devote
1262 935 1330 969 sinc
1348 941 1445 969 cantu
1469 935 1634 969 recitetur.

1123 989 1138 1033 g
1158 989 1211 1023 10.
1226 991 1264 1023 At
1274 1001 1347 1023 cum
1365 989 1664 1033 autumnitempore
1681 1000 1699 1023 a
1719 991 1830 1025 lectio-

1080 1095 1136 1128 ciis
1164 1096 1384 1140 perdiscendis
1403 1102 1434 1130 et
1463 1096 1640 1137 cantandis,
1670 1103 1705 1130 ut
1729 1108 1826 1142 supe-

1079 1149 1219 1183 rioribus
1230 1149 1403 1191 videbitur,
1425 1160 1492 1184 sese
1507 1156 1677 1184 exerceant
1686 1162 1695 1192 ;
1712 1150 1746 1184 in
1760 1163 1826 1196 quo

1081 1209 1186 1236 tamen
1202 1213 1242 1236 ne
1261 1203 1428 1237 remissius
1448 1208 1503 1236 aut
1522 1203 1743 1247 indulgentius
1751 1215 1826 1249 aga-

1081 1263 1143 1297 tur,
1169 1256 1302 1290 rectoris
1323 1256 1553 1290 conscientiam
1578 1268 1763 1292 oneramus.
1780 1259 1826 1292 Eo

1078 1321 1206 1354 quoque
1216 1316 1362 1355 tempore
1373 1316 1428 1344 aut
1438 1310 1512 1352 alio,
1531 1322 1604 1344 cum
1616 1311 1828 1346 studiainter-

1079 1363 1261 1405 mittuntur,
1273 1374 1310 1398 ea
1318 1364 1427 1398 doceri
1436 1370 1548 1397 curent
1555 1391 1562 1405 ,
1572 1375 1655 1408 quae
1663 1366 1828 1400 celebran-

1078 1417 1119 1450 do
1150 1417 1266 1451 missae
1286 1417 1444 1451 sacrificio
1469 1423 1543 1451 sunt
1564 1419 1825 1462 accommodata,

1079 1471 1270 1514 praesertim
1291 1471 1411 1505 hostias
1432 1477 1463 1504 et
1484 1472 1667 1516 corporalia
1690 1483 1823 1516 parare;

1078 1524 1259 1568 diebusque
1279 1524 1365 1558 sestis
1385 1525 1475 1557 nulla
1496 1536 1651 1569 umquam
1670 1525 1826 1560 litteraria

1078 1578 1265 1612 exercitatio
1289 1584 1342 1612 aut
1356 1578 1498 1611 divinum
1508 1578 1650 1612 officium
1660 1585 1715 1612 aut
1725 1580 1827 1615 eccle-

1078 1632 1199 1665 siarum
1220 1643 1331 1665 curam
1348 1632 1593 1676 quomodolibet
1612 1632 1828 1678 interrumpat

1078 1697 1134 1719 seu
1146 1686 1299 1730 impediat
1315 1697 1322 1726 ;
1344 1686 1579 1719 beneficiorum
1598 1686 1632 1719 in
1651 1687 1827 1730 collegium

1078 1750 1095 1772 a
1119 1738 1173 1772 Dei
1201 1739 1398 1782 benignitate
1418 1740 1610 1773 cossatorum
1635 1740 1826 1773 memoriam

1079 1793 1130 1836 pie
1143 1793 1261 1833 colant,
1284 1803 1508 1836 memoresque
1529 1792 1591 1825 sint
1610 1793 1692 1826 bene
1703 1793 1743 1827 de
1762 1794 1828 1827 col-

1078 1846 1162 1889 legio
1195 1846 1360 1890 praedicto
1390 1852 1421 1879 et
1457 1846 1495 1879 de
1524 1857 1556 1879 se
1582 1847 1772 1880 meritorum
1796 1851 1827 1881 et

1079 1899 1282 1943 superiorum
1300 1899 1474 1943 praecipue
1486 1898 1727 1940 defunctorum,
1744 1910 1827 1943 quo-

1080 1964 1149 1986 rum
1160 1953 1292 1986 nomina
1313 1953 1345 1985 in
1361 1952 1572 1986 ecclesiarum
1583 1963 1714 1986 suarum
1723 1964 1828 1987 sacra-

1081 2006 1127 2039 rio
1140 2005 1240 2038 autin
1261 2006 1362 2039 clioro
1381 2006 1541 2049 descripta
1551 2006 1735 2046 habebunt3
1750 2016 1825 2050 pro-

1079 2070 1140 2101 que
1162 2059 1210 2099 iis,
1232 2060 1288 2103 qui
1309 2060 1430 2092 maiore
1440 2060 1561 2092 fuerint
1574 2059 1607 2091 in
1623 2070 1656 2092 se
1667 2059 1715 2092 usi
1731 2060 1829 2093 bene-

1080 2113 1220 2153 ficentia,
1243 2113 1460 2146 anniversaria
1480 2123 1571 2146 sacra
1580 2119 1737 2156 perpetuo
1747 2113 1828 2146 sole-

1080 2166 1198 2199 mniter
1248 2166 1337 2207 fiant,
1387 2166 1585 2209 singulisque
1618 2165 1828 2199 hebdomadis

1080 2230 1137 2263 pro
1159 2220 1221 2253 illis
1245 2219 1408 2253 orationes
1428 2225 1458 2252 et
1483 2219 1641 2253 sacrificia
1659 2219 1724 2252 Deo
1748 2218 1827 2253 osfe-

1080 2278 1203 2305 rantur.

1125 2327 1213 2370 §1411
1258 2326 1388 2359 Aluinni
1414 2326 1600 2366 morientes,
1631 2331 1662 2359 et
1691 2326 1725 2358 in
1757 2326 1827 2370 ipso

291 2434 353 2465 quc
374 2425 437 2456 suis
459 2425 603 2458 motibus
622 2426 702 2459 alios
717 2428 756 2459 al»
780 2426 903 2459 autenti
918 2425 1039 2469 pietatis
1081 2436 1147 2457 tam
1161 2425 1358 2468 sepulturae,
1369 2424 1827 2458 fraternisalumnor-umobse

293 2472 399 2504 tudio
416 2479 443 2505 tc
448 2474 584 2517 pesecei'
578 2481 622 2507 int
635 2481 689 2507 aut
701 2475 1040 2518 quomodolibetaicr-

296 2520 403 2557 tei-int,
432 2522 477 2553 vot
507 2533 523 2554 ιι
551 2523 647 2555 rectis
667 2523 872 2567 superiorum
899 2523 1040 2557 consiliis

294 2574 349 2601 aut
379 2569 559 2604 obedientia
600 2571 805 2615 abduxerint,
843 2572 889 2606 vel
925 2571 1038 2606 huius·

1081 2474 1190 2517 quiis
1181 2480 1278 2517 itque
1298 2484 1335 2507 οι
1337 2473 1497 2507 ‘itionibus
1517 2474 1721 2514 adiuventur,
1748 2482 1827 2516 quo-

1082 2533 1152 2554 ruin
1165 2522 1271 2556 l'uneri
1290 2533 1402 2556 omnes
1421 2522 1581 2563 intersint,
1604 2528 1634 2555 et
1653 2521 1736 2555 intra
1755 2527 1827 2555 octo

1082 2571 1149 2606 dics
1157 2571 1311 2616 exequiae
1322 2572 1384 2606 illis
1394 2571 1447 2616 pie
1456 2569 1827 2616 persolvantur.Quand0

1841 1027 1945 1048 exerciti·
1976 1020 1979 1021 ⁷

1079 1042 1174 1075 nibus
1193 1049 1317 1084 vacant,
1341 1048 1409 1076 tum
1421 1053 1560 1076 maxime
1572 1053 1604 1075 ιιι
1625 1043 1741 1078 divinis
1755 1044 1826 1078 offi-
1840 1063 1894 1085 pore
1927 1064 1940 1079 v
1978 1068 2001 1074 η
2027 1056 2029 1061 ·

1839 1094 1896 1109 num.

1862 2331 1968 2359 omma
1978 2294 2022 2365 .ιὲ-

1080 2386 1181 2417 agone
1202 2382 1232 2408 ct
1248 2376 1287 2408 ab
1312 2376 1391 2408 hora
1411 2375 1562 2408 transitus
1582 2385 1684 2418 usque
1703 2375 1744 2408 ad
1767 2375 1826 2408 ho-
1841 2363 2028 2421 ᾘζῖᾁᾚζῗ
