2059 3228
113 185 166 215 An.
179 185 207 216 C.
226 187 309 218 1575*

353 177 417 213 556

309 249 423 274 eorum
444 239 552 274 offerri
577 238 761 283 contigerit,
783 238 874 273 nolas
893 250 949 273 seu
970 250 1056 273 cani-

308 304 408 337 panas
430 293 627 336 appendere,
650 298 704 326 aut
736 297 812 326 nota
844 293 994 337 quapiam
1020 304 1057 326 ea

137 346 234 369 ‘'⁸0⁰¹‘ss
255 355 294 376 ge·
307 346 490 389 obsignare.
515 347 735 379 Perniittinius
748 347 882 391 insuper
906 348 1058 381 omnibus

110 379 181 400 standi
194 386 259 402 uma.

306 399 483 443 prioribus,
520 400 808 444 praeceptoribus,
835 401 990 434 militibus
1027 407 1057 434 et

306 453 453 496 personis
473 453 634 486 dictarum
654 454 844 487 militiarum
878 466 1057 498 eorumque

305 505 517 539 familiaribus
542 517 769 550 quaecumque
791 518 892 549 arma,
914 519 973 552 pro
1000 520 1057 542 sua

304 557 491 592 defensione
511 564 543 592 et
566 559 709 593 hostium
729 560 833 594 dictae
849 561 939 595 Sedis
954 562 1056 595 offen-

304 611 407 651 sione,
430 611 554 655 ubique
573 613 720 646 locorum
741 620 878 656 gestare.

347 665 362 708 ἓ
382 663 436 698 32.
460 666 506 698 Ad
531 666 611 700 haec
635 676 775 710 quoque,
801 668 947 702 militiam
972 669 1056 701 hanc

118 729 215 751 racanas
228 733 290 751 uien-
302 718 485 752 universam
519 719 741 764 spiritualibus
765 722 955 755 muneribus
979 733 1056 766 pro-

103 760 125 782 d»
173 760 289 786 insignibus

104 791 267 819 pontiucalibus;

301 771 392 815 sequi
412 773 567 814 volentes,
594 774 801 818 indulgemus
822 775 922 819 priori
950 776 1054 809 ecele-

301 825 368 858 siae
403 826 479 859 dicti
514 833 690 861 conventus
728 840 786 872 pro
812 835 956 873 tempore
989 829 1054 862 exi-

301 879 411 921 stenti,
433 885 469 913 ut
485 881 593 922 mitra,
615 883 749 923 annulo,
771 884 887 916 baculo
901 882 1054 927 pastorali

301 933 483 977 ceterisque
508 934 688 978 insignibus
705 942 736 969 et
755 936 952 970 indumentis
971 947 1054 981 pon-

298 986 486 1028 tificalibus,
509 993 574 1020 tam
600 988 632 1021 in
653 990 819 1033 praedicta
840 1001 938 1033 quam
960 991 992 1023 in
1004 1002 1054 1024 ee-

298 1039 376 1073 teris
400 1040 505 1074 dictae
526 1041 660 1074 militiae
677 1042 832 1083 ecclesiis,
855 1043 956 1084 uti,et
976 1053 1053 1087 quo-

298 1091 358 1126 ties
378 1093 527 1134 voluerit,
552 1093 597 1127 ibi
622 1095 752 1128 missam
785 1096 913 1139 aliaque
945 1097 1053 1130 divina

297 1146 404 1179 officia
429 1147 526 1180 etiam
559 1147 592 1180 in
623 1148 735 1181 habitu
770 1149 947 1193 pontificali
967 1151 1052 1184 cele-

298 1200 405 1241 brare,
428 1211 465 1233 ac
488 1206 560 1244 post
580 1201 750 1235 missarum
773 1203 942 1243 solemnia,
961 1204 1052 1237 dum-

299 1253 397 1287 modo
416 1265 482 1287 non
502 1255 543 1288 sit
562 1266 716 1299 praesens
736 1257 852 1299 aliquis
873 1258 1052 1291 catholicus

298 1306 441 1347 antistes,
463 1308 542 1342 alias
573 1309 613 1342 de
644 1309 731 1342 illius
757 1321 927 1351 consensu,
952 1311 1051 1345 bene-

288 1361 475 1409 {dictionem
496 1363 673 1396 solemnem
703 1365 824 1408 populo
849 1364 1048 1408 impendere.

344 1415 358 1457 ἓ
388 1414 441 1448 33.
468 1415 514 1449 Ac
538 1416 634 1449 etiam
662 1418 870 1461 indulgemus
899 1418 1052 1453 fratribus

291 1466 359 1501 ‘'dict
373 1479 403 1502 ie
423 1469 557 1503 militiae
577 1475 613 1503 ut
637 1470 669 1503 in
690 1471 756 1504 suis
776 1472 920 1505 ecclesiis
940 1473 1052 1506 missas

292 1527 332 1557 ‚et
351 1533 575 1567 quaecumque
600 1525 663 1557 alia
683 1524 790 1557 divina
810 1525 927 1564 officia,
955 1526 1051 1559 etiam

292 1575 364 1608 ‘alta
380 1586 470 1617 voce,
493 1588 530 1610 ac
555 1577 651 1610 etiam
672 1589 730 1621 per
749 1578 829 1611 alios
849 1579 1052 1623 presbyteros

294 1629 434 1676 *idoneos
445 1636 477 1664 et
495 1631 691 1675 approbatos
711 1632 888 1673 celebrare,
910 1643 1049 1674 necnon,

297 1683 430 1718 servazis
449 1684 586 1718 decretis
606 1685 762 1728 praedicti
774 1686 903 1718 concilii
921 1686 1053 1720 Triden-

297 1737 360 1779 ¹tini
380 1738 485 1782 quoad
498 1749 536 1771 ea
550 1749 633 1782 quae
649 1739 702 1771 illa
714 1745 928 1779 concernunt,
948 1740 1052 1773 omni-

296 1790 362 1836 'bus
387 1796 417 1824 et
435 1791 570 1835 singulis
591 1792 866 1833 christifidelibus,
890 1793 986 1826 etiam
1006 1794 1052 1827 le-

298 1846 418 1889 ‘prosig
451 1850 482 1878 et
516 1845 587 1879 aliis
619 1847 819 1889 pauperibus
853 1846 991 1879 infirmis
1020 1847 1052 1879 in

297 1896 397 1941 ‘dictis
411 1899 624 1943 hospitalibus
639 1900 829 1943 degentibus
839 1900 1053 1933 ecclesiastica

302 1959 504 1986 sacramenta
525 1953 720 1993 ministrare3
734 1964 769 1985 ac
784 1963 895 1986 eorum
917 1959 966 1994 et,
985 1954 1053 1987 sinc

303 2005 442 2040 alicuius
474 2006 685 2050 praeiudicio,
722 2007 861 2039 aliorum
900 2017 1056 2049 quorum-

305 2070 445 2102 cumque
466 2060 610 2092 fidelium
631 2060 858 2097 defunctorum
880 2059 912 2092 id
933 2060 1054 2102 eligen-

304 2112 386 2145 tium
407 2123 444 2146 ac
468 2113 645 2157 petentium
668 2121 806 2157 corporja
838 2112 870 2145 in
895 2118 1054 2146 coemete-

306 2165 363 2199 riis
383 2171 413 2198 et
433 2167 577 2200 ccelesiis
610 2167 771 2200 dictorum
798 2166 932 2198 fratrum
953 2166 1056 2199 ecclc-

308 2219 454 2253 siasticae
474 2221 602 2254 tradere
626 2221 823 2264 sepultume.

353 2273 368 2316 ἓ
393 2273 447 2307 34.
467 2275 522 2314 Ac,
543 2274 663 2307 eisdem
674 2274 812 2307 decretis
829 2274 971 2314 servatis,
988 2285 1058 2306 ver-

307 2324 385 2358 bum
411 2327 465 2360 Dei
494 2327 611 2360 debitis
636 2333 667 2360 et
685 2327 839 2370 congruis
858 2327 1059 2371 temporibus

310 2374 343 2406 in
366 2376 605 2418 parochialibus
634 2376 775 2420 quidem,
795 2375 1001 2419 parochianis
1030 2382 1060 2408 et

311 2425 445 2467 populo;
467 2424 498 2457 in
524 2425 593 2458 aliis
617 2436 691 2458 vero
712 2424 856 2458 ecclesiis
879 2424 955 2464 suis,
978 2435 1060 2468 pau-

315 2470 445 2514 peribus
465 2473 542 2516 ipsis
562 2479 592 2507 et
610 2473 759 2518 leprosis,
772 2484 831 2518 per
850 2483 883 2506 se
900 2474 948 2506 vel
961 2472 1060 2505 alium

310 2531 367 2554 seu
407 2522 486 2555 alios
519 2523 663 2564 idoneos,
699 2533 893 2568 proponere.
931 2523 1061 2556 Necnon

309 2570 474 2614 prioribus
495 2578 525 2604 et
544 2572 810 2616 procuratoribus
829 2582 1061 2615 quorumcum-

901 186 1079 211 BULLAmuiu
1103 185 1253 210 Romnum

1098 249 1160 281 que
1185 237 1395 282 hospitalium
1412 243 1443 272 et
1457 239 1627 273 domorum
1647 239 1687 273 ab
1706 239 1774 284 ipsa
1787 239 1846 273 mi-

1098 291 1164 324 litia
1184 292 1434 335 dependentium
1456 298 1486 326 et
1501 293 1630 327 illumin
1641 300 1737 338 caput
1750 305 1844 329 suum

1099 345 1399 388 recognoscentium
1425 346 1476 380 die
1496 347 1662 380 Dominica
1681 348 1714 380 in
1737 349 1845 381 Ramis

1099 399 1296 440 Palmarum,
1319 405 1350 432 et
1372 410 1431 443 per
1451 400 1522 433 eius
1545 406 1698 440 octavam.
1717 402 1742 435 si
1758 413 1845 447 pres-

1098 453 1198 496 hyteri
1220 459 1251 486 et
1270 454 1439 497 approbati
1458 454 1594 495 suerint,
1617 460 1652 488 ut
1671 466 1729 500 per
1747 467 1791 498 se,
1810 456 1844 490 in

1098 505 1163 538 suis
1188 506 1401 550 hospitalibus
1430 518 1467 540 ac
1497 507 1647 541 domibus
1672 509 1845 552 praedictis

1099 564 1238 599 tantum,
1259 560 1478 593 consessiones
1497 571 1793 606 quorumcumque,
1805 563 1846 597 de

1098 623 1255 646 consensu
1274 613 1513 647 ordinariorum
1533 615 1694 656 locorum,
1719 615 1844 658 audire,

1098 672 1128 698 et
1147 677 1221 699 cum
1242 666 1429 700 huiusmodi
1452 667 1694 709 confitentibus,
1715 669 1847 713 quibus-

1098 730 1236 762 cumque
1270 720 1476 753 facultatibus
1509 726 1540 754 et
1572 721 1783 766 indulgentiis
1805 723 1845 757 ad

1097 779 1305 817 peccatorum
1330 775 1552 808 remissionem
1582 775 1627 809 eis
1655 777 1846 811 auctoritate

1097 828 1273 871 apostolica
1293 828 1463 868 concessis,
1484 839 1548 862 non
1574 834 1682 863 tamen
1709 829 1742 863 in
1761 831 1844 865 casi-

1097 881 1156 913 bus
1176 881 1289 914 litteris
1309 882 1359 915 die
1379 881 1503 915 Coenae
1523 883 1649 916 Domini
1675 883 1739 928 legi
1765 895 1844 919 con-

1097 934 1195 968 suetis
1215 935 1467 979 comprehensis,
1491 935 1548 977 uti,
1566 947 1604 970 ac
1623 937 1749 971 easdem
1765 937 1842 980 illis,

1097 987 1136 1020 de
1158 987 1287 1020 licentia
1311 994 1418 1021 tamen
1453 1000 1603 1033 expressa
1635 990 1779 1034 magistri
1814 995 1846 1026 et

1096 1048 1273 1075 conventus
1287 1043 1659 1086 quotannisrenovanda,
1669 1044 1842 1089 impartiri,

1095 1106 1132 1129 ac
1153 1096 1247 1128 etiam
1269 1096 1366 1129 alium
1387 1097 1434 1130 vel
1464 1097 1544 1144 alios
1568 1098 1687 1141 probos
1711 1104 1742 1132 et
1773 1098 1844 1133 ido-

1094 1158 1173 1181 neos
1197 1149 1411 1193 presbyteros,
1434 1151 1616 1184 saeculares
1639 1151 1688 1184 vel
1703 1151 1845 1187 cuiusvis

1094 1201 1222 1235 Ordinis
1247 1203 1421 1246 regulares,
1456 1214 1474 1236 a
1504 1204 1652 1238 locorum
1672 1204 1845 1240 ordinariis

1096 1255 1304 1298 approbatos,
1323 1257 1361 1289 ad
1387 1256 1419 1289 id
1437 1256 1538 1290 libere
1569 1257 1744 1302 deputare3
1773 1259 1847 1293 aliis

1093 1319 1168 1342 vero
1202 1310 1403 1353 temporibus
1433 1310 1495 1355 ipsi
1520 1310 1564 1343 sic
1595 1310 1657 1344 sint
1690 1317 1726 1345 ut
1744 1311 1843 1346 ceteri

1094 1363 1289 1404 sacerdotes,
1316 1364 1439 1396 nullam
1459 1375 1477 1396 a
1497 1364 1578 1398 Sede
1601 1364 1767 1409 praedicta
1795 1365 1844 1400 fa-

1095 1416 1247 1449 cultatem
1269 1416 1436 1450 habentes.

1137 1470 1152 1514 ἓ
1172 1469 1225 1503 35.
1249 1471 1293 1503 Ac
1314 1471 1435 1504 eisdem
1455 1471 1631 1515 prioribus,
1653 1477 1843 1517 praecepto-

1093 1523 1196 1565 ribus,
1219 1524 1387 1566 militibus,
1409 1525 1560 1559 fratribus
1577 1530 1608 1559 et
1632 1526 1778 1570 personis
1795 1525 1843 1560 in-

1094 1582 1142 1610 tra
1162 1578 1323 1620 regularia
1343 1578 1527 1622 praedictae
1546 1579 1680 1612 militiae
1700 1579 1772 1614 loca
1787 1579 1842 1614 de-

1093 1630 1253 1673 gentibus,
1275 1631 1313 1664 de
1330 1632 1534 1675 superiorum
1550 1643 1683 1666 suorum
1697 1632 1840 1674 licentia;

1094 1684 1164 1717 aliis
1201 1695 1276 1718 vero
1310 1690 1398 1718 extra
1428 1697 1466 1719 ea
1493 1686 1694 1728 degentibus,
1733 1686 1841 1730 quoad

1095 1739 1388 1781 confirmationem,
1415 1739 1484 1772 sine
1509 1739 1713 1780 dioecesani;
1734 1739 1840 1784 quoad

1094 1791 1157 1825 alia
1189 1802 1275 1832 vero,
1317 1792 1384 1825 sine
1417 1793 1653 1836 parochialium
1691 1793 1843 1827 ecclesia-

1095 1856 1180 1885 rum,
1224 1845 1308 1878 intra
1351 1856 1490 1889 quorum
1533 1846 1650 1879 limites
1694 1856 1749 1879 eos
1785 1846 1843 1880 de-

1095 1909 1170 1941 gere
1200 1899 1382 1941 contigerit,
1410 1898 1624 1942 praeiudicio,
1652 1903 1682 1932 et
1711 1899 1844 1932 servatis

1096 1952 1232 1985 decretis
1257 1952 1386 1985 concilii
1407 1952 1597 1994 Tridentini,
1631 1952 1726 1986 liceat
1747 1963 1845 1997 quae-

1097 2016 1235 2048 cumque
1256 2005 1471 2039 ecclesiastica
1496 2012 1695 2040 sacramenta
1719 2017 1737 2039 a
1763 2016 1845 2049 quo-

1097 2070 1236 2102 cumque
1257 2059 1430 2092 maluerint
1454 2059 1613 2093 catholico
1634 2059 1788 2101 antistite,
1812 2059 1845 2093 in

1098 2123 1155 2145 sua
1180 2112 1320 2146 dioecesi
1346 2113 1506 2146 residente
1539 2118 1594 2146 aut
1625 2113 1687 2146 alio
1718 2123 1778 2157 pro
1808 2123 1847 2147 eo

1099 2166 1297 2210 pontificalia
1321 2166 1425 2200 officia
1445 2172 1626 2207 exercente,
1654 2167 1717 2200 sive
1750 2165 1846 2200 etiam

1099 2220 1162 2252 alio
1189 2220 1243 2252 illa
1263 2219 1348 2253 licite
1375 2219 1637 2259 administrante,
1654 2219 1790 2263 gratiam
1817 2224 1849 2253 et

1100 2273 1360 2306 communionem
1381 2273 1485 2306 dictae
1505 2272 1596 2306 Sedis
1624 2273 1775 2313 habente,
1796 2271 1848 2305 ni-

1102 2326 1144 2358 hil
1166 2327 1272 2359 oblato
1289 2326 1337 2359 vel
1362 2326 1480 2366 soluto,
1503 2325 1659 2370 recipere.
1686 2347 1702 2359 ι,

1145 2375 1159 2417 ξ
1197 2374 1250 2408 36.
1287 2377 1330 2408 Ac
1364 2375 1459 2407 etiam
1494 2374 1643 2408 omnibus
1672 2372 1846 2418 prioribus,

1102 2423 1368 2467 praeceptoribus
1388 2423 1568 2466 ceterisque
1587 2423 1755 2463 militibus,
1787 2423 1849 2455 fra-

1102 2473 1204 2505 tribus
1233 2479 1264 2506 et
1296 2472 1461 2513 ministris,
1484 2473 1579 2505 etiam
1603 2471 1795 2516 preshyteris
1818 2477 1849 2504 et

1103 2522 1300 2555 beneficiatis
1320 2523 1463 2556 eiusdem
1489 2522 1634 2562 militiae,
1656 2522 1694 2554 de
1714 2520 1848 2564 quibus-

1105 2582 1246 2614 cumque
1286 2572 1506 2606 immobilibus
1530 2576 1561 2604 et
1590 2570 1764 2604 mobilibus
1791 2569 1848 2602 bo-
