2059 3228
48 0 95 82 ἶ

55 83 76 124 ‘1'

42 157 121 217 offic.
136 172 202 203 1572

66 217 70 225 Ι
224 232 311 265 tibus
346 230 540 271 rectoribus,
570 231 742 272 magistris,
769 230 967 270 doctoribus,

222 284 414 324 lectoribus,
438 285 720 328 praeceptoribus,
750 285 966 324 scholaribus,

221 338 495 382 procuratoribus,
520 339 656 379 bidellis,
684 338 811 372 nunciis
842 343 871 371 et
900 338 969 371 aliis

219 391 413 425 officialibus
433 403 470 425 ac
490 393 647 436 personis,
670 402 796 426 necnon
817 391 969 425 membris

217 550 366 585 ritatibus
385 556 441 584 aut
459 551 536 584 alias
553 551 798 595 quomodolibet
809 550 967 584 concessis

212 614 272 639 seu
291 604 435 648 legitime
456 605 675 649 praescriptis,
689 604 788 637 autin
800 610 965 648 posterum

215 657 434 691 concedendis
457 664 488 692 et
499 657 769 702 praescribendis,
791 668 828 691 ac
849 658 966 701 quibus

211 710 260 744 illi
280 717 312 745 et
327 711 401 745 illae
413 716 562 752 utuntur,
577 711 746 755 potiuntur
765 716 794 744 et
811 711 963 754 gaudent,

213 775 250 798 ac
281 765 340 806 uti,
372 765 469 809 potiri
498 769 529 798 et
548 765 690 808 gaudere
710 770 863 808 poterunt
883 776 964 808 quo-

213 817 390 852 modolibet
426 818 461 852 in
497 819 659 859 futurum,
704 818 764 859 uti,
803 818 901 862 potiri
935 824 965 851 et

213 871 368 914 gaudere.

250 924 266 968 ἓ
285 924 316 958 6.
338 924 470 959 Necnon
487 925 537 966 iis,
558 924 615 969 qui
636 925 669 958 in
695 925 809 970 quavis
833 925 966 959 Univer-

54 984 188 1028 ‚eamr-tn:
205 977 297 1012 sitate
316 978 495 1023 diaeiplinis
514 985 545 1013 et
573 979 781 1013 facultatibus
809 979 961 1023 praefatis

45 1015 189 1067 ffl‘ss'ssssss-
205 1032 335 1066 studere
354 1032 569 1077 incoeperint,
591 1033 734 1066 studium
754 1044 849 1067 suum
870 1034 902 1066 in
924 1045 960 1067 ea

41 1076 190 1136 ,ξξζᾶζῖξξζ
205 1085 409 1127 continuare‚
432 1093 463 1120 et
482 1087 538 1131 qui
559 1087 592 1120 in
612 1087 696 1120 dicta
717 1087 763 1120 sic
783 1092 891 1120 erecta
906 1092 964 1120 aut

66 1139 190 1192 mugen-²
205 1137 316 1182 quavis
335 1139 398 1173 alia
417 1139 628 1174 Universitate
644 1151 702 1184 per
722 1146 850 1184 tempus
869 1140 961 1173 dehi-

54 1235 64 1237 ⁷.
132 1201 191 1238 antia
207 1197 277 1225 tum
297 1192 488 1234 studuerint,
503 1204 540 1227 ac
555 1193 688 1227 scientia
698 1199 728 1227 et
740 1191 883 1227 moribus
893 1194 960 1227 ido-

40 1236 192 1294 ,ζέἶᾛξιζῗ
206 1246 259 1279 nei
280 1247 439 1290 comperti
460 1247 592 1288 fuerint,
613 1247 646 1280 in
666 1247 789 1280 artibus
809 1253 840 1280 et
860 1247 962 1280 medi-

38 1295 114 1356 ἵζω
134 1296 193 1318 ⁰¹⁸⁹
208 1299 281 1334 cina
305 1306 336 1334 et
354 1301 561 1345 philosophia
580 1313 617 1335 ac
646 1302 809 1343 theologia
834 1312 959 1334 necnon

207 1353 475 1399 iuribusaliisque
484 1355 689 1388 facultatibus
698 1355 961 1399 praedictis,bac-

208 1408 421 1448 calaureatuS,
442 1408 536 1441 etiam
559 1408 716 1449 formalis,
732 1408 959 1441 etlicentiatu-

208 1472 264 1495 rae
282 1472 320 1495 ac
339 1461 481 1503 laureae,
503 1472 631 1495 necnon
648 1462 833 1495 doctoratus
845 1467 873 1495 et
891 1473 959 1495 ma-

207 1513 329 1557 gisterii
350 1519 382 1547 et
400 1514 528 1558 quosvis
548 1515 628 1547 alios
647 1515 757 1547 solitos
777 1514 894 1557 gradus
920 1515 959 1548 ab

208 1567 665 1611 ipsiusUniversitatisrectore
681 1580 737 1601 seu
750 1569 958 1602 scientiarum

205 1621 239 1654 in
264 1621 382 1664 quibus
402 1622 611 1665 promovendi
637 1633 696 1665 pro
721 1630 866 1666 tempore
891 1628 958 1655 stu-

205 1675 336 1708 duerint
359 1675 535 1708 lectoribus
552 1681 606 1709 aut
630 1676 700 1709 aliis
725 1676 882 1720 personis,
901 1686 960 1719 per

206 1727 328 1761 dictum
348 1728 498 1761 Carolum
529 1729 726 1762 cardinalem
756 1735 785 1762 et
818 1730 958 1771 legatum

205 1781 239 1815 in
263 1786 294 1815 et
313 1781 352 1814 ad
372 1787 498 1826 tempus
518 1782 565 1815 vel
587 1783 619 1815 in
641 1788 834 1826 perpetuum
856 1783 957 1826 depu-

207 1834 312 1868 tandis
337 1841 367 1869 et
386 1835 631 1876 constituendis,
654 1836 791 1880 aliisque
811 1836 908 1870 modo
928 1842 958 1869 et

203 1888 310 1922 forma
343 1899 401 1933 per
431 1889 538 1933 ipsum
572 1889 760 1929 statuendis,
796 1890 954 1934 recipere,

206 1947 237 1975 et
256 1941 402 1987 ipsorum
422 1943 580 1985 graduum
607 1943 699 1976 solita
730 1943 865 1986 insignia
899 1943 957 1975 sibi

208 1995 351 2029 exbiberi
375 1996 493 2035 facere,
515 2002 546 2029 et
570 2001 741 2040 postquam
772 1995 957 2029 huiusmodi

206 2049 325 2092 gradus
361 2055 393 2082 et
420 2049 550 2082 illorum
582 2049 719 2092 insignia
747 2053 956 2093 susceperint,

207 2103 383 2150 facultates,
403 2102 434 2135 in
454 2103 574 2147 quibus
594 2103 735 2146 promoti
756 2103 887 2142 suerint,
910 2104 956 2136 le-

207 2166 282 2200 gere
298 2162 330 2190 et
349 2156 553 2201 interpretari
579 2168 614 2189 ac
644 2156 676 2188 in
705 2156 750 2188 eis
780 2156 956 2199 disputare,

209 2220 335 2243 necnon
349 2220 571 2253 quoscumque
583 2215 682 2247 actus,
693 2209 806 2251 gradui
818 2220 872 2242 sen
888 2215 958 2251 gra-

209 2263 303 2296 dibus
322 2274 380 2307 per
395 2274 450 2296 eos
469 2263 607 2306 receptis
627 2263 851 2296 convenientes
870 2273 957 2296 exer-

211 2327 296 2357 cere,
317 2317 453 2360 aliisque
473 2317 624 2349 omnibus
644 2321 674 2349 et
698 2315 832 2357 singulis
856 2316 956 2359 privi-

210 2366 314 2408 legiis,
335 2365 455 2409 gratiiS,
480 2365 651 2405 favoribus,
677 2364 905 2408 praerogativis
928 2370 958 2398 et

212 2415 354 2454 indultis,
375 2415 491 2457 quibus
511 2413 562 2446 alii
589 2414 620 2446 in
641 2413 834 2447 Bononiensi
854 2418 885 2446 et
904 2413 958 2446 Pa—

212 2464 337 2497 risiensi
377 2463 638 2497 Universitatibus
674 2462 833 2505 praefatis,
871 2462 957 2496 iuxta

214 2513 339 2546 illarum
362 2512 607 2545 constitutiones
618 2516 648 2544 et
662 2521 777 2551 moreS,
791 2511 829 2544 ad
840 2511 957 2554 gradus

186 2563 191 2568 '
213 2561 298 2606 ipsos
317 2561 456 2606 promoti
483 2561 522 2594 de
548 2561 617 2594 iure
645 2561 693 2593 rel
723 2560 956 2594 consuetudine

837 178 1012 203 Gntzoontt's
1032 179 1085 202 x‘ttt
1106 180 1151 201 ΓΡ.

218 449 250 479 et
272 444 408 478 subditis
427 444 460 478 in
479 455 607 489 genere,
621 451 685 478 tam
696 445 780 478 dicta
795 444 969 489 apostolica

217 508 314 542 quam
335 497 413 532 alias
434 498 493 532 rite
514 498 673 542 imperiali
694 503 724 531 et
744 498 831 541 regia
860 503 969 531 aucto-

1653 167 1718 202 523

1013 236 1067 263 aut
1095 231 1173 263 alias
1198 236 1344 270 ntnntnr,
1368 231 1535 274 potiuntur
1555 235 1585 264 et
1608 230 1763 274 gaudent,

1012 294 1047 316 ac.
1066 283 1122 323 uti,
1138 284 1269 327 potirict
1287 285 1431 325 gauderi·
1449 289 1614 329 potcrunt,
1629 289 1665 318 ut
1678 295 1771 328 prae-

1011 336 1123 375 fertur,
1146 338 1389 379 ‹piomodolibct
1410 338 1441 370 in
1459 339 1615 379 futurum,
1630 337 1689 378 uti,
1706 349 1762 382 po-

1011 389 1103 422 tiriet
1125 390 1265 432 gaudere
1287 391 1317 423 in
1339 391 1490 424 omnibus
1510 397 1538 425 ct
1560 403 1619 436 per
1638 391 1759 432 omnia,

1012 443 1145 486 perinde
1163 454 1197 475 ac
1217 443 1240 475 si
1263 444 1379 486 gradus
1400 444 1584 477 huiusmodi
1603 444 1634 477 in
1654 445 1762 478 Bono-

1009 496 1113 529 niensi
1139 501 1168 528 vt
1189 496 1358 529 Parisicnsi
1378 498 1527 541 praefatis
1548 503 1578 530 et
1602 498 1672 531 aliis
1688 497 1762 542 qui-

1010 549 1115 581 busvis
1137 549 1411 591 I‘nircrsitatibus,
1432 550 1516 583 iuxta
1534 551 1663 584 illarum
1685 562 1761 584 con-

1009 603 1190 635 stitutiones
1228 609 1257 635 ct
1293 604 1554 645 consuetudines,
1574 604 1765 637 huiusmodi

1010 656 1234 699 suscepissent.
1469 668 1475 672 “

1052 710 1066 751 ,ξ
1092 709 1121 742 7.
1144 709 1276 742 Necnon
1297 710 1401 742 eidem
1422 709 1535 743 Carolo
1557 710 1712 744 cardinali
1732 716 1760 743 ot
1806 716 1963 753 caroloman-

1008 762 1125 805 legato,
1148 768 1177 795 ct
1198 774 1256 806 per
1273 774 1304 796 se
1320 764 1367 795 vel
1379 763 1477 796 alium
1494 776 1549 796 sen
1563 764 1657 805 alios,
1677 775 1758 807 quos
1776 749 1818 801 {¹2³ss
1834 750 1963 803 ρηρῗὲῗὲιῖἶ

1008 816 1046 848 ad
1072 816 1103 848 id
1128 816 1251 849 duxerit
1280 817 1494 860 deputandos,
1517 823 1558 857 ct,
1578 818 1601 849 si
1623 817 1651 850 ei
1671 818 1756 850 vide·
1776 813 1960 869 gffssfdi‘i'frssgi'g'i‘xg

1008 869 1106 910 bitur,
1129 870 1246 903 vocatis
1266 870 1408 910 Metensi,
1426 871 1616 904 Yirdnnensi
1637 876 1667 904 et
1684 872 1756 904 'l'nl-
1774 874 1883 899 concentu

1007 923 1087 956 lensi
1110 922 1282 966 episcopis,
1303 934 1362 967 pno
1378 924 1497 957 salubri
1511 924 1613 957 dictae
1629 924 1672 957 sic
1688 935 1756 958 ere-

1007 982 1076 1010 ctae
1096 976 1316 1009 Universitatis
1340 977 1517 1010 directione
1538 983 1567 1010 et
1588 987 1757 1010 conserva·

1006 1030 1103 1070 tione,
1129 1041 1164 1063 ac
1186 1035 1361 1070 rectorum,
1383 1030 1622 1073 magistrorum,
1645 1030 1758 1063 docto-

1007 1094 1092 1124 rum,
1105 1084 1278 1123 lectorum,
1288 1089 1548 1127 praeceptorum,
1565 1090 1756 1127 procurato-

1006 1148 1092 1177 rum,
1114 1137 1320 1177 bidellorum‚
1354 1137 1547 1169 nunciorum
1569 1143 1598 1170 ct
1618 1136 1755 1170 aliorum

1004 1190 1194 1223 officialium
1215 1190 1402 1223 huiusmodi
1423 1190 1622 1223 institutione
1643 1196 1671 1223 ct
1693 1190 1756 1223 ele-

1004 1244 1109 1277 ctione
1130 1249 1159 1276 et
1180 1244 1290 1287 quavis
1311 1244 1372 1276 alia
1394 1243 1586 1287 provisione,
1608 1255 1645 1276 ac
1665 1244 1757 1276 scho-

1004 1297 1108 1330 larum
1131 1298 1386 1337 manntentione,
1408 1297 1507 1341 ipsius
1529 1303 1636 1329 tamen
1656 1298 1754 1330 colle-

1002 1350 1057 1396 gii,
1082 1351 1188 1393 quoad
1221 1351 1416 1394 theologiam
1438 1356 1468 1383 et
1501 1350 1752 1394 philosophiam,

1003 1415 1077 1436 cum
1098 1404 1346 1437 humanioribus
1370 1404 1493 1443 litteris,
1519 1414 1646 1437 necnon
1677 1414 1752 1447 pro-

1004 1457 1182 1491 motionum
1203 1458 1235 1490 in
1256 1458 1349 1491 dictis
1362 1458 1565 1491 facultatibus
1581 1464 1609 1491 et
1626 1458 1752 1490 schola-

1002 1512 1157 1545 sticorum
1179 1511 1258 1544 inibi
1279 1523 1337 1555 pro
1354 1517 1499 1555 tempore
1510 1511 1693 1554 degentium
1707 1511 1752 1542 ri-

1002 1571 1050 1599 tae
1073 1571 1101 1599 et
1126 1565 1307 1598 studiorum
1320 1565 1501 1609 disciplina,
1513 1564 1753 1597 etscholastico-

1002 1630 1072 1652 rum
1095 1619 1308 1660 correctione,
1328 1618 1521 1651 admissione
1543 1623 1572 1651 ct
1592 1617 1751 1650 dimissio-

1001 1683 1051 1713 nc,
1071 1683 1198 1706 necnon
1219 1672 1376 1716 regimine
1397 1682 1453 1704 seu
1474 1670 1751 1704 administratione

1001 1733 1032 1760 et
1052 1727 1182 1770 politiae
1202 1726 1378 1759 litterariae
1398 1725 1513 1765 forma,
1536 1724 1622 1757 iuxta
1642 1723 1750 1757 Socie-

1000 1780 1071 1812 tatis
1082 1780 1243 1823 praefatae
1255 1784 1371 1811 statuta
1388 1783 1416 1811 et
1429 1777 1584 1817 instituta,
1598 1787 1656 1820 pro
1669 1782 1749 1810 tem-

1000 1844 1077 1877 pore
1098 1833 1242 1866 existenti
1263 1833 1407 1865 eiusdem
1429 1830 1554 1872 collegii
1578 1830 1693 1863 rectori
1719 1836 1749 1863 ct,

1000 1887 1101 1931 ipsius
1113 1886 1278 1920 Societatis
1289 1885 1508 1929 superioribus
1520 1889 1690 1923 reservat&
1713 1894 1750 1916 ac

1001 1940 1031 1973 in
1052 1940 1236 1984 praemissis
1257 1945 1285 1972 et
1311 1938 1520 1982 infrascriptis
1544 1936 1694 1970 omnibus
1719 1943 1750 1970 et

999 2005 1056 2038 per
1077 1994 1197 2033 onmia,
1220 1994 1302 2025 salva
1323 1999 1351 2025 et
1372 1992 1494 2034 integra
1512 1995 1660 2023 manente
1676 2001 1748 2034 per-

999 2058 1162 2087 sonarum,
1179 2047 1336 2080 bonorum
1355 2052 1383 2078 ct
1397 2044 1622 2078 exercitiorum
1636 2043 1748 2076 huius-

1000 2100 1084 2133 modi
1119 2099 1285 2133 Societatis
1314 2098 1514 2141 exemptione
1539 2107 1575 2130 ac
1606 2097 1746 2140 regulari

999 2153 1210 2193 observantia,
1233 2162 1458 2196 quaecumque
1480 2156 1596 2183 statuta
1616 2156 1646 2183 et
1658 2150 1745 2183 ordi-

1000 2207 1144 2239 nationes
1164 2206 1250 2238 licita
1271 2211 1299 2238 et
1321 2206 1452 2237 honesta
1472 2215 1507 2237 ac
1529 2204 1628 2236 sacris
1648 2214 1744 2236 cano-

999 2260 1092 2293 nibus
1112 2271 1174 2293 non
1193 2259 1353 2292 contraria
1375 2260 1490 2298 tacere,
1513 2258 1607 2291 edere
1623 2268 1671 2297 ac,
1686 2268 1746 2302 pro

1001 2325 1120 2354 rerum,
1149 2320 1328 2356 temporum
1355 2319 1383 2345 et
1409 2322 1620 2355 personarum
1641 2311 1744 2354 quali-

1000 2369 1061 2396 tate
1082 2370 1111 2396 ct
1131 2362 1292 2400 varietate,
1315 2361 1477 2404 corrigere
1497 2367 1527 2393 et
1554 2360 1742 2400 reformare,

999 2423 1054 2444 sou
1077 2412 1128 2444 illa
1150 2422 1273 2444 cassare
1293 2416 1321 2443 et
1342 2410 1403 2443 alia
1432 2410 1470 2442 de
1491 2420 1572 2443 novo
1592 2410 1742 2452 condere,

999 2472 1035 2494 ac
1055 2471 1151 2504 super
1170 2460 1300 2493 illorum
1325 2459 1544 2492 observatione
1574 2469 1745 2502 quascum-

999 2521 1061 2553 que
1083 2520 1200 2553 poenas
1216 2509 1393 2552 imponere,
1403 2519 1438 2541 ac
1455 2509 1541 2541 iuxta
1556 2519 1666 2542 corum
1680 2508 1743 2542 dis-

999 2560 1191 2604 positionem
1217 2558 1351 2591 iudicari
1375 2559 1505 2597 debere3
1528 2568 1564 2591 ac
1584 2558 1743 2602 quidquid

1785 179 1837 208 An.
1855 179 1885 209 C.
1902 180 1971 212 1572
