2059 3228
66 995 190 1018 lnarttloeo-

37 1027 192 1056 audebantque-

34 1057 192 1081 nni-hancwin-

39 1089 136 1111 tutionem
167 1091 188 1112 in

36 1118 105 1142 elo-tt·
147 1121 189 1143 tre-

38 1151 89 1175 entl.
109 1153 188 1180 populo

38 1179 120 1204 ιιΙιοιι-ο.

36 1993 57 2011 ιιι
71 1994 171 2017 truncum·

33 2026 50 2042 m
59 2020 116 2043 liuius
122 2027 172 2050 con-

32 2053 113 2076 uotonis.

36 2535 176 2566 ‘transumptis

28 2567 122 2595 [inruptis
137 2569 176 2590 du-

37 2598 100 2622 {fides

70 216 85 230 ⁰⁴
95 233 125 263 c.
143 234 210 265 1583

219 303 391 340 processus
411 293 495 335 ipsos
520 288 720 323 continentes
752 285 846 319 valvis
866 285 970 319 eccle-

219 347 284 382 siae
303 347 335 381 S.
360 345 487 379 loannis
518 342 737 377 Lateranensis
761 345 791 373 et
819 338 969 372 basilicae

218 399 375 443 Principis
402 398 627 441 Apostolorum
654 395 693 427 dc
717 393 801 426 Urbe
830 390 968 435 appendi

216 453 382 492 faciemus
405 463 486 495 quac
503 460 670 495 processus
693 449 777 492 ipsos
801 445 891 490 quasi
919 454 968 478 so-

215 517 296 540 noro
326 505 499 550 praeconio
520 510 547 537 et
580 503 689 547 patulo
711 500 830 534 indicio
859 498 966 543 publi-

215 561 347 599 cabunt,
370 564 404 592 ut
425 559 444 591 ii
470 569 550 601 quos
586 565 754 600 processus
777 551 966 587 huiusmodi

213 613 414 656 contingunt,
434 611 520 656 quod
533 610 668 654 adipsos
686 617 751 640 non
762 605 963 650 pervenerint

211 671 267 699 aut
285 666 372 710 quod
397 665 483 709 ipsos
516 661 733 707 ignoraverint
749 660 872 693 nullam
888 669 963 703 pos-

209 720 273 754 sint
293 719 530 753 excusationem
558 715 767 761 praetendere
792 718 847 746 aut.
873 713 964 756 igno-

207 770 345 807 rantiam
365 773 518 816 allegare,
541 781 615 804 cum
632 779 697 802 non
716 767 756 801 sit
785 766 960 800 verisimile

206 825 240 859 id
258 836 426 860 remancre
447 825 658 868 incognitum,
677 822 763 866 quod
775 827 839 855 tam
852 825 962 864 paten-

206 884 255 913 ter
276 879 427 914 omnibus
447 879 642 924 publicatur.

247 932 263 976 fi
282 932 335 966 28.
354 933 506 976 insuper,
524 928 856 975 utprocessusipsiac
867 937 959 971 prae-

203 991 311 1020 sentes
330 987 456 1020 litterae
477 998 513 1020 ac
534 985 642 1019 omnia
662 990 693 1017 et
713 983 838 1027 singula
858 981 891 1014 in
912 982 957 1015 eis

205 1045 354 1074 contenta
365 1051 403 1075 eo
415 1040 516 1083 magis
528 1041 605 1072 liant
616 1037 755 1078 notoria,
768 1048 832 1081 quo
845 1037 877 1070 in
887 1038 956 1081 ple-

203 1095 312 1139 risque
322 1095 503 1129 civitatibus
515 1100 545 1128 ct
555 1094 634 1127 locis
649 1093 770 1126 fuerint
781 1093 954 1137 publicata,

201 1147 357 1182 universis
377 1154 408 1182 et
428 1148 562 1191 singulis
583 1146 786 1191 patriarchis,
810 1146 956 1190 primati-

198 1202 272 1242 bus,
293 1201 559 1245 archiepiscopis,
582 1200 741 1245 episcopis
762 1200 952 1233 etlocorum

197 1254 382 1296 ordinariis,
403 1254 553 1299 praelatis
575 1261 605 1289 et
624 1254 805 1288 rectoribus
818 1253 951 1287 ubilibet

197 1308 381 1342 constitutis
390 1319 449 1352 per
468 1309 549 1342 haec
570 1308 689 1352 scripta
704 1306 950 1347 committimus,

198 1365 231 1394 et
249 1361 282 1394 in
301 1361 421 1395 virtute
440 1366 569 1395 sanctae
586 1360 789 1395 obedientiae
808 1359 952 1394 districte

192 1413 431 1459 praecipiendo
463 1414 655 1448 mandamus
675 1420 719 1455 ut,
750 1425 807 1458 per
840 1425 873 1447 se
902 1414 951 1447 vel

192 1467 294 1502 alium
315 1478 373 1502 seu
397 1469 490 1509 alios,
512 1474 696 1513 praesentes
716 1468 850 1509 litteras
864 1472 951 1512 post-

193 1534 292 1568 quam
300 1534 354 1557 eas
363 1524 558 1568 receperint,
573 1535 629 1558 seu
646 1534 757 1557 earum
778 1522 949 1561 habuerint

190 1577 356 1619 notitiam,
378 1579 477 1611 semel
497 1578 531 1610 in
551 1588 649 1617 anno,
671 1583 738 1616 aut,
761 1576 786 1609 si
798 1575 948 1621 expedire

190 1629 343 1672 viderint,
365 1630 463 1665 etiarn
484 1630 618 1675 pluries,
640 1630 673 1663 in
697 1629 841 1663 ecclesiis
869 1629 946 1670 suis,

189 1683 268 1717 dum
282 1683 322 1717 -in
343 1684 389 1718 eis
408 1684 513 1718 maior
532 1684 645 1729 populi
664 1683 838 1716 multitudo
850 1684 889 1716 ad
901 1683 948 1716 di-

191 1737 265 1771 vina
285 1738 485 1778 convenerit,
507 1737 697 1771 solemniter
716 1737 894 1781 publicent,
917 1741 948 1770 et

149 1800 151 1805 ’
189 1790 230 1825 ad
251 1789 514 1825 christifidelium
531 1797 656 1825 mentes
676 1792 846 1832 reducant,
862 1801 946 1824 nun-

189 1843 277 1878 cient
297 1850 330 1878 et
349 1845 524 1878 declarent.

231 1898 248 1942 g
280 1897 334 1932 29.
357 1898 508 1932 Ceterum
528 1899 697 1932 hortamur
717 1898 845 1932 eosdem
871 1900 946 1933 uni-

36 1958 299 1986 ntomrtiha-versos
319 1958 351 1986 et
375 1952 519 1996 singulos
543 1953 755 1995 patriarchas,
783 1955 944 1999 archiepi-

183 2017 311 2051 scopos
336 2007 506 2052 episcopos
525 2008 673 2052 aliosque
693 2009 842 2043 locorum
855 2010 943 2043 ordi-

184 2059 297 2094 narios
319 2065 350 2093 et
371 2061 587 2094 ecclesiarum
615 2062 786 2105 praelatos,
817 2074 943 2097 necnon

184 2117 328 2147 rectores
343 2119 533 2158 ceterosque
542 2126 653 2149 curam
664 2117 846 2150 animarum
854 2129 944 2152 exer-

185 2171 310 2207 centes,
331 2177 369 2200 ac
388 2168 591 2212 presbyteros
611 2170 792 2203 saeculares
813 2176 843 2204 et
860 2183 942 2216 quo-

185 2219 307 2252 rumvis
326 2219 484 2254 Ordinum
496 2222 673 2265 regulares,
686 2224 726 2256 ad
743 2225 940 2260 audiendum

187 2272 406 2306 confessiones
425 2274 536 2318 quavis
556 2276 744 2310 auctoritate
760 2278 939 2322 deputatos,

187 2330 223 2359 ut
242 2331 482 2370 transumptum
502 2328 618 2362 harum
638 2330 817 2364 litterarum
843 2343 940 2375 penes

187 2388 222 2412 sc
241 2378 371 2420 hahere,
395 2380 503 2423 legere
522 2389 553 2414 et
572 2382 743 2431 diligenteig
755 2386 939 2421 examinare

188 2438 380 2476 procurent.

232 2481 248 2525 g
271 2481 326 2515 30.
354 2482 501 2516 Volentes
513 2486 699 2518 earumdem
720 2489 937 2530 praesentium

188 2531 412 2575 transumptis,
438 2533 534 2566 etiam
555 2534 729 2578 impressis,
745 2537 861 2570 notarii
876 2550 937 2582 pu-

189 2579 265 2613 blici
288 2591 387 2614 manu
413 2582 612 2626 subscriptis,
641 2590 672 2617 et
699 2585 801 2628 sigillo
823 2587 937 2621 iudicis

189 2628 345 2663 ordinarii
364 2630 528 2666 Romanae
538 2632 652 2667 Curiae
663 2634 711 2668 vel
722 2635 854 2669 alterius
864 2647 937 2681 per-

840 230 1015 256 GREGORIUS
1033 231 1088 255 xm
1108 232 1154 255 ΓΡ.

1012 293 1109 318 sonae
1128 283 1159 316 in
1185 284 1338 329 (lignitate
1367 286 1583 322 ecclesiastiea
1607 289 1761 323 constitu-

1012 342 1061 371 tae
1077 338 1224 379 munitis,
1261 341 1407 374 eamdem
1428 352 1562 385 prorsus
1589 341 1700 384 sidem,
1727 344 1760 379 in

1011 390 1130 424 iudicio
1151 398 1182 424 et
1195 399 1283 427 extra
1303 394 1395 435 illud,
1418 394 1538 438 ubique
1549 395 1759 430 locorumad-

1010 444 1183 478 bibendam
1211 446 1291 489 sore,
1319 459 1401 491 quae
1432 449 1507 492 ipsis
1534 450 1758 493 praesentibus

1008 497 1228 541 adhiberetur,
1254 500 1279 533 si
1315 508 1419 535 essent
1446 503 1603 537 exhibitae
1631 504 1679 537 vel
1708 515 1758 538 os-

1008 555 1128 586 tensae.

1651 225 1714 258 419
1773 235 1826 262 An.
1842 234 1871 263 c.
1892 229 1959 262 ¹583

1051 607 1065 649 ᾗ
1085 606 1139 640 31.
1174 608 1259 642 Nulli
1280 621 1356 653 ergo
1376 611 1507 645 omnino
1527 612 1697 646 hominum
1719 614 1757 648 li·
1795 628 1881 651 Sanctio
1899 634 1954 658 poe-

1006 667 1076 695 ceat
1098 663 1181 696 lianc
1201 664 1350 708 paginam
1378 670 1504 698 nostrae
1536 669 1756 701 excommuni-

1005 716 1160 757 cationis,
1186 718 1535 760 anathematizationis,
1571 720 1751 764 interdicti,

1004 771 1240 813 declarationis,
1270 774 1518 816 protestationis,
1550 775 1751 819 sublationis,

1002 825 1225 866 revocationis,
1247 827 1494 869 commissionis,
1522 828 1750 871 innodationis,

1002 879 1155 921 mandati,
1178 880 1372 913 hortationis
1391 885 1422 913 et
1440 881 1610 914 voluntatis
1635 882 1751 915 infrin-

1000 944 1085 975 gere,
1102 934 1151 967 vel
1172 934 1200 967 ei
1225 945 1305 967 ausu
1332 934 1502 967 temerario
1523 935 1695 969 contraire.
1717 936 1749 969 Si

999 987 1072 1031 quis
1091 993 1199 1021 autem
1219 988 1281 1021 hoc
1306 993 1462 1021 attentare
1482 990 1747 1033 praesumpserit,

998 1041 1252 1085 indignationem
1273 1041 1503 1086 omnipotentis
1518 1042 1572 1075 Dei
1593 1044 1748 1077 aebeato-

998 1106 1070 1127 rum
1095 1096 1178 1129 Petri
1200 1101 1230 1130 et
1249 1096 1339 1129 Pauli
1368 1097 1588 1141 apostolorum
1616 1096 1685 1130 eius
1713 1108 1746 1132 sc

996 1149 1119 1182 noverit
1135 1149 1355 1183 incursurum.

1038 1203 1152 1236 Datum
1187 1204 1308 1237 Romae
1328 1204 1413 1248 apud
1430 1204 1582 1238 Sanctum
1599 1203 1740 1245 Petrum,

995 1267 1079 1289 anno
1098 1257 1330 1291 Incarnationis
1358 1257 1539 1291 dominicae
1571 1258 1742 1291 millesimo

993 1311 1253 1354 quingentesimo
1273 1311 1492 1354 octuagesimo
1514 1311 1622 1351 tertio,
1638 1312 1742 1355 pridie

993 1375 1094 1398 nonas
1114 1365 1237 1409 aprilis,
1259 1365 1463 1409 pontificatus
1482 1365 1580 1398 nostri
1601 1375 1685 1399 anno
1696 1376 1738 1398 X1.

1052 1433 1115 1464 Dat.
1133 1434 1180 1464 die
1195 1433 1213 1463 4
1227 1434 1331 1474 aprilis
1344 1434 1432 1472 1583,
1446 1438 1527 1473 pont.
1544 1443 1621 1463 anno
1640 1441 1679 1464 xi.

1290 1628 1440 1662 CXLVIII.

991 1714 1083 1755 Quod
1110 1714 1350 1757 praecepitei-iae
1387 1714 1525 1746 militiae
1553 1718 1582 1747 et
1604 1714 1736 1748 Ordinis

1031 1768 1147 1801 Sancta·
1165 1768 1303 1801 Ioannis
1323 1768 1735 1811 H1'‹⁷rosol3mtitam'vacent

1028 1832 1087 1865 per
1107 1823 1339 1865 promotionem
1358 1823 1401 1854 ad
1419 1822 1636 1865 episcopatum
1655 1821 1682 1855 1.

1042 1913 1188 1949 Gregorius
1202 1913 1344 1949 episcopus
1360 1919 1455 1941 servus
1470 1919 1610 1941 servorum
1623 1912 1680 1945 Dei,

960 1965 967 2230 Ι
1149 1967 1183 1995 ad
1202 1967 1328 1995 futuram
1343 1967 1385 1995 rei
1399 1966 1567 1995 memoriam.

1029 2047 1252 2080 Controversia
1294 2047 1375 2080 inter
1405 2046 1621 2079 venerabilem
1667 2048 1731 2080 fra-

986 2107 1067 2134 trern
1087 2107 1233 2134 nostrum
1254 2102 1408 2133 Thomam
1430 2100 1617 2143 episcopum
1635 2101 1730 2135 Mele-

983 2156 1140 2194 vitanum,
1177 2161 1203 2187 et
1231 2155 1384 2187 dilectum
1410 2154 1512 2187 silium
1544 2157 1729 2191 lllichaclem

983 2209 1140 2242 Palentin.
1181 2208 1325 2253 proxime
1362 2208 1528 2248 suscitata,
1562 2211 1730 2246 occasione

982 2262 1224 2305 praeceptoriae
1245 2262 1283 2293 de
1303 2260 1470 2302 Masdensi,
1490 2261 1651 2305 prioratus
1670 2264 1728 2298 Ca-

982 2316 1178 2354 thalauniae,
1204 2315 1370 2359 hospitalis
1388 2315 1419 2348 S.
1442 2316 1728 2353 loannisllieroso-

980 2369 1137 2413 lymitani,
1149 2370 1186 2401 ‹lc
1196 2380 1271 2411 qua,
1282 2369 1406 2412 pridem
1413 2375 1544 2403 vacante
1556 2381 1613 2414 per
1623 2381 1728 2405 susce-

980 2423 1122 2466 ptionem
1143 2423 1287 2455 muneris
1310 2423 1561 2457 consecrationis
1583 2424 1726 2459 ciusdem

957 2475 1135 2520 ,episcopL
1158 2475 1243 2508 dicto
1269 2476 1413 2509 Michaeli
1439 2476 1595 2511 canonice
1620 2479 1726 2522 provi-

979 2542 1050 2564 sum
1061 2532 1177 2571 iuerat,
1187 2529 1254 2575 ipsc
1270 2542 1343 2564 vero
1355 2531 1538 2576 episcoqu
1549 2533 1649 2574 illam,
1660 2544 1725 2567 non

956 2617 958 2638 ,
1014 2603 1023 2629 1
1037 2601 1139 2629 Deliae
1147 2601 1245 2630 militia
1255 2602 1318 2630 vide
1334 2603 1367 2630 ad
1378 2603 1519 2632 Anastasii
1532 2603 1567 2632 IV
1576 2607 1666 2633 const.
1676 2610 1723 2639 xv,

955 2641 958 2666 ff
978 2646 1160 2682 Christianae,
1176 2650 1243 2674 tom.
1262 2653 1293 2681 11,
1309 2654 1370 2683 pag.
1387 2648 1448 2676 618.

1769 660 1831 682 nutis.

1775 2062 1929 2087 Controversia

1746 2098 1808 2119 super

1835 2097 1928 2116 vacatio<

1744 2130 1778 2150 ne,
1801 2125 1827 2146 da
1851 2132 1891 2153 qua
1905 2133 1927 2149 m

1743 2154 1801 2176 rubr.
