2059 3228
392 223 433 253 uu

349 293 377 320 et
403 287 708 325 eonsuetmlinibus3
742 286 912 330 privilegiis
940 297 1090 330 quoque,

349 341 479 373 indultis
494 347 525 373 et
539 341 651 372 litteris
663 339 858 384 apostolicis,
873 340 934 373 illis
945 340 1092 372 illorum-

347 404 409 436 que
425 392 645 436 superioribus
664 398 696 425 et
714 392 871 436 personis.
886 392 945 424 sub
960 391 1093 435 quibus-

347 456 486 489 cumque
507 445 673 478 tenoribus
692 450 723 479 et
741 445 863 485 formis,
881 456 1002 478 aecum
1019 445 1091 487 qui-

346 499 462 537 busvis,
477 498 572 531 etiam
584 498 857 541 derogatoriarum
872 497 1090 539 derogatoriis,

345 551 478 593 aliisque
504 551 738 584 efficacioribus
757 557 788 585 et
813 550 1042 585 efficacissimis
1061 555 1092 583 et

346 603 480 636 insolitis
504 603 657 637 clausulis
681 610 711 637 et
739 604 886 644 decretis,
918 603 949 635 in
974 613 1090 645 genere

343 657 390 688 vel
407 656 438 688 in
458 657 565 699 specie
585 667 621 690 ac
641 657 719 690 alias
740 657 770 690 in
795 657 992 690 contrarium
1008 666 1090 698 quo-

345 709 519 743 modolibet
538 711 698 743 concessis
718 716 747 743 et
767 709 945 749 innovatis;
972 709 1090 752 quibus

342 762 507 803 omnibus,
529 763 623 796 etiam
644 763 667 795 si
689 764 727 796 de
745 763 807 795 illis
822 773 1000 805 eorumque
1017 761 1090 795 totis

343 815 508 849 tenoribus
532 816 691 860 specialis,
719 816 866 859 specifica
886 826 922 847 ac
942 825 1090 858 expressa

342 874 372 901 et
393 868 555 902 individua
574 869 694 901 mentio
715 880 770 901 seu
798 867 926 911 quaevis
946 867 1007 900 alia
1036 879 1088 901 ex-

342 922 465 964 pressio
485 922 644 959 habenda,
662 927 717 954 aut>
734 922 840 965 aliqua
855 921 918 954 alia
933 921 1089 964 exquisita

341 974 443 1007 forma
454 975 564 1007 adhoc
579 975 731 1007 servanda
744 975 835 1013 foret,
851 973 981 1007 illorum
1001 980 1090 1007 teno-

341 1038 404 1067 res,
417 1038 453 1060 ae
464 1038 501 1060 ac
513 1027 538 1059 si
549 1028 644 1060 verbo
664 1027 701 1059 ad
717 1027 848 1060 verbum
870 1027 1089 1060 insererentur

341 1081 576 1123 praesentibus,
592 1091 649 1123 pro
667 1080 824 1124 expressis
838 1080 1003 1120 habentes,
1026 1080 1088 1113 illis

340 1134 419 1166 alias
439 1134 470 1166 in
490 1144 548 1166 suo
564 1134 681 1166 robore
700 1133 932 1177 permansuris,
949 1133 1010 1166 hac
1020 1133 1087 1167 vice

341 1187 515 1227 dumtaxat,
535 1186 716 1229 specialiter
735 1191 765 1219 et
786 1197 934 1230 expresse
954 1186 1087 1230 deroga-

342 1251 434 1279 mus;
460 1245 515 1272 aut
539 1240 563 1272 si
589 1239 766 1282 aliquibus,
796 1239 1012 1272 communiter
1039 1240 1087 1272 vel

342 1293 478 1332 divisim,
501 1293 539 1325 ab
558 1292 739 1336 Apostolica
759 1293 798 1325 sit
818 1292 898 1325 Sede
925 1291 1086 1325 indultum

341 1346 427 1389 quod
449 1346 606 1385 interdici,
628 1345 781 1389 suspendi
796 1346 844 1378 vel
865 1346 1086 1379 excommuni-

341 1399 406 1431 cari
424 1409 487 1431 non
510 1399 629 1442 possint
660 1409 718 1441 per
747 1397 868 1431 litteras
896 1398 1088 1442 apostolicas

341 1462 405 1484 non
426 1451 576 1484 facientes
599 1452 726 1494 plenam
744 1457 774 1483 et
794 1461 975 1494 expressam
991 1461 1028 1484 ae
1048 1451 1087 1484 de

340 1504 437 1537 verbo
457 1504 495 1536 ad
519 1504 663 1543 verbum,
684 1503 721 1536 de
746 1503 871 1536 indulto
886 1503 1084 1544 huiusmodi,

342 1557 551 1589 mentionem.

385 1610 497 1642 Datum
532 1610 650 1642 Romae
683 1608 769 1653 apud
795 1609 826 1642 S.
857 1609 1000 1649 Petrum,
1028 1609 1087 1642 sub

341 1663 461 1695 annulo
492 1662 672 1701 piscatoris,
695 1662 746 1694 die
765 1662 979 1695 decimasexta
1001 1663 1087 1706 apri-

342 1715 397 1754 lis,
428 1715 598 1747 millesimo
629 1714 886 1758 quingentesimo
919 1721 1087 1758 septuage-

342 1767 423 1800 simo
442 1773 569 1810 quarte,
597 1767 800 1810 pontificatus
819 1767 920 1800 nostri
945 1777 1029 1800 anno
1051 1778 1084 1800 11.

380 1825 443 1855 Dat.
460 1825 507 1855 die
523 1826 559 1855 tt}
578 1825 680 1865 aprilis
696 1826 783 1864 1574,
801 1825 904 1865 pontis.
921 1834 998 1855 anno
1017 1835 1047 1856 11.

153 231 198 258 Λη.
218 231 246 257 C.
268 233 330 258 invi

658 1925 762 1958 XXVI.

344 1988 517 2021 Innovatz'o
556 1989 824 2022 constitutionum
864 1988 1006 2032 Eumne?
1042 1988 1094 2021 IV

388 2043 474 2074 circa
488 2046 679 2085 potestatem
703 2042 911 2085 definitorum
933 2047 961 2075 el
980 2043 1090 2075 visita-

390 2099 493 2128 torum
512 2096 767 2138 conqreqationis
781 2095 993 2135 cassinensis,
1008 2096 1091 2128 alias

388 2148 526 2181 Sanctae
537 2149 696 2189 bastinae,
715 2149 947 2181 monachorum
959 2147 1091 2182 Ordinis

389 2200 423 2233 S.
438 2202 622 2242 Bezzeclz'cti;
638 2202 853 2245 etprohz'bitio
866 2203 1006 2235 ambitus
1018 2213 1090 2234 nec-

391 2265 456 2286 non
481 2256 707 2298 appellationis
733 2267 753 2289 a
776 2256 933 2299 praelatis
955 2256 1092 2288 eiusdem

391 2309 646 2351 conyreyationis
661 2308 687 2340 1.

349 2368 569 2414 Gregorinsra'pa
576 2379 644 2412 Xlll,
654 2380 687 2407 ad
699 2380 860 2416 perpetuam
873 2379 914 2407 rei
927 2380 1093 2407 memoriam.

392 2439 476 2471 Nihil
497 2439 530 2472 in
548 2451 742 2484 unaquaque
756 2441 906 2485 religiosa
917 2441 1048 2481 familia,
1062 2441 1094 2474 in

189 2503 214 2525 ιη
227 2503 336 2529 neiigtone
350 2502 414 2536 qua
441 2492 621 2526 obedientia
650 2495 832 2528 firmissime
863 2494 952 2528 iactis
979 2495 1094 2528 sunda-

388 2560 397 2584 l
419 2558 496 2590 Quae
510 2559 665 2593 respiciunt
678 2561 758 2588 istam
770 2561 1017 2596 congregationem
1029 2560 1095 2588 vide

355 2603 380 2628 in
398 2602 456 2628 Iulii
472 2600 494 2628 lt
515 2606 604 2631 const.
621 2609 650 2637 11,
671 2604 765 2638 Super,
787 2609 796 2632 ῑ
823 2611 849 2639 v,
867 2612 927 2640 pag.
945 2604 1004 2632 400.

913 230 1090 254 BULLAnnnu
1114 229 1263 253 nOMANtut

1897 230 1946 260 An.
1959 231 2019 264 02³1
2046 240 2047 244 ¹

1136 281 1262 321 inentis,
1284 280 1432 324 plerique
1454 281 1565 316 fideles
1581 282 1611 315 in
1627 283 1774 317 claustris
1793 282 1883 316 Altis-
1895 290 1948 327 nnn}
1961 292 2027 328 utinu-
2044 299 2047 328 3

1134 334 1216 366 simo
1237 333 1383 366 famulari
1409 334 1548 375 student,
1567 347 1669 379 aeque
1689 336 1884 369 arbitramur
1894 320 2033 386 ξξὲἑῖῗὲζζ,

1134 397 1201 419 esse
1222 385 1299 419 utile
1320 396 1417 428 quam
1437 397 1620 430 supremam
1636 387 1668 421 in
1684 388 1803 421 eisdem
1822 398 1882 421 au·
2032 388 2047 395 “’

1133 439 1312 471 cleritatem
1343 439 1538 481 gerentibus,
1570 440 1657 474 omni
1678 441 1883 475 contentione

1132 492 1271 531 exclusa,
1288 502 1325 524 ea
1347 502 1410 535 qua
1430 492 1522 525 decet
1543 493 1733 533 reverentia,
1752 493 1881 527 univer-

1132 555 1183 577 sos
1217 556 1348 588 parere,
1377 555 1557 589 eorumque
1588 547 1682 580 dietis
1714 547 1881 581 audientes

1132 608 1212 637 esse,
1234 609 1361 631 necnon
1376 609 1394 631 a
1405 598 1561 641 regularis
1570 599 1788 633 observantiae
1804 611 1880 645 pro-

1130 651 1289 684 fessorum
1313 652 1500 695 pectoribus
1523 652 1683 686 bonorum
1708 664 1882 698 assequen-

1131 703 1248 737 dorum
1267 705 1400 738 nimiam
1421 704 1628 749 cupiditatem
1649 707 1789 740 exulare.
2014 748 2017 753 .

1174 758 1189 801 ἓ
1209 758 1240 791 t.
1263 758 1367 802 thue
1387 759 1476 798 haee,
1497 759 1602 791 divina
1622 759 1785 793 assistente
1805 770 1878 802 gra·
1892 802 1896 806 ι
1911 749 2051 799 naec-itai

1132 821 1183 850 ua,
1193 810 1329 844 maxime
1345 811 1377 844 in
1386 812 1632 854 congregatione
1644 813 1878 846 monachorum
1891 806 2032 854 ζῗ,ῗέ,ζζῗ’,,ἶ’““.

1130 864 1168 896 de
1183 864 1387 898 Observantia
1398 865 1655 908 congregationis
1669 865 1876 907 Cassinensis,
1892 863 1942 885 ‘⁵¹²¹
1951 858 2049 912 ΜΨ

1130 917 1207 949 alias
1227 917 1258 950 S.
1281 917 1418 950 Iustinae
1439 917 1477 950 de
1494 917 1614 958 Padua,
1631 917 1759 951 Ordinis
1773 918 1806 952 S.
1823 919 1878 952 Be·
2047 914 2050 920 ’

1130 969 1260 1011 nedieti,
1283 981 1364 1013 quae
1390 970 1471 1004 vitae
1492 971 1658 1004 sanctitate
1685 971 1814 1012 claruit,
1841 981 1879 1005 ex

1129 1023 1285 1056 sententia
1304 1029 1412 1057 nostra
1431 1024 1615 1065 succedant,
1633 1024 1781 1068 antiquas
1799 1035 1878 1058 con-

1129 1076 1310 1110 stitutiones
1347 1077 1591 1121 approbandas,
1620 1083 1652 1111 et
1676 1078 1710 1110 in
1746 1078 1877 1111 illarum

1131 1133 1380 1171 transgressores
1394 1129 1542 1163 duriores
1557 1140 1676 1173 poenas
1690 1141 1876 1174 proponen-

1128 1182 1195 1222 das,
1214 1188 1245 1215 et
1263 1183 1341 1215 alias
1360 1189 1541 1226 opportune
1555 1183 1787 1227 providendum
1807 1194 1877 1217 esse

1128 1246 1308 1276 censemus,
1330 1241 1427 1279 prout
1445 1237 1478 1268 in
1496 1236 1632 1270 Domino
1657 1236 1876 1280 conspicimus

1128 1289 1291 1332 expedire.

1171 1342 1236 1385 5⁶2.
1260 1341 1450 1386 Accepimus
1469 1341 1555 1375 enim
1580 1342 1679 1385 quod,
1704 1342 1779 1375 licet
1796 1343 1890 1376 aliasv
1925 1348 2030 1385 Rusoni-3⁵

1128 1395 1229 1428 felicis
1260 1395 1492 1428 recordationis
1510 1395 1673 1439 Eugenius
1700 1396 1786 1440 Papa
1821 1396 1871 1437 IV,
1887 1380 2051 1435 isiii‘iiludeay

1128 1449 1356 1491 praedecessor
1379 1454 1500 1489 noster,
1527 1449 1586 1482 sub
1612 1449 1726 1482 Datum
1754 1449 1874 1487 Romae
1887 1442 1995 1467 gen⁰¹³¹³⁸
2017 1447 2030 1464 ⁰

1887 1473 1988 1494 dtenitam
2014 1473 2036 1494 h

1128 1501 1213 1545 apud
1233 1502 1263 1535 S.
1291 1501 1420 1534 Petrum
1438 1512 1522 1534 anno
1531 1501 1658 1534 Domini
1670 1511 1871 1542 Mecccnxu,
1887 1504 2003 1555 {22¹2}ssss
2007 1506 2035 1555 οἵ

1128 1565 1214 1587 nono
1230 1555 1381 1588 kalendas
1396 1555 1587 1593 decembris,
1602 1552 1809 1597 pontificatus
1823 1565 1874 1587 sul
1888 1568 1910 1586 et
1946 1565 2034 1586 desumi

1128 1618 1211 1640 anno
1231 1618 1273 1648 H,
1295 1608 1379 1641 inter
1402 1607 1475 1647 alia,
1503 1607 1640 1641 voluerit
1672 1607 1704 1640 in
1732 1607 1874 1652 capitulo
1888 1595 2035 1654 ssssss'wffss'm

1128 1662 1269 1704 generali
1289 1662 1434 1694 eiusdem
1460 1661 1717 1704 congregationis
1741 1661 1875 1704 singulis

1129 1715 1220 1748 annis
1244 1715 1448 1756 celebrando,
1486 1725 1598 1748 novem
1625 1715 1808 1748 definitores
1838 1726 1876 1748 ex

1130 1768 1296 1801 monachis
1316 1767 1418 1800 dietae
1439 1767 1697 1810 congregationis
1717 1766 1803 1810 eligi,
1819 1767 1876 1811 qui

1128 1831 1238 1854 vocem
1248 1821 1279 1853 in
1291 1821 1431 1865 capitulo
1443 1820 1609 1860 haberent,
1627 1820 1737 1863 sieque
1748 1820 1876 1862 electos,

1131 1880 1232 1907 totum
1244 1874 1419 1917 capitulum
1432 1873 1609 1917 praefatum
1621 1880 1874 1917 repraesentare,

1130 1927 1382 1970 eorumden'ique
1407 1926 1613 1960 definitorum
1638 1927 1772 1967 statutis,
1801 1938 1878 1961 con-

1131 1981 1362 2020 stitutionibus,
1388 1979 1656 2020 ordinationibus,
1684 1980 1878 2014 definitioni·

1130 2033 1190 2066 bus
1210 2039 1240 2066 et
1260 2032 1515 2066 correctionibus
1534 2033 1677 2073 singulos
1701 2043 1877 2077 congrega-

1131 2087 1228 2119 tionis
1260 2087 1403 2120 eiusdem
1422 2087 1611 2125 monachos,
1642 2086 1878 2132 cuiuscumque

1132 2139 1301 2181 dignitatis,
1321 2145 1431 2178 status,
1454 2140 1571 2182 gradus
1597 2139 1659 2172 sive
1686 2140 1878 2174 conditionis

1133 2192 1312 2232 existerent,
1332 2192 1363 2225 in
1389 2193 1539 2226 omnibus
1558 2193 1732 2226 efficaciter
1749 2204 1875 2236 parere,

1133 2257 1170 2279 ac
1194 2245 1378 2278 huiusmodi
1405 2246 1590 2279 definitores
1615 2247 1652 2279 tle
1678 2247 1878 2280 monasteriis

1134 2304 1165 2331 et
1183 2298 1261 2331 loeis
1277 2298 1470 2342 illorumque
1490 2299 1593 2339 bonis,
1617 2305 1711 2343 prout
1737 2299 1880 2333 viderent

1134 2351 1303 2395 expedire,
1330 2352 1521 2395 disponere,
1553 2363 1679 2385 necnon
1705 2363 1743 2385 ex
1766 2363 1879 2386 mona-

1135 2400 1219 2440 cbis,
1239 2406 1315 2433 tunc
1339 2401 1561 2443 praesentibus
1579 2406 1610 2433 et
1636 2400 1765 2441 futuris,
1797 2411 1878 2443 quos

1135 2449 1173 2481 ad
1199 2449 1231 2481 id
1256 2449 1388 2482 idoneos
1419 2450 1657 2490 iudicavissent,
1687 2450 1720 2482 in
1748 2449 1879 2483 abbates

1135 2508 1194 2541 pro
1211 2503 1354 2541 tempore
1365 2498 1544 2531 vacantium
1558 2497 1826 2531 monasteriorum
1841 2509 1878 2531 ae

1136 2545 1339 2589 prioratuum
1359 2546 1558 2587 huiusmodi,
1571 2546 1659 2587 alias,
1676 2546 1762 2579 iuxta
1776 2546 1878 2580 dictae

1137 2595 1393 2638 congregationis
1424 2595 1678 2636 constitutiones,
1709 2595 1880 2628 ordinatio-

1914 477 1990 543 ,ι
