2059 3228
73 219 78 223 -
96 207 191 244 Aac.
211 208 279 236 ¹575

110 1063 167 1084 Paeti
196 1066 265 1086 certes

84 1097 104 1113 et
115 1095 208 1121 sinupsts
216 1100 265 1116 oon-

83 1126 202 1147 stitutionis

83 1155 113 1177 Pii
129 1156 152 1178 V.

340 200 403 233 11ss

292 266 398 293 monet
421 266 451 293 ct
475 260 595 292 inducit
623 265 656 292 ut
686 259 773 293 circa
795 265 911 294 statum
932 263 1035 295 cccle-

291 312 410 345 siarum
426 312 643 355 quarumlibet
660 323 814 357 prospere
830 315 1033 357 dirigendum

290 366 424 399 sollicite
454 366 672 407 intendentes,
699 377 781 409 quae
798 378 855 411 per
875 368 1035 401 Romanos

289 418 458 451 Pontitices
473 419 734 461 praedecessores
751 426 888 461 nostros,
907 432 943 454 cx
961 433 1035 454 cau-

289 471 330 503 sis
348 477 423 503 tunc
443 472 683 514 apparentibus.
704 473 864 506 interdum
883 485 1032 507 concessa

288 530 373 564 sunt,
395 525 420 556 si
438 524 581 557 ecclesiis
597 525 673 568 ipsis
690 531 721 559 et
740 527 867 559 illarum
890 528 1032 570 personis

287 577 494 610 incommodo
515 577 577 610 sint
596 588 660 611 non
681 579 847 619 mediocri,
870 591 906 612 ac
927 581 1033 613 cultus

285 628 381 662 divini
405 630 580 674 salutisque
604 631 785 665 animarum
806 633 960 666 iacturam
981 633 1030 666 in-

285 681 414 723 ducant,
429 683 463 715 in
483 694 519 716 ea
536 689 626 727 parte
646 696 844 725 revocemus,
863 691 891 718 et
911 686 950 719 ad
968 687 1032 730 pri-

285 734 404 768 stinum
436 741 467 769 et
497 737 639 770 debitum
671 743 787 771 statum
818 739 1027 778 reducamus,

283 787 426 832 aliasque
445 789 584 834 desuper
603 791 822 834 disponamus,
844 798 939 836 prout
959 803 1030 835 per-

281 852 452 884 sonarum,
481 854 590 876 rerum
613 850 644 877 et
668 845 813 878 locorum
835 845 1028 878 conditioni—

279 894 340 927 bus
357 896 509 939 pensatis,
533 897 750 941 conspicimus
770 898 802 930 in
823 898 958 931 Domino
978 909 1027 931 sa-

279 947 419 981 lubriter
438 950 600 992 expedire.

323 1001 339 1044 ἓ
358 1001 389 1034 ’1.
407 1002 535 1035 Dudum
552 1003 710 1046 siquidem
731 1004 867 1037 ecclesia
879 1009 955 1037 tunc
970 1016 1026 1048 pa-

279 1055 431 1088 rochialis
472 1056 578 1089 Sancti
617 1057 738 1090 Nicolai
775 1057 814 1089 de.
855 1057 1026 1090 Praefectis

259 1114 476 1152 muncupata,
496 1109 636 1152 regionis
646 1109 756 1152 Campi
773 1110 873 1142 Martii
886 1110 924 1143 de
942 1110 1025 1143 Urbe

277 1171 336 1204 per
354 1161 603 1204 resignationem
629 1163 736 1195 dilecti
757 1163 814 1194 filii
831 1163 1024 1196 Brancadori

278 1214 459 1247 Tornaboni
485 1215 523 1247 dc
543 1215 724 1256 Petriculo,
753 1216 828 1247 olim
849 1216 950 1259 ipsius
974 1227 1024 1249 re-

277 1267 392 1308 ctoris,
419 1267 457 1301 de
477 1268 551 1308 illa,
576 1279 670 1312 quam
694 1274 767 1301 tunc
789 1269 970 1310 obtinebat,
994 1272 1023 1302 in

276 1320 426 1353 manibus
452 1320 554 1354 felicis
582 1321 815 1354 recordationis
844 1322 890 1354 Pii
922 1322 1023 1365 Papae

275 1372 393 1416 quinti,
407 1374 668 1417 praedecessoris
685 1375 798 1413 nostri,
813 1375 851 1407 ad
872 1375 1022 1408 ellectum

275 1425 336 1459 sihi
348 1426 387 1459 de
402 1427 611 1460 canonicatus
628 1433 659 1460 et
671 1427 854 1471 praebenda
868 1429 1022 1461 ecclcsiae

275 1479 308 1512 S.
331 1479 493 1512 Laurentii
514 1480 547 1512 in
566 1480 720 1521 Damaso,
743 1480 838 1513 etiam
860 1481 898 1514 de
919 1481 1020 1522 t'rlie,

275 1542 357 1576 quos
386 1532 522 1566 dilectus
551 1533 638 1566 filius
666 1534 825 1567 Robertus
855 1535 1020 1576 Fontana,

274 1585 352 1618 olim
372 1585 473 1629 ipsius
492 1586 647 1619 ecelesiae
668 1587 776 1620 Sancti
792 1587 954 1620 Laurentii
973 1599 1022 1620 ca-

273 1636 423 1679 nontcus,
441 1643 518 1671 tunc
535 1639 709 1679 obtinebat,
729 1650 788 1682 pro
802 1639 870 1682 ipsa
888 1641 1022 1673 ccclesia

273 1690 306 1724 S.
325 1691 445 1724 Nicolai
459 1692 693 1735 provideretur,
707 1703 767 1725 nec
783 1693 887 1733 aliter,
908 1699 1022 1737 sponte

273 1744 391 1778 etalias
403 1745 502 1778 libere
513 1746 640 1785 factam,
656 1751 686 1778 et
699 1756 756 1789 per
772 1746 920 1779 eumdem
940 1758 1021 1790 prie-

273 1797 476 1831 decessorem
510 1798 681 1831 admissam
713 1804 879 1831 vacantem
894 1826 901 1839 ,
938 1799 1021 1833 idem

271 1850 502 1894 praedecessor
515 1877 523 1891 ‚
557 1862 595 1884 ex
627 1851 722 1884 certis
754 1856 831 1884 tunc
865 1853 1021 1895 expressis

274 1903 392 1945 causis,
411 1908 501 1937 motu
517 1904 648 1948 proprio
665 1909 696 1937 et
718 1914 755 1937 ex
776 1909 862 1937 certa
889 1905 1021 1938 scientia

271 1967 309 1988 ac
331 1955 370 1989 de
395 1957 591 2000 apostolicae
612 1957 778 2001 potestatis
801 1958 1018 2001 plenitudine,

273 2020 385 2042 curam
396 2010 616 2043 omnimodam
623 2011 895 2054 parochianorum
908 2012 1021 2055 iusque

273 2062 499 2096 etexercitium
511 2064 696 2107 parochiale
711 2063 897 2097 universum
908 2075 926 2097 a
939 2065 1022 2097 dicta

273 2115 409 2147 ecclesia
434 2127 492 2159 per
516 2127 589 2150 suas
610 2117 731 2150 litteras
756 2123 912 2161 perpetuo
933 2119 1022 2151 abdi-

273 2168 366 2210 cavit,
394 2167 513 2215 illaque
538 2181 575 2203 ac
601 2170 733 2203 dilectos
753 2170 835 2203 filios
856 2170 1022 2203 universos

273 2226 304 2254 et
328 2221 471 2264 singulos
494 2223 637 2256 eiusdem
663 2223 816 2256 eeclesiae
841 2223 873 2256 S.
900 2223 1021 2256 Nicolai

271 2279 351 2306 tunc
371 2275 586 2317 parochianos
606 2275 775 2320 utriusque
794 2286 888 2309 sexus
912 2276 951 2308 ad
971 2287 1022 2308 ec-

275 2325 406 2358 clesiam
432 2327 463 2359 S.
490 2328 652 2361 Laurentii
678 2328 711 2361 in
730 2328 851 2361 Lucina
876 2327 1022 2361 similiter

274 2379 313 2411 de
328 2379 423 2420 Urbe,
441 2390 522 2422 quae
538 2381 633 2414 etiam
652 2388 728 2414 ωηο
744 2381 940 2425 parochialis
955 2380 1021 2413 exi-

275 2428 389 2469 stebat,
413 2440 527 2472 parum
548 2430 623 2464 inde
648 2435 804 2464 remotam
824 2437 856 2464 et
876 2429 1022 2473 alioquin

275 2487 448 2520 capacem,
481 2479 661 2518 transtulit,
689 2486 719 2513 et
745 2480 780 2512 in
807 2478 1022 2523 parochianos

275 2526 455 2570 adscripsit,
477 2537 514 2559 ac
534 2527 623 2560 iussit
646 2528 718 2561 illos
737 2528 777 2560 ad
797 2538 867 2560 eam
887 2526 1022 2560 tranisrc

274 2584 312 2608 ac
328 2585 387 2619 per
408 2575 541 2610 dilectos
555 2575 638 2610 tilios
657 2576 743 2610 illius
769 2575 1022 2621 arcliipresbyte-
1039 2590 1046 2624 Ι

870 211 1046 235 numantia}

1072 211 1221 234 ROMANUM

1078 273 1160 301 rum,
1184 268 1341 296 rectorem
1361 267 1531 297 etceteros
1551 264 1589 297 ad
1605 274 1686 308 quos
1705 263 1737 297 id
1753 274 1824 308 spe-

1077 320 1177 348 ctaret
1192 315 1288 350 cosin
1302 325 1377 348 suos
1392 316 1548 361 recipere,
1565 317 1607 350 ita
1623 324 1655 350 ut
1672 317 1824 361 deinceps

1077 368 1120 399 ill‹
1137 379 1241 411 aeque
1254 379 1292 402 ac
1307 369 1405 401 ceteri
1417 369 1519 402 dictae
1531 370 1684 404 ecclesiae
1695 370 1727 403 S.
1742 371 1823 404 Lau-

1076 421 1169 454 rentii
1199 421 1232 454 in
1256 421 1375 455 Lucina
1396 422 1582 465 parochiani
1605 423 1820 464 haberentur,

1075 480 1105 506 ct
1126 473 1157 505 in
1173 484 1228 506 eos
1244 474 1352 507 onmia
1368 474 1438 506 iura
1455 479 1486 507 ct
1500 475 1603 508 officia
1623 475 1822 519 parochialia

1074 537 1221 560 exercere
1239 527 1412 567 deberent3
1435 528 1602 561 ecclesiam
1623 539 1697 562 vero
1713 529 1821 562 Sancti

1073 579 1191 612 Nicolai
1209 580 1409 621 huiusmodi,
1426 580 1550 613 etiamsi
1567 581 1625 614 sub
1641 581 1733 614 titulo
1744 591 1819 626 pre-

1073 633 1189 675 sbyteri
1202 633 1374 665 cardinalis
1387 633 1531 666 eiusdem
1546 634 1698 668 ecclesiae
1711 634 1819 668 Sancti

1072 685 1234 718 Laurentii
1263 685 1296 718 in
1321 687 1442 719 Lucina
1470 686 1631 727 existeret,
1658 693 1689 720 et
1712 688 1752 720 ab
1779 698 1819 721 eo

1071 738 1118 770 vel
1138 737 1200 770 alio
1225 743 1256 771 et
1279 749 1487 782 quocumque
1513 739 1584 772 loco
1608 740 1815 784 dependeret,

1070 790 1212 831 nomine,
1232 791 1322 824 tit'ulo
1342 797 1374 825 et
1393 792 1656 826 denominatione
1680 793 1818 827 rectoris

1070 848 1098 876 et
1125 844 1278 878 ccclesiae
1306 846 1501 889 parochialis
1530 846 1563 878 in
1593 857 1630 879 ea
1658 852 1818 891 perpetuo

1069 897 1248 940 suppressis
1273 903 1303 930 et
1327 897 1492 939 extinctis;
1523 899 1657 942 ipsaque
1682 899 1817 933 ecclesia

1069 950 1100 982 S.
1116 950 1250 991 Nicolai,
1279 951 1367 984 omni
1391 962 1524 995 prorsus
1549 963 1638 994 cura,
1666 953 1760 988 titulo
1784 958 1816 1000 qt

1069 1002 1281 1046 dependentia
1292 1015 1390 1038 vacua
1408 1010 1439 1038 et
1455 1005 1600 1049 expedita
1612 1012 1813 1047 remanente,

1068 1067 1140 1088 cuin
1167 1057 1214 1089 illi
1239 1057 1347 1090 forsan
1371 1058 1522 1100 annexis,
1548 1070 1585 1092 ac
1610 1059 1761 1093 omnibus
1783 1064 1816 1093 et

1067 1109 1201 1152 singulis
1232 1111 1377 1152 aedibus,
1400 1111 1516 1156 boni—s,
1543 1112 1812 1156 proprietatibus,

1068 1163 1334 1206 possessionibus,
1349 1165 1510 1206 censibus,
1527 1166 1663 1206 iuribus,
1686 1166 1814 1199 iurisdi-

1066 1217 1227 1250 ctionibus
1239 1223 1268 1250 et
1280 1218 1482 1261 pertinentiis
1493 1219 1558 1252 suis
1568 1219 1813 1255 domuiSanctae

1065 1270 1200 1303 Sabinae
1220 1271 1342 1314 pariter
1361 1271 1399 1304 de
1416 1271 1512 1309 Urbe,
1532 1271 1659 1305 Ordinis
1677 1272 1813 1306 fratrum

1065 1323 1325 1357 praedicatorum
1342 1325 1380 1357 de
1396 1324 1601 1358 Observantia
1611 1330 1811 1369 nuncupato-

1065 1386 1136 1408 rum
1161 1377 1349 1420 provinciae
1373 1378 1599 1419 Lombardiae,
1626 1389 1664 1411 ac
1687 1379 1812 1413 dilectis

1064 1428 1137 1462 filiis
1157 1429 1244 1463 illius
1264 1430 1365 1474 priori
1385 1436 1416 1463 et
1432 1431 1582 1464 fratribus
1601 1442 1659 1474 per
1678 1442 1732 1465 eos
1751 1442 1812 1476 pro

1063 1484 1160 1516 domo
1178 1484 1227 1516 sui
1247 1483 1375 1517 Ordinis
1387 1484 1580 1526 habendam,
1595 1485 1769 1527 regendam
1780 1487 1817 1518 et

1063 1536 1301 1580 possidendam,
1323 1548 1359 1570 ac
1376 1537 1463 1570 iuxta
1474 1537 1576 1581 ipsius
1591 1537 1718 1571 Ordinis
1730 1537 1813 1571 ritus

1063 1594 1093 1622 et
1106 1600 1212 1622 mores
1228 1590 1467 1623 reformandam
1481 1596 1511 1623 et
1523 1590 1706 1623 administra
1714 1591 1812 1624 udam.

1063 1649 1220 1686 perpetuo
1241 1643 1381 1685 donarit,
1399 1643 1558 1677 concessit
1576 1650 1608 1677 et
1624 1645 1810 1687 assignavit,

1064 1702 1098 1723 ae
1111 1691 1205 1724 etiam
1219 1691 1279 1734 ipsi
1290 1692 1400 1725 domui
1412 1698 1568 1736 perpetuo
1581 1691 1809 1736 appropriavit,

1064 1741 1103 1772 ita
1122 1740 1207 1783 quod
1223 1741 1335 1773 liceret
1349 1741 1467 1773 eisdem
1485 1739 1587 1784 priori
1597 1745 1628 1773 et
1646 1740 1811 1782 fratribus,

1065 1799 1120 1830 per
1144 1800 1176 1822 se
1204 1790 1253 1822 vel
1280 1789 1378 1822 alium
1402 1800 1459 1822 seu
1488 1789 1584 1830 alios,
1612 1790 1814 1833 corporalem

1065 1838 1298 1880 possessionem
1325 1837 1480 1871 ecclesiae
1505 1837 1612 1870 Sancti
1637 1838 1759 1871 Nicolai
1783 1843 1815 1872 et

1064 1896 1261 1919 annexorum
1277 1897 1404 1920 necnon
1415 1886 1662 1930 proprietatum,
1684 1896 1812 1930 posses-

1063 1934 1190 1967 sionum
1211 1940 1241 1968 et
1255 1934 1393 1968 aliorum
1412 1933 1662 1978 praedictorum,
1679 1936 1811 1979 propria

1063 1984 1274 2024 auctoritate,
1296 1984 1397 2017 libere
1421 1983 1665 2027 apprehendere
1691 1989 1722 2021 et
1749 1995 1817 2028 per.

1065 2037 1161 2075 petuo
1181 2033 1332 2073 retinere,
1354 2043 1391 2066 ac
1411 2033 1515 2066 eidem
1535 2032 1690 2066 ecclesiae
1709 2032 1741 2066 S.
1761 2030 1816 2064 Ni-

1063 2081 1145 2113 colai
1175 2081 1208 2113 in
1236 2081 1349 2114 divinis
1379 2082 1557 2122 deservire,
1589 2081 1742 2125 illiusque
1773 2093 1812 2117 ac

1063 2129 1223 2162 dictorum
1245 2141 1441 2163 annexorum
1463 2130 1598 2170 fructus,
1620 2129 1764 2163 redditus
1781 2137 1813 2164 ct

1064 2184 1236 2221 proventus
1260 2179 1293 2211 in
1317 2179 1386 2211 eius
1406 2184 1435 2211 et
1461 2178 1564 2211 dictae
1584 2179 1699 2211 domus
1718 2190 1810 2212 com-

1064 2228 1195 2259 modum
1217 2238 1254 2260 ac
1283 2227 1454 2260 utilitatem
1480 2226 1679 2267 convertere,
1701 2225 1812 2260 dilecti

1064 2275 1157 2315 tilii1,
1172 2282 1248 2309 tunc
1267 2277 1329 2315 sui,
1355 2275 1467 2309 ludicii
1489 2275 1573 2308 tituli
1593 2275 1737 2309 eiusdem
1757 2287 1811 2310 ec-

1063 2324 1177 2356 clesiae
1202 2324 1233 2357 S.
1249 2324 1412 2357 Laurentii
1424 2324 1455 2356 in
1472 2324 1593 2357 Lucina
1612 2329 1668 2357 aut
1679 2324 1811 2358 alterius

1063 2373 1239 2416 presbyteri
1260 2373 1431 2406 cardinalis
1453 2373 1501 2405 rel
1516 2373 1655 2405 cuiusvis
1679 2372 1810 2406 alterius

1063 2421 1191 2453 licentia
1216 2422 1355 2466 desuper
1379 2421 1512 2455 minime
1536 2421 1703 2465 requisita,
1724 2420 1813 2453 inhi—

1062 2469 1183 2502 bitione
1215 2470 1275 2503 sub
1310 2470 1455 2503 censuris
1485 2476 1516 2503 et
1540 2469 1652 2515 poenis
1696 2474 1809 2502 contra

1061 2528 1284 2562 quoscumque
1312 2520 1563 2563 praemissorum
1587 2517 1808 2553 executionem

1099 2587 1109 2613 1
1132 2585 1215 2614 Deest
1231 2585 1302 2614 torte
1318 2586 1405 2614 nostri
1420 2586 1468 2621 (R.
1489 2585 1534 2620 τ.)
