2059 3228
29 266 80 293 An.
95 266 125 295 C.
143 266 208 294 1572

29 335 79 350 nom
115 330 220 354 niiselplat

33 357 102 376 «tonte
118 363 188 376 novus
198 362 221 375 e-

30 383 130 408 pta-opus
137 384 164 403 nd
171 388 218 403 enm

31 409 154 430 :recuset-lt.

47 1291 148 1312 'Fs-uluu
155 1295 220 1311 exer-

33 1319 97 1339 cendi
110 1317 221 1344 pontiam-

33 1345 64 1364 li·
76 1348 99 1366 οι
119 1349 218 1370 quaeque

33 1376 141 1396 munci-n,
162 1373 218 1390 tam-

32 1403 98 1421 qnam
119 1397 219 1422 proprius

31 1424 155 1449 episeopus.

45 2547 174 2573 flamineum
188 2551 215 2571 de

29 2575 154 2596 ohedientia
193 2580 216 2597 et

26 2602 92 2627 οἰκος
97 2603 133 2622 ui«,
155 2609 218 2628 prae·

26 2630 112 2649 tundis
133 2629 216 2653 episeo-

28 2659 58 2680 po
72 2655 205 2679 com-himo.

834 277 1012 302 GREGORIUS
1030 278 1085 301 xm
1106 279 1154 301 1⁸1¹.

234 328 311 362 tium
327 333 445 370 tenore,
460 330 626 363 statuimus
640 335 671 363 et
682 330 867 364 ordinamus
880 329 975 372 quod,

232 386 418 414 occurrente
442 392 499 424 pro
529 388 669 426 tempore
693 383 855 416 vacatione
879 382 977 414 cccle-

234 434 299 466 siae
322 433 505 472 Goanensis,
531 436 718 469 venerabilis
740 436 977 468 fraternunevt

235 498 292 530 pro
318 492 457 530 tempore
486 489 621 521 existens
651 489 814 531 episcopus
845 487 976 520 Conubi-

235 538 342 571 niensis
359 566 366 579 ,
391 541 553 574 vai-atione
589 541 766 574 huiusmodi
793 540 974 579 intellecta,

236 593 274 625 ai!
300 592 493 625 Goauensvm
519 594 680 626 ecclesiam
694 604 765 625 cum
783 594 884 635 gratia
902 604 976 636 apo-

235 645 363 678 stolicae
403 646 628 679 benedictionis
665 645 834 685 accedere,
874 650 902 678 ct
943 645 974 677 in

234 709 271 731 ca
296 704 347 731 aut
377 699 444 731 eius
483 697 614 732 dioecesi
653 698 861 741 personaliter
899 698 976 730 resi-

235 751 330 788 dere,
371 757 399 783 et
438 751 576 784 eiusdem
615 750 765 782 eeclesiae
804 750 975 783 Goanensis

233 814 341 837 curam
361 831 367 841 ,
412 804 551 847 regimen
593 807 623 834 et
666 803 974 835 administrationem

234 857 394 900 suscipere
417 857 524 889 debeat
548 859 579 887 ct
603 860 756 892 teneatur,
779 861 810 889 et
832 855 975 889 eamdem

235 910 397 943 ecclesiam
421 909 636 947 Goanensem,
677 909 777 941 donee
815 908 843 941 ei
882 908 972 941 suerit

235 974 292 1006 per
315 962 422 996 Sedem
459 961 669 1002 Apostolicam
694 961 731 994 de
756 958 880 1004 pastore
903 970 975 1003 pro-

235 1015 344 1054 visum,
368 1017 398 1046 et
422 1018 529 1056 pastor
553 1014 618 1056 ipse
643 1014 682 1046 ad
706 1014 789 1046 illam
821 1015 918 1046 valeat
943 1025 975 1046 se

234 1067 372 1101 conferre
395 1071 423 1098 et
458 1066 490 1098 in
530 1066 748 1109 spiritualibus
786 1072 815 1100 et
854 1072 974 1109 tempo-

233 1120 351 1154 ralibus
375 1119 554 1162 gubernare
572 1147 579 1160 ,
616 1120 746 1152 dimisso
770 1120 853 1163 apud
877 1120 975 1152 eccle-

231 1171 310 1205 siam
333 1172 583 1205 Conchinensem
619 1173 732 1206 idoneo
766 1173 884 1205 vicario
920 1183 973 1205 seu

230 1225 443 1268 gubernatore
487 1226 527 1258 ab
571 1226 639 1269 ipso
685 1225 831 1268 episcopo
877 1225 974 1268 depu-

230 1279 334 1318 tando,
373 1278 538 1321 eidemque
578 1278 725 1321 episcopo
764 1276 972 1311 Conchinensi

227 1330 440 1374 praecipimus
475 1336 519 1371 ut,
554 1341 635 1363 onus
659 1330 841 1362 huiusmodi
866 1330 974 1362 devote

229 1383 414 1427 suscipiens,
439 1383 525 1416 verbi
566 1383 618 1415 Dei
658 1382 902 1425 praedicatione,
928 1392 974 1414 sa-

228 1436 422 1470 crificiorum
447 1435 630 1475 oblatione,
662 1435 817 1467 bonorum
843 1445 974 1478 operum

228 1490 378 1532 exemplo,
403 1488 536 1531 aliisque
561 1488 772 1531 pastoralibus
797 1488 914 1521 muniis
928 1488 974 1520 in-

228 1541 390 1582 cumbens,
415 1551 545 1583 gregem
570 1541 628 1572 sub
663 1541 795 1573 ecclesia
818 1540 973 1574 Goanensi

228 1594 390 1639 praedicta
415 1594 640 1626 consistentem
666 1593 699 1625 in
723 1593 856 1626 veritate
879 1599 974 1636 ponat

229 1653 262 1681 et
283 1652 382 1690 regat,
407 1647 530 1689 sibique
563 1646 595 1678 in
635 1646 719 1679 dicta
743 1647 872 1679 ecclesia
897 1646 976 1680 Goa-

229 1700 319 1733 nensi
343 1700 449 1733 eiusve
473 1700 608 1732 dioecesi
632 1710 669 1732 ex
696 1700 858 1742 praedicta
881 1711 972 1733 causa

228 1752 406 1793 residenti,
445 1757 478 1784 ut
519 1752 597 1784 inibi
637 1752 832 1795 pontificalia
871 1753 973 1786 officia

228 1805 398 1848 omniaque
422 1805 483 1838 alia
506 1810 534 1837 et
560 1805 693 1847 singula,
733 1816 812 1848 quac
851 1807 973 1839 archie-

227 1859 375 1902 piscopus
398 1858 571 1891 Goanensis
595 1858 633 1891 de
658 1858 726 1891 iure
764 1859 811 1892 vel
842 1870 973 1893 consue-

227 1913 337 1945 tudine
362 1923 506 1946 exercere
530 1918 559 1945 et
584 1912 686 1945 facere
725 1913 904 1953 consuevit,
929 1913 973 1947 sa-

226 1975 308 2005 eere,
332 1975 441 2007 gerere
465 1970 496 1997 et
518 1975 663 1998 exercere
694 1966 819 2005 valeat,
848 1966 970 1999 etiamsi

226 2018 301 2050 talia
325 2017 397 2058 sint,
423 2028 503 2060 quae
533 2018 660 2060 speciali
699 2024 774 2052 nota
812 2019 970 2063 designari

226 2071 432 2112 debuissent,
457 2071 661 2104 concedimus
692 2075 721 2104 et
747 2072 970 2115 indulgemus;

226 2133 362 2166 eumque
386 2123 525 2163 interim,
538 2123 579 2156 ob
592 2133 656 2155 non
669 2123 875 2157 residentiam
887 2126 968 2168 apud

219 2175 389 2208 'ecelesiam
412 2176 672 2217 Conchinensem,
697 2177 839 2210 censuris
852 2182 882 2211 et
897 2188 970 2222 poe—

226 2227 278 2261 nis
301 2233 410 2261 contra
433 2239 498 2261 non
514 2228 690 2261 residentes
714 2239 732 2261 a
755 2229 853 2262 sacris
876 2240 970 2263 cano-

226 2281 321 2314 nibus
344 2286 375 2314 et
397 2281 607 2314 oecumenicis
620 2281 761 2314 conciliis
785 2292 821 2314 ac
844 2292 902 2325 per
914 2293 970 2315 nos

226 2333 395 2366 novissime
418 2333 500 2367 sacto
525 2334 650 2367 decreto
675 2335 804 2368 inflictis
839 2336 970 2370 minime

225 2377 399 2426 subiacffi,
423 2386 532 2418 eadem
563 2387 750 2420 auctoritate
774 2388 970 2422 declaramus

224 2443 319 2482 atque
343 2438 552 2472 decernimus.

267 2493 283 2536 ἕ
305 2492 336 2526 3.
360 2491 552 2531 Mandantes,
570 2491 604 2523 in
627 2492 743 2525 virtute
757 2497 883 2526 sanctae
895 2493 969 2526 obe-

225 2544 373 2585 dientiae,
398 2544 519 2577 dilectis
543 2543 615 2577 siliis
639 2545 786 2587 capitulo,
804 2547 897 2587 clero,
914 2557 968 2590 po-

224 2598 298 2641 pulo
322 2602 417 2640 atque
441 2597 578 2629 vassallis
614 2597 762 2630 ecclesiae
797 2598 968 2632 Goanensis

224 2650 409 2683 huiusmodi
441 2654 475 2682 ut
513 2650 632 2682 dictum
671 2649 852 2693 episcopum
891 2650 968 2682 Con-

313 2701 391 2729 Bull.
410 2701 488 2728 Rom.
505 2701 569 2742 ‘'Vol.
589 2699 649 2727 vm
863 2704 879 2729 4

1668 265 1709 299 25

1006 329 1188 362 rliinensem
1214 330 1251 362 afl
1276 340 1328 363 eos
1352 342 1387 364 ex
1411 340 1506 364 eausa
1523 329 1685 373 praedicta
1701 340 1750 363 ae-

1006 382 1168 415 cedenteni
1194 383 1307 415 debitis
1331 395 1402 418 cum
1439 382 1615 416 reverentia
1641 388 1668 414 et
1697 382 1752 415 lio-

1007 446 1082 467 nore
1105 435 1272 479 excipiant,
1312 448 1347 468 ai:
1385 436 1533 469 omnibus
1573 434 1638 467 suis
1670 435 1751 466 salu-

1007 488 1115 521 bribus
1139 488 1268 521 monitis
1306 495 1332 521 et
1375 489 1532 522 mandatis
1573 488 1751 527 intendant,

1006 545 1136 583 pareant
1160 545 1188 573 ct
1214 540 1383 580 assistant,
1409 552 1446 573 ac
1471 546 1622 574 consueta
1647 545 1677 572 et
1701 551 1755 573 ar-

1005 593 1206 637 chiepiscopo
1230 593 1385 626 Goanensi
1411 594 1516 626 debita
1540 593 1666 626 servitia
1691 593 1751 636 ipsi

1005 647 1152 690 episeopo
1176 645 1384 679 Concliinensi
1425 651 1584 688 praestent
1610 651 1641 678 ct
1665 645 1751 678 cxlii-

1006 699 1109 732 beant.

1048 752 1062 794 ξ
1085 751 1116 784 4.
1140 752 1183 784 Ac
1207 751 1412 784 decernentes
1437 751 1490 790 sic,
1510 752 1540 783 in
1559 752 1751 794 praemissis,

1005 813 1061 845 per
1086 814 1302 846 quoscumque
1320 804 1441 837 iudices
1459 810 1486 836 et
1505 805 1750 846 commissarios,

1005 857 1098 890 etiam
1125 857 1153 890 S.
1179 857 1213 889 R.
1239 857 1271 890 E.
1286 857 1462 889 cardinale<
1486 862 1513 889 ct
1541 858 1624 889 Sacri
1641 858 1751 890 l'alatii

1005 909 1171 952 Apostolici
1198 910 1383 949 auditores,
1425 910 1546 942 sublata
1576 910 1621 943 eis
1646 916 1675 943 et
1700 921 1753 943 eo-

1005 973 1075 994 rum
1100 962 1227 994 cuilibet
1254 962 1363 1004 quavis
1400 962 1491 994 aliter
1531 961 1690 995 iudicandi
1722 968 1753 995 et

1006 1015 1232 1058 interpretandi
1258 1015 1413 1054 facultate,
1430 1014 1574 1054 iudicari,
1599 1020 1628 1047 et
1654 1015 1752 1047 inter-

1005 1067 1120 1110 pretari
1146 1068 1272 1107 dehere;
1298 1067 1490 1110 irritumque
1504 1073 1530 1100 et
1547 1067 1651 1107 inane,
1666 1067 1690 1099 si
1704 1078 1750 1100 se-

1003 1131 1058 1152 cus
1082 1131 1176 1163 super
1200 1120 1250 1153 bis
1273 1131 1291 1153 a
1316 1130 1477 1163 quoquam
1507 1120 1675 1162 contigerit
1704 1124 1751 1152 at-

1004 1172 1130 1205 tentari.

1772 266 1825 294 An.
1838 266 1870 294 C.
1886 266 1931 293 157

1787 749 1911 769 clausulae,

1046 1225 1060 1267 ,ξ
1084 1224 1114 1257 5.
1138 1225 1205 1257 Non
1236 1224 1437 1258 obstantibus
1472 1225 1636 1268 quibusvis
1675 1235 1751 1269 apo·
1771 1231 1948 1256 verrentem·

1003 1277 1120 1310 stolicis
1144 1287 1190 1317 ae,
1220 1277 1252 1309 in
1292 1277 1541 1320 provincialibus
1564 1282 1594 1310 et
1618 1278 1751 1321 synoda-

1004 1330 1084 1362 libus
1109 1329 1401 1372 universalibusque
1425 1329 1568 1362 conciliis
1581 1330 1750 1373 etlitis,ge-

1004 1382 1163 1416 nei-alibus
1202 1383 1249 1415 vel
1288 1382 1477 1425 specialibus
1516 1383 1751 1417 constitutioni-

1004 1436 1062 1469 bus
1086 1441 1114 1469 et
1139 1435 1405 1475 01·dinationihus;
1424 1435 1588 1478 dictaeque
1602 1436 1750 1468 ecclesiae

1004 1488 1187 1528 Goanensis,
1211 1488 1402 1528 iuramento,
1416 1486 1660 1521 confirmatione
1674 1498 1751 1531 apo—

1005 1542 1113 1575 stoliea
1136 1542 1185 1574 vel
1208 1541 1318 1584 quavis
1358 1540 1509 1573 firmitate
1533 1541 1594 1574 alia
1619 1541 1751 1575 robora-

1005 1595 1060 1635 tis,
1085 1593 1211 1627 statutis
1235 1598 1263 1626 ct
1289 1593 1599 1633 consuetudinibus;
1624 1594 1751 1637 privile-

1004 1647 1064 1691 giis
1087 1657 1223 1690 quoque,
1241 1645 1372 1679 indultis
1384 1651 1415 1679 et
1428 1646 1541 1679 litteris
1558 1646 1748 1689 apostoli‹.·.iS,

1003 1700 1140 1742 capitulo
1163 1704 1194 1732 et
1217 1698 1286 1731 aliis
1310 1698 1502 1742 praedietis,
1527 1699 1587 1732 sub
1617 1699 1749 1742 quibus-

1003 1762 1138 1794 cumque
1164 1750 1327 1783 tenoribus
1362 1756 1393 1783 et
1431 1750 1551 1792 formis,
1576 1752 1749 1794 quomodo-

1003 1806 1077 1838 libet
1101 1804 1267 1844 concessis,
1300 1803 1484 1847 approbatis
1522 1808 1554 1837 et
1592 1803 1749 1836 innovatis

1002 1860 1177 1902 ceterisque
1200 1857 1369 1891 contrariis
1393 1857 1658 1901 quibuscumque.

1041 1913 1151 1945 Datum
1176 1911 1292 1943 Romae
1317 1910 1402 1953 apud
1425 1909 1606 1946 S.Pe11·um,
1621 1909 1749 1942 suban-

1002 1968 1074 2000 nulo
1089 1965 1265 2004 Piscatoris,
1280 1964 1329 1997 die
1343 1973 1401 2003 xm„
1413 1962 1589 1996 decembris
1607 1971 1748 2003 nonxxn,

1001 2018 1204 2065 pontificatus
1229 2016 1329 2049 nostri
1354 2026 1439 2048 anno
1462 2025 1482 2048 1.

1042 2072 1110 2104 Dat.
1134 2070 1184 2103 die
1209 2069 1251 2103 ¹13
1275 2069 1342 2102 dec.
1367 2068 1462 2109 1572,
1487 2067 1599 2111 pontif.
1623 2077 1708 2100 anno
1725 2077 1746 2100 1.

1341 2186 1402 2219 XII.

1002 2269 1206 2311 Confirmatio
1255 2266 1497 2310 pririleyiomm
1545 2267 1749 2299 eremitarum

1045 2320 1338 2354 Camaldalensium
1361 2323 1388 2351 et
1404 2319 1556 2352 concessio
1578 2320 1661 2363 quod
1677 2320 1747 2362 ipsi,

1038 2383 1097 2416 pro
1120 2382 1228 2404 eorum
1252 2371 1505 2413 necessitatibus,
1544 2372 1747 2414 frumentum

1042 2429 1068 2458 et
1093 2425 1195 2457 oleum
1212 2424 1249 2456 ab
1268 2434 1330 2455 uno
1346 2424 1388 2456 aad
1404 2424 1508 2457 alium
1523 2435 1632 2458 eorum
1644 2426 1748 2458 locum

1042 2476 1214 2517 transferre
1232 2476 1352 2518 possint
1378 2476 1406 2508 1.

997 2540 1134 2576 Gregorius
1158 2540 1227 2574 Papa
1248 2540 1306 2574 ΧΙΗ,
1321 2539 1353 2567 ad
1366 2543 1516 2575 perpetuam
1531 2541 1571 2569 rei
1584 2541 1742 2569 memoriam.

1758 1260 1884 1279 trau-iorum.

1041 2596 1128 2630 Sedis
1167 2594 1361 2638 Apostolicae
1400 2595 1526 2639 copiosa
1566 2595 1745 2639 benignitas
1781 2616 1909 2637 [mmm

1035 2659 1045 2682 t
1066 2657 1107 2682 Ex
1126 2656 1236 2690 Regest.
1257 2656 1283 2682 in
1304 2656 1406 2683 secret.
1426 2657 1502 2683 Brev.
