<?xml version="1.0" encoding="UTF-8"?>
<!DOCTYPE html PUBLIC "-//W3C//DTD XHTML 1.0 Transitional//EN"
    "http://www.w3.org/TR/xhtml1/DTD/xhtml1-transitional.dtd">
<html xmlns="http://www.w3.org/1999/xhtml" xml:lang="en" lang="en">
 <head>
  <title>
</title>
<meta http-equiv="Content-Type" content="text/html;charset=utf-8" />
  <meta name='ocr-system' content='tesseract 3.04.00' />
  <meta name='ocr-capabilities' content='ocr_page ocr_carea ocr_par ocr_line ocrx_word'/>
</head>
<body>
  <div class='ocr_page' id='page_1' title='image "./bullarumdiplomat08cath_0370.png"; bbox 0 0 2059 3228; ppageno 0'>
   <div class='ocr_carea' id='block_1_1' title="bbox 130 242 312 273">
    <p class='ocr_par' dir='ltr' id='par_1_1' title="bbox 130 242 312 273">
     <span class='ocr_line' id='line_1_1' title="bbox 130 242 312 273; baseline -0.011 -1"><span class='ocrx_word' id='word_1_1' title='bbox 130 242 173 272; x_wconf 78' lang='lat' dir='ltr'>An</span> <span class='ocrx_word' id='word_1_2' title='bbox 197 244 224 271; x_wconf 76' lang='grc' dir='ltr'>(ἵ.</span> <span class='ocrx_word' id='word_1_3' title='bbox 247 246 312 273; x_wconf 59' lang='lat'>1580</span> 
     </span>
    </p>
   </div>
   <div class='ocr_carea' id='block_1_2' title="bbox 127 305 312 394">
    <p class='ocr_par' dir='ltr' id='par_1_2' title="bbox 127 305 312 394">
     <span class='ocr_line' id='line_1_2' title="bbox 129 305 312 334; baseline 0.027 -10"><span class='ocrx_word' id='word_1_4' title='bbox 129 305 245 327; x_wconf 70' lang='lat' dir='ltr'>molestent</span> <span class='ocrx_word' id='word_1_5' title='bbox 254 308 312 334; x_wconf 68' lang='lat' dir='ltr'>ipsus</span> 
     </span>
     <span class='ocr_line' id='line_1_3' title="bbox 128 335 312 360; baseline 0.027 -5"><span class='ocrx_word' id='word_1_6' title='bbox 128 335 312 360; x_wconf 69' lang='lat' dir='ltr'>Disralceaiossn-</span> 
     </span>
     <span class='ocr_line' id='line_1_4' title="bbox 127 370 308 394; baseline 0.022 -7"><span class='ocrx_word' id='word_1_7' title='bbox 127 373 167 393; x_wconf 59' lang='grc' dir='ltr'>ρει·</span> <span class='ocrx_word' id='word_1_8' title='bbox 178 370 308 394; x_wconf 62' lang='lat' dir='ltr'>praemissis.</span> 
     </span>
    </p>
   </div>
   <div class='ocr_carea' id='block_1_3' title="bbox 109 1161 296 1372">
    <p class='ocr_par' dir='ltr' id='par_1_3' title="bbox 109 1161 296 1372">
     <span class='ocr_line' id='line_1_5' title="bbox 166 1161 294 1184; baseline 0.008 -1"><span class='ocrx_word' id='word_1_9' title='bbox 166 1161 294 1184; x_wconf 63' lang='lat' dir='ltr'>Discatceati</span> 
     </span>
     <span class='ocr_line' id='line_1_6' title="bbox 111 1194 295 1218; baseline 0.022 -7"><span class='ocrx_word' id='word_1_10' title='bbox 111 1197 201 1218; x_wconf 75' lang='lat' dir='ltr'>possunt</span> <span class='ocrx_word' id='word_1_11' title='bbox 217 1194 295 1215; x_wconf 75' lang='lat' dir='ltr'>habere</span> 
     </span>
     <span class='ocr_line' id='line_1_7' title="bbox 110 1227 295 1246; baseline 0.016 -3"><span class='ocrx_word' id='word_1_12' title='bbox 110 1228 222 1244; x_wconf 74' lang='lat' dir='ltr'><strong>recursum</strong></span> <span class='ocrx_word' id='word_1_13' title='bbox 271 1227 295 1246; x_wconf 82' lang='lat' dir='ltr'>ad</span> 
     </span>
     <span class='ocr_line' id='line_1_8' title="bbox 110 1256 296 1283; baseline 0.016 -8"><span class='ocrx_word' id='word_1_14' title='bbox 110 1256 187 1276; x_wconf 80' lang='lat' dir='ltr'>Sedem</span> <span class='ocrx_word' id='word_1_15' title='bbox 202 1257 296 1283; x_wconf 81' lang='lat' dir='ltr'>Aposto-</span> 
     </span>
     <span class='ocr_line' id='line_1_9' title="bbox 109 1287 294 1310; baseline 0.016 -3"><span class='ocrx_word' id='word_1_16' title='bbox 109 1287 172 1307; x_wconf 80' lang='lat' dir='ltr'>licam</span> <span class='ocrx_word' id='word_1_17' title='bbox 195 1288 230 1308; x_wconf 82' lang='lat' dir='ltr'>vel</span> <span class='ocrx_word' id='word_1_18' title='bbox 253 1289 294 1310; x_wconf 84' lang='lat' dir='ltr'>Or-</span> 
     </span>
     <span class='ocr_line' id='line_1_10' title="bbox 110 1318 295 1346; baseline 0.027 -8"><span class='ocrx_word' id='word_1_19' title='bbox 110 1318 165 1339; x_wconf 80' lang='lat' dir='ltr'>dinis</span> <span class='ocrx_word' id='word_1_20' title='bbox 187 1323 295 1346; x_wconf 77' lang='lat' dir='ltr'>protecto-</span> 
     </span>
     <span class='ocr_line' id='line_1_11' title="bbox 109 1355 162 1372; baseline 0.019 -1"><span class='ocrx_word' id='word_1_21' title='bbox 109 1355 162 1372; x_wconf 74' lang='lat' dir='ltr'>rem.</span> 
     </span>
    </p>
   </div>
   <div class='ocr_carea' id='block_1_4' title="bbox 104 1545 292 1725">
    <p class='ocr_par' dir='ltr' id='par_1_4' title="bbox 104 1545 292 1725">
     <span class='ocr_line' id='line_1_12' title="bbox 169 1545 291 1568; baseline 0.016 -2"><span class='ocrx_word' id='word_1_22' title='bbox 169 1545 291 1568; x_wconf 76' lang='lat' dir='ltr'>Facultates</span> 
     </span>
     <span class='ocr_line' id='line_1_13' title="bbox 107 1575 292 1602; baseline 0.011 -6"><span class='ocrx_word' id='word_1_23' title='bbox 107 1575 207 1602; x_wconf 77' lang='lat' dir='ltr'>mitigatis</span> <span class='ocrx_word' id='word_1_24' title='bbox 242 1583 292 1598; x_wconf 87' lang='lat' dir='ltr'>eon-</span> 
     </span>
     <span class='ocr_line' id='line_1_14' title="bbox 106 1609 290 1630; baseline 0.016 -3"><span class='ocrx_word' id='word_1_25' title='bbox 106 1612 181 1628; x_wconf 72' lang='lat' dir='ltr'>cessae</span> <span class='ocrx_word' id='word_1_26' title='bbox 192 1609 290 1630; x_wconf 75' lang='lat' dir='ltr'>visitandi</span> 
     </span>
     <span class='ocr_line' id='line_1_15' title="bbox 107 1640 291 1665; baseline 0.016 -6"><span class='ocrx_word' id='word_1_27' title='bbox 107 1642 129 1659; x_wconf 79' lang='lat' dir='ltr'>et</span> <span class='ocrx_word' id='word_1_28' title='bbox 162 1640 291 1665; x_wconf 71' lang='lat' dir='ltr'>gubernandi</span> 
     </span>
     <span class='ocr_line' id='line_1_16' title="bbox 105 1667 292 1694; baseline 0.021 -4"><span class='ocrx_word' id='word_1_29' title='bbox 105 1667 292 1694; x_wconf 80' lang='lat' dir='ltr'>Discatceatosre-</span> 
     </span>
     <span class='ocr_line' id='line_1_17' title="bbox 104 1706 217 1725; baseline 0.027 -3"><span class='ocrx_word' id='word_1_30' title='bbox 104 1706 217 1725; x_wconf 64' lang='lat' dir='ltr'>vocantur.</span> 
     </span>
    </p>
   </div>
   <div class='ocr_carea' id='block_1_5' title="bbox 106 2027 289 2081">
    <p class='ocr_par' dir='ltr' id='par_1_5' title="bbox 106 2027 289 2081">
     <span class='ocr_line' id='line_1_18' title="bbox 118 2027 289 2057; baseline 0.006 -7"><span class='ocrx_word' id='word_1_31' title='bbox 118 2027 228 2050; x_wconf 74' lang='lat' dir='ltr'>clausulae</span> <span class='ocrx_word' id='word_1_32' title='bbox 239 2036 289 2057; x_wconf 59' lang='grc' dir='ltr'><strong>[πᾶ-</strong></span> 
     </span>
     <span class='ocr_line' id='line_1_19' title="bbox 106 2061 232 2081; baseline 0 0"><span class='ocrx_word' id='word_1_33' title='bbox 106 2061 184 2081; x_wconf 70' lang='lat' dir='ltr'>servati</span> <span class='ocrx_word' id='word_1_34' title='bbox 189 2066 232 2081; x_wconf 74' lang='lat' dir='ltr'>vae.</span> 
     </span>
    </p>
   </div>
   <div class='ocr_carea' id='block_1_6' title="bbox 301 237 1073 2435">
    <p class='ocr_par' dir='ltr' id='par_1_6' title="bbox 312 237 1073 1082">
     <span class='ocr_line' id='line_1_20' title="bbox 370 237 435 271; baseline 0.031 -3"><span class='ocrx_word' id='word_1_35' title='bbox 370 237 435 271; x_wconf 65' lang='lat'>:354</span> 
     </span>
     <span class='ocr_line' id='line_1_21' title="bbox 327 297 1073 342; baseline 0.003 -11"><span class='ocrx_word' id='word_1_36' title='bbox 327 305 354 331; x_wconf 77' lang='lat' dir='ltr'>ct</span> <span class='ocrx_word' id='word_1_37' title='bbox 376 298 607 332; x_wconf 76' lang='lat' dir='ltr'>eoimnissariis</span> <span class='ocrx_word' id='word_1_38' title='bbox 640 297 778 342; x_wconf 88' lang='lat' dir='ltr'>aliisque</span> <span class='ocrx_word' id='word_1_39' title='bbox 810 298 971 333; x_wconf 87' lang='lat' dir='ltr'>dictorum</span> <span class='ocrx_word' id='word_1_40' title='bbox 1009 300 1073 333; x_wconf 84' lang='lat' dir='ltr'>sra-</span> 
     </span>
     <span class='ocr_line' id='line_1_22' title="bbox 327 352 1073 395; baseline 0.005 -12"><span class='ocrx_word' id='word_1_41' title='bbox 327 358 409 384; x_wconf 85' lang='lat' dir='ltr'>trum</span> <span class='ocrx_word' id='word_1_42' title='bbox 432 352 646 395; x_wconf 59' lang='lat' dir='ltr'>&gt;litigatorum</span> <span class='ocrx_word' id='word_1_43' title='bbox 668 352 831 395; x_wconf 83' lang='lat' dir='ltr'>praelatis,</span> <span class='ocrx_word' id='word_1_44' title='bbox 861 353 1016 387; x_wconf 73' lang='lat' dir='ltr'>ministris</span> <span class='ocrx_word' id='word_1_45' title='bbox 1043 359 1073 387; x_wconf 86' lang='lat' dir='ltr'>et</span> 
     </span>
     <span class='ocr_line' id='line_1_23' title="bbox 324 405 1071 446; baseline 0.003 -8"><span class='ocrx_word' id='word_1_46' title='bbox 324 405 529 446; x_wconf 71' lang='lat' dir='ltr'>officialibus,</span> <span class='ocrx_word' id='word_1_47' title='bbox 551 416 591 438; x_wconf 93' lang='lat' dir='ltr'>ne</span> <span class='ocrx_word' id='word_1_48' title='bbox 612 406 740 439; x_wconf 85' lang='lat' dir='ltr'>eosdem</span> <span class='ocrx_word' id='word_1_49' title='bbox 760 406 874 440; x_wconf 83' lang='lat' dir='ltr'>fratres</span> <span class='ocrx_word' id='word_1_50' title='bbox 891 406 1071 440; x_wconf 87' lang='lat' dir='ltr'>Discalcea-</span> 
     </span>
     <span class='ocr_line' id='line_1_24' title="bbox 325 459 1070 494; baseline 0.004 -3"><span class='ocrx_word' id='word_1_51' title='bbox 325 465 371 491; x_wconf 83' lang='lat' dir='ltr'>tos</span> <span class='ocrx_word' id='word_1_52' title='bbox 390 466 445 492; x_wconf 81' lang='lat' dir='ltr'>seu</span> <span class='ocrx_word' id='word_1_53' title='bbox 470 459 627 492; x_wconf 80' lang='lat' dir='ltr'>moniales</span> <span class='ocrx_word' id='word_1_54' title='bbox 645 464 700 493; x_wconf 86' lang='lat' dir='ltr'>aut</span> <span class='ocrx_word' id='word_1_55' title='bbox 732 471 859 494; x_wconf 88' lang='lat' dir='ltr'>sorores</span> <span class='ocrx_word' id='word_1_56' title='bbox 884 461 1070 494; x_wconf 88' lang='lat' dir='ltr'>huiusmodi</span> 
     </span>
     <span class='ocr_line' id='line_1_25' title="bbox 322 514 1067 558; baseline 0.007 -14"><span class='ocrx_word' id='word_1_57' title='bbox 322 523 420 556; x_wconf 80' lang='lat' dir='ltr'>super</span> <span class='ocrx_word' id='word_1_58' title='bbox 438 514 624 557; x_wconf 79' lang='lat' dir='ltr'>praemissis</span> <span class='ocrx_word' id='word_1_59' title='bbox 638 515 869 558; x_wconf 84' lang='lat' dir='ltr'>quoquomodo</span> <span class='ocrx_word' id='word_1_60' title='bbox 885 515 1067 553; x_wconf 76' lang='lat' dir='ltr'>molestare,</span> 
     </span>
     <span class='ocr_line' id='line_1_26' title="bbox 321 567 1070 612; baseline 0.005 -14"><span class='ocrx_word' id='word_1_61' title='bbox 321 567 524 609; x_wconf 83' lang='lat' dir='ltr'>perturbare,</span> <span class='ocrx_word' id='word_1_62' title='bbox 547 578 659 601; x_wconf 82' lang='lat' dir='ltr'>vexare</span> <span class='ocrx_word' id='word_1_63' title='bbox 672 579 728 602; x_wconf 88' lang='lat' dir='ltr'>seu</span> <span class='ocrx_word' id='word_1_64' title='bbox 739 568 919 612; x_wconf 86' lang='lat' dir='ltr'>inquietare</span> <span class='ocrx_word' id='word_1_65' title='bbox 930 569 1070 602; x_wconf 76' lang='lat' dir='ltr'>audeant</span> 
     </span>
     <span class='ocr_line' id='line_1_27' title="bbox 319 620 1066 663; baseline 0.001 -10"><span class='ocrx_word' id='word_1_66' title='bbox 319 620 367 651; x_wconf 81' lang='lat' dir='ltr'>vel</span> <span class='ocrx_word' id='word_1_67' title='bbox 390 627 610 663; x_wconf 87' lang='lat' dir='ltr'>praesumant.</span> <span class='ocrx_word' id='word_1_68' title='bbox 637 621 728 661; x_wconf 83' lang='lat' dir='ltr'>Quod</span> <span class='ocrx_word' id='word_1_69' title='bbox 747 622 773 656; x_wconf 82' lang='lat' dir='ltr'>si</span> <span class='ocrx_word' id='word_1_70' title='bbox 793 633 885 656; x_wconf 85' lang='lat' dir='ltr'>secus</span> <span class='ocrx_word' id='word_1_71' title='bbox 919 622 1066 663; x_wconf 73' lang='lat' dir='ltr'>fecerint,</span> 
     </span>
     <span class='ocr_line' id='line_1_28' title="bbox 320 675 1067 719; baseline 0.004 -14"><span class='ocrx_word' id='word_1_72' title='bbox 320 682 374 705; x_wconf 90' lang='lat' dir='ltr'>eos</span> <span class='ocrx_word' id='word_1_73' title='bbox 393 679 424 706; x_wconf 84' lang='lat' dir='ltr'>et</span> <span class='ocrx_word' id='word_1_74' title='bbox 444 683 557 707; x_wconf 86' lang='lat' dir='ltr'>eorum</span> <span class='ocrx_word' id='word_1_75' title='bbox 577 675 733 719; x_wconf 81' lang='lat' dir='ltr'>singulos,</span> <span class='ocrx_word' id='word_1_76' title='bbox 760 675 1067 709; x_wconf 81' lang='lat' dir='ltr'>excommunicatio-</span> 
     </span>
     <span class='ocr_line' id='line_1_29' title="bbox 317 726 1069 763; baseline 0.005 -5"><span class='ocrx_word' id='word_1_77' title='bbox 317 726 367 758; x_wconf 84' lang='lat' dir='ltr'>nis</span> <span class='ocrx_word' id='word_1_78' title='bbox 390 728 548 761; x_wconf 76' lang='lat' dir='ltr'>sententia</span> <span class='ocrx_word' id='word_1_79' title='bbox 580 728 784 762; x_wconf 77' lang='lat' dir='ltr'>innodamus.</span> <span class='ocrx_word' id='word_1_80' title='bbox 807 728 888 763; x_wconf 93' lang='lat' dir='ltr'>Dicti</span> <span class='ocrx_word' id='word_1_81' title='bbox 908 739 982 762; x_wconf 79' lang='lat' dir='ltr'>vero</span> <span class='ocrx_word' id='word_1_82' title='bbox 1006 729 1069 762; x_wconf 87' lang='lat' dir='ltr'>sra-</span> 
     </span>
     <span class='ocr_line' id='line_1_30' title="bbox 317 781 1068 826; baseline 0.004 -14"><span class='ocrx_word' id='word_1_83' title='bbox 317 784 380 813; x_wconf 84' lang='lat' dir='ltr'>tres</span> <span class='ocrx_word' id='word_1_84' title='bbox 410 781 597 816; x_wconf 86' lang='lat' dir='ltr'>Discalceati</span> <span class='ocrx_word' id='word_1_85' title='bbox 630 783 720 817; x_wconf 90' lang='lat' dir='ltr'>nullo</span> <span class='ocrx_word' id='word_1_86' title='bbox 749 783 845 816; x_wconf 89' lang='lat' dir='ltr'>modo</span> <span class='ocrx_word' id='word_1_87' title='bbox 870 793 984 826; x_wconf 80' lang='lat' dir='ltr'>parere</span> <span class='ocrx_word' id='word_1_88' title='bbox 1012 787 1068 815; x_wconf 86' lang='lat' dir='ltr'>aut</span> 
     </span>
     <span class='ocr_line' id='line_1_31' title="bbox 315 833 1066 871; baseline 0.003 -5"><span class='ocrx_word' id='word_1_89' title='bbox 315 833 440 868; x_wconf 83' lang='lat' dir='ltr'>deferre</span> <span class='ocrx_word' id='word_1_90' title='bbox 461 840 643 870; x_wconf 87' lang='lat' dir='ltr'>teneantur.</span> <span class='ocrx_word' id='word_1_91' title='bbox 667 837 760 871; x_wconf 86' lang='lat' dir='ltr'>Salva</span> <span class='ocrx_word' id='word_1_92' title='bbox 784 843 893 870; x_wconf 86' lang='lat' dir='ltr'>tamen</span> <span class='ocrx_word' id='word_1_93' title='bbox 926 836 959 869; x_wconf 92' lang='lat' dir='ltr'>in</span> <span class='ocrx_word' id='word_1_94' title='bbox 991 836 1066 869; x_wconf 91' lang='lat' dir='ltr'>reli-</span> 
     </span>
     <span class='ocr_line' id='line_1_32' title="bbox 314 887 1066 934; baseline 0.004 -15"><span class='ocrx_word' id='word_1_95' title='bbox 314 887 387 930; x_wconf 90' lang='lat' dir='ltr'>quis</span> <span class='ocrx_word' id='word_1_96' title='bbox 406 889 590 923; x_wconf 86' lang='lat' dir='ltr'>obedientia</span> <span class='ocrx_word' id='word_1_97' title='bbox 610 891 687 924; x_wconf 89' lang='lat' dir='ltr'>dicti</span> <span class='ocrx_word' id='word_1_98' title='bbox 708 890 825 934; x_wconf 88' lang='lat' dir='ltr'>prioris</span> <span class='ocrx_word' id='word_1_99' title='bbox 845 889 1004 933; x_wconf 70' lang='lat' dir='ltr'>generalis</span> <span class='ocrx_word' id='word_1_100' title='bbox 1019 895 1066 922; x_wconf 92' lang='lat' dir='ltr'>to-</span> 
     </span>
     <span class='ocr_line' id='line_1_33' title="bbox 314 940 1066 988; baseline 0.004 -15"><span class='ocrx_word' id='word_1_101' title='bbox 314 940 378 975; x_wconf 89' lang='lat' dir='ltr'>tius</span> <span class='ocrx_word' id='word_1_102' title='bbox 397 941 538 985; x_wconf 79' lang='lat' dir='ltr'>Ordinis,</span> <span class='ocrx_word' id='word_1_103' title='bbox 561 944 613 978; x_wconf 85' lang='lat' dir='ltr'>eui</span> <span class='ocrx_word' id='word_1_104' title='bbox 634 955 688 978; x_wconf 90' lang='lat' dir='ltr'>eos</span> <span class='ocrx_word' id='word_1_105' title='bbox 714 950 869 988; x_wconf 86' lang='lat' dir='ltr'>perpetuo</span> <span class='ocrx_word' id='word_1_106' title='bbox 904 944 1066 977; x_wconf 84' lang='lat' dir='ltr'>subiectos</span> 
     </span>
     <span class='ocr_line' id='line_1_34' title="bbox 313 997 1066 1042; baseline 0.004 -15"><span class='ocrx_word' id='word_1_107' title='bbox 313 1005 381 1028; x_wconf 88' lang='lat' dir='ltr'>esse</span> <span class='ocrx_word' id='word_1_108' title='bbox 415 1001 446 1029; x_wconf 91' lang='lat' dir='ltr'>et</span> <span class='ocrx_word' id='word_1_109' title='bbox 483 997 652 1032; x_wconf 87' lang='lat' dir='ltr'>subiacere</span> <span class='ocrx_word' id='word_1_110' title='bbox 690 998 862 1038; x_wconf 82' lang='lat' dir='ltr'>voluimus,</span> <span class='ocrx_word' id='word_1_111' title='bbox 902 1002 938 1030; x_wconf 90' lang='lat' dir='ltr'>ut</span> <span class='ocrx_word' id='word_1_112' title='bbox 972 1007 1066 1042; x_wconf 83' lang='lat' dir='ltr'>prae-</span> 
     </span>
     <span class='ocr_line' id='line_1_35' title="bbox 312 1049 424 1082; baseline 0 0"><span class='ocrx_word' id='word_1_113' title='bbox 312 1049 424 1082; x_wconf 76' lang='lat' dir='ltr'>fertur.</span> 
     </span>
    </p>

    <p class='ocr_par' dir='ltr' id='par_1_7' title="bbox 306 1103 1062 1460">
     <span class='ocr_line' id='line_1_36' title="bbox 354 1103 1062 1149; baseline 0 -13"><span class='ocrx_word' id='word_1_114' title='bbox 354 1103 369 1147; x_wconf 65' lang='grc' dir='ltr'>,ξ</span> <span class='ocrx_word' id='word_1_115' title='bbox 393 1103 446 1137; x_wconf 68' lang='grc'>12.</span> <span class='ocrx_word' id='word_1_116' title='bbox 469 1104 642 1149; x_wconf 77' lang='lat' dir='ltr'>Liceatque</span> <span class='ocrx_word' id='word_1_117' title='bbox 662 1111 726 1138; x_wconf 86' lang='lat' dir='ltr'>tam</span> <span class='ocrx_word' id='word_1_118' title='bbox 747 1105 848 1149; x_wconf 79' lang='lat' dir='ltr'>priori</span> <span class='ocrx_word' id='word_1_119' title='bbox 874 1103 1062 1149; x_wconf 89' lang='lat' dir='ltr'>provinciali</span> 
     </span>
     <span class='ocr_line' id='line_1_37' title="bbox 310 1156 1060 1201; baseline 0.003 -12"><span class='ocrx_word' id='word_1_120' title='bbox 310 1156 414 1191; x_wconf 76' lang='lat' dir='ltr'>di0tae</span> <span class='ocrx_word' id='word_1_121' title='bbox 434 1159 619 1201; x_wconf 77' lang='lat' dir='ltr'>provinciae</span> <span class='ocrx_word' id='word_1_122' title='bbox 629 1160 765 1192; x_wconf 81' lang='lat' dir='ltr'>fratrum</span> <span class='ocrx_word' id='word_1_123' title='bbox 775 1159 1060 1199; x_wconf 79' lang='lat' dir='ltr'>Disealceatorutn,</span> 
     </span>
     <span class='ocr_line' id='line_1_38' title="bbox 309 1212 1058 1256; baseline 0.001 -13"><span class='ocrx_word' id='word_1_124' title='bbox 309 1221 406 1254; x_wconf 82' lang='lat' dir='ltr'>quarn</span> <span class='ocrx_word' id='word_1_125' title='bbox 426 1212 496 1244; x_wconf 86' lang='lat' dir='ltr'>aliis</span> <span class='ocrx_word' id='word_1_126' title='bbox 517 1213 661 1246; x_wconf 88' lang='lat' dir='ltr'>eiusdem</span> <span class='ocrx_word' id='word_1_127' title='bbox 688 1212 872 1256; x_wconf 74' lang='lat' dir='ltr'>provinciae</span> <span class='ocrx_word' id='word_1_128' title='bbox 893 1212 1058 1250; x_wconf 85' lang='lat' dir='ltr'>fratribus,</span> 
     </span>
     <span class='ocr_line' id='line_1_39' title="bbox 308 1264 1060 1310; baseline 0.003 -14"><span class='ocrx_word' id='word_1_129' title='bbox 308 1264 347 1297; x_wconf 90' lang='lat' dir='ltr'>de</span> <span class='ocrx_word' id='word_1_130' title='bbox 367 1264 500 1298; x_wconf 83' lang='lat' dir='ltr'>lieentia</span> <span class='ocrx_word' id='word_1_131' title='bbox 520 1271 629 1299; x_wconf 87' lang='lat' dir='ltr'>tamen</span> <span class='ocrx_word' id='word_1_132' title='bbox 658 1266 760 1310; x_wconf 86' lang='lat' dir='ltr'>ipsius</span> <span class='ocrx_word' id='word_1_133' title='bbox 787 1265 906 1310; x_wconf 87' lang='lat' dir='ltr'>prioris</span> <span class='ocrx_word' id='word_1_134' title='bbox 931 1266 1060 1309; x_wconf 86' lang='lat' dir='ltr'>provin—</span> 
     </span>
     <span class='ocr_line' id='line_1_40' title="bbox 309 1317 1061 1364; baseline 0.004 -15"><span class='ocrx_word' id='word_1_135' title='bbox 309 1317 410 1359; x_wconf 84' lang='lat' dir='ltr'>cialis,</span> <span class='ocrx_word' id='word_1_136' title='bbox 438 1320 476 1352; x_wconf 88' lang='lat' dir='ltr'>ad</span> <span class='ocrx_word' id='word_1_137' title='bbox 502 1320 618 1353; x_wconf 85' lang='lat' dir='ltr'>Sedem</span> <span class='ocrx_word' id='word_1_138' title='bbox 643 1320 862 1364; x_wconf 83' lang='lat' dir='ltr'>Apostolicam</span> <span class='ocrx_word' id='word_1_139' title='bbox 897 1324 927 1352; x_wconf 89' lang='lat' dir='ltr'>et</span> <span class='ocrx_word' id='word_1_140' title='bbox 961 1319 1061 1352; x_wconf 90' lang='lat' dir='ltr'>totius</span> 
     </span>
     <span class='ocr_line' id='line_1_41' title="bbox 306 1370 1061 1416; baseline 0.001 -12"><span class='ocrx_word' id='word_1_141' title='bbox 306 1370 434 1405; x_wconf 85' lang='lat' dir='ltr'>Ordinis</span> <span class='ocrx_word' id='word_1_142' title='bbox 455 1378 674 1416; x_wconf 79' lang='lat' dir='ltr'>protectorem</span> <span class='ocrx_word' id='word_1_143' title='bbox 702 1373 841 1406; x_wconf 89' lang='lat' dir='ltr'>liberum</span> <span class='ocrx_word' id='word_1_144' title='bbox 866 1373 986 1406; x_wconf 86' lang='lat' dir='ltr'>habere</span> <span class='ocrx_word' id='word_1_145' title='bbox 1011 1384 1061 1406; x_wconf 91' lang='lat' dir='ltr'>re-</span> 
     </span>
     <span class='ocr_line' id='line_1_42' title="bbox 306 1437 452 1460; baseline 0 -1"><span class='ocrx_word' id='word_1_146' title='bbox 306 1437 452 1460; x_wconf 88' lang='lat' dir='ltr'>cursum.</span> 
     </span>
    </p>

    <p class='ocr_par' dir='ltr' id='par_1_8' title="bbox 301 1479 1059 1944">
     <span class='ocr_line' id='line_1_43' title="bbox 349 1479 1059 1525; baseline 0 -12"><span class='ocrx_word' id='word_1_147' title='bbox 349 1480 364 1523; x_wconf 62' lang='lat' dir='ltr'>g</span> <span class='ocrx_word' id='word_1_148' title='bbox 389 1479 443 1513; x_wconf 61' lang='lat'>¹23.</span> <span class='ocrx_word' id='word_1_149' title='bbox 463 1480 501 1513; x_wconf 89' lang='lat' dir='ltr'>Et</span> <span class='ocrx_word' id='word_1_150' title='bbox 516 1480 541 1514; x_wconf 89' lang='lat' dir='ltr'>si</span> <span class='ocrx_word' id='word_1_151' title='bbox 562 1481 660 1514; x_wconf 88' lang='lat' dir='ltr'>alicui</span> <span class='ocrx_word' id='word_1_152' title='bbox 673 1482 721 1514; x_wconf 79' lang='lat' dir='ltr'>vet</span> <span class='ocrx_word' id='word_1_153' title='bbox 738 1481 900 1525; x_wconf 81' lang='lat' dir='ltr'>aliquibus</span> <span class='ocrx_word' id='word_1_154' title='bbox 915 1492 950 1513; x_wconf 70' lang='lat' dir='ltr'>ex</span> <span class='ocrx_word' id='word_1_155' title='bbox 967 1480 1059 1514; x_wconf 86' lang='lat' dir='ltr'>dictis</span> 
     </span>
     <span class='ocr_line' id='line_1_44' title="bbox 304 1533 1058 1577; baseline 0.001 -11"><span class='ocrx_word' id='word_1_156' title='bbox 304 1533 458 1567; x_wconf 84' lang='lat' dir='ltr'>fratribus</span> <span class='ocrx_word' id='word_1_157' title='bbox 482 1534 632 1577; x_wconf 78' lang='lat' dir='ltr'>Mitigatis</span> <span class='ocrx_word' id='word_1_158' title='bbox 669 1535 707 1567; x_wconf 89' lang='lat' dir='ltr'>sit</span> <span class='ocrx_word' id='word_1_159' title='bbox 747 1545 899 1568; x_wconf 84' lang='lat' dir='ltr'>concessa</span> <span class='ocrx_word' id='word_1_160' title='bbox 924 1535 1058 1567; x_wconf 82' lang='lat' dir='ltr'>facultas</span> 
     </span>
     <span class='ocr_line' id='line_1_45' title="bbox 303 1587 1056 1632; baseline 0.001 -13"><span class='ocrx_word' id='word_1_161' title='bbox 303 1587 453 1621; x_wconf 84' lang='lat' dir='ltr'>visitandi</span> <span class='ocrx_word' id='word_1_162' title='bbox 473 1594 527 1621; x_wconf 85' lang='lat' dir='ltr'>aut</span> <span class='ocrx_word' id='word_1_163' title='bbox 549 1588 752 1631; x_wconf 80' lang='lat' dir='ltr'>gubernandi</span> <span class='ocrx_word' id='word_1_164' title='bbox 768 1599 824 1621; x_wconf 87' lang='lat' dir='ltr'>seu</span> <span class='ocrx_word' id='word_1_165' title='bbox 838 1588 995 1632; x_wconf 83' lang='lat' dir='ltr'>puniendi</span> <span class='ocrx_word' id='word_1_166' title='bbox 1008 1588 1056 1620; x_wconf 91' lang='lat' dir='ltr'>di-</span> 
     </span>
     <span class='ocr_line' id='line_1_46' title="bbox 303 1642 1054 1683; baseline 0.001 -9"><span class='ocrx_word' id='word_1_167' title='bbox 303 1647 372 1675; x_wconf 88' lang='lat' dir='ltr'>ctos</span> <span class='ocrx_word' id='word_1_168' title='bbox 405 1643 521 1676; x_wconf 85' lang='lat' dir='ltr'>fratres</span> <span class='ocrx_word' id='word_1_169' title='bbox 549 1642 612 1676; x_wconf 89' lang='lat' dir='ltr'>sive</span> <span class='ocrx_word' id='word_1_170' title='bbox 647 1643 802 1676; x_wconf 77' lang='lat' dir='ltr'>moniales</span> <span class='ocrx_word' id='word_1_171' title='bbox 828 1642 1054 1683; x_wconf 82' lang='lat' dir='ltr'>Discalceatos,</span> 
     </span>
     <span class='ocr_line' id='line_1_47' title="bbox 303 1695 1056 1729; baseline 0 -1"><span class='ocrx_word' id='word_1_172' title='bbox 303 1695 399 1728; x_wconf 90' lang='lat' dir='ltr'>etiam</span> <span class='ocrx_word' id='word_1_173' title='bbox 420 1707 438 1729; x_wconf 90' lang='lat' dir='ltr'>a</span> <span class='ocrx_word' id='word_1_174' title='bbox 458 1696 551 1729; x_wconf 89' lang='lat' dir='ltr'>nobis</span> <span class='ocrx_word' id='word_1_175' title='bbox 571 1702 627 1729; x_wconf 88' lang='lat' dir='ltr'>aut</span> <span class='ocrx_word' id='word_1_176' title='bbox 647 1701 756 1729; x_wconf 90' lang='lat' dir='ltr'>nostro</span> <span class='ocrx_word' id='word_1_177' title='bbox 778 1703 806 1728; x_wconf 80' lang='lat' dir='ltr'>et</span> <span class='ocrx_word' id='word_1_178' title='bbox 838 1696 942 1729; x_wconf 87' lang='lat' dir='ltr'>dictae</span> <span class='ocrx_word' id='word_1_179' title='bbox 967 1696 1056 1729; x_wconf 85' lang='lat' dir='ltr'>Sedis</span> 
     </span>
     <span class='ocr_line' id='line_1_48' title="bbox 302 1748 1055 1793; baseline 0 -12"><span class='ocrx_word' id='word_1_180' title='bbox 302 1749 335 1781; x_wconf 91' lang='lat' dir='ltr'>in</span> <span class='ocrx_word' id='word_1_181' title='bbox 355 1748 501 1793; x_wconf 88' lang='lat' dir='ltr'>partibus</span> <span class='ocrx_word' id='word_1_182' title='bbox 521 1749 584 1782; x_wconf 91' lang='lat' dir='ltr'>illis</span> <span class='ocrx_word' id='word_1_183' title='bbox 610 1749 826 1782; x_wconf 70' lang='lat' dir='ltr'>commoranti</span> <span class='ocrx_word' id='word_1_184' title='bbox 851 1749 971 1782; x_wconf 91' lang='lat' dir='ltr'>nuncio</span> <span class='ocrx_word' id='word_1_185' title='bbox 1001 1754 1055 1782; x_wconf 90' lang='lat' dir='ltr'>aut</span> 
     </span>
     <span class='ocr_line' id='line_1_49' title="bbox 301 1802 1055 1847; baseline -0.001 -11"><span class='ocrx_word' id='word_1_186' title='bbox 301 1812 511 1847; x_wconf 83' lang='lat' dir='ltr'>quocumque</span> <span class='ocrx_word' id='word_1_187' title='bbox 545 1803 620 1844; x_wconf 92' lang='lat' dir='ltr'>alio,</span> <span class='ocrx_word' id='word_1_188' title='bbox 661 1803 847 1836; x_wconf 81' lang='lat' dir='ltr'>facultatem</span> <span class='ocrx_word' id='word_1_189' title='bbox 868 1802 1055 1836; x_wconf 89' lang='lat' dir='ltr'>huiusmodi</span> 
     </span>
     <span class='ocr_line' id='line_1_50' title="bbox 301 1857 1055 1899; baseline -0.001 -9"><span class='ocrx_word' id='word_1_190' title='bbox 301 1868 339 1890; x_wconf 83' lang='lat' dir='ltr'>ex</span> <span class='ocrx_word' id='word_1_191' title='bbox 359 1867 448 1891; x_wconf 87' lang='lat' dir='ltr'>nunc</span> <span class='ocrx_word' id='word_1_192' title='bbox 471 1867 647 1899; x_wconf 87' lang='lat' dir='ltr'>cassamus,</span> <span class='ocrx_word' id='word_1_193' title='bbox 671 1867 860 1890; x_wconf 79' lang='lat' dir='ltr'>revocamus</span> <span class='ocrx_word' id='word_1_194' title='bbox 885 1862 915 1889; x_wconf 87' lang='lat' dir='ltr'>et</span> <span class='ocrx_word' id='word_1_195' title='bbox 939 1857 1055 1890; x_wconf 91' lang='lat' dir='ltr'>annul-</span> 
     </span>
     <span class='ocr_line' id='line_1_51' title="bbox 301 1911 418 1944; baseline 0 0"><span class='ocrx_word' id='word_1_196' title='bbox 301 1911 418 1944; x_wconf 90' lang='lat' dir='ltr'>lamus.</span> 
     </span>
    </p>

    <p class='ocr_par' dir='ltr' id='par_1_9' title="bbox 301 1964 1054 2435">
     <span class='ocr_line' id='line_1_52' title="bbox 346 1964 1054 2009; baseline -0.003 -12"><span class='ocrx_word' id='word_1_197' title='bbox 346 1964 435 2009; x_wconf 62' lang='lat'>514.</span> <span class='ocrx_word' id='word_1_198' title='bbox 462 1965 677 1998; x_wconf 85' lang='lat' dir='ltr'>Decernentes</span> <span class='ocrx_word' id='word_1_199' title='bbox 714 1969 899 2008; x_wconf 73' lang='lat' dir='ltr'>praesentes</span> <span class='ocrx_word' id='word_1_200' title='bbox 933 1964 1054 1997; x_wconf 78' lang='lat' dir='ltr'>litteras</span> 
     </span>
     <span class='ocr_line' id='line_1_53' title="bbox 302 2017 1054 2062; baseline -0.003 -11"><span class='ocrx_word' id='word_1_201' title='bbox 302 2018 393 2051; x_wconf 91' lang='lat' dir='ltr'>nullo</span> <span class='ocrx_word' id='word_1_202' title='bbox 425 2028 583 2062; x_wconf 85' lang='lat' dir='ltr'>umquam</span> <span class='ocrx_word' id='word_1_203' title='bbox 608 2023 755 2061; x_wconf 89' lang='lat' dir='ltr'>tempore</span> <span class='ocrx_word' id='word_1_204' title='bbox 775 2017 814 2050; x_wconf 89' lang='lat' dir='ltr'>de</span> <span class='ocrx_word' id='word_1_205' title='bbox 835 2017 1054 2060; x_wconf 71' lang='lat' dir='ltr'>subreptionis</span> 
     </span>
     <span class='ocr_line' id='line_1_54' title="bbox 301 2071 1052 2116; baseline -0.001 -11"><span class='ocrx_word' id='word_1_206' title='bbox 301 2072 349 2105; x_wconf 88' lang='lat' dir='ltr'>vel</span> <span class='ocrx_word' id='word_1_207' title='bbox 369 2072 571 2116; x_wconf 88' lang='lat' dir='ltr'>obreptionis</span> <span class='ocrx_word' id='word_1_208' title='bbox 590 2072 678 2112; x_wconf 84' lang='lat' dir='ltr'>vitio,</span> <span class='ocrx_word' id='word_1_209' title='bbox 700 2077 756 2104; x_wconf 86' lang='lat' dir='ltr'>aut</span> <span class='ocrx_word' id='word_1_210' title='bbox 782 2071 970 2104; x_wconf 86' lang='lat' dir='ltr'>intentionis</span> <span class='ocrx_word' id='word_1_211' title='bbox 994 2081 1052 2104; x_wconf 91' lang='lat' dir='ltr'>no-</span> 
     </span>
     <span class='ocr_line' id='line_1_55' title="bbox 302 2124 1053 2168; baseline -0.004 -9"><span class='ocrx_word' id='word_1_212' title='bbox 302 2131 369 2159; x_wconf 88' lang='lat' dir='ltr'>trae</span> <span class='ocrx_word' id='word_1_213' title='bbox 389 2126 531 2168; x_wconf 84' lang='lat' dir='ltr'>defectu,</span> <span class='ocrx_word' id='word_1_214' title='bbox 572 2125 668 2159; x_wconf 86' lang='lat' dir='ltr'>etiam</span> <span class='ocrx_word' id='word_1_215' title='bbox 689 2135 726 2158; x_wconf 85' lang='lat' dir='ltr'>ex</span> <span class='ocrx_word' id='word_1_216' title='bbox 746 2135 784 2157; x_wconf 89' lang='lat' dir='ltr'>eo</span> <span class='ocrx_word' id='word_1_217' title='bbox 821 2124 907 2167; x_wconf 91' lang='lat' dir='ltr'>quod</span> <span class='ocrx_word' id='word_1_218' title='bbox 941 2134 1053 2157; x_wconf 80' lang='lat' dir='ltr'>omnes</span> 
     </span>
     <span class='ocr_line' id='line_1_56' title="bbox 302 2177 1053 2213; baseline -0.001 -2"><span class='ocrx_word' id='word_1_219' title='bbox 302 2179 456 2212; x_wconf 85' lang='lat' dir='ltr'>interesse</span> <span class='ocrx_word' id='word_1_220' title='bbox 476 2179 631 2213; x_wconf 83' lang='lat' dir='ltr'>habentes</span> <span class='ocrx_word' id='word_1_221' title='bbox 653 2179 759 2212; x_wconf 77' lang='lat' dir='ltr'>forsan</span> <span class='ocrx_word' id='word_1_222' title='bbox 778 2177 881 2210; x_wconf 85' lang='lat' dir='ltr'>vocati</span> <span class='ocrx_word' id='word_1_223' title='bbox 902 2187 966 2210; x_wconf 84' lang='lat' dir='ltr'>non</span> <span class='ocrx_word' id='word_1_224' title='bbox 987 2178 1053 2210; x_wconf 85' lang='lat' dir='ltr'>sue-</span> 
     </span>
     <span class='ocr_line' id='line_1_57' title="bbox 301 2231 1051 2276; baseline -0.001 -12"><span class='ocrx_word' id='word_1_225' title='bbox 301 2232 376 2273; x_wconf 90' lang='lat' dir='ltr'>rint,</span> <span class='ocrx_word' id='word_1_226' title='bbox 407 2233 525 2274; x_wconf 89' lang='lat' dir='ltr'>notari,</span> <span class='ocrx_word' id='word_1_227' title='bbox 563 2232 654 2276; x_wconf 80' lang='lat' dir='ltr'>argui</span> <span class='ocrx_word' id='word_1_228' title='bbox 679 2242 735 2265; x_wconf 88' lang='lat' dir='ltr'>seu</span> <span class='ocrx_word' id='word_1_229' title='bbox 769 2231 965 2275; x_wconf 81' lang='lat' dir='ltr'>impugnari,</span> <span class='ocrx_word' id='word_1_230' title='bbox 999 2236 1051 2263; x_wconf 85' lang='lat' dir='ltr'>aut</span> 
     </span>
     <span class='ocr_line' id='line_1_58' title="bbox 302 2283 1051 2329; baseline -0.004 -10"><span class='ocrx_word' id='word_1_231' title='bbox 302 2286 361 2319; x_wconf 86' lang='lat' dir='ltr'>sub</span> <span class='ocrx_word' id='word_1_232' title='bbox 382 2286 547 2329; x_wconf 87' lang='lat' dir='ltr'>quibusvis</span> <span class='ocrx_word' id='word_1_233' title='bbox 566 2285 837 2325; x_wconf 83' lang='lat' dir='ltr'>revocationibus,</span> <span class='ocrx_word' id='word_1_234' title='bbox 865 2283 1051 2328; x_wconf 82' lang='lat' dir='ltr'>suspensio-</span> 
     </span>
     <span class='ocr_line' id='line_1_59' title="bbox 302 2337 1051 2380; baseline -0.003 -9"><span class='ocrx_word' id='word_1_235' title='bbox 302 2339 407 2380; x_wconf 81' lang='lat' dir='ltr'>nibus,</span> <span class='ocrx_word' id='word_1_236' title='bbox 444 2340 695 2373; x_wconf 86' lang='lat' dir='ltr'>limitationibus</span> <span class='ocrx_word' id='word_1_237' title='bbox 719 2345 774 2372; x_wconf 89' lang='lat' dir='ltr'>aut</span> <span class='ocrx_word' id='word_1_238' title='bbox 794 2338 863 2371; x_wconf 88' lang='lat' dir='ltr'>aliis</span> <span class='ocrx_word' id='word_1_239' title='bbox 884 2337 1051 2371; x_wconf 74' lang='lat' dir='ltr'>contrariis</span> 
     </span>
     <span class='ocr_line' id='line_1_60' title="bbox 302 2390 1051 2435; baseline 0 -11"><span class='ocrx_word' id='word_1_240' title='bbox 302 2392 577 2435; x_wconf 79' lang='lat' dir='ltr'>dispositionibus,</span> <span class='ocrx_word' id='word_1_241' title='bbox 616 2393 710 2427; x_wconf 85' lang='lat' dir='ltr'>etiam</span> <span class='ocrx_word' id='word_1_242' title='bbox 751 2393 790 2426; x_wconf 89' lang='lat' dir='ltr'>ab</span> <span class='ocrx_word' id='word_1_243' title='bbox 826 2392 937 2425; x_wconf 86' lang='lat' dir='ltr'>eadem</span> <span class='ocrx_word' id='word_1_244' title='bbox 971 2390 1051 2424; x_wconf 82' lang='lat' dir='ltr'>Sede</span> 
     </span>
    </p>
   </div>
   <div class='ocr_carea' id='block_1_7' title="bbox 301 2445 1051 2587">
    <p class='ocr_par' dir='ltr' id='par_1_10' title="bbox 301 2445 1051 2587">
     <span class='ocr_line' id='line_1_61' title="bbox 302 2445 1050 2491; baseline 0 -14"><span class='ocrx_word' id='word_1_245' title='bbox 302 2446 457 2479; x_wconf 82' lang='lat' dir='ltr'>emanatis</span> <span class='ocrx_word' id='word_1_246' title='bbox 477 2452 508 2479; x_wconf 91' lang='lat' dir='ltr'>et</span> <span class='ocrx_word' id='word_1_247' title='bbox 529 2447 561 2479; x_wconf 92' lang='lat' dir='ltr'>in</span> <span class='ocrx_word' id='word_1_248' title='bbox 583 2452 748 2491; x_wconf 86' lang='lat' dir='ltr'>posterum</span> <span class='ocrx_word' id='word_1_249' title='bbox 760 2445 948 2479; x_wconf 87' lang='lat' dir='ltr'>emanandis</span> <span class='ocrx_word' id='word_1_250' title='bbox 962 2455 1050 2478; x_wconf 88' lang='lat' dir='ltr'>com-</span> 
     </span>
     <span class='ocr_line' id='line_1_62' title="bbox 301 2493 1051 2538; baseline -0.001 -12"><span class='ocrx_word' id='word_1_251' title='bbox 301 2495 460 2537; x_wconf 79' lang='lat' dir='ltr'>prehendi</span> <span class='ocrx_word' id='word_1_252' title='bbox 480 2506 586 2538; x_wconf 66' lang='lat' dir='ltr'>passe,</span> <span class='ocrx_word' id='word_1_253' title='bbox 609 2495 663 2529; x_wconf 84' lang='lat' dir='ltr'>sed</span> <span class='ocrx_word' id='word_1_254' title='bbox 685 2495 756 2528; x_wconf 82' lang='lat' dir='ltr'>illas</span> <span class='ocrx_word' id='word_1_255' title='bbox 775 2505 905 2538; x_wconf 85' lang='lat' dir='ltr'>semper</span> <span class='ocrx_word' id='word_1_256' title='bbox 931 2493 1051 2526; x_wconf 81' lang='lat' dir='ltr'>validas</span> 
     </span>
     <span class='ocr_line' id='line_1_63' title="bbox 301 2541 1051 2587; baseline -0.001 -12"><span class='ocrx_word' id='word_1_257' title='bbox 301 2549 332 2576; x_wconf 90' lang='lat' dir='ltr'>et</span> <span class='ocrx_word' id='word_1_258' title='bbox 353 2543 499 2576; x_wconf 79' lang='lat' dir='ltr'>efficaces</span> <span class='ocrx_word' id='word_1_259' title='bbox 520 2544 667 2584; x_wconf 81' lang='lat' dir='ltr'>existere,</span> <span class='ocrx_word' id='word_1_260' title='bbox 689 2553 829 2587; x_wconf 81' lang='lat' dir='ltr'>suosque</span> <span class='ocrx_word' id='word_1_261' title='bbox 841 2541 1004 2586; x_wconf 86' lang='lat' dir='ltr'>plenarios</span> <span class='ocrx_word' id='word_1_262' title='bbox 1020 2547 1051 2574; x_wconf 91' lang='lat' dir='ltr'>et</span> 
     </span>
    </p>
   </div>
   <div class='ocr_carea' id='block_1_8' title="bbox 941 247 1288 272">
    <p class='ocr_par' dir='ltr' id='par_1_11' title="bbox 941 247 1288 272">
     <span class='ocr_line' id='line_1_64' title="bbox 941 247 1288 272; baseline 0.003 0"><span class='ocrx_word' id='word_1_263' title='bbox 941 247 1120 272; x_wconf 78' lang='lat' dir='ltr'>BULLARmM</span> <span class='ocrx_word' id='word_1_264' title='bbox 1139 247 1288 272; x_wconf 71' lang='grc' dir='ltr'><strong>ΠΟΜΑΝΠΜ</strong></span> 
     </span>
    </p>
   </div>
   <div class='ocr_carea' id='block_1_9' title="bbox 1109 297 1862 770">
    <p class='ocr_par' dir='ltr' id='par_1_12' title="bbox 1109 297 1862 716">
     <span class='ocr_line' id='line_1_65' title="bbox 1115 297 1862 342; baseline -0.001 -10"><span class='ocrx_word' id='word_1_265' title='bbox 1115 305 1146 332; x_wconf 87' lang='lat' dir='ltr'>et</span> <span class='ocrx_word' id='word_1_266' title='bbox 1165 298 1416 341; x_wconf 85' lang='lat' dir='ltr'>commissarios,</span> <span class='ocrx_word' id='word_1_267' title='bbox 1444 299 1555 342; x_wconf 87' lang='lat' dir='ltr'>quavis</span> <span class='ocrx_word' id='word_1_268' title='bbox 1573 297 1764 333; x_wconf 82' lang='lat' dir='ltr'>auctoritate</span> <span class='ocrx_word' id='word_1_269' title='bbox 1789 297 1862 332; x_wconf 82' lang='lat' dir='ltr'>sun-</span> 
     </span>
     <span class='ocr_line' id='line_1_66' title="bbox 1114 352 1862 395; baseline -0.001 -10"><span class='ocrx_word' id='word_1_270' title='bbox 1114 358 1236 395; x_wconf 79' lang='lat' dir='ltr'>gentes‚</span> <span class='ocrx_word' id='word_1_271' title='bbox 1255 353 1382 386; x_wconf 80' lang='lat' dir='ltr'>sublata</span> <span class='ocrx_word' id='word_1_272' title='bbox 1402 353 1447 386; x_wconf 91' lang='lat' dir='ltr'>eis</span> <span class='ocrx_word' id='word_1_273' title='bbox 1458 358 1489 386; x_wconf 91' lang='lat' dir='ltr'>et</span> <span class='ocrx_word' id='word_1_274' title='bbox 1504 363 1616 387; x_wconf 88' lang='lat' dir='ltr'>eorum</span> <span class='ocrx_word' id='word_1_275' title='bbox 1636 352 1770 385; x_wconf 82' lang='lat' dir='ltr'>cuilibet</span> <span class='ocrx_word' id='word_1_276' title='bbox 1782 362 1862 395; x_wconf 86' lang='lat' dir='ltr'>qua-</span> 
     </span>
     <span class='ocr_line' id='line_1_67' title="bbox 1113 405 1861 450; baseline 0 -12"><span class='ocrx_word' id='word_1_277' title='bbox 1113 406 1157 438; x_wconf 78' lang='lat' dir='ltr'>vis</span> <span class='ocrx_word' id='word_1_278' title='bbox 1176 406 1270 439; x_wconf 88' lang='lat' dir='ltr'>aliter</span> <span class='ocrx_word' id='word_1_279' title='bbox 1303 405 1469 440; x_wconf 87' lang='lat' dir='ltr'>iudicandi</span> <span class='ocrx_word' id='word_1_280' title='bbox 1500 411 1532 440; x_wconf 89' lang='lat' dir='ltr'>et</span> <span class='ocrx_word' id='word_1_281' title='bbox 1561 405 1795 450; x_wconf 88' lang='lat' dir='ltr'>interpretandi</span> <span class='ocrx_word' id='word_1_282' title='bbox 1814 405 1861 438; x_wconf 80' lang='lat' dir='ltr'>sa-</span> 
     </span>
     <span class='ocr_line' id='line_1_68' title="bbox 1113 457 1862 503; baseline 0 -12"><span class='ocrx_word' id='word_1_283' title='bbox 1113 459 1231 492; x_wconf 89' lang='lat' dir='ltr'>cultate</span> <span class='ocrx_word' id='word_1_284' title='bbox 1251 464 1283 492; x_wconf 89' lang='lat' dir='ltr'>et</span> <span class='ocrx_word' id='word_1_285' title='bbox 1302 459 1504 501; x_wconf 88' lang='lat' dir='ltr'>auctoritate,</span> <span class='ocrx_word' id='word_1_286' title='bbox 1527 459 1648 503; x_wconf 89' lang='lat' dir='ltr'>ubique</span> <span class='ocrx_word' id='word_1_287' title='bbox 1667 457 1804 492; x_wconf 88' lang='lat' dir='ltr'>iudicari</span> <span class='ocrx_word' id='word_1_288' title='bbox 1824 468 1862 491; x_wconf 86' lang='lat' dir='ltr'>ac</span> 
     </span>
     <span class='ocr_line' id='line_1_69' title="bbox 1112 511 1859 552; baseline 0 -8"><span class='ocrx_word' id='word_1_289' title='bbox 1112 512 1239 544; x_wconf 89' lang='lat' dir='ltr'>definiri</span> <span class='ocrx_word' id='word_1_290' title='bbox 1260 512 1389 545; x_wconf 89' lang='lat' dir='ltr'>debere.</span> <span class='ocrx_word' id='word_1_291' title='bbox 1408 513 1540 546; x_wconf 88' lang='lat' dir='ltr'>Necnon</span> <span class='ocrx_word' id='word_1_292' title='bbox 1559 511 1687 545; x_wconf 89' lang='lat' dir='ltr'>irritum</span> <span class='ocrx_word' id='word_1_293' title='bbox 1706 516 1737 544; x_wconf 90' lang='lat' dir='ltr'>et</span> <span class='ocrx_word' id='word_1_294' title='bbox 1752 511 1859 552; x_wconf 82' lang='lat' dir='ltr'>inane,</span> 
     </span>
     <span class='ocr_line' id='line_1_70' title="bbox 1111 565 1860 610; baseline 0 -12"><span class='ocrx_word' id='word_1_295' title='bbox 1111 566 1136 598; x_wconf 86' lang='lat' dir='ltr'>si</span> <span class='ocrx_word' id='word_1_296' title='bbox 1157 576 1249 599; x_wconf 88' lang='lat' dir='ltr'>secus</span> <span class='ocrx_word' id='word_1_297' title='bbox 1269 577 1368 609; x_wconf 90' lang='lat' dir='ltr'>super</span> <span class='ocrx_word' id='word_1_298' title='bbox 1384 566 1433 599; x_wconf 90' lang='lat' dir='ltr'>his</span> <span class='ocrx_word' id='word_1_299' title='bbox 1452 577 1470 599; x_wconf 88' lang='lat' dir='ltr'>a</span> <span class='ocrx_word' id='word_1_300' title='bbox 1489 576 1666 610; x_wconf 85' lang='lat' dir='ltr'>quoquam,</span> <span class='ocrx_word' id='word_1_301' title='bbox 1679 565 1788 609; x_wconf 89' lang='lat' dir='ltr'>quavis</span> <span class='ocrx_word' id='word_1_302' title='bbox 1804 575 1860 598; x_wconf 83' lang='lat' dir='ltr'>au-</span> 
     </span>
     <span class='ocr_line' id='line_1_71' title="bbox 1111 617 1859 664; baseline 0 -12"><span class='ocrx_word' id='word_1_303' title='bbox 1111 619 1269 659; x_wconf 83' lang='lat' dir='ltr'>ctoritate,</span> <span class='ocrx_word' id='word_1_304' title='bbox 1296 619 1435 653; x_wconf 84' lang='lat' dir='ltr'>scienter</span> <span class='ocrx_word' id='word_1_305' title='bbox 1453 620 1501 653; x_wconf 89' lang='lat' dir='ltr'>vel</span> <span class='ocrx_word' id='word_1_306' title='bbox 1525 619 1721 664; x_wconf 83' lang='lat' dir='ltr'>ignoranter,</span> <span class='ocrx_word' id='word_1_307' title='bbox 1755 617 1859 653; x_wconf 91' lang='lat' dir='ltr'>conti-</span> 
     </span>
     <span class='ocr_line' id='line_1_72' title="bbox 1109 673 1373 716; baseline -0.008 -8"><span class='ocrx_word' id='word_1_308' title='bbox 1109 673 1192 716; x_wconf 74' lang='lat' dir='ltr'>gerit</span> <span class='ocrx_word' id='word_1_309' title='bbox 1211 673 1373 707; x_wconf 88' lang='lat' dir='ltr'>attentari.</span> 
     </span>
    </p>

    <p class='ocr_par' dir='ltr' id='par_1_13' title="bbox 1152 726 1859 770">
     <span class='ocr_line' id='line_1_73' title="bbox 1152 726 1859 770; baseline 0.001 -10"><span class='ocrx_word' id='word_1_310' title='bbox 1152 727 1167 770; x_wconf 63' lang='grc' dir='ltr'><strong>ἓ</strong></span> <span class='ocrx_word' id='word_1_311' title='bbox 1186 726 1239 760; x_wconf 77' lang='grc'>16.</span> <span class='ocrx_word' id='word_1_312' title='bbox 1262 727 1421 767; x_wconf 81' lang='lat' dir='ltr'>Quocirca</span> <span class='ocrx_word' id='word_1_313' title='bbox 1439 727 1679 760; x_wconf 86' lang='lat' dir='ltr'>venerabilibus</span> <span class='ocrx_word' id='word_1_314' title='bbox 1706 726 1859 761; x_wconf 87' lang='lat' dir='ltr'>fratribus</span> 
     </span>
    </p>
   </div>
   <div class='ocr_carea' id='block_1_10' title="bbox 1093 833 1858 2489">
    <p class='ocr_par' dir='ltr' id='par_1_14' title="bbox 1093 833 1858 2489">
     <span class='ocr_line' id='line_1_74' title="bbox 1108 833 1858 877; baseline 0.003 -11"><span class='ocrx_word' id='word_1_315' title='bbox 1108 833 1262 877; x_wconf 87' lang='lat' dir='ltr'>episeopo</span> <span class='ocrx_word' id='word_1_316' title='bbox 1282 834 1461 875; x_wconf 90' lang='lat' dir='ltr'>Palentin0‚</span> <span class='ocrx_word' id='word_1_317' title='bbox 1489 844 1526 868; x_wconf 86' lang='lat' dir='ltr'>ac</span> <span class='ocrx_word' id='word_1_318' title='bbox 1545 833 1663 867; x_wconf 85' lang='lat' dir='ltr'>dilecto</span> <span class='ocrx_word' id='word_1_319' title='bbox 1683 833 1752 868; x_wconf 83' lang='lat' dir='ltr'>filio</span> <span class='ocrx_word' id='word_1_320' title='bbox 1782 843 1858 868; x_wconf 79' lang='lat' dir='ltr'>cau·</span> 
     </span>
     <span class='ocr_line' id='line_1_75' title="bbox 1107 886 1856 931; baseline 0.003 -12"><span class='ocrx_word' id='word_1_321' title='bbox 1107 897 1216 920; x_wconf 89' lang='lat' dir='ltr'>sarum</span> <span class='ocrx_word' id='word_1_322' title='bbox 1249 887 1364 921; x_wconf 85' lang='lat' dir='ltr'>Curiae</span> <span class='ocrx_word' id='word_1_323' title='bbox 1387 888 1541 921; x_wconf 85' lang='lat' dir='ltr'>Gamerae</span> <span class='ocrx_word' id='word_1_324' title='bbox 1565 886 1767 931; x_wconf 81' lang='lat' dir='ltr'>Apostolieae</span> <span class='ocrx_word' id='word_1_325' title='bbox 1799 898 1856 931; x_wconf 86' lang='lat' dir='ltr'>ge-</span> 
     </span>
     <span class='ocr_line' id='line_1_76' title="bbox 1107 940 1856 983; baseline 0.003 -10"><span class='ocrx_word' id='word_1_326' title='bbox 1107 941 1209 974; x_wconf 87' lang='lat' dir='ltr'>nerali</span> <span class='ocrx_word' id='word_1_327' title='bbox 1228 941 1381 983; x_wconf 84' lang='lat' dir='ltr'>auditori,</span> <span class='ocrx_word' id='word_1_328' title='bbox 1404 951 1532 975; x_wconf 89' lang='lat' dir='ltr'>necnon</span> <span class='ocrx_word' id='word_1_329' title='bbox 1551 940 1708 975; x_wconf 88' lang='lat' dir='ltr'>universis</span> <span class='ocrx_word' id='word_1_330' title='bbox 1738 945 1770 974; x_wconf 88' lang='lat' dir='ltr'>et</span> <span class='ocrx_word' id='word_1_331' title='bbox 1791 941 1856 975; x_wconf 89' lang='lat' dir='ltr'>sin-</span> 
     </span>
     <span class='ocr_line' id='line_1_77' title="bbox 1106 994 1855 1040; baseline 0.001 -13"><span class='ocrx_word' id='word_1_332' title='bbox 1106 994 1190 1037; x_wconf 83' lang='lat' dir='ltr'>gulis</span> <span class='ocrx_word' id='word_1_333' title='bbox 1208 994 1412 1038; x_wconf 86' lang='lat' dir='ltr'>patriarchis,</span> <span class='ocrx_word' id='word_1_334' title='bbox 1444 995 1710 1039; x_wconf 86' lang='lat' dir='ltr'>archiepiscopis,</span> <span class='ocrx_word' id='word_1_335' title='bbox 1732 995 1855 1040; x_wconf 85' lang='lat' dir='ltr'>episco-</span> 
     </span>
     <span class='ocr_line' id='line_1_78' title="bbox 1106 1042 1855 1093; baseline 0.003 -13"><span class='ocrx_word' id='word_1_336' title='bbox 1106 1047 1154 1092; x_wconf 90' lang='lat' dir='ltr'>pis</span> <span class='ocrx_word' id='word_1_337' title='bbox 1173 1053 1203 1081; x_wconf 88' lang='lat' dir='ltr'>et</span> <span class='ocrx_word' id='word_1_338' title='bbox 1223 1048 1293 1082; x_wconf 87' lang='lat' dir='ltr'>aliis</span> <span class='ocrx_word' id='word_1_339' title='bbox 1317 1049 1528 1083; x_wconf 88' lang='lat' dir='ltr'>ecclesiarum</span> <span class='ocrx_word' id='word_1_340' title='bbox 1544 1048 1706 1093; x_wconf 87' lang='lat' dir='ltr'>praelatis,</span> <span class='ocrx_word' id='word_1_341' title='bbox 1728 1059 1766 1083; x_wconf 86' lang='lat' dir='ltr'>ac</span> <span class='ocrx_word' id='word_1_342' title='bbox 1782 1042 1855 1092; x_wconf 85' lang='lat' dir='ltr'>qui-</span> 
     </span>
     <span class='ocr_line' id='line_1_79' title="bbox 1106 1102 1854 1147; baseline 0.004 -13"><span class='ocrx_word' id='word_1_343' title='bbox 1106 1102 1306 1145; x_wconf 87' lang='lat' dir='ltr'>buscumque</span> <span class='ocrx_word' id='word_1_344' title='bbox 1317 1103 1350 1136; x_wconf 91' lang='lat' dir='ltr'>in</span> <span class='ocrx_word' id='word_1_345' title='bbox 1370 1103 1525 1147; x_wconf 83' lang='lat' dir='ltr'>dignitate</span> <span class='ocrx_word' id='word_1_346' title='bbox 1545 1102 1762 1136; x_wconf 86' lang='lat' dir='ltr'>ecclesiastica</span> <span class='ocrx_word' id='word_1_347' title='bbox 1777 1111 1854 1137; x_wconf 79' lang='lat' dir='ltr'>con-</span> 
     </span>
     <span class='ocr_line' id='line_1_80' title="bbox 1105 1156 1853 1202; baseline 0.003 -14"><span class='ocrx_word' id='word_1_348' title='bbox 1105 1156 1224 1190; x_wconf 88' lang='lat' dir='ltr'>stitutis</span> <span class='ocrx_word' id='word_1_349' title='bbox 1243 1168 1302 1201; x_wconf 92' lang='lat' dir='ltr'>per</span> <span class='ocrx_word' id='word_1_350' title='bbox 1324 1163 1509 1202; x_wconf 86' lang='lat' dir='ltr'>praesentes</span> <span class='ocrx_word' id='word_1_351' title='bbox 1528 1158 1720 1191; x_wconf 87' lang='lat' dir='ltr'>mandamus</span> <span class='ocrx_word' id='word_1_352' title='bbox 1738 1162 1853 1201; x_wconf 78' lang='lat' dir='ltr'>quate-</span> 
     </span>
     <span class='ocr_line' id='line_1_81' title="bbox 1104 1209 1853 1255; baseline 0.003 -13"><span class='ocrx_word' id='word_1_353' title='bbox 1104 1220 1165 1243; x_wconf 93' lang='lat' dir='ltr'>nus</span> <span class='ocrx_word' id='word_1_354' title='bbox 1185 1209 1246 1255; x_wconf 90' lang='lat' dir='ltr'>ipsi</span> <span class='ocrx_word' id='word_1_355' title='bbox 1271 1211 1320 1244; x_wconf 88' lang='lat' dir='ltr'>vel</span> <span class='ocrx_word' id='word_1_356' title='bbox 1349 1211 1414 1244; x_wconf 86' lang='lat' dir='ltr'>duo</span> <span class='ocrx_word' id='word_1_357' title='bbox 1440 1216 1496 1244; x_wconf 90' lang='lat' dir='ltr'>aut</span> <span class='ocrx_word' id='word_1_358' title='bbox 1524 1221 1609 1244; x_wconf 89' lang='lat' dir='ltr'>unus</span> <span class='ocrx_word' id='word_1_359' title='bbox 1641 1217 1768 1252; x_wconf 84' lang='lat' dir='ltr'>eorum,</span> <span class='ocrx_word' id='word_1_360' title='bbox 1794 1221 1853 1255; x_wconf 85' lang='lat' dir='ltr'>per</span> 
     </span>
     <span class='ocr_line' id='line_1_82' title="bbox 1103 1264 1852 1309; baseline 0.001 -12"><span class='ocrx_word' id='word_1_361' title='bbox 1103 1275 1136 1297; x_wconf 86' lang='lat' dir='ltr'>se</span> <span class='ocrx_word' id='word_1_362' title='bbox 1155 1265 1203 1298; x_wconf 90' lang='lat' dir='ltr'>vel</span> <span class='ocrx_word' id='word_1_363' title='bbox 1223 1264 1323 1298; x_wconf 87' lang='lat' dir='ltr'>alium</span> <span class='ocrx_word' id='word_1_364' title='bbox 1342 1275 1399 1298; x_wconf 88' lang='lat' dir='ltr'>seu</span> <span class='ocrx_word' id='word_1_365' title='bbox 1419 1264 1509 1306; x_wconf 84' lang='lat' dir='ltr'>alios,</span> <span class='ocrx_word' id='word_1_366' title='bbox 1527 1270 1711 1309; x_wconf 84' lang='lat' dir='ltr'>praesentes</span> <span class='ocrx_word' id='word_1_367' title='bbox 1729 1264 1852 1298; x_wconf 83' lang='lat' dir='ltr'>litteras</span> 
     </span>
     <span class='ocr_line' id='line_1_83' title="bbox 1103 1317 1852 1361; baseline 0.003 -12"><span class='ocrx_word' id='word_1_368' title='bbox 1103 1322 1134 1350; x_wconf 89' lang='lat' dir='ltr'>et</span> <span class='ocrx_word' id='word_1_369' title='bbox 1157 1317 1190 1350; x_wconf 92' lang='lat' dir='ltr'>in</span> <span class='ocrx_word' id='word_1_370' title='bbox 1215 1318 1260 1351; x_wconf 87' lang='lat' dir='ltr'>eis</span> <span class='ocrx_word' id='word_1_371' title='bbox 1293 1324 1445 1352; x_wconf 87' lang='lat' dir='ltr'>contenta</span> <span class='ocrx_word' id='word_1_372' title='bbox 1469 1329 1705 1361; x_wconf 88' lang='lat' dir='ltr'>quaecumque,</span> <span class='ocrx_word' id='word_1_373' title='bbox 1731 1318 1788 1352; x_wconf 91' lang='lat' dir='ltr'>uhi</span> <span class='ocrx_word' id='word_1_374' title='bbox 1821 1324 1852 1352; x_wconf 88' lang='lat' dir='ltr'>et</span> 
     </span>
     <span class='ocr_line' id='line_1_84' title="bbox 1101 1371 1851 1416; baseline 0.001 -13"><span class='ocrx_word' id='word_1_375' title='bbox 1101 1371 1232 1414; x_wconf 87' lang='lat' dir='ltr'>quando</span> <span class='ocrx_word' id='word_1_376' title='bbox 1252 1382 1335 1416; x_wconf 92' lang='lat' dir='ltr'>opus</span> <span class='ocrx_word' id='word_1_377' title='bbox 1354 1371 1462 1413; x_wconf 86' lang='lat' dir='ltr'>suerit,</span> <span class='ocrx_word' id='word_1_378' title='bbox 1485 1377 1541 1405; x_wconf 87' lang='lat' dir='ltr'>aut</span> <span class='ocrx_word' id='word_1_379' title='bbox 1554 1371 1681 1416; x_wconf 88' lang='lat' dir='ltr'>quoties</span> <span class='ocrx_word' id='word_1_380' title='bbox 1691 1381 1751 1415; x_wconf 89' lang='lat' dir='ltr'>pro</span> <span class='ocrx_word' id='word_1_381' title='bbox 1761 1376 1851 1415; x_wconf 83' lang='lat' dir='ltr'>parte</span> 
     </span>
     <span class='ocr_line' id='line_1_85' title="bbox 1101 1425 1852 1470; baseline 0.001 -13"><span class='ocrx_word' id='word_1_382' title='bbox 1101 1425 1237 1458; x_wconf 80' lang='lat' dir='ltr'>fratrum</span> <span class='ocrx_word' id='word_1_383' title='bbox 1254 1426 1527 1459; x_wconf 86' lang='lat' dir='ltr'>Discalceatorum</span> <span class='ocrx_word' id='word_1_384' title='bbox 1547 1425 1786 1470; x_wconf 85' lang='lat' dir='ltr'>praedictorum</span> <span class='ocrx_word' id='word_1_385' title='bbox 1797 1425 1852 1458; x_wconf 89' lang='lat' dir='ltr'>de-</span> 
     </span>
     <span class='ocr_line' id='line_1_86' title="bbox 1101 1478 1849 1524; baseline 0 -12"><span class='ocrx_word' id='word_1_386' title='bbox 1101 1490 1199 1523; x_wconf 88' lang='lat' dir='ltr'>super</span> <span class='ocrx_word' id='word_1_387' title='bbox 1216 1480 1337 1513; x_wconf 86' lang='lat' dir='ltr'>fuerint</span> <span class='ocrx_word' id='word_1_388' title='bbox 1356 1479 1514 1524; x_wconf 86' lang='lat' dir='ltr'>requisiti,</span> <span class='ocrx_word' id='word_1_389' title='bbox 1536 1479 1723 1513; x_wconf 89' lang='lat' dir='ltr'>solemniter</span> <span class='ocrx_word' id='word_1_390' title='bbox 1741 1478 1849 1523; x_wconf 89' lang='lat' dir='ltr'>publi-</span> 
     </span>
     <span class='ocr_line' id='line_1_87' title="bbox 1101 1531 1849 1578; baseline 0 -13"><span class='ocrx_word' id='word_1_391' title='bbox 1101 1538 1220 1574; x_wconf 85' lang='lat' dir='ltr'>cantes,</span> <span class='ocrx_word' id='word_1_392' title='bbox 1243 1534 1371 1577; x_wconf 82' lang='lat' dir='ltr'>illisque</span> <span class='ocrx_word' id='word_1_393' title='bbox 1391 1534 1425 1567; x_wconf 89' lang='lat' dir='ltr'>in</span> <span class='ocrx_word' id='word_1_394' title='bbox 1435 1533 1621 1578; x_wconf 89' lang='lat' dir='ltr'>praemissis</span> <span class='ocrx_word' id='word_1_395' title='bbox 1639 1531 1779 1566; x_wconf 82' lang='lat' dir='ltr'>efficacis</span> <span class='ocrx_word' id='word_1_396' title='bbox 1792 1532 1849 1565; x_wconf 92' lang='lat' dir='ltr'>de-</span> 
     </span>
     <span class='ocr_line' id='line_1_88' title="bbox 1100 1586 1849 1631; baseline -0.001 -12"><span class='ocrx_word' id='word_1_397' title='bbox 1100 1586 1253 1621; x_wconf 80' lang='lat' dir='ltr'>fensionis</span> <span class='ocrx_word' id='word_1_398' title='bbox 1292 1587 1453 1631; x_wconf 89' lang='lat' dir='ltr'>praesidio</span> <span class='ocrx_word' id='word_1_399' title='bbox 1494 1587 1690 1627; x_wconf 86' lang='lat' dir='ltr'>assistentes,</span> <span class='ocrx_word' id='word_1_400' title='bbox 1729 1586 1849 1619; x_wconf 83' lang='lat' dir='ltr'>saciant</span> 
     </span>
     <span class='ocr_line' id='line_1_89' title="bbox 1098 1639 1848 1685; baseline -0.003 -11"><span class='ocrx_word' id='word_1_401' title='bbox 1098 1641 1290 1674; x_wconf 89' lang='lat' dir='ltr'>auctoritate</span> <span class='ocrx_word' id='word_1_402' title='bbox 1305 1647 1415 1675; x_wconf 84' lang='lat' dir='ltr'>nostra</span> <span class='ocrx_word' id='word_1_403' title='bbox 1435 1652 1489 1675; x_wconf 89' lang='lat' dir='ltr'>eos</span> <span class='ocrx_word' id='word_1_404' title='bbox 1499 1640 1683 1685; x_wconf 85' lang='lat' dir='ltr'>praemissis</span> <span class='ocrx_word' id='word_1_405' title='bbox 1697 1639 1848 1673; x_wconf 87' lang='lat' dir='ltr'>omnibus</span> 
     </span>
     <span class='ocr_line' id='line_1_90' title="bbox 1099 1693 1846 1739; baseline -0.001 -12"><span class='ocrx_word' id='word_1_406' title='bbox 1099 1699 1129 1727; x_wconf 90' lang='lat' dir='ltr'>et</span> <span class='ocrx_word' id='word_1_407' title='bbox 1148 1695 1292 1738; x_wconf 79' lang='lat' dir='ltr'>singulis,</span> <span class='ocrx_word' id='word_1_408' title='bbox 1317 1695 1405 1729; x_wconf 85' lang='lat' dir='ltr'>iuxta</span> <span class='ocrx_word' id='word_1_409' title='bbox 1434 1694 1653 1739; x_wconf 82' lang='lat' dir='ltr'>praesentium</span> <span class='ocrx_word' id='word_1_410' title='bbox 1678 1693 1846 1727; x_wconf 59' lang='lat' dir='ltr'>continen⁶</span> 
     </span>
     <span class='ocr_line' id='line_1_91' title="bbox 1098 1747 1845 1793; baseline -0.003 -12"><span class='ocrx_word' id='word_1_411' title='bbox 1098 1749 1176 1781; x_wconf 90' lang='lat' dir='ltr'>tiam</span> <span class='ocrx_word' id='word_1_412' title='bbox 1196 1754 1227 1782; x_wconf 88' lang='lat' dir='ltr'>et</span> <span class='ocrx_word' id='word_1_413' title='bbox 1245 1754 1406 1791; x_wconf 89' lang='lat' dir='ltr'>tenorem,</span> <span class='ocrx_word' id='word_1_414' title='bbox 1419 1748 1554 1793; x_wconf 78' lang='lat' dir='ltr'>pacifice</span> <span class='ocrx_word' id='word_1_415' title='bbox 1567 1747 1630 1781; x_wconf 88' lang='lat' dir='ltr'>frui</span> <span class='ocrx_word' id='word_1_416' title='bbox 1646 1753 1677 1781; x_wconf 88' lang='lat' dir='ltr'>et</span> <span class='ocrx_word' id='word_1_417' title='bbox 1691 1747 1845 1791; x_wconf 84' lang='lat' dir='ltr'>gaudere.</span> 
     </span>
     <span class='ocr_line' id='line_1_92' title="bbox 1096 1799 1847 1847; baseline -0.003 -12"><span class='ocrx_word' id='word_1_418' title='bbox 1096 1802 1166 1835; x_wconf 79' lang='lat' dir='ltr'>Non</span> <span class='ocrx_word' id='word_1_419' title='bbox 1189 1802 1413 1847; x_wconf 86' lang='lat' dir='ltr'>permittentes</span> <span class='ocrx_word' id='word_1_420' title='bbox 1443 1813 1498 1836; x_wconf 90' lang='lat' dir='ltr'>eos</span> <span class='ocrx_word' id='word_1_421' title='bbox 1520 1801 1660 1846; x_wconf 88' lang='lat' dir='ltr'>desuper</span> <span class='ocrx_word' id='word_1_422' title='bbox 1678 1811 1736 1845; x_wconf 88' lang='lat' dir='ltr'>per</span> <span class='ocrx_word' id='word_1_423' title='bbox 1758 1799 1847 1845; x_wconf 86' lang='lat' dir='ltr'>prio-</span> 
     </span>
     <span class='ocr_line' id='line_1_93' title="bbox 1097 1854 1846 1899; baseline -0.003 -10"><span class='ocrx_word' id='word_1_424' title='bbox 1097 1867 1165 1889; x_wconf 90' lang='lat' dir='ltr'>rem</span> <span class='ocrx_word' id='word_1_425' title='bbox 1189 1856 1374 1899; x_wconf 80' lang='lat' dir='ltr'>generalem</span> <span class='ocrx_word' id='word_1_426' title='bbox 1399 1855 1543 1899; x_wconf 88' lang='lat' dir='ltr'>aliosque</span> <span class='ocrx_word' id='word_1_427' title='bbox 1563 1854 1745 1899; x_wconf 87' lang='lat' dir='ltr'>praedictos</span> <span class='ocrx_word' id='word_1_428' title='bbox 1763 1864 1846 1898; x_wconf 90' lang='lat' dir='ltr'>quo-</span> 
     </span>
     <span class='ocr_line' id='line_1_94' title="bbox 1097 1907 1846 1949; baseline -0.003 -7"><span class='ocrx_word' id='word_1_429' title='bbox 1097 1910 1274 1944; x_wconf 89' lang='lat' dir='ltr'>modolibet</span> <span class='ocrx_word' id='word_1_430' title='bbox 1292 1909 1435 1943; x_wconf 88' lang='lat' dir='ltr'>indebite</span> <span class='ocrx_word' id='word_1_431' title='bbox 1455 1908 1632 1942; x_wconf 89' lang='lat' dir='ltr'>molestari.</span> <span class='ocrx_word' id='word_1_432' title='bbox 1658 1907 1846 1949; x_wconf 76' lang='lat' dir='ltr'>Contradic-</span> 
     </span>
     <span class='ocr_line' id='line_1_95' title="bbox 1097 1960 1846 2007; baseline -0.004 -10"><span class='ocrx_word' id='word_1_433' title='bbox 1097 1969 1180 1997; x_wconf 85' lang='lat' dir='ltr'>tores</span> <span class='ocrx_word' id='word_1_434' title='bbox 1212 1964 1373 2007; x_wconf 90' lang='lat' dir='ltr'>quoslibet</span> <span class='ocrx_word' id='word_1_435' title='bbox 1392 1974 1430 1997; x_wconf 86' lang='lat' dir='ltr'>ac</span> <span class='ocrx_word' id='word_1_436' title='bbox 1449 1963 1586 1997; x_wconf 84' lang='lat' dir='ltr'>rebelles</span> <span class='ocrx_word' id='word_1_437' title='bbox 1605 1966 1636 1995; x_wconf 90' lang='lat' dir='ltr'>et</span> <span class='ocrx_word' id='word_1_438' title='bbox 1661 1960 1846 2006; x_wconf 83' lang='lat' dir='ltr'>praemissis</span> 
     </span>
     <span class='ocr_line' id='line_1_96' title="bbox 1096 2016 1846 2061; baseline -0.004 -11"><span class='ocrx_word' id='word_1_439' title='bbox 1096 2028 1159 2050; x_wconf 87' lang='lat' dir='ltr'>non</span> <span class='ocrx_word' id='word_1_440' title='bbox 1181 2023 1343 2061; x_wconf 83' lang='lat' dir='ltr'>parentes,</span> <span class='ocrx_word' id='word_1_441' title='bbox 1358 2028 1415 2061; x_wconf 89' lang='lat' dir='ltr'>per</span> <span class='ocrx_word' id='word_1_442' title='bbox 1430 2016 1614 2057; x_wconf 85' lang='lat' dir='ltr'>sententias,</span> <span class='ocrx_word' id='word_1_443' title='bbox 1643 2025 1796 2050; x_wconf 87' lang='lat' dir='ltr'>censuras</span> <span class='ocrx_word' id='word_1_444' title='bbox 1815 2019 1846 2048; x_wconf 86' lang='lat' dir='ltr'>et.</span> 
     </span>
     <span class='ocr_line' id='line_1_97' title="bbox 1095 2069 1845 2114; baseline -0.004 -10"><span class='ocrx_word' id='word_1_445' title='bbox 1095 2081 1215 2114; x_wconf 87' lang='lat' dir='ltr'>poenas</span> <span class='ocrx_word' id='word_1_446' title='bbox 1242 2071 1474 2104; x_wconf 80' lang='lat' dir='ltr'>ecclesiasticas</span> <span class='ocrx_word' id='word_1_447' title='bbox 1507 2069 1634 2114; x_wconf 84' lang='lat' dir='ltr'>aliaque</span> <span class='ocrx_word' id='word_1_448' title='bbox 1660 2074 1845 2114; x_wconf 79' lang='lat' dir='ltr'>opportuna</span> 
     </span>
     <span class='ocr_line' id='line_1_98' title="bbox 1096 2113 1849 2167; baseline -0.001 -11"><span class='ocrx_word' id='word_1_449' title='bbox 1096 2123 1175 2156; x_wconf 89' lang='lat' dir='ltr'>iuris</span> <span class='ocrx_word' id='word_1_450' title='bbox 1199 2129 1229 2157; x_wconf 90' lang='lat' dir='ltr'>et</span> <span class='ocrx_word' id='word_1_451' title='bbox 1250 2124 1324 2157; x_wconf 82' lang='lat' dir='ltr'>sacti</span> <span class='ocrx_word' id='word_1_452' title='bbox 1344 2123 1498 2165; x_wconf 85' lang='lat' dir='ltr'>remedia,</span> <span class='ocrx_word' id='word_1_453' title='bbox 1523 2122 1740 2167; x_wconf 87' lang='lat' dir='ltr'>appellatione</span> <span class='ocrx_word' id='word_1_454' title='bbox 1760 2113 1849 2166; x_wconf 45' lang='lat' dir='ltr'>post:</span> 
     </span>
     <span class='ocr_line' id='line_1_99' title="bbox 1095 2175 1844 2222; baseline -0.003 -12"><span class='ocrx_word' id='word_1_455' title='bbox 1095 2177 1211 2222; x_wconf 84' lang='lat' dir='ltr'>posita,</span> <span class='ocrx_word' id='word_1_456' title='bbox 1242 2177 1489 2222; x_wconf 87' lang='lat' dir='ltr'>compescendo.</span> <span class='ocrx_word' id='word_1_457' title='bbox 1517 2177 1660 2217; x_wconf 78' lang='lat' dir='ltr'>Necnon,</span> <span class='ocrx_word' id='word_1_458' title='bbox 1692 2175 1844 2219; x_wconf 81' lang='lat' dir='ltr'>legitimis</span> 
     </span>
     <span class='ocr_line' id='line_1_100' title="bbox 1094 2229 1842 2275; baseline -0.001 -12"><span class='ocrx_word' id='word_1_459' title='bbox 1094 2241 1192 2275; x_wconf 87' lang='lat' dir='ltr'>super</span> <span class='ocrx_word' id='word_1_460' title='bbox 1211 2231 1261 2264; x_wconf 90' lang='lat' dir='ltr'>his</span> <span class='ocrx_word' id='word_1_461' title='bbox 1281 2231 1438 2264; x_wconf 86' lang='lat' dir='ltr'>habendis</span> <span class='ocrx_word' id='word_1_462' title='bbox 1467 2230 1596 2264; x_wconf 80' lang='lat' dir='ltr'>servatis</span> <span class='ocrx_word' id='word_1_463' title='bbox 1626 2229 1842 2274; x_wconf 86' lang='lat' dir='ltr'>processibus,</span> 
     </span>
     <span class='ocr_line' id='line_1_101' title="bbox 1094 2284 1843 2328; baseline -0.001 -12"><span class='ocrx_word' id='word_1_464' title='bbox 1094 2284 1166 2317; x_wconf 91' lang='lat' dir='ltr'>illos</span> <span class='ocrx_word' id='word_1_465' title='bbox 1184 2284 1371 2325; x_wconf 87' lang='lat' dir='ltr'>sententias,</span> <span class='ocrx_word' id='word_1_466' title='bbox 1393 2295 1545 2318; x_wconf 86' lang='lat' dir='ltr'>censuras</span> <span class='ocrx_word' id='word_1_467' title='bbox 1564 2289 1595 2316; x_wconf 88' lang='lat' dir='ltr'>et</span> <span class='ocrx_word' id='word_1_468' title='bbox 1614 2293 1733 2328; x_wconf 82' lang='lat' dir='ltr'>poenas</span> <span class='ocrx_word' id='word_1_469' title='bbox 1749 2292 1843 2327; x_wconf 84' lang='lat' dir='ltr'>prae-</span> 
     </span>
     <span class='ocr_line' id='line_1_102' title="bbox 1094 2337 1843 2380; baseline -0.003 -9"><span class='ocrx_word' id='word_1_470' title='bbox 1094 2338 1194 2372; x_wconf 87' lang='lat' dir='ltr'>dictas</span> <span class='ocrx_word' id='word_1_471' title='bbox 1232 2338 1409 2372; x_wconf 82' lang='lat' dir='ltr'>incurrisse</span> <span class='ocrx_word' id='word_1_472' title='bbox 1447 2337 1642 2372; x_wconf 87' lang='lat' dir='ltr'>declarando</span> <span class='ocrx_word' id='word_1_473' title='bbox 1661 2364 1668 2378; x_wconf 94' lang='lat'><em>‚</em></span> <span class='ocrx_word' id='word_1_474' title='bbox 1708 2337 1843 2380; x_wconf 86' lang='lat' dir='ltr'>illasque</span> 
     </span>
     <span class='ocr_line' id='line_1_103' title="bbox 1093 2389 1842 2434; baseline -0.004 -10"><span class='ocrx_word' id='word_1_475' title='bbox 1093 2390 1189 2424; x_wconf 87' lang='lat' dir='ltr'>ctiam</span> <span class='ocrx_word' id='word_1_476' title='bbox 1214 2391 1334 2424; x_wconf 89' lang='lat' dir='ltr'>iteratis</span> <span class='ocrx_word' id='word_1_477' title='bbox 1353 2391 1476 2424; x_wconf 88' lang='lat' dir='ltr'>vicibus</span> <span class='ocrx_word' id='word_1_478' title='bbox 1500 2389 1715 2434; x_wconf 78' lang='lat' dir='ltr'>aggravando,</span> <span class='ocrx_word' id='word_1_479' title='bbox 1751 2389 1842 2422; x_wconf 84' lang='lat' dir='ltr'>invo-</span> 
     </span>
     <span class='ocr_line' id='line_1_104' title="bbox 1094 2441 1841 2489; baseline -0.003 -13"><span class='ocrx_word' id='word_1_480' title='bbox 1094 2450 1164 2476; x_wconf 83' lang='lat' dir='ltr'>cato</span> <span class='ocrx_word' id='word_1_481' title='bbox 1184 2444 1279 2477; x_wconf 85' lang='lat' dir='ltr'>etiam</span> <span class='ocrx_word' id='word_1_482' title='bbox 1300 2444 1340 2477; x_wconf 90' lang='lat' dir='ltr'>ad</span> <span class='ocrx_word' id='word_1_483' title='bbox 1361 2444 1435 2485; x_wconf 86' lang='lat' dir='ltr'>hoc,</span> <span class='ocrx_word' id='word_1_484' title='bbox 1457 2443 1482 2477; x_wconf 91' lang='lat' dir='ltr'>si</span> <span class='ocrx_word' id='word_1_485' title='bbox 1502 2454 1584 2489; x_wconf 89' lang='lat' dir='ltr'>opus</span> <span class='ocrx_word' id='word_1_486' title='bbox 1600 2442 1709 2482; x_wconf 84' lang='lat' dir='ltr'>suerit,</span> <span class='ocrx_word' id='word_1_487' title='bbox 1721 2441 1841 2476; x_wconf 88' lang='lat' dir='ltr'>auxilio</span> 
     </span>
    </p>
   </div>
   <div class='ocr_carea' id='block_1_11' title="bbox 1094 2493 1841 2584">
    <p class='ocr_par' dir='ltr' id='par_1_15' title="bbox 1094 2493 1841 2584">
     <span class='ocr_line' id='line_1_105' title="bbox 1094 2493 1423 2527; baseline 0.006 -3"><span class='ocrx_word' id='word_1_488' title='bbox 1094 2493 1216 2527; x_wconf 82' lang='lat' dir='ltr'>brachii</span> <span class='ocrx_word' id='word_1_489' title='bbox 1237 2493 1423 2526; x_wconf 88' lang='lat' dir='ltr'>saecularis.</span> 
     </span>
     <span class='ocr_line' id='line_1_106' title="bbox 1136 2539 1841 2584; baseline -0.003 -10"><span class='ocrx_word' id='word_1_490' title='bbox 1136 2542 1224 2584; x_wconf 53' lang='lat'>5217.</span> <span class='ocrx_word' id='word_1_491' title='bbox 1247 2542 1316 2574; x_wconf 89' lang='lat' dir='ltr'>Non</span> <span class='ocrx_word' id='word_1_492' title='bbox 1348 2541 1550 2574; x_wconf 87' lang='lat' dir='ltr'>obstantibus</span> <span class='ocrx_word' id='word_1_493' title='bbox 1576 2539 1772 2584; x_wconf 83' lang='lat' dir='ltr'>praemissis,</span> <span class='ocrx_word' id='word_1_494' title='bbox 1803 2550 1841 2573; x_wconf 89' lang='lat' dir='ltr'>ac</span> 
     </span>
    </p>
   </div>
   <div class='ocr_carea' id='block_1_12' title="bbox 1875 0 2059 729">
    <p class='ocr_par' dir='ltr' id='par_1_16' title="bbox 1875 0 2059 729">
     <span class='ocr_line' id='line_1_107' title="bbox 1875 0 2059 729; baseline 0.043 -8"><span class='ocrx_word' id='word_1_495' title='bbox 1875 0 2059 729; x_wconf 95' lang='lat' dir='ltr'>  </span> 
     </span>
    </p>
   </div>
   <div class='ocr_carea' id='block_1_13' title="bbox 1878 2555 1994 2583">
    <p class='ocr_par' dir='ltr' id='par_1_17' title="bbox 1878 2555 1994 2588">
     <span class='ocr_line' id='line_1_108' title="bbox 1878 2555 1994 2583; baseline 0.026 -6"><span class='ocrx_word' id='word_1_496' title='bbox 1878 2555 1948 2580; x_wconf 76' lang='lat' dir='ltr'>Clau·</span> <span class='ocrx_word' id='word_1_497' title='bbox 1960 2559 1994 2584; x_wconf 53' lang='lat' dir='ltr'>y)</span> 
     </span>
    </p>
   </div>
   <div class='ocr_carea' id='block_1_14' title="bbox 1942 721 2059 2565">
    <p class='ocr_par' dir='ltr' id='par_1_18' title="bbox 1942 721 2059 2565">
     <span class='ocr_line' id='line_1_109' title="bbox 1942 721 2059 2565; baseline 0 0"><span class='ocrx_word' id='word_1_498' title='bbox 1942 721 2059 2565; x_wconf 95' lang='lat' dir='ltr'>     </span> 
     </span>
    </p>
   </div>
   <div class='ocr_carea' id='block_1_15' title="bbox 1109 763 2031 826">
    <p class='ocr_par' dir='ltr' id='par_1_19' title="bbox 1109 763 2031 826">
     <span class='ocr_line' id='line_1_110' title="bbox 1109 763 2031 826; baseline -0.001 -14"><span class='ocrx_word' id='word_1_499' title='bbox 1109 780 1263 814; x_wconf 87' lang='lat' dir='ltr'>Toletano</span> <span class='ocrx_word' id='word_1_500' title='bbox 1281 786 1312 814; x_wconf 89' lang='lat' dir='ltr'>et</span> <span class='ocrx_word' id='word_1_501' title='bbox 1330 779 1511 824; x_wconf 86' lang='lat' dir='ltr'>Hispalensi</span> <span class='ocrx_word' id='word_1_502' title='bbox 1541 779 1806 824; x_wconf 84' lang='lat' dir='ltr'>archiepiscopis,</span> <span class='ocrx_word' id='word_1_503' title='bbox 1828 785 1857 814; x_wconf 86' lang='lat' dir='ltr'>et</span> <span class='ocrx_word' id='word_1_504' title='bbox 1870 763 1987 818; x_wconf 42' lang='lat' dir='ltr'>&amp;iiiiii</span> <span class='ocrx_word' id='word_1_505' title='bbox 2017 786 2031 826; x_wconf 65' lang='lat' dir='ltr'>*j</span> 
     </span>
    </p>
   </div>
   <div class='ocr_carea' id='block_1_16' title="bbox 1944 2565 2059 3228">
    <p class='ocr_par' dir='ltr' id='par_1_20' title="bbox 1944 2565 2059 3228">
     <span class='ocr_line' id='line_1_111' title="bbox 1944 2565 2059 3228; baseline 0 0"><span class='ocrx_word' id='word_1_506' title='bbox 1944 2565 2059 3228; x_wconf 95' lang='lat' dir='ltr'>  </span> 
     </span>
    </p>
   </div>
   <div class='ocr_carea' id='block_1_17' title="bbox 1092 2588 1986 2635">
    <p class='ocr_par' dir='ltr' id='par_1_21' title="bbox 1092 2588 1986 2635">
     <span class='ocr_line' id='line_1_112' title="bbox 1092 2588 1986 2635; baseline -0.003 -13"><span class='ocrx_word' id='word_1_507' title='bbox 1092 2591 1163 2623; x_wconf 87' lang='lat' dir='ltr'>aliis</span> <span class='ocrx_word' id='word_1_508' title='bbox 1180 2590 1374 2635; x_wconf 81' lang='lat' dir='ltr'>apostolicis,</span> <span class='ocrx_word' id='word_1_509' title='bbox 1389 2600 1517 2623; x_wconf 87' lang='lat' dir='ltr'>necnon</span> <span class='ocrx_word' id='word_1_510' title='bbox 1531 2590 1562 2622; x_wconf 90' lang='lat' dir='ltr'>in</span> <span class='ocrx_word' id='word_1_511' title='bbox 1575 2588 1838 2634; x_wconf 83' lang='lat' dir='ltr'>provincialibus,</span> <span class='ocrx_word' id='word_1_512' title='bbox 1853 2590 1944 2615; x_wconf 58' lang='grc' dir='ltr'>’ΨΜ</span> <span class='ocrx_word' id='word_1_513' title='bbox 1963 2590 1986 2618; x_wconf 80' lang='grc'>.’.·</span> 
     </span>
    </p>
   </div>
   <div class='ocr_carea' id='block_1_18' title="bbox 301 2591 1838 2684">
    <p class='ocr_par' dir='ltr' id='par_1_22' title="bbox 301 2591 1838 2684">
     <span class='ocr_line' id='line_1_113' title="bbox 301 2591 880 2635; baseline 0 -10"><span class='ocrx_word' id='word_1_514' title='bbox 301 2591 445 2635; x_wconf 75' lang='lat' dir='ltr'>integros</span> <span class='ocrx_word' id='word_1_515' title='bbox 469 2591 602 2626; x_wconf 75' lang='lat' dir='ltr'>effectus</span> <span class='ocrx_word' id='word_1_516' title='bbox 622 2592 729 2626; x_wconf 89' lang='lat' dir='ltr'>sortiri</span> <span class='ocrx_word' id='word_1_517' title='bbox 750 2593 880 2626; x_wconf 86' lang='lat' dir='ltr'>debere.</span> 
     </span>
     <span class='ocr_line' id='line_1_114' title="bbox 1093 2637 1838 2684; baseline -0.003 -12"><span class='ocrx_word' id='word_1_518' title='bbox 1093 2645 1123 2672; x_wconf 89' lang='lat' dir='ltr'>et</span> <span class='ocrx_word' id='word_1_519' title='bbox 1143 2639 1349 2684; x_wconf 76' lang='lat' dir='ltr'>synodalibus</span> <span class='ocrx_word' id='word_1_520' title='bbox 1372 2639 1517 2673; x_wconf 83' lang='lat' dir='ltr'>conc-iliis</span> <span class='ocrx_word' id='word_1_521' title='bbox 1540 2637 1646 2678; x_wconf 80' lang='lat' dir='ltr'>editis,</span> <span class='ocrx_word' id='word_1_522' title='bbox 1679 2637 1838 2682; x_wconf 78' lang='lat' dir='ltr'>generali-</span> 
     </span>
    </p>
   </div>
   <div class='ocr_carea' id='block_1_19' title="bbox 345 2639 1076 2687">
    <p class='ocr_par' dir='ltr' id='par_1_23' title="bbox 345 2639 1076 2687">
     <span class='ocr_line' id='line_1_115' title="bbox 345 2639 1076 2687; baseline -0.003 -13"><span class='ocrx_word' id='word_1_523' title='bbox 345 2640 361 2684; x_wconf 66' lang='grc' dir='ltr'><strong>ἓ</strong></span> <span class='ocrx_word' id='word_1_524' title='bbox 381 2640 436 2676; x_wconf 75' lang='grc'>15.</span> <span class='ocrx_word' id='word_1_525' title='bbox 462 2640 578 2685; x_wconf 83' lang='lat' dir='ltr'>Sicque</span> <span class='ocrx_word' id='word_1_526' title='bbox 597 2652 657 2685; x_wconf 89' lang='lat' dir='ltr'>per</span> <span class='ocrx_word' id='word_1_527' title='bbox 675 2651 899 2685; x_wconf 85' lang='lat' dir='ltr'>quoscumque</span> <span class='ocrx_word' id='word_1_528' title='bbox 927 2639 1049 2674; x_wconf 90' lang='lat' dir='ltr'>iudices</span> <span class='ocrx_word' id='word_1_529' title='bbox 1069 2675 1076 2687; x_wconf 46' lang='grc' dir='ltr'>Ι</span> 
     </span>
    </p>
   </div>
  </div>
 </body>
</html>
