2059 3228
85 207 138 236 An.
154 205 182 235 C.
201 208 266 236 1587

118 1214 266 1239 Transumpto-

85 1250 129 1264 Hsslt
144 1250 202 1264 wles-

325 197 386 229 888

282 261 410 293 illorum
432 256 603 291 sufficienti
637 253 856 299 derogatione,
894 253 932 286 de
966 253 1028 285 illis

280 323 455 354 eorumque
477 311 549 343 totis
570 309 736 343 tenoribus
768 307 928 352 specialis,
955 317 1028 350 spe-

280 366 383 403 cifica,
410 374 558 407 expressa
578 367 608 396 et
628 360 805 403 individua,
835 372 900 395 non
921 365 1028 394 autem

280 429 338 462 per
357 418 517 451 clausulas
530 417 696 460 generales
706 415 793 449 idem
804 414 1026 459 importantes‚

281 472 401 504 mentio
437 482 493 503 seu
529 470 659 514 quaevis
684 469 748 503 alia
778 468 942 513 expressio
971 468 1029 500 lia-

279 525 396 565 benda,
424 530 479 557 aut
502 524 563 557 alia
589 523 747 567 exquisita
775 522 879 556 forma
904 522 943 554 ad
968 521 1030 554 hoe

280 578 434 611 servanda
462 577 556 619 foret,
588 577 651 610 illis
679 576 757 610 alias
776 576 810 609 in
830 586 888 609 suo
913 575 1031 608 robore

280 631 511 675 permansuris,
536 631 598 664 hac
629 631 699 665 viee
729 630 896 663 dumtaxat
914 629 1031 661 barum

279 685 372 725 serie,
397 684 466 729 pari
487 690 589 726 motu,
616 683 799 728 specialiter
823 688 868 731 et,
884 692 1032 726 expresse

280 739 474 782 derogamus
494 766 502 780 ,
542 737 714 772 contrariis
755 737 1029 782 quibuscumque.

280 794 342 825 Aut
369 793 393 825 si
413 792 578 837 aliquibus
598 792 819 826 communiter
837 792 885 824 vel
907 790 1031 823 divisim

281 846 320 878 ab
340 845 523 889 Apostoliea
544 846 583 879 sit
603 846 684 880 Sede
698 845 861 878 indultum
881 843 966 887 quod
987 842 1034 875 in-

282 899 408 940 terdici,
432 900 585 944 suspendi
604 900 652 933 vel
673 897 949 933 excommunicari
968 907 1033 929 non

282 954 404 997 possint
438 965 496 999 per
527 954 648 988 litteras
680 953 874 998 apostolicas
897 962 962 985 non
987 951 1033 983 sa-

282 1007 403 1040 cientes
422 1008 552 1052 plenam
574 1013 604 1041 et
621 1018 803 1052 expressam
821 1017 858 1039 ac
879 1005 918 1038 de
935 1005 1033 1038 verbo

282 1061 321 1094 ad
340 1061 474 1094 verbum
500 1061 539 1095 de
574 1061 699 1094 indulto
728 1059 915 1093 huiusmodi
942 1068 1033 1091 men-

282 1109 416 1144 tionem.

326 1159 341 1202 g
358 1159 411 1192 16.
434 1159 590 1193 Volumus
610 1165 717 1193 autem
739 1158 827 1202 quod
847 1157 1034 1191 earumdem

282 1209 500 1252 praesentium
512 1209 734 1254 transumptis,
747 1208 842 1241 etiam
856 1206 1033 1250 impressis,

283 1268 319 1290 ae
340 1268 437 1291 manu
458 1258 577 1302 prioris
597 1269 653 1291 seu
674 1258 877 1291 visitatorum
902 1262 958 1289 aut
977 1267 1035 1289 cu-

283 1307 411 1340 stodum
436 1319 474 1341 ac
493 1308 658 1341 secretarii
688 1307 792 1340 dictae
821 1305 1035 1339 confraterni-

282 1357 355 1389 tatis
368 1357 570 1402 subscriptis,
591 1369 628 1391 ac
645 1357 780 1401 praefati
793 1356 957 1389 Michaelis
969 1366 1037 1389 car-

283 1406 410 1447 dinalis,
446 1417 534 1440 nunc
553 1412 584 1440 et
604 1417 663 1451 pro
693 1411 839 1449 tempore
873 1405 1037 1438 existentis

282 1454 386 1488 dietae
407 1456 680 1489 confraternitatis
697 1454 899 1498 protectoris,
920 1454 968 1486 vel
986 1454 1035 1498 ip-

283 1504 350 1537 sius
375 1505 649 1538 confraternitatis
679 1504 784 1547 sigillo
815 1502 960 1544 munitis,
982 1514 1036 1535 ea-

283 1554 355 1586 dem
376 1564 510 1597 prorsus
534 1554 626 1595 fides,
648 1553 681 1586 in
701 1552 822 1586 iudicio
843 1557 874 1585 et
893 1557 981 1584 extra
997 1552 1036 1584 il-

283 1603 350 1643 lud,
379 1603 582 1644 adhibeatur,
606 1613 687 1645 quae
712 1601 832 1635 eisdem
862 1601 1038 1644 praesenti-

283 1651 342 1684 bus
376 1652 597 1693 adhiberetur,
624 1652 649 1685 si
674 1651 780 1684 forent
804 1649 964 1683 exhibitae
989 1650 1035 1684 vel

284 1706 441 1734 ostensae.
464 1701 549 1734 Nulli
571 1711 646 1744 ergo
668 1705 724 1733 etc.

327 1750 440 1782 Datum
458 1749 579 1783 Romae
599 1749 684 1794 apud
706 1749 861 1782 Sanctum
880 1749 1034 1789 Marcum,

284 1808 368 1831 anno
388 1798 622 1831 Incarnationis
655 1798 838 1831 dominicae
864 1798 1036 1831 millesimo

284 1847 545 1889 quingentesimo
580 1848 801 1890 octuagesimo
818 1847 955 1890 septimo
976 1847 1036 1879 idi-

284 1897 343 1928 bus
365 1897 446 1937 iulii,
469 1897 676 1941 pontificatus
696 1896 796 1929 nostri
827 1907 912 1928 auno
929 1897 1033 1928 tertio.

339 1954 402 1985 bat.
423 1955 469 1985 die
489 1955 525 1984 13
549 1955 614 1984 iulii
635 1954 724 1992 1587,
746 1954 850 1994 pontis.
871 1964 918 1983 au.
944 1963 985 1984 ιιι.

607 2070 709 2104 XCIII.

286 2129 453 2163 Statilium
473 2129 554 2173 quod
574 2130 676 2173 officia
695 2129 866 2173 yeneralis,
888 2129 1036 2162 elsilalo-

329 2189 415 2218 rum,
437 2179 596 2221 priorum,
616 2179 814 2211 mom-iorum
835 2183 863 2211 1⁷!
883 2189 1036 2221 procura-

332 2231 435 2260 torum
456 2228 714 2270 ‹·1u2(]›·e(sali0m'.5·
733 2228 840 2260 sancti
858 2227 987 2269 Georffl
1001 2228 1037 2260 in

330 2276 413 2317 Αἷμα
428 2276 494 2308 sint
513 2276 709 2315 tristiumve,
732 2281 761 2308 e!
782 2276 957 2318 capitulum
987 2288 1038 2318 qe-

331 2325 440 2357 nerale
460 2326 630 2358 celebretur
649 2326 685 2358 de
707 2327 848 2358 triennio
876 2327 913 2358 in
939 2327 1038 2358 tricu-

332 2374 437 2413 m'um,
464 2378 492 2405 (Ἰ
513 2375 548 2406 iu
569 2375 775 2411 electionibus
800 2375 891 2407 mdla
924 2375 1038 2407 habea-

334 2426 387 2453 tur
401 2423 486 2454 ratio
502 2423 683 2456 absentium
700 2423 728 2456 1.

333 2483 430 2511 Sixtus
441 2483 510 2519 rapa
520 2485 549 2520 V,
564 2487 596 2513 ad
616 2485 743 2514 futuram
764 2486 805 2515 rei
824 2486 993 2515 memoriam.

333 2535 377 2567 Ad
404 2538 625 2580 exequendum
658 2540 757 2571 nostri
789 2540 958 2583 pastoralis
993 2540 1038 2572 os-

361 2596 372 2622 1
392 2593 431 2621 Ex
449 2595 558 2637 ltegest.
576 2596 603 2624 in
624 2596 729 2625 Secret.
747 2597 889 2626 Brevium.

872 197 1053 224 thLARiuM
1071 199 1223 223 naitanum

1070 251 1134 285 ficii
1156 252 1300 285 debitum
1335 253 1540 294 vigilantibus
1572 258 1684 292 studiis
1715 260 1818 294 inten-

1070 305 1194 346 dentes,
1217 306 1255 338 ad
1278 317 1326 344 ea,
1350 318 1407 349 per
1426 318 1508 350 quae
1531 313 1815 353 congregauonum

1070 359 1300 402 quarumlibet,
1318 360 1505 403 praesertim
1529 372 1738 404 personarum
1758 369 1818 401 sub

1071 412 1157 445 suavi
1178 412 1354 456 Religionis
1375 413 1448 453 iugo
1478 414 1638 448 ditissimo
1663 420 1818 454 tamulan-

1070 466 1165 507 tium,
1193 466 1278 499 seliei
1308 467 1469 500 successui
1502 479 1537 500 :ur
1571 468 1751 513 directioni,
1782 485 1818 508 ae

1071 518 1214 563 ipsarum
1234 530 1446 564 personarum
1460 522 1651 564 opportunis
1662 524 1818 566 gubernio

1072 578 1103 606 et
1122 573 1272 617 regimini
1284 584 1358 606 eum
1376 573 1474 607 divini
1496 575 1601 608 cultus
1621 576 1819 613 incremento

1071 627 1175 660 valeat
1203 627 1377 660 salubriter
1403 627 1575 671 provideri,
1598 636 1726 664 nostrae
1750 632 1821 665 dili-

1072 680 1199 724 gentiae
1224 680 1368 714 studium
1388 681 1528 715 libenter
1547 684 1773 726 convertimus,
1784 697 1821 719 ac

1074 734 1107 767 in
1132 734 1181 767 his
1201 734 1345 768 eiusdem
1364 735 1461 768 officii
1481 741 1588 779 partes
1608 737 1823 773 favorabiliter

1074 788 1293 831 impartimur,
1324 794 1422 832 prout
1451 789 1483 821 in
1507 790 1644 824 Domino
1664 792 1823 837 conspici-

1075 852 1147 874 mus
1171 842 1344 875 salubriter
1364 843 1525 886 expedire.

1077 900 1088 911 ·
1118 895 1133 937 g
1159 895 1188 927 1.
1212 894 1291 928 Cum
1318 895 1437 939 itaque,
1460 895 1543 929 sicut
1567 897 1764 942 accepimus,
1787 910 1823 933 ex

1074 948 1173 980 veteri
1199 949 1434 982 consuetudine
1452 954 1482 981 et
1498 949 1594 983 etiam
1612 952 1739 986 statutis
1749 964 1825 987 con-

1075 1002 1270 1045 gregationis
1300 1002 1330 1036 S.
1354 1002 1480 1046 Georgii
1507 1003 1539 1035 in
1564 1004 1642 1047 Alga
1670 1010 1825 1040 statutum

1076 1060 1107 1088 et
1126 1056 1268 1100 practice
1288 1061 1446 1090 servatum
1479 1057 1576 1090 suerit
1600 1063 1636 1091 ut
1659 1058 1691 1092 in
1725 1060 1827 1094 omni-

1075 1109 1135 1142 bus
1159 1109 1384 1152 electionibus,
1402 1110 1497 1143 etiam
1519 1112 1678 1154 generalis
1697 1114 1824 1157 prioris,

1076 1163 1115 1195 ad
1135 1173 1189 1197 eas
1208 1173 1320 1197 omnes
1341 1169 1518 1197 conventus
1537 1164 1664 1198 mittant
1681 1172 1753 1200 vota
1774 1168 1824 1201 lit-

1078 1216 1152 1249 teris
1176 1216 1301 1250 inclusa
1325 1217 1562 1261 cuiuscumque
1592 1220 1741 1253 canonici
1770 1221 1825 1254 ob-

1077 1270 1212 1313 signata,
1230 1270 1274 1303 ita
1299 1275 1334 1303 ut
1360 1272 1618 1315 unumquodque
1652 1273 1824 1317 collegium

1077 1334 1167 1357 suam
1192 1324 1331 1357 litteram
1357 1335 1430 1358 cum
1451 1326 1530 1358 votis
1557 1326 1672 1367 mittat,
1698 1327 1755 1370 qui
1787 1328 1826 1360 ri-

1079 1384 1128 1411 tus
1152 1383 1297 1412 servatur
1316 1379 1349 1412 in
1373 1379 1586 1413 electionibus
1606 1381 1683 1413 socii
1704 1381 1826 1426 eapitu—

1078 1431 1154 1464 laris
1187 1437 1217 1465 et
1247 1431 1436 1466 officialium
1470 1433 1715 1476 particularium
1747 1445 1824 1468 con-

1078 1490 1245 1527 ventuum,
1268 1490 1300 1519 et
1324 1491 1430 1519 tamen
1453 1493 1525 1519 vota
1555 1487 1736 1521 absentium
1758 1493 1827 1522 tan-

1078 1540 1245 1572 tummodo
1275 1540 1307 1573 in
1334 1540 1440 1584 primo
1467 1540 1623 1574 scrutinio
1649 1541 1725 1574 olim
1745 1542 1828 1576 vale-

1077 1593 1166 1637 bant,
1188 1593 1220 1625 in
1241 1593 1356 1626 ceteris
1374 1604 1449 1627 vero
1474 1593 1707 1628 reiieiebantur
1726 1595 1759 1628 in
1781 1601 1828 1629 to-

1078 1650 1158 1686 tum3
1169 1651 1199 1679 et
1211 1652 1289 1689 quot
1301 1647 1394 1679 annis
1409 1647 1634 1680 celebrabatur
1647 1648 1825 1692 capitulum

1077 1700 1238 1742 generale,
1259 1706 1290 1733 et
1310 1700 1438 1744 quando
1450 1700 1554 1744 placet
1574 1700 1749 1745 unicuique
1761 1702 1827 1736 col-

1078 1753 1175 1796 legio,
1189 1753 1319 1796 eligitur
1328 1754 1826 1797 sociuseapitularis,dummodo

1078 1806 1216 1850 eligatur
1244 1813 1313 1851 post
1345 1808 1520 1851 completas
1542 1808 1700 1842 secundas
1723 1809 1826 1842 visita-

1079 1860 1197 1901 tiones;
1225 1867 1255 1894 et
1275 1861 1446 1903 dignitates
1465 1861 1496 1893 in
1519 1861 1588 1905 ipso
1610 1862 1752 1905 capitulo
1772 1863 1825 1897 de-

1078 1919 1184 1947 cretae
1204 1925 1269 1947 non
1294 1925 1326 1947 se
1357 1915 1534 1948 extendunt
1557 1915 1696 1959 amplius
1727 1927 1823 1960 quam

1077 1978 1136 2012 per
1160 1978 1293 2009 annum,
1321 1979 1427 2012 neque
1451 1968 1610 2012 generalis
1641 1969 1741 2013 prior,
1766 1980 1824 2003 ne-

1078 2032 1140 2064 que
1160 2021 1338 2055 visitatores
1362 2027 1392 2054 et
1416 2021 1542 2066 priores
1561 2032 1645 2055 anno
1679 2022 1825 2067 sequenti

1078 2074 1278 2116 confirmari,
1305 2080 1531 2119 praeterquam
1551 2075 1641 2119 prior
1665 2076 1696 2110 S.
1716 2076 1824 2110 Salva-

1079 2127 1155 2161 toris
1189 2129 1221 2161 in
1256 2129 1361 2161 Lauro
1385 2129 1424 2162 de
1444 2129 1528 2162 Urbe
1553 2134 1772 2174 nuncupatus,
1794 2134 1826 2163 et

1078 2182 1108 2215 S.
1129 2182 1246 2216 Mariae
1266 2183 1305 2216 ab
1325 2183 1424 2216 Ilorto
1441 2182 1645 2216 Venetiarum
1666 2194 1762 2227 quem
1780 2194 1828 2217 se—

1078 2241 1229 2280 quentem
1251 2247 1371 2269 annum
1393 2236 1579 2269 contirmari
1597 2237 1759 2277 solebant;
1778 2247 1828 2270 re-

1079 2290 1156 2333 liqui
1183 2290 1215 2322 in
1239 2295 1341 2323 totum
1363 2291 1528 2330 vacabant,
1551 2296 1581 2323 et
1605 2296 1697 2323 erant
1712 2296 1826 2324 contu-

1079 2354 1186 2377 maces
1210 2344 1249 2376 ad
1266 2343 1445 2387 praedictas
1470 2343 1652 2387 dignitates,
1674 2343 1733 2376 nisi
1763 2343 1826 2376 sal-

1080 2398 1142 2426 tem
1167 2398 1316 2426 vacarent
1342 2393 1379 2425 ad
1406 2393 1584 2436 prioratum
1619 2398 1651 2426 et
1684 2392 1825 2426 visitato-

1079 2448 1183 2475 ratum
1210 2442 1337 2474 duobus
1358 2442 1532 2481 mensibus,
1553 2441 1639 2474 etad
1659 2441 1825 2485 generala-

1080 2497 1146 2524 tum
1164 2491 1265 2523 tribus
1289 2491 1399 2532 annis;
1416 2490 1481 2524 etsi
1495 2491 1635 2534 aliquam
1656 2490 1824 2524 eeclesiam

1080 2551 1138 2584 per
1167 2549 1292 2573 cessum
1323 2540 1368 2572 vel
1404 2539 1568 2573 decessum
1599 2539 1682 2571 infra
1704 2547 1823 2571 annum

1081 2589 1286 2634 contingebat
1303 2600 1428 2628 vacare,
1442 2588 1585 2622 canonici
1601 2587 1754 2621 ecclesiae
1770 2596 1827 2638 νει-4

1852 903 1917 924 Causa
1933 884 2020 925 initium*
2033 888 2036 920 i

1839 928 2016 966 edendi-erundu—
2033 947 2036 951 ·

1840 966 1935 986 tuti-uns.

1982 1079 2002 1115 z?-

1992 1184 2039 1202 ζ’

1982 1654 2014 1742 >4³2
1994 1583 2012 1647 uns-i
1987 1448 2013 1574 *vx-ems
1992 1398 2004 1437 *¹²
1988 1265 2004 1384 ‘'⁴⁹⁰2-
1992 1223 2007 1243 ’ἶ
1999 1207 2002 1211 ·

2012 2406 2016 2411 .
1999 2340 2021 2392 *fu—-
2003 2287 2019 2323 14,
2004 2221 2018 2279 ‹00-
2004 2184 2015 2209 ἓν
1990 1943 2020 2172 utrm-*gmaeaesstt

2015 2546 2018 2554 -
2007 2430 2022 2505 γῆς
