2059 3228
89 268 144 298 An.
161 270 189 299 C.
207 268 276 299 1585

110 1021 177 1044 iussio
192 1022 267 1049 publi-

84 1054 147 1074 candi
188 1055 265 1082 ubique

84 1085 161 1106 dietum
176 1085 267 1107 intutae-

68 1142 72 1145 χ
83 1122 124 1136 um.

95 1894 208 1922 berngario
217 1901 266 1917 con-

83 1927 204 1948 turiurum.

110 2062 171 2084 fides
195 2068 268 2084 exem-

85 2094 175 2122 plorum.

335 257 399 291 578

289 311 1037 358 est‚misericorditerinDominoelargimur;eos

288 385 418 420 quoque
428 372 495 417 qui,
516 372 630 405 morbo
639 371 688 404 vel
699 370 808 415 aliquo
826 370 1036 414 alioimpedi-

288 437 396 466 mento
407 430 539 470 detenti,
550 429 727 474 praemissa
735 429 912 474 adimplere
922 429 1036 474 nequi-

286 489 400 530 verint,
422 488 448 521 si
467 488 530 521 alia
549 487 602 532 pia
622 498 721 532 opera
739 487 885 528 fecerint,
899 488 931 520 in
955 499 1037 531 quae

286 546 418 580 arbitrio
443 556 577 580 suorum
597 546 818 580 confessorum
835 546 967 590 (quibus
982 557 1036 579 su-

285 615 343 648 per
360 604 423 637 hoc
446 603 632 637 facultatem
652 603 871 648 impartimur)
892 614 1037 637 commu-

283 668 348 696 tata
368 662 507 702 suerint3
529 671 566 695 ac
594 662 691 695 etiam
711 662 805 703 illos,
833 662 889 705 qui
925 662 957 694 in
982 661 1035 694 iti-

283 731 361 754 nere
377 720 512 761 fuerint,
538 719 564 753 si
589 731 663 754 cum
684 720 828 764 primum
852 720 914 753 iter
930 720 1035 764 perse-

283 779 398 820 cerint,
416 778 595 823 praemissa
603 778 718 822 exequi
728 778 923 818 studuerint,
933 778 1035 821 ipsius

282 837 501 881 indulgentiae
526 842 557 870 et
581 836 657 870 doni
681 847 718 870 ac
742 836 882 870 aliorum
904 837 1034 880 praedi-

282 901 409 928 ctorum
433 894 609 938 participes
633 894 704 927 fieri
723 894 884 927 volumus.

326 953 341 997 ἓ
365 952 396 986 3.
419 952 658 996 Praecipicntes
679 952 838 986 universis
851 957 883 986 et
897 952 1033 995 singulis

281 1011 494 1055 patriarchis,
525 1010 789 1054 archiepiscopis,
815 1011 975 1055 episcopis
1003 1016 1034 1044 et

280 1069 448 1114 quibusvis
469 1069 541 1103 aliis
577 1068 790 1103 ecclesiarum
825 1069 977 1112 praelatis
1002 1074 1034 1102 et

280 1129 428 1162 tonorum
450 1128 636 1168 ordinariis,
658 1134 694 1160 ut
713 1127 833 1168 statim,
851 1138 925 1160 cum
941 1138 1034 1171 prae-

279 1192 385 1220 sentes
414 1187 538 1220 litteras
568 1197 624 1220 seu
653 1196 766 1219 earum
790 1190 1032 1229 transumptum

279 1245 515 1283 authenticum,
542 1244 638 1277 etiam
668 1243 875 1288 impressum,
911 1243 950 1276 ad
979 1254 1033 1277 eos

279 1303 398 1337 deferri
419 1302 602 1346 contigerit,
626 1302 786 1335 solemnes
806 1301 1032 1346 processiones

278 1361 383 1395 tribus
400 1361 524 1402 diebus,
543 1360 790 1403 scilicetquarta
805 1365 928 1393 etsexta
945 1360 1033 1393 feriis

278 1431 315 1454 ac
332 1421 463 1454 sabbato
484 1418 668 1463 praedictis,
690 1418 780 1451 iuxta
801 1419 952 1451 locorum
973 1428 1031 1462 op-

278 1479 520 1523 portunitatem,
540 1477 579 1511 ad
600 1477 751 1510 effectum
767 1476 1031 1521 praemissorum,

279 1537 422 1571 indicant
437 1543 468 1570 et
484 1537 659 1576 celebrent,
680 1547 716 1569 ac
737 1535 864 1568 easdem
877 1546 1031 1579 praesen-

279 1601 326 1628 tes
350 1606 407 1629 seu
422 1605 535 1628 earum
544 1599 786 1642 transumptum
798 1604 935 1637 persnas
946 1594 1033 1636 quis-

279 1665 341 1696 que
361 1652 552 1698 provincias,
574 1652 717 1685 civitates
728 1657 759 1684 et
775 1651 950 1692 dioeceses,
964 1651 1032 1683 sine

279 1712 346 1744 ulla
367 1711 480 1745 fraude
503 1716 559 1744 aut
584 1711 688 1750 lucro,
719 1709 888 1753 publicent
916 1714 946 1742 et
975 1720 1027 1753 pei

281 1769 492 1804 ecclesiarum
511 1773 652 1802 rectores
671 1766 832 1810 publicari
847 1766 977 1799 saciant.

325 1829 340 1873 ἓ
361 1829 394 1862 4.
421 1829 491 1862 Non
511 1826 711 1861 obstantibus
747 1825 1032 1859 constitutionibus

281 1893 312 1921 et
341 1886 601 1920 ordinationibus
630 1883 817 1928 apostolicis
852 1883 1031 1926 ceterisque

281 1944 453 1979 contrariis
476 1943 751 1988 quibuscumque.

324 2004 340 2048 ξ
363 2003 396 2037 5.
423 2002 505 2042 Quia
526 2011 602 2035 vero
637 2004 822 2045 praesentes
848 1999 888 2032 ad
924 1999 1031 2032 omnia

281 2063 363 2103 loca,
379 2061 497 2109 quibus
517 2060 582 2094 illis
602 2070 684 2104 opus
703 2064 798 2100 esset,
822 2057 957 2102 perferri
976 2068 1033 2090 ne-

281 2125 418 2164 queunt,
435 2118 640 2153 decernimus
659 2122 696 2151 ut
718 2117 849 2150 illarum
870 2122 1034 2149 transum-

283 2179 346 2224 ptis
365 2184 424 2213 etc.
645 2202 648 2205 -

326 2230 441 2270 Datum
461 2237 582 2270 Romae
601 2234 688 2279 apud
711 2234 865 2268 Sanctum
888 2232 1032 2271 Petrum,

284 2304 370 2328 anno
394 2293 630 2328 Incainationis
654 2292 836 2326 dominicae
862 2290 1035 2324 millesimo

286 2352 545 2396 quingentesimo
557 2350 777 2395 octuagesimo
797 2349 924 2394 quinto,
947 2352 1009 2381 oct·
1003 2358 1035 2380 ι-
1054 2367 1057 2399 ¹

286 2419 324 2444 vo
343 2411 496 2444 kalendas
509 2411 604 2452 iunii,
617 2409 825 2463 pontificat-us
838 2406 939 2442 nostri
951 2415 1036 2438 anno

288 2478 406 2512 primo.
428 2500 433 2504 .

346 2534 412 2566 Dat.
427 2535 474 2566 die
489 2536 528 2567 25
545 2535 616 2567 maii
629 2534 718 2574 1585,
735 2533 841 2575 pontis.
857 2541 935 2563 anno
951 2541 972 2562 ι.

885 254 1064 282 BULLARIUM
1083 254 1232 279 ROMANUM

1841 245 1895 289 ιιιῖ.
1948 259 1953 272 ²

1425 309 1472 342 ιι.
1920 307 1933 314 ’·

1078 421 1247 455 Revocatio
1270 423 1510 465 exemptionum
1526 425 1672 455 omnium
1695 424 1734 456 ab
1754 434 1827 457 one-

1122 486 1195 507 rum
1213 476 1426 509 cameralium
1443 476 1601 509 solatione
1625 477 1826 518 quibuscum-

1121 540 1179 573 que
1211 531 1358 573 personis
1394 530 1625 573 quomodolibet
1668 540 1827 564 concessa-

1121 594 1207 616 rum.

1149 687 1244 717 sixtus
1259 688 1411 724 episeopus.
1427 693 1524 716 servus
1542 693 1685 716 servorum
1701 687 1758 720 nei.

1217 743 1251 771 ad
1268 742 1432 778 perpetuam
1449 742 1492 770 rei
1513 741 1683 770 memoriam.

1119 837 1206 870 Inter
1235 836 1338 869 varias
1378 847 1489 877 curas,
1522 846 1606 880 quae
1640 846 1676 869 ex
1715 841 1824 880 pasto·
1867 820 1967 871 ῦιιὲιιέ

1076 890 1151 924 1alis
1193 889 1290 923 officii
1332 889 1511 923 ministerio
1556 889 1675 922 nobis
1696 877 1974 924 mcum-romaum

1075 944 1166 985 bunt,
1188 943 1243 976 illa
1270 943 1473 987 potissimum
1507 943 1651 976 animum
1677 948 1825 977 nostrum

1075 999 1180 1041 pulsat
1203 1004 1299 1040 atque
1323 997 1503 1041 perturbat,
1526 1001 1561 1029 ut
1579 995 1672 1029 nobis
1701 1002 1733 1029 et
1760 997 1824 1030 Ro-
1846 1023 1850 1026 .

1075 1063 1188 1085 manae
1204 1051 1366 1084 Ecclesiae
1386 1049 1516 1089 subditi,
1534 1049 1723 1093 praesertim
1745 1060 1836 1094 pau-v

1075 1115 1180 1148 peres,
1191 1109 1356 1148 praetextu
1366 1102 1605 1146 exemptionum
1621 1102 1824 1146 aliarumque

1074 1158 1227 1191 similium
1248 1158 1422 1201 gratiarum
1436 1168 1451 1189 a
1463 1155 1734 1200 Sechpostolica
1744 1166 1823 1190 con-

1075 1221 1249 1251 cessarum,
1272 1211 1458 1243 nullatenus
1471 1214 1654 1252 graventur,
1674 1219 1781 1253 neque
1790 1208 1830 1242 id,

1073 1270 1189 1305 totum,
1209 1264 1295 1307 quod
1308 1274 1325 1296 a
1336 1263 1572 1307 potentioribus
1585 1267 1616 1296 et
1626 1262 1766 1296 maiores
1774 1262 1822 1295 sa-

1074 1319 1208 1352 cultates
1233 1317 1427 1351 habentibus
1452 1316 1614 1357 eximitur,
1645 1316 1680 1348 in
1698 1326 1822 1360 paupe-

1074 1383 1140 1404 1101
1143 1383 1197 1405 um
1215 1376 1311 1416 caput
1330 1381 1510 1414 eoiumque
1525 1370 1681 1403 damnum
1693 1375 1823 1414 etprae-

1073 1426 1230 1459 iudicium
1250 1430 1424 1459 accrescat.

1116 1479 1132 1523 ἓ
1155 1479 1186 1512 ’1.
1214 1479 1314 1519 Unde,
1332 1489 1369 1511 ex
1381 1477 1431 1511 his
1447 1482 1479 1510 et
1491 1477 1562 1510 aliis
1576 1476 1823 1511 rationabilibus
1847 1455 1978 1517 aevomis-

1073 1543 1149 1566 caus
1153 1533 1178 1566 is
1211 1531 1353 1570 adducti,
1386 1541 1423 1564 ac
1451 1530 1683 1564 nonnullmum
1703 1530 1821 1564 Roma·
1832 1528 1973 1582 {2222-'22''

1072 1598 1132 1620 noi
1135 1597 1188 1620 um
1201 1585 1391 1619 Pontificum
1400 1595 1438 1628 pl
1440 1585 1686 1618 aedecessorum
1696 1590 1786 1617 nosti
1787 1595 1822 1620 o·
1831 1586 1961 1638 3⁰¹1¹¹⁰¹¹95
1953 1576 1974 1609 .ss

1072 1651 1144 1674 ium
1163 1651 1215 1674 vse
1203 1640 1260 1682 tig„¹
1258 1640 1302 1672 iis
1329 1639 1546 1679 inhaerentes,
1577 1643 1669 1671 motu
1686 1638 1834 1683 proprio
1831 1623 1880 1675 „⁸2”
1906 1623 1973 1670 ⁶·ssss

1072 1700 1103 1728 et
1120 1705 1156 1728 cx
1177 1702 1263 1728 ceita
1282 1698 1390 1727 nostia
1413 1692 1547 1726 scientia
1571 1702 1608 1724 ac
1627 1691 1667 1724 de
1690 1697 1831 1736 aposto·
1834 1682 1870 1704 ¹¹¹⁰
1888 1686 1968 1702 ⁰³²⁵

1071 1749 1154 1782 licae
1173 1747 1340 1792 potestatis
1355 1746 1567 1790 plenitudine,
1587 1746 1819 1779 omnesetsin-

1071 1803 1163 1845 gulas
1182 1801 1416 1845 exemptiones,
1442 1799 1678 1839 concessiones,
1702 1799 1838 1842 gratias,
1857 1829 1863 1836 ,

1072 1862 1102 1889 et
1121 1854 1339 1888 immunitates
1353 1864 1371 1886 a
1387 1852 1545 1886 solutione
1557 1852 1746 1886 omniumet
1759 1852 1838 1890 Ξίιι-Ι

1072 1909 1221 1953 gulorum
1243 1908 1416 1947 (latiorum,
1440 1906 1663 1949 pedagiorum,
1683 1906 1836 1949 gahellaff-

1070 1974 1158 2002 -rum,
1180 1963 1403 2001 collectarum,
1425 1959 1670 2004 impositionum
1690 1965 1722 1993 et
1740 1970 1838 2003 (μισ-ι
1908 1988 1927 1995 .,

1074 2016 1227 2049 rumlibet
1252 2015 1390 2048 aliorum
1424 2023 1562 2047 oncrum
1586 2013 1821 2057 personalium,
1899 2023 1910 2036 ·

1074 2070 1258 2109 mixtorum,
1281 2067 1534 2106 ordinariorum,
1552 2066 1840 2106 extraordinario-‚

1074 2134 1159 2163 rum,
1182 2122 1350 2155 solitorum
1375 2126 1407 2153 et
1431 2119 1646 2160 insolitorum,
1668 2119 1823 2153 aliarum-

1075 2188 1151 2246 que
1158 2176 1372 2211 exactionum,
1395 2174 1490 2207 etiam
1509 2173 1732 2214 numeralium,
1750 2173 1832 2217 (iui-'

1215 2226 1513 2267 communitatibus,
1548 2237 1622 2259 unit
1626 2238 1660 2259 cx
1662 2226 1821 2267 sitatibus,
1838 2258 1841 2264 Δ

1076 2284 1266 2322 ciiii-uibus,
1289 2281 1394 2321 tellis,
1417 2280 1545 2325 oppidis
1565 2286 1596 2313 et
1614 2280 1694 2312 locis
1717 2279 1824 2313 Status

1076 2337 1176 2370 nostri
1196 2337 1219 2370 Ε
1222 2337 1305 2370 celes
1310 2335 1422 2386 iastici,
1439 2345 1477 2368 ac
1500 2334 1595 2367 etiam
1615 2343 1645 2372 (ι-
1640 2333 1825 2366 ιίὶιιιεοιιῐιι-
1855 2344 1858 2347 ’
1893 2327 1907 2341 “

1076 2389 1348 2435 quelcudataiiis,
1362 2387 1550 2428 censuariis,
1574 2385 1714 2420 dominis
1732 2385 1823 2419 loco-

1076 2450 1161 2480 rum,
1180 2438 1368 2475 baronibus‚
1391 2436 1569 2470 comitibus»
1581 2446 1636 2468 seu
1667 2444 1825 2478 quocum.-

1076 2498 1140 2531 que
1165 2487 1295 2520 nominc
1321 2485 1527 2530 nuncupatis,
1555 2490 1586 2518 et
1604 2492 1821 2528 quacumque,

1077 2537 1171 2570 etiam
1192 2536 1297 2569 ducali
1323 2537 1370 2568 rel
1391 2534 1452 2567 alia
1472 2533 1625 2576 dignitate
1641 2538 1672 2566 et
1680 2531 1823 2565 auctori-

1077 2591 1153 2626 t2,1te
1175 2596 1230 2619 seu
1251 2584 1344 2618 ctiam
1371 2583 1588 2616 cardinalatus
1611 2582 1734 2614 honore
1759 2580 1823 2613 sut-

1080 2634 1240 2679 gentibuS,
1262 2632 1314 2675 qui
1336 2638 1438 2666 castra
1460 2637 1491 2666 et
1510 2630 1750 2664 iulisdictioncs
1772 2623 1854 2662 in-
