2059 3228
35 237 63 266 C.
82 236 150 265 157⁷

72 1161 110 1181 uit.

45 1887 122 1911 mulne.

765 234 943 260 caecemus
961 233 1016 256 xm
1035 233 1083 256 Pr.

160 296 333 342 apostolica
357 293 543 328 auctoritate
567 296 750 328 reservatas.
782 298 909 323 conces-

161 361 211 385 sas
233 355 261 383 et
287 348 471 390 assignatas,
503 356 636 385 cessare,
674 343 817 387 expirare
842 342 908 384 ipso

157 403 249 441 factm
273 411 309 433 ac
333 411 397 439 cos,
424 399 476 441 qui
503 398 542 430 ad
567 398 690 430 illarum
715 395 906 429 solutionem

159 458 316 492 tenentur,
341 452 380 484 ad
405 451 471 483 illas
495 449 716 493 persolvendas
740 452 793 481 aut
818 456 909 489 prae-

160 507 287 540 standas
311 505 443 538 minime
484 502 605 542 teneri,
646 512 702 534 nec
742 504 907 543 propterea

161 559 285 602 aliquas
309 567 458 590 censuras
482 561 536 588 aut
573 564 690 598 poenas
728 552 758 584 in
798 549 909 583 litteris

161 609 341 654 apostolicis
366 608 547 641 huiusmodi
563 605 810 640 reservationum
835 612 909 635 con-

161 667 262 696 tentas
280 661 454 701 incurrere,
480 659 625 693 similiter
641 669 678 692 eo
703 658 770 700 ipso
794 662 825 689 et
841 656 910 688 abs-

162 723 223 757 que
247 713 307 746 alia
331 712 543 746 declaratione
567 711 737 755 privamus,
755 715 782 742 et
802 710 840 741 ad
860 709 908 741 illa

164 771 194 800 et
218 766 279 799 alia
304 766 336 798 in
361 771 522 809 posterum
561 764 732 798 obtinenda
757 763 911 795 inhabiles

165 819 306 860 existere,
333 829 456 852 necnon
474 819 534 858 illa,
557 822 717 860 tamquam
735 826 792 859 per
808 814 912 858 priva-

165 872 286 906 tionem
322 871 500 904 huiusmodi
526 871 668 903 vacantia
686 897 693 911 ‚
716 880 773 912 per
795 868 872 901 alios
895 879 910 900 a

165 924 258 957 nobis
280 929 310 958 et
335 924 412 957 Sede
436 923 611 966 Apostolica
636 921 798 965 impetrari
822 931 910 964 posse

167 977 377 1011 decernimus.

211 1029 227 1073 ἓ
249 1029 280 1063 5.
303 1029 326 1062 li
351 1039 424 1061 vero
458 1028 512 1071 qui
539 1039 575 1061 ex
610 1028 710 1061 causis
745 1026 913 1070 praedictis

64 1081 382 1128 „,„2.„pugnavei·int
419 1087 450 1114 et
480 1081 575 1114 occisi
610 1080 728 1113 suerint
762 1083 914 1122 perpetuo

63 1133 162 1159 ”pulm-

170 1133 380 1169 ecclesiastica
396 1139 524 1167 careant
547 1135 718 1177 sepultura;
737 1144 772 1166 ac
789 1132 913 1165 eosdem

168 1197 298 1228 omnes,
323 1187 392 1230 qui,
417 1187 520 1220 dictae
543 1197 656 1230 pravae
681 1185 916 1220 consuetudinis

122 1238 127 1243 ’
168 1245 331 1284 praetextu
354 1245 409 1273 aut
425 1241 512 1281 alias,
530 1240 713 1273 inimicitias
737 1251 773 1273 ac
798 1240 916 1272 bando-

165 1293 272 1327 sitates
295 1294 473 1338 praedictas
496 1305 652 1334 exercere,
666 1299 696 1326 et
717 1304 770 1326 eos
794 1303 915 1331 omnes,

169 1347 223 1391 qui
248 1347 297 1380 his
320 1347 358 1380 de
382 1347 484 1380 causis
507 1358 596 1380 arma
620 1357 744 1380 sumere
760 1345 828 1378 ausi
852 1345 918 1377 sue-

169 1401 258 1442 rint,
283 1406 334 1434 aut
360 1401 535 1444 quidquam
569 1405 680 1433 eontra
704 1398 916 1443 praesentium

168 1452 347 1486 litterarum
361 1453 581 1486 auctoritatem
595 1452 821 1493 commiserint,
845 1463 917 1495 poe-

170 1516 228 1539 nas
250 1512 362 1539 contra
385 1513 563 1550 pugnantes
580 1506 613 1538 in
630 1507 732 1539 duello
753 1507 798 1539 vel
814 1507 916 1539 lecum

171 1559 210 1592 ad
234 1554 489 1592 monomachiam
524 1560 730 1593 concedentes
765 1565 819 1592 aut
842 1560 918 1592 alias

172 1611 258 1645 cirea
281 1612 365 1645 idem
397 1613 557 1655 singulare
588 1617 749 1645 certamen
774 1613 918 1645 commit-

172 1665 304 1697 tendum
328 1670 356 1698 et
383 1665 426 1698 illi
452 1665 669 1699 interessendo
689 1666 917 1710 delinquentes,

173 1727 231 1761 per
254 1717 423 1751 concilium
447 1717 669 1751 Tridentinum
694 1719 772 1752 latas
788 1724 817 1752 et
838 1719 919 1752 irro-

174 1775 275 1813 gatas,
294 1771 459 1805 incurrere
474 1772 606 1804 omnino
623 1772 830 1805 declaramus.

218 1825 234 1868 5
257 1824 285 1858 6.
311 1824 424 1868 Sicque
441 1835 497 1868 per
513 1835 730 1869 quoscumque
755 1825 874 1858 iudices
890 1830 921 1858 et

176 1877 354 1911 ordinarios
377 1883 408 1911 et
424 1879 592 1921 delegatos,
607 1877 716 1921 quavis
733 1877 920 1910 auctoritate

177 1936 208 1965 et
229 1937 383 1976 potestate
406 1932 583 1974 fungentes,
608 1931 731 1964 sublata
754 1930 799 1963 eis
815 1936 844 1963 et
868 1941 920 1964 eo-

181 1995 253 2018 rum
279 1985 409 2018 cuilibet
446 1984 571 2028 quavis·
590 1984 681 2016 aliter
704 1983 866 2016 iudicandi
891 1989 921 2016 et

181 2037 413 2081 interpretandi
430 2037 577 2070 facultate
593 2041 623 2070 et
635 2036 823 2069 auctoritate
840 2037 921 2069 iudi-

178 2090 244 2124 cari
280 2095 311 2124 et
340 2090 471 2122 diffiniri
507 2089 646 2129 debere,
677 2088 868 2132 irritumque
893 2095 920 2123 et

179 2144 274 2177 inane
286 2143 311 2176 si
325 2154 414 2177 secus
438 2153 532 2187 super
549 2142 599 2175 his
616 2153 634 2175 a
658 2152 828 2185 quoquam,
846 2153 923 2185 qua-

181 2197 226 2230 vis
249 2197 447 2237 auctoritate‚
472 2195 608 2229 scienter
632 2195 679 2227 vel
715 2195 923 2237 ignoranter,

181 2248 349 2291 contigerit
365 2248 525 2288 attentari,
539 2248 750 2281 decernimus.

228 2301 243 2344 ᾖ
267 2300 296 2333 7.
320 2301 596 2344 Praecipimusque
631 2301 780 2334 omnibus
808 2306 837 2333 et
862 2300 925 2333 sin—

29 2354 269 2398 .„i‚11„230„;,gulis
291 2353 522 2387 venerabilibus
545 2353 712 2394 fratribus,
725 2352 925 2396 patriarchis,

72 2402 116 2419 lum
120 2413 126 2419 -

184 2406 431 2450 archiepiscopis
465 2411 493 2438 et
533 2406 712 2449 episcopis,
749 2405 924 2448 ceterisque

183 2459 386 2494 ecclesiarum
414 2459 571 2502 praelatis,
596 2470 794 2503 quacumque
818 2464 925 2492 aucto-

141 2558 144 2560 *
182 2512 276 2546 ritate
291 2517 323 2547 et
335 2512 489 2556 dignitate
506 2512 707 2555 fulgentibus,
717 2512 840 2545 etiamsi
854 2523 924 2545 san-

183 2572 252 2600 ctae
267 2567 427 2600 Romanae
434 2565 590 2598 Ecclesiae
606 2565 782 2598 cardinales
796 2565 923 2605 suerint,

183 2619 217 2652 in
239 2619 355 2654 virtute
379 2623 505 2653 sanctae
522 2617 730 2658 obedientiae,
749 2627 784 2650 ac
801 2617 859 2650 sub
878 2617 925 2650 in-

1577 218 1633 251 471

937 286 1069 320 terdicto
1094 285 1254 326 ingressus
1278 285 1435 323 ecclesiae,
1460 282 1510 315 cui
1536 282 1681 326 praefue-

938 341 1011 379 rint,
1036 350 1070 372 ac
1095 339 1308 381 suspensionis
1325 350 1339 369 a
1360 336 1513 379 regimine
1530 340 1561 368 et
1577 333 1680 367 admi-

939 392 1124 424 nistratione
1160 391 1300 423 ciusdem
1336 390 1498 429 eeclesize,
1531 388 1678 430 illiusque

938 445 1096 477 fructuum
1123 444 1334 486 perceptione,
1350 441 1578 485 pontiliralium
1596 450 1682 472 exer-

938 497 1023 537 citio,
1047 497 1179 539 aliisque
1203 497 1337 528 arbitrio
1357 502 1461 527 nostro
1481 492 1684 526 incurrendis

938 555 967 581 et
992 549 1193 582 moderandis
1218 548 1337 592 poenis,
1357 554 1511 590 (pratentis
1536 555 1683 589 praesen-

940 608 984 634 tes
1009 602 1128 634 litteras
1152 602 1226 634 etin
1241 601 1286 633 eis
1300 606 1447 633 contenta
1465 608 1684 643 quaecumque

942 655 970 686 in
996 666 1104 687 eorum
1132 665 1254 687 necnon
1279 654 1474 695 singulorum
1494 651 1685 696 parochiali-

941 710 997 742 bus
1021 708 1168 749 ecclesiis,
1193 708 1247 740 ubi
1273 708 1303 739 id
1321 706 1531 740 necessarium
1553 716 1618 737 esse
1636 704 1685 736 iu*

941 761 1139 801 dicaverint,
1164 766 1196 793 ut
1228 760 1326 793 moris
1349 764 1419 799 est,
1445 758 1604 802 publicent
1630 767 1686 789 seu

942 814 1093 856 publicari
1112 813 1238 854 saciant,
1253 812 1439 845 auctoritate
1457 817 1575 851 nostra,
1592 816 1622 843 et
1638 809 1685 842 di-

943 866 1074 907 lig-enter
1090 866 1250 898 observari
1268 870 1389 903 curent,

1694 218 1745 243 An.
1766 216 1794 243 C.
1814 215 1881 243 1577

985 921 1052 963 ξδ.
1088 920 1154 952 Non
1193 919 1391 951 obstantibus
1430 917 1611 961 praemissis
1647 926 1683 948 ae
1711 924 1825 948 nerogauo
1838 928 1887 945 002.

942 973 1218 1005 constitutionibus
1235 977 1263 1005 et
1282 972 1537 1005 ordinationibus
1561 975 1684 1012 aposto-

944 1025 1019 1065 licis,
1044 1026 1218 1068 ceterisque
1235 1024 1405 1057 contrariis
1423 1024 1686 1067 quibuscumque;

943 1083 997 1110 aut.
1013 1078 1037 1110 si
1055 1078 1225 1121 aliquibus,
1242 1078 1454 1110 communiter
1479 1077 1525 1109 vel
1549 1075 1686 1115 divis-im,

944 1133 983 1165 ab
1008 1131 1183 1175 Apostolica
1201 1131 1238 1163 sit
1258 1131 1335 1164 Sede
1361 1130 1518 1161 indultum
1538 1130 1622 1171 quod
1640 1127 1689 1158 in-

947 1186 1066 1225 terdici,
1091 1185 1238 1228 suspendi
1263 1185 1310 1216 vel
1334 1181 1597 1216 excommunicari
1625 1190 1691 1213 non

948 1240 1065 1283 possint
1084 1250 1138 1282 per
1157 1239 1275 1271 litteras
1292 1237 1479 1280 apostolicas
1497 1246 1559 1267 non
1572 1234 1689 1266 sacien-

948 1299 991 1325 tes
1015 1293 1138 1335 plenam
1164 1297 1192 1324 et
1218 1300 1397 1333 expressam
1422 1300 1457 1321 ac
1482 1288 1519 1321 de
1538 1287 1631 1319 verbo
1649 1284 1689 1318 ad

948 1347 1076 1379 verbum
1090 1346 1127 1378 de
1141 1345 1262 1377 indulto
1277 1341 1457 1375 huiusmodi
1484 1340 1689 1374 mentionem.

989 1398 1003 1441 ἓ
1027 1398 1055 1431 9.
1081 1398 1233 1438 Ceterum,
1254 1396 1329 1440 quia
1353 1394 1478 1427 difficile
1502 1394 1577 1426 soret
1597 1403 1688 1436 prae-

947 1456 1049 1484 sentes
1062 1451 1181 1483 litteras
1198 1450 1237 1483 ad
1254 1449 1377 1492 singula
1394 1458 1537 1491 quaeque
1552 1448 1617 1479 loca
1634 1446 1688 1479 de·

947 1505 1032 1545 ferri,
1057 1506 1201 1538 volumus
1225 1503 1309 1548 quod
1334 1502 1460 1534 illarum
1478 1498 1687 1542 transumptis

947 1559 1041 1591 etiam
1068 1556 1229 1601 impressis
1245 1583 1253 1598 ,
1278 1565 1375 1588 manu
1400 1552 1534 1586 alicuius
1573 1551 1690 1592 notari,

948 1611 1065 1655 publici
1083 1610 1280 1654 subscriptis,
1299 1614 1326 1642 et
1346 1608 1446 1651 sigillo
1464 1606 1598 1639 alicuius
1621 1616 1693 1649 per-

948 1675 1043 1697 sonae
1060 1664 1092 1696 in
1109 1663 1250 1706 dignitae
1274 1661 1484 1695 ecclesiastica
1501 1660 1692 1693 constitutae

950 1718 1090 1759 munitis,
1114 1718 1224 1751 eadem
1249 1726 1378 1760 prorsus
1402 1715 1479 1747 fides
1493 1713 1692 1753 adhibeatur,

949 1782 1029 1814 quae
1047 1771 1123 1815 ipsis
1132 1770 1342 1813 originalibus
1352 1768 1464 1801 litteris
1475 1767 1692 1806 adhiberetur,

949 1825 973 1858 si
991 1826 1093 1859 forent
1109 1824 1268 1857 exhibitae
1291 1823 1338 1855 vel
1361 1827 1515 1855 ostensae.

951 1932 1132 1977 ignorantia
1145 1930 1287 1964 excusari
1301 1929 1434 1972 possint,
1451 1928 1593 1959 volumus
1611 1924 1695 1968 quod

950 1997 1060 2019 eorum
1086 1988 1296 2026 transumpta,
1322 1982 1428 2021 etiam,
1447 1986 1478 2012 ut
1502 1978 1697 2022 praedicitur

952 2040 1113 2082 impressa,
1138 2042 1169 2070 et
1192 2037 1225 2068 in
1250 2035 1384 2078 singulis
1408 2032 1641 2066 cathedralium
1665 2036 1697 2064 et

953 2091 1269 2134 metropolitanarum
1293 2087 1495 2121 ecclesiarum
1513 2094 1698 2127 regnorum,

953 2144 1150 2187 principatus
1175 2148 1205 2175 et
1233 2141 1442 2174 comitatuum
1462 2138 1698 2182 praedictorum

954 2198 1048 2231 valvis
1072 2197 1172 2237 affixa,
1197 2205 1288 2228 verae
1313 2199 1341 2227 et
1368 2192 1459 2225 realis
1488 2190 1698 2223 intimationis

956 2251 1016 2283 vim
1041 2255 1069 2283 et
1094 2250 1240 2283 effectum
1265 2246 1449 2284 sortiantur,
1474 2256 1509 2277 ac
1534 2255 1644 2277 omnes
1667 2250 1699 2277 et

955 2305 1105 2347 singulos,
1130 2312 1208 2345 quos
1232 2301 1300 2332 illae
1324 2302 1515 2331 concernunt
1532 2325 1539 2338 ,
1564 2298 1697 2341 perinde

955 2360 1077 2392 afficere
1102 2368 1137 2389 ac
1154 2356 1178 2388 si
1198 2354 1405 2398 personaliter
1422 2352 1554 2394 singulis
1567 2351 1696 2385 intima-

956 2419 1002 2445 tae
1028 2412 1170 2444 fuissent.

996 2468 1108 2500 Datum
1144 2465 1260 2496 Romae
1295 2461 1378 2504 apud
1406 2459 1436 2492 S.
1460 2460 1611 2499 Petrum,
1637 2459 1696 2490 sub

953 2521 1070 2554 annulo
1080 2516 1255 2555 Piscatoris‚
1267 2515 1315 2547 die
1323 2524 1363 2546 xv
1373 2513 1696 2551 februm-iiiimxxv11,

953 2573 1153 2618 pontificatus
1178 2568 1277 2601 nostri
1303 2578 1387 2599 anno
1411 2577 1439 2598 v.

1022 2626 1084 2652 Dat.
1100 2625 1143 2650 die
1155 2625 1186 2649 15
1202 2622 1254 2649 seb.
1270 2621 1345 2655 1577,
1359 2621 1458 2655 pontif.
1473 2629 1542 2647 anno
1557 2630 1581 2647 v.

1691 953 1818 973 uariorum.

1754 1414 1817 1433 Fides
1830 1415 1892 1433 tra-n-

1697 1444 1840 1467 sumptorum.

1031 1878 1082 1911 10.
1107 1879 1148 1911 Ac
1172 1888 1211 1910 ne
1247 1876 1344 1919 aliqui
1380 1886 1416 1907 ex
1440 1873 1688 1918 praemissorum
1702 1876 1899 1926 mg’ffisbltcattoniu
