2059 3228
122 265 175 295 An.
188 264 217 295 C.
235 266 304 296 1386

161 1186 261 1207 mnemia
276 1186 300 1206 ad

117 1220 260 1245 qnescumque
278 1225 302 1239 u-

117 1251 193 1270 niones
221 1250 302 1270 benefi-

117 1286 197 1300 ciorum
212 1281 245 1300 hic
261 1285 302 1300 non

117 1315 261 1338 excepturum.

358 262 425 297 '704

317 325 467 358 omnibus
487 322 650 362 clausulis,
673 321 820 361 decretis,
843 320 1061 364 derogationi-

316 379 376 412 bus
395 389 432 412 ac
451 378 596 412 censuris
615 383 646 410 et
665 376 778 421 poenis
797 376 831 409 in
849 375 912 409 illis
932 381 1063 409 conten-

317 433 367 473 tis,
394 442 521 465 necnon
548 431 658 464 omnia
680 435 711 464 et
733 429 861 474 singula
888 440 947 473 per
966 439 1062 473 quos-

317 496 454 529 cumque
482 484 617 525 iudices‚
651 489 837 517 executores
857 488 887 516 et
911 482 1063 516 commis-

316 539 432 578 sarios,
453 538 486 571 in
505 537 692 582 praemissis
711 543 742 571 et
762 538 849 571 circa
868 548 905 570 ea
928 546 1064 581 quomo-

316 592 438 625 dolibet
462 597 551 635 gesta
575 597 606 625 et
629 597 772 632 executa,
798 602 834 624 ac
860 591 935 624 inde
955 595 1065 623 secuta

315 656 559 690 quaecumque,
588 645 778 680 auctoritate
806 645 994 689 apostolica,
1018 651 1065 677 te-

315 711 393 734 nore
407 700 636 746 praesentium,
659 700 877 744 approbamus
896 704 927 732 et
947 698 1065 732 confir-

316 765 453 794 mamus,
471 764 598 787 necnon
616 754 680 788 illis
698 759 873 798 perpetuae
889 759 917 785 et
938 752 1067 785 irrefra-

313 807 429 851 gabilis
461 808 622 841 firmitatis
646 808 748 841 robur
773 807 942 840 adiicimus
957 833 964 846 ,
996 816 1066 838 om-

314 873 435 906 nesque
459 868 489 895 et
516 862 660 906 singulos
683 862 764 895 iuris
791 867 822 894 et
852 860 926 893 facti
952 870 988 893 ac
1014 869 1066 891 so-

315 915 518 949 lemnitatum
547 921 579 949 et
607 915 687 949 alios
712 914 871 954 desectus,
894 913 976 957 siqui
1001 913 1066 945 sor-

314 980 370 1002 san
395 968 624 1003 intervenerint
649 968 682 1001 in
703 968 837 1009 eisdem,
864 967 1064 1011 supplemus,

314 1028 409 1066 atque
434 1022 504 1055 illas
522 1028 553 1055 et
574 1021 638 1062 illa,
659 1027 818 1066 quatenus
838 1031 919 1065 opus
938 1020 996 1061 sit,
1016 1020 1067 1052 in-

314 1086 480 1109 novamus.

359 1130 374 1172 g
398 1128 429 1161 2.
456 1129 640 1170 Praeterea,
674 1128 826 1172 quoniam
847 1126 1067 1171 quindennio-

315 1193 388 1216 rum
407 1193 484 1215 usus
503 1187 535 1216 et
554 1182 670 1215 solutio
688 1182 812 1214 ratione
832 1179 1067 1213 beneficiorum

315 1236 480 1269 unitorum
515 1235 688 1269 constituta
717 1234 806 1273 sunt,
832 1233 908 1277 quia
935 1233 1067 1266 illorum

315 1289 438 1323 vacatio
458 1289 596 1332 amplius
615 1299 680 1321 non
700 1293 861 1331 speratur,
883 1293 914 1320 et
933 1292 968 1319 ut
991 1296 1067 1330 pro-

315 1348 427 1387 pterea
447 1342 602 1374 damnum
623 1352 658 1374 ex
679 1341 741 1374 hoc
761 1341 914 1374 Gamerae
931 1340 1068 1383 Aposto-

315 1396 398 1429 licae
418 1400 448 1429 et
469 1394 605 1438 collegio
623 1393 838 1427 cardinalium
858 1399 889 1426 et
904 1393 1069 1426 Romanae

316 1449 430 1483 Curiae
468 1448 660 1482 officialibus
688 1446 862 1491 praedictis
901 1456 1069 1490 emergens

317 1502 493 1543 sarciatur·,
515 1512 586 1542 nos,
604 1501 804 1534 attendentes
823 1500 910 1543 quod
927 1505 1070 1533 tantum-

317 1556 390 1589 dem
411 1555 597 1589 detrimenti
617 1554 783 1594 Gamerae,
803 1552 939 1596 collegio
953 1558 983 1586 et
1002 1552 1071 1585 offi-

317 1609 456 1643 cialibus
475 1608 627 1653 praefatis
639 1634 646 1647 ,
670 1619 705 1640 ex
723 1606 900 1640 unionibus
927 1617 1010 1650 quae
1029 1605 1070 1639 ab

318 1661 490 1696 ordinariis
514 1662 661 1695 locorum
683 1665 711 1693 et
739 1660 810 1693 aliis
830 1659 924 1700 fiunt,
956 1669 1070 1702 prove-

318 1716 376 1757 nit,
400 1727 436 1749 ac
453 1721 625 1759 propterea
645 1723 786 1757 aequum
812 1723 881 1746 esse
905 1718 1071 1746 censentes

318 1775 354 1802 ut
372 1768 459 1813 quod
479 1768 512 1800 in
527 1767 703 1800 unionibus
724 1777 781 1810 per
800 1766 916 1800 Sedem
936 1767 1070 1809 Aposto-

316 1822 413 1855 licam
433 1821 525 1854 sactis
545 1821 680 1861 obtinet,
702 1819 782 1853 illud
805 1819 889 1853 idem
911 1825 942 1852 et
957 1819 1072 1853 fortius

318 1875 352 1908 in
371 1875 547 1908 unionibus
570 1885 629 1919 per
659 1873 746 1918 ipsos
771 1873 954 1906 ordinarios
981 1872 1073 1906 sactis

320 1934 351 1962 et
369 1928 525 1962 faciendis
549 1928 753 1967 observetur3
782 1927 920 1970 licetque
940 1926 972 1958 in
993 1936 1072 1959 con-

319 1981 538 2015 stitutionibus
567 1988 595 2015 et
635 1981 750 2014 litteris
783 1981 1070 2024 praedecessorum

320 2037 539 2080 praefatorum
573 2034 806 2079 comprehendi
841 2033 998 2073 videatur,
1025 2039 1072 2066 ta-

322 2100 406 2130 men,
429 2095 463 2122 ut
483 2088 582 2122 cuivis
609 2088 777 2122 dubitandi
797 2088 926 2122 occasio
947 2088 1074 2132 praeci-

323 2143 428 2183 datur,
450 2149 540 2176 motu
570 2147 600 2175 et
626 2142 759 2175 scientia
780 2141 953 2181 similibus,
980 2151 1017 2173 ac
1035 2139 1073 2173 de

323 2196 518 2240 apostolicae
543 2197 707 2239 potestatis
726 2194 938 2239 plenitudine,
960 2199 1073 2227 tenore

324 2250 554 2293 praesentium,
568 2249 747 2289 statuimus,
761 2248 966 2282 decernimus
976 2252 1006 2280 et
1017 2247 1073 2280 de-

326 2303 485 2335 claramus
498 2303 584 2346 quod
594 2302 741 2343 uniones,
751 2301 958 2341 annexiones,
969 2301 1075 2334 incor-

326 2356 521 2399 porationes‚
543 2355 775 2400 applicationes
795 2361 826 2388 et
845 2354 1075 2388 submissiones

327 2409 632 2453 dequibuscumque
649 2408 816 2442 beneficiis
836 2407 1072 2448 ecclesiasticis,

329 2463 390 2489 tam
403 2458 610 2491 smcularibus
619 2468 714 2501 quam
725 2458 940 2499 regularibus,
952 2457 1076 2490 etiamsi

330 2506 522 2538 monasteria
550 2507 738 2539 monialium
762 2512 792 2539 et
817 2506 988 2549 hospitalia
1006 2506 1076 2539 sue-

330 2553 405 2592 rint,
429 2565 498 2597 qua)
511 2561 629 2596 tamen,
646 2561 789 2599 tempore
815 2555 957 2599 ipsarum
982 2554 1076 2588 unio-

331 2612 421 2639 num,
431 2614 520 2643 cura,
534 2609 689 2637 conventu
701 2610 729 2637 et
743 2604 956 2648 hospitalitate
966 2614 1078 2637 carue-

307 2673 309 2675 -
331 2652 407 2693 rint,
430 2657 457 2684 et
477 2663 613 2696 quorum
627 2653 844 2697 singulorum,
871 2653 918 2686 vel
940 2653 964 2687 si
985 2653 1078 2699 plura

900 268 1080 292 ΒῘΥΠΑΒΠἯ
1104 267 1253 292 ΠΟΜΑΝῙἯ

1104 319 1262 353 beneficia
1280 317 1384 352 unicis
1398 318 1514 352 litteris
1530 319 1763 364 comprehensa
1778 318 1851 358 sint,

1105 383 1242 416 quorum
1257 372 1390 417 quilibet
1413 382 1539 404 annuus
1556 373 1645 405 valor
1660 372 1852 415 vigintiqua-

1105 433 1179 459 tuor
1199 427 1332 460 ducatos
1352 426 1422 459 auri
1443 426 1481 459 de
1510 425 1654 467 Camera,
1675 427 1850 459 secundum

1105 490 1310 513 communem
1341 479 1593 520 extimationem,
1617 489 1680 512 non
1708 479 1850 518 excedat,

1105 533 1282 566 dummodo
1302 539 1409 566 tamen
1435 533 1580 566 omnium
1608 531 1736 565 insimul
1763 533 1851 565 illum

1106 587 1345 626 transcendant,
1367 586 1560 628 cuicumque
1593 584 1760 625 ecclesiae,
1787 596 1855 619 mo-

1106 639 1257 680 nasterio,
1280 639 1427 682 collegio,
1454 638 1576 680 domui,
1596 638 1751 679 societati,
1777 650 1854 672 con-

1105 694 1295 737 gregationi,
1316 693 1440 733 Ordini‚
1463 692 1609 734 militiae,
1628 692 1792 736 hospitali,
1805 703 1855 726 se-

1107 747 1245 780 minario
1266 752 1320 780 aut
1338 747 1402 780 alio
1421 747 1494 780 loco
1519 746 1585 789 pio,
1604 752 1667 779 tam
1684 757 1743 790 per
1761 757 1857 789 quos-

1107 811 1244 843 cumque
1259 800 1421 833 Romanos
1440 798 1611 833 Pontifices
1630 799 1856 843 praedecesso-

1107 865 1158 887 res
1178 860 1305 887 nostros
1324 865 1361 887 ac
1380 864 1439 887 nos
1454 855 1581 887 necnon
1594 852 1684 886 Sedis
1695 852 1856 897 praefatae

1107 908 1238 951 legatos,
1253 908 1390 941 nuncios
1406 913 1436 940 et
1450 907 1529 940 alios
1541 917 1764 950 quoscumque
1784 906 1857 940 sub-

1107 962 1281 1005 delegatos,
1304 968 1335 995 et
1354 962 1433 995 alias
1453 960 1696 1005 quomodolibet
1715 961 1856 994 auctori-

1107 1021 1170 1049 tate
1194 1015 1390 1060 apostolica,
1418 1026 1515 1058 quam
1538 1026 1595 1058 per
1619 1025 1856 1058 quemcumque

1107 1069 1170 1103 loci
1190 1068 1404 1110 ordinarium,
1424 1068 1457 1101 in
1473 1068 1618 1112 qualibet
1634 1068 1744 1101 mundi
1756 1074 1856 1112 parte,

1108 1123 1265 1156 hactenus
1277 1122 1380 1155 sactae
1397 1128 1428 1155 et
1447 1121 1623 1162 faciendae,
1643 1120 1768 1155 etiamsi
1787 1132 1856 1162 ma-

1108 1175 1218 1208 nualia
1237 1181 1267 1208 et
1287 1175 1328 1208 de
1343 1175 1414 1208 iure
1434 1180 1623 1219 patronatus
1640 1175 1812 1216 laicorum,
1826 1186 1859 1209 e-

1109 1230 1184 1262 tiam
1214 1228 1431 1273 imperatoris,
1459 1239 1589 1273 regum,
1616 1229 1748 1270 ducum,
1768 1241 1856 1264 mar·

1109 1283 1276 1323 chionum,
1298 1282 1468 1323 baronum,
1489 1282 1643 1316 comitum
1662 1288 1695 1317 et
1717 1283 1856 1318 aliorum

1109 1337 1267 1370 nobilium
1289 1342 1320 1370 et
1338 1336 1515 1369 illustrium
1537 1336 1593 1370 illa
1612 1337 1769 1371 beneficia
1787 1338 1857 1372 sue-

1109 1391 1185 1431 rint,
1205 1390 1264 1424 sub
1292 1390 1454 1424 dictorum
1474 1390 1762 1435 praedecessorum
1783 1402 1859 1426 con-

1109 1443 1328 1477 stitutionibus
1359 1454 1396 1477 ac
1429 1443 1701 1477 declarationibus
1725 1445 1857 1478 omnino

1110 1497 1429 1541 comprehendantur
1457 1502 1489 1530 et
1517 1497 1736 1539 includantur,
1762 1509 1799 1532 ac
1818 1498 1857 1532 ab

1110 1550 1261 1584 omnibus
1276 1551 1528 1595 comprehensae
1548 1556 1579 1584 et
1593 1550 1737 1585 inclusae
1750 1561 1860 1586 cense—
1894 1594 1897 1596 ,

1110 1610 1216 1637 antur.
1243 1604 1280 1637 Et
1299 1610 1472 1648 propterea
1487 1604 1606 1646 omnia,
1615 1609 1646 1637 et
1661 1603 1786 1648 singula
1805 1615 1859 1638 ca-

1109 1657 1318 1698 thedralium,
1336 1657 1431 1691 etiam
1443 1657 1779 1702 metropolitanarum,
1795 1659 1860 1692 col·
1911 1668 1915 1673 ’

1110 1711 1366 1755 legiatarumque
1390 1711 1599 1745 ecclesiarum
1614 1712 1768 1757 capitula,
1784 1724 1860 1747 con-

1111 1764 1325 1808 gregationes,
1347 1764 1528 1806 societates,
1541 1765 1775 1807 universitates,
1793 1766 1860 1800 ool-

1111 1818 1206 1862 legia,
1238 1818 1420 1859 seminaria,
1455 1818 1640 1862 hospitalia,
1667 1821 1859 1854 monasteria

1113 1877 1143 1906 et
1161 1872 1215 1916 pia
1243 1873 1315 1906 loca
1342 1872 1542 1913 huiusmodi,
1563 1878 1594 1906 et
1613 1873 1718 1918 quivis
1735 1873 1806 1916 alii,
1825 1875 1860 1908 in

1113 1936 1249 1968 quorum
1283 1926 1423 1959 savorem
1452 1926 1604 1968 uniones,
1648 1927 1858 1969 annexiones,

1113 1979 1405 2024 incorporationes,
1427 1980 1660 2024 applicationes
1675 1986 1706 2015 et
1724 1981 1862 2015 submis-

1113 2033 1220 2067 siones
1238 2032 1426 2067 huiusmodi
1446 2033 1548 2067 factae
1572 2034 1790 2078 reperientur,
1807 2040 1862 2069 aut

1113 2086 1248 2130 posthac
1267 2086 1357 2128 fient,
1379 2092 1678 2131 quantumcumque
1697 2093 1863 2133 exemptae

1115 2145 1145 2173 et
1164 2139 1383 2184 privilegiatae
1399 2139 1548 2181 existant,
1570 2140 1694 2174 etiamsi
1703 2151 1736 2174 se
1752 2151 1864 2185 super—

1114 2193 1188 2226 inde
1220 2193 1253 2226 in
1272 2193 1404 2227 Camera
1428 2194 1613 2239 Apostolica
1640 2204 1706 2228 non
1739 2193 1863 2238 ohliga-

1114 2247 1232 2288 verint,
1263 2247 1440 2281 dummodo
1470 2247 1630 2282 beneficia
1657 2247 1728 2292 ipsa
1759 2247 1864 2292 possi-

1116 2301 1222 2341 deant,
1233 2300 1273 2333 ad
1280 2300 1473 2334 solutionem
1484 2300 1761 2345 quindenniorum
1773 2311 1866 2345 prae-

1115 2355 1257 2387 satorum
1287 2354 1390 2388 eidem
1420 2354 1574 2388 Gamerae
1602 2366 1640 2388 ac
1668 2354 1804 2399 collegio
1833 2360 1865 2388 et

1117 2407 1319 2448 officialibus,
1351 2408 1479 2442 ratione
1507 2407 1678 2449 unionum,
1713 2407 1864 2441 annexio-

1117 2467 1208 2495 num,
1232 2455 1545 2501 incorporationum‚
1566 2456 1820 2501 applicationum
1831 2461 1864 2489 et

1117 2505 1368 2539 submissionum
1389 2506 1607 2550 praefatarum
1623 2505 1759 2549 singulis
1767 2504 1864 2550 quin·

1118 2554 1221 2587 decim
1241 2554 1345 2595 annis,
1367 2565 1384 2587 a
1405 2554 1456 2588 die
1475 2565 1538 2599 quo
1564 2554 1637 2588 illae
1656 2565 1750 2588 suum
1769 2554 1863 2592 sorti-

1121 2609 1169 2636 tae
1202 2603 1321 2637 suerint
1351 2603 1513 2644 effectum,
1539 2603 1627 2636 iuxta
1645 2608 1790 2637 tenorem
1811 2602 1864 2636 tit-

1120 2657 1260 2686 terarum
1281 2653 1564 2698 praedecessorum
1583 2652 1801 2698 praefatorum
1811 2662 1863 2685 su·

1867 262 1918 290 A-n.
1935 261 1964 291 G.
1985 260 1991 263 ’
2035 246 2037 255 ⁵

1943 1817 2041 2034 ,js

1976 1996 2039 2579 Ξ
