2059 3228
46 0 114 68 γ,
140 6 141 10 t

88 250 120 283 'C-
136 251 204 283 ¹⁵85

221 303 293 338 dem
323 303 360 336 sit
390 303 470 337 Sede
497 303 655 336 indultum
685 301 771 346 quod
797 299 962 340 interdici,

221 419 270 453 vel
290 420 374 452 ultra
400 420 578 455 certaloca,
601 418 708 452 curias
727 423 758 451 et
777 416 963 456 tribunalia,

221 477 261 510 ad
281 477 436 511 iudicium
452 469 543 510 'trahi
563 487 627 510 non
649 475 771 520 possint
791 485 848 518 per
880 474 966 507 litte-

223 545 272 569 ras
302 535 494 579 apostolicas
519 545 583 568 non
614 533 764 567 facientes
790 532 918 576 plenam
938 536 969 565 et

223 602 404 636 expressam
425 603 461 626 ac
477 593 515 625 de
535 591 631 625 verbo
651 591 691 624 ad
710 589 843 623 verbum
859 589 898 621 dc
918 588 968 621 in-

221 651 313 684 dulto
333 650 517 684 huiusmodi
542 648 753 688 mentionem,
775 652 807 681 et
834 647 968 690 quibus-

221 708 268 741 vis
277 709 346 742 aliis
358 708 543 753 privilegiis,
566 706 697 740 indultis
711 716 748 739 ac
764 705 879 738 litteris
894 716 970 748 apo-

223 765 355 806 stolicis,
377 766 581 808 generalibus
600 765 648 798 vel
668 763 874 808 specialibus,
892 773 970 806 quo-

224 833 439 867 rumcumque
458 828 607 857 tenorum
628 821 774 861 existant,
795 832 853 866 per
873 832 968 864 quae,

224 881 447 926 praesentibus
479 886 544 914 n’on
570 890 718 924 expressa
749 880 800 912 vel
832 878 972 912 totaliter

224 950 289 973 non
310 939 440 979 inserta,
461 937 692 972 iurisdictionis
703 937 804 981 ipsius
820 948 878 981 pro
890 942 971 970 tem-

224 1008 301 1042 pore
336 997 497 1030 existentis
522 996 745 1036 referendarii,
773 1001 807 1028 ut
831 995 972 1038 praefer-

225 1062 277 1090 tur
296 1055 451 1100 deputati,
474 1054 644 1098 explicatio
656 1054 718 1087 sive
731 1053 903 1097 exequutio
915 1053 974 1086 im·

225 1115 328 1159 pediri
347 1114 449 1147 valeat
461 1111 764 1157 quomodolibetvcl
784 1111 921 1152 differri,
944 1117 975 1144 et

225 1173 264 1206 de
280 1172 399 1215 quihus
418 1181 623 1215 quorumque
643 1169 716 1203 totis
731 1170 897 1203 tenoribus
907 1180 976 1213 spe-

183 1247 190 1254 ·
227 1230 328 1270 cialis,
350 1229 511 1273 specifica,
532 1239 681 1272 expressa
700 1233 731 1261 et
755 1227 794 1260 de
813 1228 909 1260 verbo
935 1228 975 1260 ad

226 1288 361 1322 verbum
371 1287 519 1322 habenda
531 1287 613 1320 sitin
622 1286 741 1320 nostris
760 1285 876 1320 litteris
887 1296 977 1319 men-

226 1345 273 1380 tio
293 1345 450 1389 specialis.

272 1404 287 1448 ἓ
311 1404 364 1438 17.
387 1404 542 1438 Volumus
561 1403 662 1437 solam
678 1402 857 1447 praesentis
871 1407 978 1436 motus

51 1467 215 1522 fflffwm'*
229 1462 354 1507 proprii
365 1462 563 1506 signaturam
579 1461 727 1495 sufficere
749 1466 779 1494 et
798 1460 920 1504 ubique
943 1460 979 1493 fi-

230 1521 304 1555 dem
324 1520 441 1560 facere,
464 1519 495 1551 in
517 1518 639 1551 iudicio
660 1524 690 1551 et
715 1524 813 1551 extra.

275 1579 290 1623 ἓ
313 1577 367 1612 18.
393 1577 550 1620 Quodque
571 1577 683 1610 eadem
719 1581 823 1609 motus
855 1575 979 1620 proprii

54 1642 126 1698 ¹:³3⁸
145 1649 219 1666 mm-
232 1637 391 1681 exempla,
413 1636 506 1670 etiam
530 1636 695 1680 impressa,
716 1634 833 1667 notarii
859 1634 981 1678 publici

232 1695 298 1730 sive
317 1694 461 1729 eiusdem
486 1691 850 1727 archiconfraternitatis
874 1703 980 1725 secre-

233 1752 307 1787 tarii
337 1763 436 1786 manu
466 1750 658 1795 subscripta,
689 1756 720 1783 et
743 1750 848 1793 sigillo
879 1750 982 1783 dictae

232 1809 598 1845 archiconfraternitatis
617 1809 667 1842 vel
686 1807 773 1841 illius
792 1808 984 1851 protectoris

232 1869 299 1903 sive
331 1867 542 1902 referendarii
565 1877 624 1911 pio
643 1872 802 1909 ternpore,
830 1871 865 1898 ut
893 1876 985 1909 prae—

234 1927 348 1967 fertur,
368 1925 462 1959 electi
480 1931 511 1959 et
530 1924 688 1968 deputati,
706 1924 883 1967 obsignata,
897 1934 984 1957 eam-

236 1985 310 2018 dem
329 1994 476 2029 prorsus,
495 1984 529 2017 in
548 1982 668 2015 iudicio
688 1987 720 2015 et
739 1987 827 2015 extra
839 1981 930 2022 illud,
947 1981 985 2014 fi-

237 2042 310 2076 dem
338 2041 461 2085 ubique
491 2041 621 2080 faciant,
657 2050 756 2083 quam
788 2039 856 2083 ipse
882 2044 988 2072 motus

237 2099 390 2145 proprius
409 2099 530 2132 faceret
548 2099 574 2132 si
594 2099 676 2131 foret
695 2097 857 2131 exhibitus
880 2098 928 2130 vel
955 2108 987 2130 o-

239 2162 377 2199 stensus,
398 2158 511 2201 regula
530 2155 693 2190 contraria
702 2166 907 2200 quacumque
924 2166 988 2189 non

240 2214 397 2249 obstante.

405 2271 485 2312 Fiat,
506 2277 596 2305 motu
616 2269 761 2315 proprio.
783 2269 817 2302 F.

285 2330 402 2364 Datum
417 2330 539 2363 Romae
558 2329 644 2373 apud
661 2328 856 2368 S.Marcum‚
869 2327 920 2361 die
941 2337 993 2361 xix

244 2388 386 2429 aug-usti,
408 2397 542 2421 annon.

266 2453 331 2485 Dat.
348 2453 395 2484 die
417 2453 454 2484 19
477 2453 592 2493 augusti
615 2452 704 2491 1586,
723 2451 828 2492 pontis.
847 2461 922 2482 anno
941 2460 973 2482 tl.

551 2569 674 2579 ι--ι-

881 248 983 272 SWTUS
1007 248 1025 271 V
1049 247 1096 271 PP.

1642 233 1706 269 733

1342 298 1398 332 LV.

220 361 372 406 suspenffl
398 362 444 394 *⁰¹
480 371 766 400 0XC0¹¹¹¹¹³U¹¹¹⁰²²W
794 363 848 392 am
878 363 966 392 exu'a
1005 373 1135 407 Erectio
1184 373 1412 406 [fnium-sitatis·
1453 372 1564 405 studii
1595 370 1754 414 yencralis

1051 427 1088 459 in
1113 427 1243 459 civitate
1253 427 1290 458 (le
1311 427 1417 466 an'to,
1434 425 1621 469 provinciae
1639 423 1755 457 Sancti

1051 479 1220 512 Michaelis
1257 479 1277 512 Ι
1278 480 1320 512 nd
1325 480 1432 512 iarum
1479 477 1732 512 Occidentalium
1742 502 1751 516 ,

1053 532 1185 566 Ordinis
1200 532 1424 565 Errmitarum
1446 531 1562 565 Sancti
1578 529 1755 573 Aqustiui

1053 597 1125 620 cum
1150 586 1360 627 facultatibus
1379 586 1455 618 aliis
1484 583 1754 618 Universitatz‘bus

1053 640 1183 674 concedi
1202 640 1305 672 solitis
1325 638 1352 672 1.

1055 721 1150 749 sixtus
1160 721 1229 756 Papa
1236 720 1310 756 V,·ad
1319 720 1478 755 perpetuam
1492 718 1534 747 roi
1545 718 1712 748 memoriam.

1055 791 1269 834 Intelligentes
1286 801 1383 834 quam
1403 789 1538 823 Domino
1558 790 1650 833 grati,
1670 789 1757 823 cliri-

1012 844 1197 888 stianaeque
1219 844 1417 888 reipublicae
1441 843 1556 876 uberes
1581 842 1703 876 fructus
1722 854 1758 875 cx

1012 899 1140 933 assidua
1158 899 1247 931 verbi
1268 898 1322 931 Dei
1346 896 1586 941 praedicatione
1606 896 1759 930 aliorum-

1012 963 1075 996 que
1099 952 1227 996 piorum
1249 962 1385 996 operum
1413 949 1564 984 exercitio
1595 960 1631 983 ex
1655 949 1759 982 donii-

1012 1007 1073 1039 bus
1093 1005 1295 1048 regularibus
1320 1003 1448 1038 Ordinis
1473 1003 1608 1036 fratrum
1637 1002 1758 1036 Eremi-

1015 1067 1119 1093 tarum
1137 1059 1168 1092 S.
1192 1058 1374 1102 Augustini,
1392 1057 1424 1090 in
1441 1057 1585 1101 partibus
1598 1056 1759 1089 Indiaruui

1014 1113 1257 1147 Occidentalum
1287 1111 1445 1152 fundatis,
1480 1110 1513 1143 in
1539 1110 1605 1143 dies
1637 1109 1760 1153 produ-

1015 1171 1146 1204 cantur,
1175 1165 1268 1198 facile
1295 1164 1482 1197 inducimur
1506 1168 1542 1197 ut
1574 1163 1761 1196 eorumdem

1015 1220 1152 1253 fratrum
1175 1219 1257 1252 votis
1276 1229 1334 1263 per
1360 1229 1441 1262 quac
1467 1228 1518 1258 ne,
1549 1216 1590 1250 ob
1615 1217 1762 1250 locorum

1016 1273 1149 1307 nimiam
1173 1272 1369 1313 distantiam,
1403 1278 1467 1305 tam
1492 1271 1553 1315 ipsi
1587 1281 1683 1314 quam
1711 1269 1763 1302 alii

1017 1327 1176 1360 dictarum
1197 1326 1335 1370 partium
1357 1325 1439 1359 cives
1469 1330 1500 1358 et
1519 1324 1644 1357 incolae
1662 1334 1764 1357 sacra-

1018 1391 1090 1414 rum
1109 1381 1290 1413 litterarum
1311 1379 1494 1422 cognitione
1513 1378 1627 1423 privati
1658 1388 1764 1411 rema-

1018 1440 1127 1476 neant,
1150 1434 1309 1478 provideri
1340 1434 1453 1473 valeat,
1475 1433 1616 1466 libenter
1641 1441 1766 1465 annua-

1019 1499 1102 1529 mus
1125 1498 1227 1531 eaque
1251 1487 1412 1520 favoribus
1439 1495 1678 1530 prosequamur
1708 1495 1767 1529 op-

1019 1542 1179 1586 portunis.

1065 1596 1079 1638 g
1103 1595 1134 1627 1.
1158 1595 1241 1628 Sane
1269 1605 1328 1639 pro
1348 1599 1438 1638 parte
1462 1593 1654 1627 dilectorum
1682 1592 1767 1625 filio-

1021 1659 1095 1681 rum
1115 1648 1319 1692 provincialis
1339 1654 1370 1681 et
1387 1648 1521 1680 fratrum
1542 1647 1657 1680 domus
1677 1645 1768 1679 Ordi-

1021 1703 1070 1735 nis
1095 1703 1231 1735 fratrum
1250 1701 1464 1735 Eremitarum
1485 1700 1516 1733 S.
1538 1699 1707 1742 Augustini
1728 1699 1770 1732 ci-

1023 1756 1127 1789 vitatis
1146 1755 1184 1789 de
1205 1755 1312 1796 Quito‚
1335 1753 1517 1798 provinciae
1542 1753 1574 1786 S.
1596 1751 1768 1790 Michaelis,

1024 1809 1165 1853 partium
1190 1808 1353 1842 Indiarum
1385 1806 1653 1846 Occidentalium‚
1681 1804 1772 1838 nobis

1025 1862 1166 1896 exhibita
1186 1861 1298 1905 petitio
1324 1859 1508 1893 continebat
1529 1858 1627 1903 quod,
1650 1869 1722 1891 cum
1740 1857 1772 1891 in

1026 1916 1111 1949 dicta
1132 1915 1257 1949 civitate
1278 1914 1392 1947 domus
1412 1913 1487 1946 dicti
1508 1911 1636 1945 Ordinis
1656 1911 1688 1944 in
1708 1911 1774 1944 suis

1026 1968 1196 2002 structuris
1215 1973 1246 2001 et
1264 1966 1418 2000 aedificiis
1437 1966 1512 1998 satis
1527 1965 1696 1998 commoda
1708 1964 1774 1998 exi-

1030 2027 1102 2063 stat,
1135 2033 1171 2054 ac
1199 2020 1375 2064 proximior
1401 2019 1504 2052 dictae
1529 2018 1645 2051 civitati
1672 2017 1774 2051 Studii

1028 2075 1187 2119 generalis
1213 2073 1402 2107 Universitas
1427 2083 1484 2116 per
1511 2076 1673 2114 nongenta
1702 2071 1774 2103 mil-

1029 2128 1120 2162 liaria
1140 2134 1171 2161 et
1189 2128 1274 2160 ultra
1301 2127 1406 2165 distet,
1436 2125 1521 2158 unde
1547 2124 1622 2158 dicti
1651 2123 1777 2157 Ordinis

1030 2183 1155 2221 fratres,
1182 2181 1214 2213 in
1240 2180 1351 2213 eadem
1380 2190 1416 2212 ac
1436 2178 1506 2211 aliis
1526 2178 1629 2211 dictae
1649 2177 1776 2221 provin-

1031 2236 1098 2269 ciae
1119 2234 1269 2268 domibus
1289 2238 1538 2272 commorantes,
1550 2242 1676 2265 necnon
1694 2231 1777 2264 cives

1032 2294 1063 2322 et
1082 2289 1206 2322 incolae
1221 2297 1384 2320 sacrarum
1400 2287 1579 2319 litterarum
1592 2284 1696 2318 studio
1712 2294 1776 2317 non

1033 2343 1100 2375 sine
1116 2340 1254 2374 maximo
1267 2340 1471 2373 incommodo
1491 2350 1527 2371 ac.
1547 2337 1714 2382 dispendio
1731 2337 1779 2369 in-

1035 2395 1188 2429 cumbere
1200 2394 1333 2437 possint.
1345 2393 1381 2426 Et
1390 2393 1471 2425 sicut
1484 2392 1594 2425 eadem
1609 2390 1718 2435 petitio
1728 2401 1778 2423 su-

1034 2447 1221 2490 biungebat,
1230 2447 1295 2480 siin
1304 2447 1400 2479 domo
1412 2446 1503 2478 dictae
1512 2444 1780 2478 civitatisUniver-

1036 2502 1111 2534 sitas
1124 2500 1228 2534 Studii
1248 2499 1458 2543 gene1·alis‚in
1473 2509 1536 2542 qua
1551 2508 1663 2531 omnes
1680 2497 1781 2530 scien-

1037 2555 1087 2587 tise
1099 2559 1129 2588 et
1141 2554 1305 2587 facultates
1320 2564 1337 2585 a
1351 2553 1420 2585 iure
1437 2552 1599 2596 permissa}
1613 2561 1672 2595 per
1682 2551 1781 2584 lecto-

1074 2630 1085 2656 1
1102 2628 1145 2657 Ex
1159 2628 1271 2664 Regest.
1287 2627 1316 2656 in
1333 2627 1440 2657 secret.
1456 2625 1598 2656 brevium.

1766 242 1818 269 An.
1836 241 1864 268 C.
1883 238 1949 269 155<ss

1798 795 1929 816 Prnwnuum.

1809 1601 1907 1623 Rationes
1919 1600 1965 1621 ert-

1783 1633 1864 1659 gendae
1878 1630 1964 1653 Univer-

1784 1664 1853 1684 sitatis
