2059 3228
114 243 166 273 An.
186 244 213 273 C.
228 242 295 272 1577

125 1746 236 1768 ulau-ulae
245 1746 285 1768 de-

99 1780 229 1805 rogatorias.

356 233 421 267 174

309 306 385 340 que,
408 294 504 327 uluiet
523 292 651 338 quando
665 302 746 337 opus
762 292 871 333 fuerit,
893 293 1057 337 etquoties

310 359 369 392 pro
389 354 477 391 parte
492 346 567 379 dicti
584 346 806 390 Theseietpro
817 351 962 390 tempore
980 346 1056 380 dicti

307 398 565 443 arcliiliospitalis
584 398 804 442 praeceptoris
823 403 876 431 aut
900 399 1053 439 aliorum,

307 453 338 486 in
352 452 535 497 praemissis
546 452 595 484 ius
606 457 636 485 et
647 451 799 485 interesse
813 452 1057 495 quomodolibet

306 506 495 538 habentium
515 506 563 537 vel
584 505 848 548 dependentium,
870 505 988 538 fuerint
1007 516 1055 538 re-

304 558 413 601 quisiti
427 585 434 599 ‚
457 557 644 591 solemniter
677 558 901 601 publicantes,
943 558 1054 602 illique

303 610 336 643 in
361 611 544 655 praemissis
564 609 702 644 efficacis
718 610 912 644 defensionis
932 611 1054 654 praesi-

304 664 357 696 (lio
377 665 572 705 assistentes,
595 664 714 697 faciant
733 664 925 698 auctoritate
944 670 1053 697 nostra

304 717 463 750 Theseum
483 722 514 750 et
536 728 594 761 pro
629 723 774 760 tempore
806 722 1051 761 praeceptorem

302 770 504 814 praedictum
524 776 554 804 et
573 770 652 803 alios
683 780 906 813 quoscumque
931 770 1050 802 confir-

303 824 453 864 matione,
464 824 699 869 approbatione
712 823 845 866 aliisque
853 822 1048 867 praemissis,

300 877 390 911 iuxta
410 877 628 922 praesentium
654 876 883 910 continentiam
904 881 933 909 et
958 881 1050 909 teno-

300 942 382 969 rem,
404 930 538 975 pacifice
560 930 621 963 frui
648 936 678 964 et
698 930 852 973 gaudere,
886 939 951 963 non
976 939 1049 972 per-

299 985 462 1018 mittentes
481 984 554 1017 illos
573 984 714 1027 desuper
734 994 792 1027 per
823 993 1049 1026 quoscumque

298 1038 540 1082 quomodolibet
560 1038 702 1071 indebite
722 1035 896 1076 molestari,
920 1041 1048 1079 pertur-

297 1091 367 1125 bari
379 1097 410 1125 et
421 1091 605 1134 inquietari.
621 1090 880 1124 Contradictores
889 1088 1050 1133 quolisbet

299 1153 328 1178 et
349 1145 486 1178 rebelles
495 1155 531 1177 ac
542 1143 724 1188 praemissis
739 1154 804 1176 non
818 1147 979 1186 parentes;
991 1152 1050 1185 per

298 1198 484 1238 sententias,
510 1207 663 1231 censuras
696 1201 727 1230 et
763 1206 883 1240 poenas
920 1195 1049 1238 aliaque

298 1257 482 1295 opportuna
505 1250 584 1283 iuris
603 1256 634 1283 et
653 1248 729 1282 facti
753 1248 911 1288 remedia,
941 1247 1049 1291 appel-

297 1304 416 1338 latione
432 1303 618 1348 postposita‚
638 1302 872 1346 compescendo
886 1313 893 1342 ;
906 1311 1046 1341 necnon,

296 1356 450 1401 legitimis
468 1367 566 1400 super
580 1355 630 1389 his
644 1354 800 1388 habendis
820 1354 950 1387 servatis
970 1363 1047 1398 pro-

298 1411 453 1452 cessibus,
489 1410 560 1443 illos
597 1409 773 1443 sententias
791 1419 799 1448 ;
828 1418 981 1441 censuras
1017 1412 1049 1440 et

297 1475 419 1508 poenas
455 1463 632 1497 incurrisse
672 1461 876 1502 declarando,
921 1470 1048 1494 necnon

298 1518 393 1552 etiam
406 1518 527 1551 iteratis
538 1516 661 1549 vicibus
675 1514 888 1559 aggravando,
901 1513 1047 1546 invocato

298 1571 394 1605 etiam
414 1571 453 1604 ad
463 1571 536 1611 hoc,
550 1569 664 1613 siopus
674 1568 782 1608 fuerit,
799 1565 1048 1600 auxiliobrachii

298 1624 485 1658 saecularis.

343 1677 414 1721 5‘7.
443 1677 511 1710 Non
538 1674 741 1708 obstantibus
764 1672 865 1706 felicis
901 1671 1049 1705 recorda-

298 1731 396 1764 tionis
415 1729 569 1764 Boniracii
594 1729 698 1771 Papae
723 1726 823 1759 octavi
857 1725 896 1758 de
916 1735 992 1765 una,
1019 1729 1049 1757 et

300 1784 429 1818 concilii
449 1782 609 1826 generalis
619 1781 658 1814 de
672 1780 797 1813 duabus
808 1778 932 1818 diaetis,
955 1777 1048 1810 dum-

299 1837 396 1871 modo
420 1836 492 1880 quis
511 1836 620 1878 vigore
640 1832 858 1877 praesentium
879 1832 963 1863 ultra
984 1836 1048 1863 tres

299 1891 420 1925 diaetas
439 1891 478 1923 ad
498 1888 656 1922 iudicium
671 1897 737 1920 non
749 1886 905 1925 trahatur,
924 1895 961 1917 ac
976 1884 1048 1927 piae

299 1943 475 1978 memoriae
508 1942 556 1975 Pii
600 1941 705 1984 Papae
734 1939 758 1971 V
777 1964 785 1978 ‚
823 1937 1033 1982 praedecesso

299 2008 371 2030 rum
406 2002 592 2030 nostrorum
605 2020 613 2034 ,
647 1990 851 2026 revocatione
888 1990 1047 2023 dictarum

299 2049 587 2093 indulgentiarum,
613 2057 688 2080 cum
699 2044 844 2078 clausula
864 2053 982 2075 mames
993 2042 1050 2075 ad-

300 2104 429 2136 iutrices
450 2100 702 2147 porriqentibus,
724 2108 817 2141 quas,
855 2096 986 2139 dempta
1013 2106 1049 2128 ea

301 2157 457 2196 clausula,
488 2166 548 2188 nec
572 2154 662 2194 alias,
683 2148 851 2193 suffragari
879 2149 1046 2188 volumus,

301 2209 333 2241 in
358 2208 671 2253 provincialibusque
696 2209 727 2237 et
743 2201 947 2247 synodalibus
971 2210 1048 2233 con-

302 2263 384 2295 ciliis
404 2262 507 2302 editis,
529 2259 734 2304 generalibus
762 2256 811 2289 vel
842 2254 1047 2298 specialibus,

302 2315 587 2349 constitutionibus
602 2308 911 2348 etordinationibus:
923 2317 1049 2340 necnon

302 2369 441 2402 aliorum
461 2367 682 2411 hospitalium,
700 2361 982 2400 monasteriorum,
1000 2369 1050 2392 ec-

303 2422 485 2461 clesiarum,
506 2421 601 2453 etiam
621 2416 853 2452 cathedralium
867 2413 916 2447 vel
930 2418 1049 2446 metro-

302 2474 531 2519 politanarum,
568 2478 632 2506 tam
665 2467 915 2504 Mendicantium
953 2475 1049 2508 quam

303 2534 369 2557 non
389 2521 638 2556 Mendicantium
665 2518 835 2557 Ordinum,
875 2514 1050 2548 confrater-

303 2572 441 2606 nitatum
457 2569 805 2616 piorumquelocorum
816 2572 1051 2617 quorumcum-

305 2632 368 2662 que
389 2619 512 2654 statutis
524 2624 554 2653 et
567 2615 866 2655 consuetudinibus,
887 2617 983 2646 etiam
998 2621 1050 2644 lu-

904 240 1083 267 BULLARIUM
1102 240 1253 265 nonanta(

1098 298 1255 333 ramento,
1267 292 1511 327 confirmatione
1520 293 1697 338 apostolica
1707 293 1756 327 vel
1763 304 1844 339 qua·

1098 346 1142 379 vis
1166 346 1316 379 firmitate
1337 346 1400 379 alia
1417 346 1586 387 roboratis,
1604 348 1841 391 stabilimentis‚

1097 399 1207 432 usibus
1228 406 1258 432 et
1278 399 1417 439 naturis;
1444 399 1617 443 privilegiis
1636 411 1779 444 quoque,
1797 401 1844 434 in-

1096 452 1194 484 dultis
1225 458 1255 485 et
1293 452 1408 485 litteris
1432 453 1623 496 apostolicis·
1653 453 1774 486 eisdem
1793 455 1843 487 vel

1095 505 1191 537 alicui
1218 515 1343 545 eorum,
1365 504 1424 538 sub
1445 505 1705 549 quibuscumque
1724 506 1843 540 tenori-

1095 558 1154 590 bus
1174 564 1204 591 et
1223 558 1348 598 formis,
1369 568 1406 591 ac
1420 568 1492 591 cum
1511 558 1677 602 quibusvis
1689 559 1843 593 clausulis

1094 617 1124 643 et
1143 611 1293 651 decretis,
1316 611 1409 645 etiam
1429 615 1518 644 motu
1538 612 1671 656 proprio
1691 623 1727 645 ac
1747 623 1783 645 ex
1799 612 1843 645 si-

1093 664 1161 696 mili
1186 665 1319 697 scientia
1339 669 1370 697 et
1393 665 1432 698 de
1451 665 1646 708 apostolicae
1677 665 1842 709 potestatis

1092 716 1301 760 plenitudine,
1321 717 1416 750 etiam
1441 718 1548 751 forsan
1564 717 1839 760 consistorialiter,

1091 770 1261 811 concessis,
1275 771 1473 804 confirmatis
1480 777 1511 804 et
1524 770 1680 804 innovatis
1692 782 1700 812 ;
1721 771 1841 815 quibus

1090 822 1254 864 omnibus,
1280 824 1377 857 etiam
1398 824 1476 857 side
1496 823 1559 857 illis
1578 825 1840 868 eorumquetotis

1090 876 1256 911 tenoribus
1275 877 1436 921 specialis,
1476 877 1639 921 specifica,
1674 877 1839 912 individua

1089 934 1120 962 et
1139 939 1288 973 expressa
1311 941 1348 963 ac
1371 930 1410 964 de
1434 930 1532 964 verbo
1552 931 1592 963 ad
1607 930 1755 970 verbum,
1772 941 1838 964 non

1088 988 1194 1016 autem
1220 994 1278 1027 per
1297 984 1457 1017 clausulas
1477 984 1643 1027 generales
1670 983 1756 1017 idem
1774 984 1837 1017 im-

1088 1042 1266 1080 ponantes,
1278 1037 1400 1071 mentio
1411 1048 1467 1071 seu
1479 1038 1610 1081 quaevis
1630 1037 1692 1070 alia
1710 1048 1838 1081 expres-

1087 1089 1134 1122 sio
1155 1089 1315 1131 habenda,
1350 1096 1407 1123 aut
1447 1090 1556 1134 aliqua
1593 1089 1655 1123 alia
1678 1089 1837 1134 exquisita

1088 1141 1191 1175 forma
1210 1142 1249 1175 ad
1268 1142 1331 1176 hoc
1349 1143 1505 1176 servanda
1536 1143 1632 1181 soret,
1654 1153 1767 1176 eorum
1789 1148 1836 1176 te·

1088 1205 1183 1228 nores
1192 1195 1414 1239 praesentibus
1422 1206 1482 1239 pro
1496 1195 1651 1240 expressis
1666 1195 1834 1235 habentes,

1087 1247 1150 1280 illis
1168 1249 1246 1282 alias
1266 1248 1300 1281 in
1316 1259 1375 1282 suo
1394 1249 1512 1282 robore
1523 1248 1755 1293 permansuris,
1774 1249 1836 1282 hac

1087 1301 1154 1334 vice
1173 1301 1545 1346 dumtaxat,specialiter
1559 1306 1591 1334 et
1610 1312 1759 1345 expresse
1777 1301 1835 1334 de-

1086 1364 1250 1398 rogamus,
1289 1355 1468 1399 ceterisque
1505 1354 1676 1388 contrariis
1699 1354 1834 1398 quibus-

1087 1417 1244 1451 cumque;
1270 1412 1327 1441 aut
1360 1407 1387 1441 si
1417 1406 1592 1452 aliquibus,
1618 1406 1836 1441 communiter

1086 1460 1135 1493 vel
1151 1460 1289 1500 divisim,
1307 1459 1346 1493 ab
1362 1460 1545 1504 Apostolica
1564 1460 1605 1493 sit
1622 1459 1704 1493 Sede
1723 1458 1834 1492 indul-

1087 1518 1154 1546 tum
1174 1513 1262 1556 quod
1285 1512 1444 1551 interdici,
1464 1512 1616 1557 suspendi
1635 1513 1685 1546 vel
1704 1522 1834 1546 excom-

1087 1565 1245 1599 municari
1267 1576 1332 1600 non
1347 1566 1470 1610 possint
1487 1575 1546 1610 per
1559 1565 1681 1599 litteras
1704 1569 1834 1610 aposto-

1086 1619 1163 1653 licas
1173 1630 1239 1653 non
1250 1619 1403 1653 facientes
1414 1619 1544 1664 plenam
1560 1623 1591 1652 et
1602 1629 1784 1662 expressam
1796 1629 1835 1652 ac

1087 1673 1125 1706 de
1137 1673 1234 1706 verbo
1249 1673 1289 1706 ad
1305 1672 1437 1706 verbum
1450 1672 1490 1706 de
1507 1671 1633 1706 indulto
1647 1671 1834 1706 huiusmodi

1087 1726 1295 1760 mentionem.

1130 1780 1145 1823 ἓ
1170 1779 1201 1813 8.
1234 1778 1394 1820 Ceterum,
1420 1778 1497 1823 quia
1515 1778 1645 1812 difficile
1667 1760 1750 1812 foret
1772 1782 1830 1812 etc.
1844 1783 1978 1838 “³2:35-

1129 1833 1243 1866 Datum
1264 1833 1384 1866 Romae
1407 1832 1494 1876 apud
1513 1832 1667 1865 Sanctum
1686 1831 1831 1873 Petrum,

1087 1887 1146 1919 sub
1186 1887 1307 1919 annulo
1340 1885 1528 1926 piscatoris,
1564 1885 1617 1918 die.
1653 1895 1692 1919 xv
1728 1884 1834 1918 martii

1086 1949 1247 1979 nanxvn,
1268 1939 1472 1983 pontificatus
1494 1938 1596 1973 nostri
1619 1948 1705 1971 anno
1727 1948 1758 1972 v.

1124 1993 1187 2023 Dat.
1207 1993 1254 2023 die
1272 1993 1306 2022 15
1323 1992 1423 2023 martii
1440 1992 1528 2030 1577,
1543 1991 1655 2031 pontis.
1671 2000 1749 2022 anno
1764 1999 1795 2022 v.

1393 2108 1520 2142 LXVIII.

1089 2177 1251 2211 Parocln'a
1277 2175 1393 2209 Sancti
1417 2175 1598 2208 Salvatoris
1629 2174 1672 2207 ad
1705 2174 1834 2207 Turrim

1131 2227 1275 2259 Militum
1285 2225 1322 2258 de
1336 2224 1415 2257 Urbe
1431 2224 1546 2257 unitur
1567 2223 1730 2266 parochiae
1749 2222 1833 2256 San-

1132 2276 1176 2308 cli
1196 2274 1320 2315 Quirici
1340 2272 1366 2305 1.

1128 2346 1274 2382 Gregorius
1292 2345 1434 2381 episcopus
1454 2350 1550 2372 servus
1567 2349 1708 2372 servorum
1730 2341 1793 2375 noi.

1232 2397 1266 2423 ad
1278 2394 1441 2430 perpetuam
1459 2392 1501 2421 tei
1518 2391 1689 2421 memoriam.

1133 2456 1173 2489 Ex
1199 2456 1343 2489 iniuncto
1366 2454 1458 2488 nobis
1475 2454 1616 2497 desuper
1638 2449 1832 2496 apostolicae

1089 2509 1248 2542 servitutis
1267 2508 1386 2548 officio,
1411 2506 1452 2540 ad
1480 2516 1518 2539 ea
1536 2505 1674 2539 libenter
1691 2502 1849 2555 intendi--

1126 2574 1135 2599 1
1155 2572 1197 2599 Ex
1215 2571 1278 2600 Bu‘il
1315 2569 1426 2599 Ordinis
1448 2568 1528 2598 fratr.
1545 2565 1673 2597 Praedia.
1693 2568 1761 2594 tom.
1780 2570 1832 2599 vu,

1090 2625 1151 2652 pag.
1175 2617 1230 2645 19¹.

1988 486 2022 1454 *ew-*12⁴Wuumufflwm4mw2v
1998 450 2006 457 ›

2003 2080 2026 2154 ἤια-4
2007 2035 2030 2074 ὡς
2010 1980 2026 2030 ⁶³2»
1978 1605 2029 1976 ,κά-Μῆέι-ηκμχμῡωι
2008 1494 2029 1598 ,ιτς-κων
