2059 3228
124 258 174 288 An.
189 259 219 288 G.
237 259 306 289 ¹586

146 1537 277 1558 rrooemium.

364 250 428 284 794

319 321 360 355 cti
379 319 507 355 Ioannis
525 313 766 360 Lateranensis,
793 323 825 353 et
850 320 951 354 sancti
979 320 1065 354 Petri

320 374 473 418 principis
507 373 729 418 apostolorum
749 372 788 407 de
808 372 906 415 Urbe,
928 384 966 407 ac
985 373 1065 407 Can-

319 428 467 461 cellariae
490 427 710 472 Apostolicae,
739 438 798 472 per
820 437 880 461 nos
912 428 1064 461 Ioannem

320 481 515 522 Burlurault,
543 487 574 514 et
593 480 760 514 Octavium
780 481 972 524 Tagliettum
993 491 1065 514 sau-

318 533 448 567 ctissimi
472 533 508 567 D.
539 534 576 567 N.
610 534 715 578 Papae
748 544 908 575 cursores,
936 543 1065 568 necnon

319 587 350 619 in
370 587 440 621 acie
464 587 577 632 Campi
602 588 728 628 Florae,
754 598 814 633 per
833 588 962 622 eosdem
988 599 1064 622 cur-

317 651 417 675 sores.

492 695 580 729 Alex.
598 694 804 737 Parabiacus,
824 705 909 739 mag.
932 705 1019 729 curs.

375 770 439 802 Dat.
456 770 504 801 die
517 771 557 802 30
574 776 632 802 oct.
649 771 738 810 1586,
756 772 861 812 pontis.
882 781 960 803 anno
974 781 1007 803 11.

316 999 507 1033 Invisdictio
527 1000 645 1033 iudicis
669 1011 842 1034 causarum
871 1000 1066 1044 beneficialis

360 1053 575 1096 confidentiae
604 1058 634 1087 et
664 1054 825 1087 simoniae
854 1058 884 1087 et
916 1064 990 1087 cum
1021 1055 1066 1087 eis

360 1107 599 1140 comzeoet'tatem
627 1107 829 1148 habentium,
857 1108 895 1140 in
917 1108 1066 1141 Romana

362 1160 463 1194 Curia
483 1161 723 1201 movendarum,
739 1165 862 1206 autper
876 1162 1066 1205 appellatio-

360 1224 434 1247 nem
458 1225 479 1247 a
503 1214 664 1248 iudicibus
688 1219 783 1248 extra
801 1215 893 1248 curia
916 1215 1066 1248 introdu-

361 1268 536 1301 cendarum
553 1267 580 1300 1.

388 1348 482 1378 Sixtus
491 1347 649 1384 episcopus.
673 1354 767 1377 servus
784 1354 926 1377 servorum
943 1348 1000 1382 Dei.

459 1402 494 1430 ad
511 1403 673 1438 perpetuam
692 1402 733 1431 rei
755 1402 925 1431 memoriam.

360 1478 471 1511 Divina
500 1478 556 1512 Dei
584 1478 797 1522 providentia,
827 1489 912 1523 quae
937 1484 1068 1512 cuncto-

309 1541 391 1565 -rum
411 1531 559 1565 fidelium
579 1537 707 1565 coetum
730 1543 789 1575 per
816 1532 940 1566 diversa
968 1532 1069 1565 tribu-

278 1591 283 1597 ·
316 1585 403 1618 nalia
413 1585 524 1618 statuit
542 1585 575 1618 in
592 1585 785 1619 rectitudine
804 1586 1066 1629 gubernandum,

317 1639 351 1672 in
376 1649 516 1683 superno
533 1639 671 1672 iustitiae
691 1640 822 1680 throno,
849 1639 972 1672 meritis
995 1639 1067 1672 licet

318 1692 497 1737 imparibus
517 1693 694 1732 constituti,
716 1704 803 1726 nunc
827 1693 860 1726 in
880 1693 1069 1726 muneribus

319 1752 349 1779 et
371 1745 486 1779 officiis
497 1746 536 1779 ad
555 1746 657 1791 ipsius
674 1747 814 1780 iustitiae
835 1747 958 1780 cultum
978 1746 1069 1779 insti-

319 1800 458 1839 tuendis,
479 1811 566 1833 nunc
586 1811 645 1844 pro
666 1801 813 1843 personis
832 1800 956 1833 idoneis
967 1801 1005 1832 ad
1015 1800 1070 1832 illa

318 1853 520 1886 assumendis
546 1858 576 1886 et
603 1853 770 1896 condignis
791 1853 892 1886 titulis
912 1853 1069 1886 decoran-

319 1907 380 1947 dis,
394 1907 498 1940 aciem
509 1912 637 1940 nostrae
650 1907 766 1939 mentis
785 1906 898 1940 sedulo
914 1906 1071 1940 converti-

321 1971 403 2001 mus,
429 1967 459 1994 et
484 1971 567 2004 quae
594 1961 632 1993 ad
653 1960 836 1993 officiorum
862 1966 891 1993 et
916 1971 1070 2004 persona-

321 2024 392 2046 rum
415 2014 601 2046 huiusmodi
626 2013 849 2047 stabiliendam
873 2013 1066 2046 iurisdictio·

322 2077 394 2099 uem
413 2068 643 2111 salubremque
667 2067 880 2100 directionem
906 2067 1067 2109 pertinere

320 2128 510 2161 noscuntur,
533 2132 573 2154 ne
591 2127 724 2165 propter
743 2121 846 2153 varios
867 2121 1068 2153 diversorum

321 2173 464 2207 iudicum
486 2181 517 2208 et
539 2174 751 2208 tribunalium
768 2184 958 2213 concursus,
978 2179 1070 2206 etva—

321 2226 384 2259 rias
406 2228 602 2270 procedendi
632 2228 752 2260 formas
772 2227 911 2270 desuper
931 2226 1070 2259 dubitari

322 2280 497 2323 contingat,
521 2292 558 2313 ex
578 2281 747 2325 pastoralis
776 2279 877 2313 nostri
897 2280 994 2313 officii
1016 2280 1071 2312 de-

321 2331 386 2365 bito
405 2334 643 2375 constituimus,
659 2345 695 2367 ac
717 2333 748 2366 in
768 2334 819 2366 his
838 2333 982 2366 eiusdem
1002 2333 1071 2365 offi-

360 2402 369 2426 1
392 2399 431 2426 De
447 2400 610 2427 huiusmodi
625 2399 751 2427 materiis
777 2399 888 2426 attende
911 2403 1002 2425 const.
1032 2404 1070 2431 ix,

323 2443 391 2471 Cum
405 2445 567 2477 ‹let‹¹s!abile,
585 2445 703 2479 Eugenii
718 2444 750 2472 lt*
770 2445 804 2471 dc
826 2444 931 2471 Simon.
948 2447 1018 2470 tom.
1044 2449 1070 2475 v,

323 2494 387 2522 pag.
416 2489 465 2521 16,
500 2493 589 2516 const.
617 2495 664 2516 cu.
684 2488 721 2515 Pii
745 2488 789 2517 IV.
813 2488 975 2519 Ῑίοηιιιηιιηι,
1003 2490 1069 2513 torn.

324 2537 373 2563 vu,
390 2539 452 2567 pag,
474 2533 524 2560 305
545 2537 629 2567 atquc
647 2532 687 2560 Pii
705 2532 724 2557 V
743 2536 836 2559 const.
852 2538 947 2564 cxxv,
964 2531 1072 2557 Iutolle—

326 2575 430 2609 rabilis,
453 2580 518 2603 tom.
537 2584 584 2609 vu,
601 2584 664 2611 pag.
682 2577 730 2603 75¹2
756 2584 820 2602 cum
838 2575 874 2601 ibi
899 2575 1011 2603 notatis.
1024 2574 1071 2602 ubi

324 2620 539 2647 constitutiones
554 2621 693 2647 dictorum
710 2620 749 2647 Pii
766 2620 796 2647 lv
817 2624 844 2647 et
872 2619 912 2647 Pii
934 2619 953 2645 V
974 2622 1073 2647 exten-

323 2663 430 2692 duntur
445 2665 477 2691 ad
490 2672 609 2700 reguum
626 2664 738 2693 Galliac.

912 254 1091 281 nntmutt'u
1112 253 1262 279 ROMANUM

1875 255 1927 283 Ᾱῐὶ.
1939 255 1968 284 C.
1984 241 2032 289 s&

1107 317 1148 351 cii
1168 317 1271 351 nostri
1286 321 1394 361 partes
1404 316 1622 351 favorabiliter
1636 317 1854 362 impartimur,
2000 307 2019 313 A*

1106 375 1213 414 prout,
1236 381 1347 404 rerum
1363 376 1394 405 et
1413 381 1584 404 causarum
1609 370 1856 404 circumstantiis

1106 424 1211 457 debite
1231 422 1391 468 pensatis,
1420 423 1637 467 conspicimus
1657 423 1690 456 in
1719 424 1853 457 Domino

1106 476 1279 510 salubriter
1299 477 1461 521 expedire.

1149 531 1164 574 ἓ
1190 530 1221 563 ‘l.
1248 530 1328 564 Cum
1349 530 1459 573 itaque
1476 528 1554 563 alias
1575 529 1677 562 felicis
1702 530 1853 563 recorda·
1906 537 1955 560 rius
1969 537 1987 559 v

1867 577 1937 592 81111111

1106 582 1202 617 tionis
1220 583 1295 617 Pius
1319 585 1404 628 Papa
1423 584 1458 625 V,
1481 583 1710 627 praedecessor
1734 588 1853 624 noster,
1868 602 1990 624 eeu-tanum
2006 594 2024 628 :j

1106 637 1253 670 omnium
1281 647 1454 671 causarum
1486 636 1765 670 confidentialium
1796 647 1855 680 pro
1868 631 2035 697 ssgfflfflng

1105 696 1252 735 tempore
1272 690 1505 724 movendarum
1525 689 1744 733 cognitionem
1761 695 1793 723 et
1803 689 1857 723 de-
1868 695 1999 746 μεψιοιᾱω

1107 744 1273 786 cisionem‚
1300 755 1337 778 ac
1362 744 1546 777 litterarum
1566 743 1818 787 apostolicarum
1838 728 1982 778 aiikriffinu
2000 750 2003 751 ’

1106 798 1178 843 piae
1196 798 1372 832 memoriae
1387 797 1442 830 Pio
1457 797 1545 841 Papa
1558 796 1596 830 lV
1611 796 1638 837 1,
1659 796 1755 830 etiam
1774 807 1856 840 prae·
1870 792 1978 819 ‘⁰¹¹”e'1

1107 852 1276 886 decessore
1291 857 1416 891 nostro,
1438 861 1537 895 super
1555 849 1742 883 huiusmodi
1758 849 1857 883 confi—

1107 904 1225 938 dentiis
1241 911 1476 944 emanatarum,
1497 903 1721 937 executionem
1746 903 1806 936 sihi
1826 908 1858 936 et.

1107 959 1349 992 successoribus
1373 958 1441 992 suis
1466 957 1697 997 reservaverim
1719 962 1749 990 et
1768 961 1856 1000 post-

1108 1013 1254 1054 modum,
1276 1013 1317 1045 oh
1336 1012 1440 1045 varias
1460 1017 1491 1044 et
1510 1010 1683 1044 continuas
1698 1020 1758 1054 pro
1777 1015 1857 1044 tem-

1107 1077 1186 1109 pore
1206 1065 1410 1099 existentium
1423 1065 1644 1098 Romanorum
1664 1063 1857 1097 Pontificum

1108 1115 1140 1147 in
1160 1114 1354 1158 gravissimis
1374 1120 1405 1147 et
1424 1113 1623 1147 arduissimis
1643 1112 1741 1146 totius
1749 1113 1858 1157 reipu-

1108 1164 1213 1197 blicae
1233 1164 1430 1198 christianae
1449 1162 1593 1206 negociis
1613 1161 1856 1206 occupationes,

1109 1223 1225 1247 causae
1258 1213 1347 1257 ipsae
1366 1213 1399 1246 in
1420 1209 1566 1246 Romana
1585 1211 1681 1245 Curia
1699 1221 1759 1256 pro
1777 1216 1857 1245 tem-

1109 1273 1187 1306 pore
1207 1268 1313 1295 motae
1333 1268 1365 1295 et
1380 1262 1594 1302 introductae,
1616 1271 1675 1305 per
1684 1259 1858 1305 particula-

1110 1321 1177 1344 rem
1205 1311 1360 1351 iudicem,
1392 1322 1428 1344 ex
1448 1309 1647 1353 delegatione
1667 1308 1854 1353 apostolica,

1110 1360 1227 1400 audiri,
1254 1360 1360 1393 decidi
1388 1365 1419 1393 et
1439 1358 1588 1403 cognosci
1613 1357 1855 1396 consueverint;

1110 1409 1179 1452 ipse
1211 1415 1317 1442 autem
1343 1408 1440 1442 iudex
1472 1408 1592 1441 nedum
1619 1407 1688 1440 solo
1721 1406 1857 1440 Romani

1109 1458 1275 1492 Pontificis
1293 1464 1375 1491 nutu
1395 1457 1584 1497 amovibilis,
1610 1456 1666 1489 sed
1685 1456 1782 1489 etiam
1799 1455 1859 1488 sibi

1111 1511 1223 1539 contra
1244 1506 1426 1540 ordinarios
1449 1506 1620 1539 collatores
1642 1505 1811 1549 episcopos
1829 1509 1861 1537 et

1110 1555 1190 1589 alios
1210 1556 1394 1600 superiores
1417 1556 1577 1600 praelatos
1605 1554 1666 1587 hac
1696 1553 1861 1587 confiden-

1111 1605 1178 1639 tiali
1194 1605 1265 1639 labe
1284 1606 1478 1650 plerumque
1495 1604 1641 1643 infectos,
1663 1602 1861 1647 procedendi

1112 1653 1246 1688 facultas
1270 1654 1439 1698 praeclusa
1469 1653 1602 1693 existat3
1631 1651 1687 1695 qui
1712 1651 1808 1685 etiam
1827 1651 1860 1684 in

1110 1703 1298 1737 huiusmodi
1318 1713 1488 1736 causarum
1501 1701 1730 1746 prosecutione
1741 1705 1777 1733 nt
1790 1700 1862 1744 plu·

1112 1752 1232 1784 rimum
1260 1752 1451 1795 delegantur
1483 1751 1626 1783 diversae
1665 1748 1860 1781 simoniacae

1112 1802 1283 1844 pravitates
1302 1806 1332 1834 et
1349 1801 1430 1834 aliae
1441 1800 1570 1833 illicitae
1585 1798 1762 1843 pactiones,
1776 1808 1860 1842 quae

1112 1850 1187 1884 licet
1203 1861 1240 1883 ex
1259 1850 1327 1883 istis
1347 1849 1551 1883 confidentiis
1575 1847 1732 1880 resultent
1752 1857 1809 1880 seu
1823 1847 1861 1879 il-

1112 1900 1150 1933 lis
1182 1900 1298 1933 mixtae
1329 1905 1360 1932 et
1391 1898 1584 1932 coniunctae
1614 1896 1689 1936 sint,
1710 1901 1819 1929 tamen
1842 1905 1861 1929 a

1112 1948 1279 1982 nonnullis
1302 1947 1525 1991 praetenditur
1551 1956 1604 1979 eas
1623 1945 1683 1978 sub
1702 1944 1862 1978 facultati-

1112 1997 1172 2029 bus
1183 1997 1327 2041 praesato
1337 1995 1436 2029 iudici
1455 1994 1615 2028 concessis
1626 1993 1760 2026 minime
1773 2003 1862 2026 com-

1113 2045 1279 2089 prehendi,
1296 2045 1402 2078 necin
1417 2043 1529 2076 illisab
1541 2043 1627 2086 ipso,
1646 2043 1714 2075 sine
1729 2041 1861 2085 speciali
1876 2080 1879 2083 ¹

1112 2094 1204 2128 Sedis
1214 2094 1415 2138 Apostolicae
1429 2092 1596 2136 rescripto,
1610 2101 1703 2136 posse
1715 2091 1859 2135 procedi.

1114 2144 1202 2177 Unde
1227 2144 1262 2176 fit
1295 2148 1330 2175 ut
1362 2142 1458 2175 modo
1483 2141 1584 2185 ipsius
1617 2139 1731 2173 iudicis
1754 2145 1862 2173 muta-

1113 2193 1212 2233 tione,
1235 2203 1317 2236 quae
1334 2191 1496 2225 interdum
1518 2189 1686 2233 contingit,
1709 2199 1799 2223 nunc
1818 2189 1864 2222 sa-

1113 2241 1269 2274 cultatum
1290 2250 1422 2274 suarum
1446 2239 1607 2280 angustia,
1626 2249 1662 2272 ac
1685 2237 1780 2272 etiam
1810 2237 1864 2272 de-

1113 2289 1330 2334 linquentium
1360 2287 1616 2322 cavillationibus
1643 2291 1674 2320 et
1699 2286 1862 2320 subterfu-

1113 2339 1189 2381 giis,
1223 2337 1366 2371 eiusdem
1392 2337 1507 2370 iudicis
1537 2336 1711 2370 auctoritas
1735 2335 1862 2380 saepius

1114 2388 1280 2427 illudatur,
1304 2398 1339 2419 ac
1360 2397 1409 2426 ea,
1431 2397 1514 2429 qnae
1530 2386 1569 2418 ad
1587 2384 1786 2429 purgandam
1802 2385 1863 2418 hac

1115 2436 1306 2479 contagione
1326 2435 1380 2468 Dei
1413 2434 1590 2468 Ecclesiam
1614 2443 1632 2466 a
1656 2432 1748 2466 dictis
1771 2443 1863 2476 prae-

1115 2485 1336 2518 decessoribus
1360 2483 1595 2528 sapientissime
1623 2487 1698 2515 sunt
1730 2482 1861 2521 sancita,

1115 2539 1150 2566 ut
1175 2533 1353 2577 plurimum
1381 2532 1489 2565 debito
1517 2531 1633 2564 effectu
1659 2535 1800 2570 careant,
1827 2529 1859 2562 in

2000 460 2021 483 A

2007 495 2020 522 ί

1965 724 2032 1044 ‚mamm

1992 2110 2015 2203 «³:2⁴ss
1988 1947 2022 2098 gqst'wff‘
1990 1724 2023 1943 '‘qm-2020:-
1997 1576 2022 1710 ξολ-«ἐ,
1997 1542 2003 1557 ’·
1996 1504 2002 1509 ··

2003 2516 2010 2526 r
1998 2477 2012 2485 v
1996 2323 2018 2463 ηψιςιμι,
2009 2302 2015 2309 ,
1999 2230 2016 2291 ⁷⁴7-

1152 2619 1161 2644 ¹
1181 2618 1222 2646 Pii
1243 2618 1275 2645 tv
1289 2622 1316 2646 et
1331 2617 1371 2646 Pii
1385 2617 1405 2644 V
1420 2615 1709 2646 constitutionessum
1722 2613 1861 2643 indicatae

1089 2662 1093 2678 ¹
1113 2663 1142 2691 in
1157 2667 1224 2690 nota
1244 2663 1278 2690 ad
1293 2661 1445 2690 rubi-leam.
