2059 3228
74 266 124 292 An.
142 264 172 291 C.
191 264 259 292 ¹572

101 385 216 406 Coiieessto
227 384 258 405 ta-

72 418 157 437 cuuau·
203 417 256 436 :He-

72 449 134 468 namet
146 448 200 468 bona
215 448 258 468 Or-

72 480 140 502 ffim&
162 480 257 499 mmth

71 511 142 530 centia
165 511 199 530 vel
223 516 258 536 np-

71 540 259 568 probauonepno-

72 573 100 592 ῆι
170 578 257 598 genera-

71 602 114 625 lis.
145 607 165 623 et.
198 604 256 624 dum-

70 635 131 654 modu
167 635 200 655 fini
235 634 255 654 iu

71 666 188 688 lvidentem
213 667 256 685 uti—

70 697 255 718 euuemdoeuOn

71 728 124 748 diuis

315 265 359 298 ‘lli
844 276 1018 300 arinen-w

317 326 331 369 ἓ
351 326 381 359 ⁶2.
409 326 483 367 Nos,
507 327 605 360 felicis
626 326 856 360 recordationis
882 328 957 360 Sixti
984 328 1017 359 lV

273 383 302 411 et
328 380 440 413 Leonis
459 380 483 412 X
497 391 533 413 ac
548 380 686 413 aliorum
711 380 927 414 Romanorum
941 382 1018 414 Pon-

272 432 394 465 tilicum
415 434 700 476 praedecessorum
720 440 903 467 nostrorum
929 435 1018 467 vesti-

271 485 330 527 giis
355 486 522 519 inhaerere
546 486 699 526 volentes,
726 487 875 531 ipsosque
906 488 1017 520 fratres

271 538 426 571 Ercmitas
444 545 474 572 et
494 549 605 571 eorum
622 540 795 583 quemlibet
820 552 836 573 a
852 540 1017 584 ‹pribusris

271 592 624 633 excommunicationis,
641 594 859 637 suspensionis
873 600 903 625 et
918 594 1016 626 inter-

271 644 344 677 dicti
358 644 492 688 aliisque
512 646 736 679 ecclesiasticis
756 647 930 686 sententiis
944 657 1017 679 cen·

269 697 352 730 suris
368 704 397 731 et
412 699 533 742 poenis,
550 711 566 733 a
588 700 656 733 iure
672 701 718 733 vel
732 702 771 733 ab
782 700 923 739 homine,
939 711 1015 744 qua-

268 750 312 782 vis
328 751 495 786 occasione
504 754 552 786 vel
566 764 671 793 causa,
683 753 763 791 latis,
773 753 797 785 si
808 753 923 796 quibus
934 763 1014 796 quo-

268 804 443 838 modolibet
460 805 601 839 iunodati
627 807 776 845 existunt,
807 807 845 838 ad
866 806 1013 839 effectum

267 858 484 899 praesentium
523 860 686 892 dumtaxat
724 859 1011 902 consequemlum,

267 909 382 943 harum
407 912 489 946 serie
512 913 710 946 absolventes
725 918 752 946 et
775 913 936 945 absolutos
947 913 1013 945 fore

267 969 433 998 censentes
450 993 457 1006 ,
497 966 682 1000 huiusmodi
726 965 1014 1010 supplicatiouil‘ius

267 1015 423 1059 inclinati,
447 1019 565 1053 eisdem
578 1020 730 1052 fratribus
750 1019 907 1056 Eremitis,
928 1024 961 1051 ut
978 1030 1013 1051 ex

266 1079 353 1104 nunc
373 1071 411 1105 de
438 1079 545 1106 cetero
566 1074 730 1118 perpetuis
750 1073 866 1105 futuris
892 1079 1014 1116 tempo-

264 1122 355 1157 ribus
379 1125 491 1159 fratres
516 1132 546 1160 et
570 1126 724 1160 moniales
749 1126 822 1159 dieti
844 1126 941 1159 totius
955 1126 1012 1159 Or-

265 1176 347 1210 dinis
367 1178 581 1213 Eremitarum
605 1180 711 1213 Sancti
739 1179 919 1222 Augustini,
944 1190 1013 1213 om-

265 1229 355 1264 nium
376 1238 407 1265 et
426 1244 708 1277 quorumcumque
728 1234 1010 1273 monasteriorum,

265 1283 436 1319 domorum
461 1293 492 1320 et
522 1287 668 1321 locorum
705 1287 847 1321 eiusdem
874 1287 1010 1327 Ordinis,

265 1337 401 1371 ubilibet
420 1350 507 1373 nunc
533 1346 564 1374 et
585 1352 642 1384 pro
668 1347 811 1385 tempore
837 1340 1012 1374 consisten-

267 1390 358 1432 tium,
381 1392 481 1427 libere
511 1399 542 1427 et
565 1395 651 1428 licite
684 1395 805 1439 possint
829 1399 859 1427 et
889 1395 1013 1428 valeant.

266 1454 493 1490 quaecumque
523 1447 607 1481 bona
637 1448 761 1481 stabilia
786 1453 816 1481 et
836 1448 1012 1482 immobilia

266 1508 322 1531 seu
332 1500 422 1542 quasi
439 1501 574 1541 stabilia,
588 1502 822 1546 cuiuscumque
839 1502 1010 1545 qualitatis,

266 1552 453 1594 quantitatis
484 1559 514 1587 et
534 1555 649 1588 valoris
684 1561 714 1589 et
746 1556 777 1588 in
807 1566 1013 1600 quocumque

265 1604 337 1638 ioco
349 1605 523 1647 existentia,
531 1609 719 1642 eorumdem
730 1610 1011 1649 monasteriorum,

266 1657 438 1692 domorum
460 1666 491 1694 et
514 1661 660 1695 locorum
686 1663 822 1696 vendere
839 1689 846 1703 ‚
873 1664 1013 1697 alienare

266 1717 297 1744 et
317 1718 518 1755 permutare,
545 1720 575 1748 et
599 1715 693 1749 etiam
719 1716 750 1748 in
780 1717 1012 1761 emphyteusin]

266 1776 323 1799 seu
343 1766 383 1799 ad
402 1766 556 1809 livellum,
570 1768 664 1802 etiam
680 1770 717 1802 ad
731 1770 861 1813 longum
877 1776 1013 1815 tempus,

268 1819 457 1861 concedere,
480 1826 510 1854 et
535 1832 593 1865 pro
615 1822 735 1865 precio,
757 1824 876 1863 assictu,
900 1825 1011 1867 pactis,

267 1871 370 1906 modis
390 1879 421 1906 et
444 1874 555 1908 formis
580 1875 655 1909 hinc
681 1876 753 1909 inde
775 1877 1011 1918 conveniendis,

267 1925 429 1959 licentiam
450 1933 481 1960 et
499 1927 681 1962 facultatem
708 1930 881 1973 apostolica
901 1937 1013 1964 aucto-

266 1980 371 2021 ritate,
398 1986 510 2015 tenore
533 1983 762 2026 praesentium,
792 1985 1011 2019 concedimus.

266 2032 395 2067 Proviso
416 2039 523 2068 tamen
544 2036 630 2079 quod
650 2036 727 2069 fiant
748 2047 806 2080 pro
836 2039 1014 2072 commodi-

267 2092 330 2120 tate
350 2087 400 2120 vel
414 2088 551 2121 utilitate
567 2089 711 2133 ipsorum
728 2091 1012 2132 monasteriorum,

268 2140 440 2174 domorum
465 2147 495 2175 et
523 2142 687 2183 locorum,
714 2148 744 2176 et
769 2144 855 2187 quod
885 2156 1016 2178 consen-

269 2204 322 2226 sus
347 2194 484 2228 duarum
509 2196 648 2239 partium
680 2207 717 2229 ex
747 2197 851 2230 tribus
874 2199 1016 2241 partibus

270 2247 405 2280 fratrum
430 2249 477 2281 vel
503 2249 692 2283 monialium
711 2249 798 2283 illius
818 2252 1013 2292 monasterii,

271 2300 388 2334 domus
407 2303 455 2335 vel
473 2303 550 2343 loci,
577 2303 669 2337 cuius
688 2304 773 2337 dicta
801 2304 883 2337 bona
908 2312 1014 2347 erunt,

270 2354 402 2388 accedat
417 2360 447 2388 et
460 2356 662 2397 interveniat;
675 2363 704 2391 et
721 2358 825 2401 quoad
839 2360 1018 2393 concessio-

271 2418 345 2441 nem
366 2408 398 2441 in
419 2410 663 2454 emphyteusim,
684 2412 859 2446 dummodo
880 2413 933 2445 illa
954 2424 1017 2447 non

272 2457 326 2490 fiat
346 2458 429 2491 ultra
448 2458 526 2492 duas
553 2461 775 2502 generationes
799 2461 848 2494 vel
874 2462 1019 2495 nomina-

272 2506 386 2547 tiones,
412 2507 532 2551 absque
557 2509 615 2541 alia
637 2520 653 2541 a
678 2509 770 2542 nobis
788 2510 835 2543 vel
856 2521 1018 2545 successo-

272 2555 362 2589 ribus
376 2557 494 2589 nostris
505 2557 656 2590 Romanis
666 2559 845 2592 Pontificib.
863 2571 921 2603 pro
941 2566 1017 2593 tem·

272 2614 350 2648 pore
370 2605 589 2646 existentibus,
612 2613 667 2639 aut
683 2608 763 2641 Sede
780 2608 962 2653 Apostolica
971 2610 1018 2643 vel

272 2653 360 2687 illius
384 2654 422 2690 de
452 2655 549 2689 latere
573 2655 685 2700 legatis
708 2667 765 2691 seu
790 2658 931 2698 nunciis,
965 2664 1020 2693 aut

1041 277 1189 300 noxtsst'xt

1060 329 1153 359 etiam
1189 328 1334 359 locorum
1371 327 1544 360 ordinariis
1587 329 1724 371 petenda
1758 330 1806 361 vel

1059 380 1229 413 obtinenda
1253 373 1379 411 licentia
1403 390 1458 411 seu
1480 380 1742 422 confirmatione3
1764 382 1806 415 ita

1059 440 1163 466 tamen
1181 433 1279 476 quod,
1294 433 1363 464 loco
1380 442 1554 466 consensus
1567 432 1656 466 Sedis
1671 434 1805 478 Aposto-

1059 487 1147 523 licae,
1168 487 1304 519 dilectus
1329 485 1414 519 filius
1434 486 1522 530 prior
1545 487 1703 529 generalis
1729 487 1804 521 dicti

1057 540 1183 572 (trilinis
1208 550 1295 572 nunc
1328 545 1359 572 ct
1391 550 1450 584 pro
1478 545 1623 584 tempore
1658 541 1805 581 existens,

1058 605 1089 625 re
1109 593 1279 635 diligenter
1299 593 1478 626 examinata
1498 599 1529 627 et
1552 594 1714 627 evidenter
1734 594 1805 627 utili

1057 646 1277 689 crunprobata,
1300 646 1427 685 haheat,
1458 651 1552 690 prout
1573 647 1633 679 sibi
1662 658 1699 680 ex
1718 657 1806 680 nunc

1059 705 1213 742 perpetuo
1240 700 1460 740 concedimus,
1488 705 1675 744 potestatem
1707 701 1806 734 ratifi-

1057 753 1148 784 candi
1167 752 1350 786 huiusmodi
1364 753 1550 794 locationes,
1570 754 1803 795 concessiones,

1056 805 1252 839 venditiones
1276 812 1307 839 ct
1326 806 1535 840 alienationes
1555 818 1591 840 ac
1609 812 1801 843 contractus,

1056 859 1105 892 Sic
1126 859 1213 903 quod
1233 859 1288 892 ubi
1308 860 1379 893 talis
1394 861 1473 893 ordo
1497 870 1563 893 non
1583 861 1678 894 fuerit
1701 871 1805 894 serva-

1056 919 1117 953 tus,
1144 913 1270 954 locatio,
1296 914 1473 954 concessio,
1503 914 1642 947 venditio
1668 919 1699 947 et
1728 914 1802 947 alie-

1056 967 1141 1000 natio
1162 978 1198 1000 ae
1219 972 1402 1000 contractus
1425 967 1519 1001 aliter
1538 968 1629 1008 facta,
1660 967 1749 1000 nulla
1774 972 1806 1000 et.

1056 1020 1192 1053 invalida
1220 1021 1404 1064 nulliusque
1430 1021 1557 1055 roboris
1585 1032 1621 1054 ac
1650 1020 1804 1054 momenti

1055 1074 1201 1115 existant;
1224 1080 1254 1108 et
1278 1075 1380 1108 donec
1404 1075 1567 1119 praefatus
1594 1075 1683 1119 prior
1709 1085 1805 1118 gene-

1056 1128 1129 1161 ralis
1141 1129 1235 1161 modo
1253 1129 1396 1171 praefato
1412 1139 1478 1162 non
1496 1128 1709 1169 ratificaverit,
1729 1139 1804 1173 pos-

1054 1180 1150 1214 sessio
1176 1187 1339 1215 remaneat
1363 1186 1394 1215 et
1419 1192 1587 1215 remanere
1606 1181 1805 1225 intelligatur

1055 1245 1153 1279 penes
1172 1235 1258 1279 ipsos
1278 1236 1392 1269 fratres
1404 1246 1460 1270 seu
1472 1235 1628 1269 moniales
1641 1235 1717 1268 dicti
1732 1245 1803 1268 mo-

1055 1289 1184 1322 nasterii
1198 1300 1254 1322 seu
1274 1289 1390 1322 domus
1408 1295 1464 1322 aut
1482 1289 1545 1323 loci
1561 1289 1607 1323 sic
1627 1289 1762 1322 locantis
1773 1294 1804 1323 et

1054 1342 1236 1384 alienantis,
1263 1353 1299 1375 ac
1323 1342 1366 1376 ita
1386 1342 1418 1376 in
1442 1342 1626 1386 praemissis
1652 1343 1698 1376 sic
1727 1352 1802 1387 per-

1054 1401 1151 1440 petuo
1172 1397 1372 1430 declaramus
1397 1402 1428 1430 et
1451 1396 1666 1430 decernimus.
1693 1396 1730 1429 Et
1757 1396 1804 1429 ni-

1055 1450 1240 1492 bilominus,
1270 1461 1307 1484 ex
1330 1461 1417 1484 nunc
1437 1455 1534 1494 prout
1562 1461 1599 1484 ex
1622 1455 1699 1484 tunc
1726 1455 1757 1484 et
1787 1460 1804 1483 e

1055 1510 1178 1544 contra,
1191 1510 1360 1548 postquam
1370 1504 1802 1545 locationes,concessiones‚

1054 1559 1252 1593 venditiones
1268 1565 1298 1592 et
1318 1559 1529 1592 alienationes
1548 1569 1585 1592 ac
1605 1564 1802 1599 contractus,

1055 1609 1185 1642 servatis
1205 1620 1302 1653 supra
1321 1609 1471 1645 narratis,
1494 1619 1553 1652 pro
1568 1613 1714 1651 tempore
1729 1607 1803 1641 faeti

1055 1664 1085 1692 et
1101 1669 1158 1702 per
1182 1658 1303 1691 dictum
1324 1657 1465 1702 priorem
1491 1657 1676 1701 generalem
1705 1657 1805 1690 ratifi-

1055 1709 1116 1741 cati
1134 1708 1265 1746 fuerint,
1286 1713 1320 1740 ut
1339 1707 1533 1751 praefertur,
1551 1718 1607 1741 seu
1628 1717 1805 1741 consensus

1056 1757 1199 1792 eiusdem
1233 1757 1349 1801 prioris
1383 1757 1540 1800 generalis
1575 1756 1802 1798 intervenerit,

1056 1807 1181 1840 easdem
1197 1806 1383 1846 locationes,
1401 1806 1634 1848 concessiones,
1649 1806 1804 1840 venditio-

1056 1867 1123 1897 nes,
1156 1856 1364 1889 alienationes
1392 1861 1422 1889 et
1453 1860 1636 1889 contractus
1667 1866 1705 1889 ac
1728 1855 1804 1889 inde

1056 1910 1165 1939 secuta
1179 1916 1434 1949 quaecumquae,
1447 1914 1573 1938 necnon
1591 1904 1805 1938 instrumenta

1056 1960 1087 1988 et
1106 1954 1279 1999 scripturas
1298 1955 1437 1998 desuper
1458 1964 1515 1998 pro
1531 1959 1676 1998 tempore
1697 1955 1805 1988 confe-

1057 2011 1106 2037 cta
1127 2003 1344 2048 approbamus
1364 2008 1395 2036 et
1419 2003 1651 2036 confirmamus
1675 2014 1712 2037 ac
1732 2014 1794 2047 per·

1057 2059 1172 2097 petuae
1196 2051 1356 2086 firmitatis
1380 2052 1480 2085 robur
1513 2052 1658 2086 obtinere
1687 2052 1804 2086 debere

1057 2102 1237 2142 statuimus,
1254 2112 1429 2145 omnesque
1446 2107 1476 2135 et
1489 2102 1633 2145 singulos
1648 2107 1713 2135 tam
1724 2102 1805 2135 iuris

1057 2162 1154 2194 quam
1174 2151 1248 2184 facti
1267 2150 1422 2192 defectus,
1445 2150 1469 2183 si
1497 2151 1552 2194 qui
1582 2151 1688 2184 forsan
1708 2150 1805 2184 inter-

1056 2201 1202 2235 venerint
1218 2201 1250 2234 in
1267 2200 1400 2240 eisdem,
1416 2199 1659 2243 quomodolibet
1673 2201 1805 2244 supple-

1058 2262 1140 2284 mus.
1166 2251 1392 2290 Decernentes,
1418 2250 1526 2293 quoad
1550 2249 1719 2283 utilitatem
1747 2260 1803 2283 seu

1059 2300 1319 2333 commoditatem
1337 2299 1619 2340 monasteriorum,
1631 2299 1803 2333 domorum

1059 2355 1090 2383 et
1103 2351 1250 2384 locorum
1263 2349 1496 2393 praefatorum,
1517 2348 1528 2372 1
1549 2350 1717 2383 assertioni
1728 2350 1803 2383 dua-

1059 2409 1131 2432 rum
1151 2398 1292 2443 partium
1317 2409 1353 2431 ex
1374 2398 1476 2431 tribus
1500 2398 1645 2443 partibus
1669 2399 1805 2432 fratrum

1058 2448 1107 2481 vel
1119 2447 1309 2481 monialium
1321 2447 1407 2480 illius
1419 2447 1482 2481 loci
1493 2447 1586 2481 euius
1600 2448 1684 2481 bona
1700 2453 1804 2490 erunt,

1060 2503 1230 2541 postquam
1250 2497 1420 2530 ratificatio
1439 2497 1522 2530 facta
1544 2497 1652 2538 fuerit,
1669 2497 1805 2542 illasque

1036 2565 1040 2611 =
1060 2553 1086 2579 et
1101 2546 1155 2579 illa
1167 2557 1293 2580 necnon
1307 2552 1490 2591 praesentes
1505 2546 1582 2580 etin
1594 2546 1639 2580 eis
1654 2552 1805 2582 contenta

1096 2669 1107 2696 1
1127 2668 1206 2696 Deest
1224 2667 1333 2697 fortasse
1349 2670 1474 2695 standum
1488 2667 1526 2704 (n.
1547 2667 1596 2704 τ.)-

1825 278 1870 303 Λη.
1889 277 1917 302 (ἶ,
1938 277 2000 305 15Ἱὲ

1060 2595 1177 2629 validas
1196 2601 1227 2630 et
1246 2595 1403 2637 efficaces,
1430 2607 1466 2629 ac
1485 2595 1588 2629 valida
1613 2601 1643 2630 et
1662 2596 1754 2631 effica
1778 2595 1802 2630 ia
1827 2636 1829 2639 Α
