2059 3228
149 246 207 284 Αιιξ
218 256 247 287 c.
261 246 331 287 158'0

206 1114 318 1139 noiogaiio

136 1145 298 1166 contrariorum.

394 248 457 283 534ss
946 256 1126 281 antianum
1145 255 1296 280 ROMANUM

344 309 463 350 lestari,
478 307 662 353 inquietari,
678 307 1088 358 impedirivelperturbari3
1131 308 1175 340 vis
1195 307 1264 340 aliis
1286 305 1442 351 personis,
1455 306 1489 340 in
1509 315 1628 350 genere
1646 305 1697 352 vel
1712 304 1745 339 in
1759 303 1880 350 specie,
1906 325 1910 328 -
1955 318 1959 324 ¹
1981 296 1983 299 ’
2021 304 2023 348 j

345 363 598 397 contradictores
624 362 785 404 quoslibet
805 367 835 395 et
863 362 1012 407 rebelles,
1033 373 1091 406 per
1132 361 1191 393 sub
1211 360 1471 404 quibuscumque
1494 359 1662 393 tenoribus
1692 364 1723 392 et
1755 358 1879 401 formis,

344 415 572 450 ecclesiasticas
620 415 792 448 sententias
810 441 817 456 ,
860 426 1012 448 censuras
1060 420 1090 448 et
1131 424 1167 446 ac
1188 424 1262 446 cum
1282 413 1466 457 quibusvis,
1487 413 1583 446 etiam
1602 412 1880 457 derogatoriarum

343 470 437 502 etiam
458 468 664 513 pecuniarias
692 479 811 512 poenas
831 463 880 501 'ac
907 474 1089 512 opportuna
1131 467 1340 509 derogator-iis
1350 460 1486 510 aliisque
1501 466 1736 500 efficacioribus
1746 471 1778 500 et
1792 466 1880 500 inso-

343 523 422 556 iuris
441 528 472 556 et
491 523 565 556 sacti
585 522 739 560 remedia,
756 522 946 555 auctoritate
966 528 1086 562 nostra,
1130 519 1204 561 litis,
1241 520 1406 561 clausulis,
1436 520 1703 563 irritantibusqne
1729 525 1761 553 et
1793 519 1876 562 aliis,

340 576 557 620 appellatione
573 576 762 620 postposita,
773 577 1021 620 compescend03
1037 587 1085 617 ac,
1130 573 1224 606 etiam
1236 574 1298 607 vim
1312 579 1497 607 contractus
1517 580 1547 607 et
1565 574 1687 615 statuti,
1699 573 1794 607 etiam
1802 584 1879 619 per-

340 630 490 673 legitimis
509 641 607 675 super
626 630 676 663 his
692 630 848 673 habendis
863 630 995 663 servatis
1012 641 1088 674 pro·
1130 627 1236 670 petili,
1259 634 1355 671 atque
1376 628 1455 671 legis
1475 627 1706 661 inducentibus
1725 627 1889 670 decretis,-

338 684 500 725 cess-ibus,
538 684 713 717 sententias
730 711 737 725 ,
769 694 920 717 censuras
952 689 982 717 et
1008 695 1086 727 poe-
1129 691 1165 713 ac
1176 681 1270 714 etiam
1285 681 1531 722 motu,scientia
1549 687 1580 715 et
1592 680 1756 724 potestatis
1774 681 1878 725 pleni-

338 747 394 770 nas
413 737 596 781 praedictas
615 738 767 771 incidisse
787 744 817 771 et
837 737 1013 770 incurrisse
1034 737 1088 770 de·
1129 734 1242 768 tudine
1271 735 1441 775 similibus,
1478 740 1509 768 et
1542 734 1638 768 etiam
1671 734 1876 769 consistoria-

337 791 507 832 clarando,
531 791 668 835 illasque
699 792 796 825 etiam
818 791 940 824 iteratis
964 790 1087 824 vicibus
1129 788 1200 820 liter
1225 799 1262 822 ac
1275 789 1364 828 alias,
1380 790 1474 822 etiam
1487 789 1650 833 plurieset
1660 788 1781 822 iteratis
1798 788 1877 822 vici-

336 845 558 887 aggravando,
595 845 928 884 excommunicando,
950 844 1085 877 interdi-
1104 815 1109 920 Ι
1126 841 1186 873 bus
1222 842 1254 874 in
1288 843 1488 876 contrarium
1526 841 1773 886 quomodolibet
1800 852 1877 876 con-

336 898 438 931 cendo
458 903 488 931 et
515 899 724 932 interdictum
746 897 1001 931 ecclesiasticum
1027 908 1084 941 ap·
1104 921 1108 942 ἦ
1127 895 1240 935 cessis,
1270 895 1481 937 contii-matis,
1514 895 1702 940 approbatis
1726 900 1758 929 et
1780 896 1875 929 inno-

334 952 497 993 ponendo,
520 951 666 984 invocato
687 952 784 985 etiam
804 951 844 984 ad
864 951 938 992 hoc,
958 951 983 984 si
1004 962 1086 995 opus
1103 945 1108 1002 Ι
1126 948 1214 989 vatis,
1238 949 1516 993 imposterumque
1531 949 1626 983 etiam
1643 943 1872 988 cbneedendis,
1891 972 1894 977 -

335 1004 444 1043 suerit,
467 1006 587 1038 auxilio
610 1004 732 1038 brachii
753 1003 939 1038 saecularis.
1126 1002 1368 1043 confirmandis,
1385 1003 1603 1047 approbandis
1622 1008 1653 1037 et
1671 1003 1870 1037 innovandis.

379 1058 393 1101 ἕ
414 1057 466 1091 18.
489 1059 557 1091 Non
583 1058 782 1091 obstantibus
809 1058 912 1090 felicis
931 1057 1083 1091 recorda-
1168 1056 1251 1099 glo.
1269 1056 1392 1096 Quibus
1407 1057 1557 1090 omnibus
1569 1062 1600 1090 et
1612 1057 1758 1101 singulis,
1774 1057 1871 1092 etiam

334 1110 431 1144 tionis
444 1111 598 1145 Bonifacii
614 1112 715 1156 Papae
730 1111 807 1150 Ylll,
826 1111 1083 1155 praedecessoris
1124 1109 1168 1149 si,
1190 1120 1247 1153 pro
1278 1110 1410 1144 illorum
1443 1110 1614 1144 sufficienti
1646 1111 1870 1155 derogatione,

334 1165 455 1205 nostri,
493 1166 531 1199 de
566 1176 648 1205 una,
672 1172 702 1198 et
729 1166 760 1197 in
781 1164 920 1198 concilio
940 1165 1082 1208 generali
1123 1162 1202 1195 alias
1222 1163 1261 1197 de
1292 1164 1355 1197 illis
1389 1175 1569 1209 eorumque
1603 1165 1679 1198 totis
1702 1158 1878 1200 tenoribus⁴

333 1219 419 1252 edita
439 1219 477 1252 de
498 1220 624 1252 duabus
644 1219 770 1259 diaetis,
793 1218 972 1251 dummodo
996 1218 1083 1251 ultra
1123 1217 1282 1260 specialiS‚
1296 1218 1459 1262 specifica,
1480 1218 1644 1253 individua
1659 1225 1690 1253 et
1709 1230 1869 1265 expressa,

335 1277 397 1305 tres
412 1273 531 1305 diaetas
550 1274 622 1317 quis
648 1273 838 1306 auctoritate
863 1272 1081 1315 praesentium
1123 1280 1188 1303 non
1207 1276 1314 1304 autem
1337 1282 1394 1315 pei·
1418 1272 1578 1306 clausulas
1597 1273 1764 1316 generales
1781 1272 1868 1310 idein

331 1333 419 1359 extra
439 1337 529 1359 suam
550 1327 710 1359 civitatem
733 1332 763 1360 et
783 1326 955 1359 dioecesim
976 1326 1015 1359 ad
1034 1326 1081 1359 iu·
1100 1284 1104 1357 i
1124 1325 1343 1368 importantes,
1367 1327 1485 1359 mentio
1505 1337 1562 1359 seu
1585 1326 1716 1370 quaevis
1733 1327 1796 1361 alia
1814 1339 1869 1363 ex-

331 1379 452 1413 dicium
474 1390 538 1413 non
555 1381 711 1420 trahatur,
729 1380 865 1423 aliisque
880 1380 1077 1423 apostolicis,
1099 1360 1103 1428 ἒ
1122 1379 1244 1421 pressio
1264 1379 1302 1412 ad
1325 1379 1385 1412 lioo
1402 1380 1568 1423 habenda,
1591 1386 1646 1414 aut
1660 1381 1790 1425 quaevis
1805 1382 1869 1416 alia

306 1459 309 1463 .
331 1444 456 1467 necnon
478 1435 572 1467 etiam
595 1434 625 1466 in
649 1435 719 1467 aliis
746 1434 984 1467 universalibus
1002 1444 1078 1477 pro-
1099 1429 1103 1456 Ι
1121 1433 1279 1476 exquisita
1305 1433 1408 1467 forma
1436 1434 1475 1467 ad
1506 1434 1569 1468 lioc
1597 1435 1753 1469 servanda
1769 1436 1864 1477 foret,

328 1488 582 1531 vincialibusspie
620 1494 650 1521 et
687 1488 895 1532 synodalibus
933 1487 1080 1521 conciliis
1121 1491 1249 1520 tenores
1279 1487 1488 1529 huiusmodi,
1516 1499 1553 1521 ac
1579 1488 1604 1521 si
1638 1488 1677 1522 de
1708 1488 1806 1524 verbo
1826 1489 1866 1523 ad

329 1541 421 1575 editis
441 1548 470 1574 et
490 1541 633 1583 edendis,
656 1541 852 1585 specialibus
875 1541 923 1575 vel
942 1552 1079 1584 genera·
1121 1539 1253 1573 verbum
1274 1541 1385 1574 inserti
1406 1542 1511 1575 forent
1540 1542 1785 1585 praesentibus,
1806 1553 1866 1588 pro
1910 1562 1916 1568 ·
1959 1576 1961 1578 .

327 1595 424 1637 libus,
447 1596 730 1629 constitutionibus
755 1601 786 1629 et
804 1595 1076 1637 ordinationibus;
1120 1594 1214 1637 plene
1235 1600 1266 1628 et
1285 1592 1481 1629 sufficienter
1507 1596 1663 1639 expressis
1688 1602 1720 1630 et
1737 1596 1866 1631 insertis

327 1659 454 1682 necnon
475 1650 571 1682 etiam
597 1649 750 1690 civitatis,
771 1649 926 1682 dioecesis
951 1654 982 1682 et
1002 1660 1078 1693 pro-
1119 1647 1292 1689 habenteS,
1322 1648 1383 1681 illis
1411 1649 1490 1682 alias
1509 1650 1542 1682 in
1571 1661 1629 1683 suo
1653 1650 1770 1684 robore
1789 1661 1867 1695 per-

328 1702 449 1735 vi‘nciae
470 1702 726 1743 Mediolanensis,
740 1713 776 1735 ac
796 1712 1078 1746 quarumcumque
1120 1702 1290 1744 mansuris,
1312 1702 1373 1736 hac
1392 1703 1459 1736 vice
1479 1703 1660 1745 dumtaxat,
1681 1698 1866 1748 specialiter

327 1755 462 1788 aliarum
483 1756 852 1797 civitatum,dioecesurn
873 1761 903 1789 et
918 1756 1077 1797 locorum,
1119 1761 1149 1787 et
1182 1766 1330 1800 expresse
1359 1757 1564 1800 derogamus,
1599 1768 1636 1791 ac
1667 1757 1866 1794 sufficienter
1894 1756 1900 1766 ⁸

325 1819 453 1842 necnon
484 1810 582 1843 etiam
613 1810 837 1850 ecclesiarum,
866 1810 1078 1843 monasterio·
1118 1810 1306 1853 derogatum
1337 1821 1405 1843 esse
1430 1817 1459 1843 et
1479 1810 1547 1844 sore
1566 1809 1788 1849 decernimus,
1810 1820 1864 1844 ce-

325 1873 397 1896 rum
419 1869 450 1897 et
470 1863 638 1904 Ordinum,
661 1863 756 1896 etiam
779 1864 975 1904 iuramento,
998 1873 1076 1896 con·
1118 1864 1258 1907 terisque
1279 1864 1450 1898 contrariis
1466 1864 1743 1909 quibuscumque3
1764 1870 1820 1898 aut
1838 1862 1864 1897 si

324 1917 506 1951 firmatione
527 1917 704 1962 apostolica
724 1917 771 1950 vel
793 1917 904 1960 quavis
924 1916 1076 1950 firmitate
1117 1918 1277 1952 iudicibus
1313 1918 1539 1963 synodalibus,
1571 1917 1862 1959 conservatoribus,

324 1971 386 2004 alia
403 1972 575 2013 roboratis,
590 1971 716 2005 statutis
733 1971 1074 2008 etconsuetudinibus,
1093 1986 1098 2019 ς
1116 1972 1289 2005 ordinariis
1309 1978 1339 2005 et
1359 1972 1534 2015 delegatis,
1561 1982 1598 2004 ac
1623 1970 1757 2006 notariis
1777 1977 1863 2005 cete-

324 2025 462 2058 decretis
487 2031 518 2059 et
538 2024 847 2069 praescriptionibus
861 2051 868 2065 ,
897 2025 992 2058 etiam
1015 2025 1074 2056 im-
1093 2020 1097 2061 l
1116 2026 1224 2069 risque
1234 2025 1484 2069 supradictisvel
1499 2025 1664 2070 quibusvis
1677 2025 1760 2065 aliis,
1776 2034 1866 2058 com-

324 2079 605 2119 memorabilibus;
628 2090 663 2112 ae
687 2080 827 2122 legibus,
848 2079 944 2111 etiam
967 2078 1073 2121 ponti-
1093 2068 1097 2110 i
1116 2080 1257 2112 muniter
1275 2080 1323 2112 vel
1355 2079 1497 2120 divisim,
1519 2078 1559 2112 ab
1585 2079 1699 2113 eadem
1719 2078 1758 2112 sit
1781 2078 1863 2112 Sede

323 2131 416 2172 ficiis,
444 2133 676 2176 iii-iperialibus,
709 2132 816 2175 regiis,
849 2132 1018 2165 ducalibus
1043 2137 1072 2163 et
1092 2122 1275 2187 {indultum
1297 2133 1384 2176 quod
1406 2132 1565 2171 interdici,
1583 2131 1734 2176 suspendi
1749 2131 1796 2165 vel
1811 2135 1884 2166 eit-⁴

323 2186 588 2230 municipalibus
601 2186 778 2230 privilegiis
787 2195 928 2228 quoque,
942 2184 1073 2217 indultis
1091 2190 1099 2194 “
1114 2187 1346 2220 communicari
1362 2197 1425 2220 non
1440 2187 1561 2231 possint
1579 2196 1638 2231 per
1654 2185 1775 2220 litteras
1786 2196 1863 2230 apo-

322 2245 353 2271 et
378 2239 492 2272 litteris
516 2240 720 2283 apostolicis,
750 2240 844 2272 etiam
875 2238 1070 2278 civitatibus,
1113 2240 1242 2274 stolicas
1253 2251 1318 2274 non
1329 2241 1620 2284 facientesplenam
1637 2249 1667 2273 et
1679 2249 1861 2283 expressam

321 2292 535 2333 dioecesibus,
559 2293 742 2336 provinciae
758 2298 787 2325 et
807 2292 895 2331 loris,
918 2303 954 2324 ac
976 2292 1071 2325 etiam
1089 2262 1095 2351 ξ
1113 2305 1149 2328 ac
1169 2295 1209 2329 de
1229 2294 1325 2329 verbo
1342 2295 1381 2327 ad
1401 2295 1533 2328 verbum
1549 2294 1588 2327 de
1605 2293 1732 2327 indulto
1749 2293 1861 2326 liuius—

321 2345 485 2386 ecclesiis,
509 2346 710 2379 monasteriis
730 2351 760 2378 ct
784 2344 957 2378 Ordinibus
977 2356 1070 2389 prac-
1114 2348 1199 2382 modi
1221 2349 1433 2382 mentionem.

321 2397 414 2431 dictis
436 2398 629 2442 illorumque
649 2399 885 2443 superioribus,
906 2399 1071 2442 magistra·
1155 2403 1267 2436 Datum
1290 2403 1407 2436 Romae
1427 2402 1512 2447 apud
1539 2401 1694 2435 Sanctum
1712 2400 1856 2440 Petrum,

322 2451 417 2491 tibus,
441 2452 566 2485 civibus
586 2459 616 2486 et
638 2452 772 2491 incolis,
794 2463 830 2485 ac
851 2452 1068 2496 praesulibus,
1089 2459 1093 2494 l
1111 2456 1171 2489 sul)
1191 2457 1313 2490 annulo
1334 2455 1523 2496 piscatoris,
1541 2455 1593 2489 die
1620 2461 1734 2499 quarta
1754 2452 1855 2494 iunii,

321 2499 481 2552 capi-tulis,
500 2501 681 2539 abbatibus
702 2502 912 2534 conventibus
930 2508 959 2534 et
976 2511 1071 2544 supe·
1089 2501 1092 2543 l
1111 2510 1284 2543 ffifflegij
1318 2509 1577 2554 quingentesimo
1609 2506 1829 2551 octuagesimo
1843 2530 1854 2545 ,

322 2550 471 2588 rioribus,
498 2559 623 2583 necnon
659 2550 821 2583 iudicibus
850 2550 1067 2594 synodalibus,
1088 2548 1092 2584 l
1110 2563 1318 2606 pomiQfflOE
1338 2563 1438 2596 nostri
1458 2572 1543 2596 anno
1568 2571 1610 2596 lx.

321 2599 619 2639 conservatoribus,
641 2599 834 2638 ordinariis,
861 2598 1016 2641 delegatis
1040 2603 1070 2630 et
1161 2625 1182 2656 D
1245 2626 1272 2656 d.
1311 2626 1353 2656 4.
1401 2624 1510 2656 ..1580
1599 2623 1638 2654 Π.
1757 2629 1786 2652 ¹¹

319 2647 454 2681 notariis
470 2648 650 2692 ceteiisque
680 2648 874 2692 supradictis
890 2652 921 2681 et
936 2646 1069 2692 quibus·
1186 2630 1226 2657 at.
1267 2635 1293 2657 Ἐ
1346 2635 1420 2656 ”¹¹¹⁰
1513 2633 1597 2665 ’9⁰¹¹
1613 2633 1622 2653 ¹
1638 2646 1646 2655 ‘
1663 2631 1740 2653 ³⁰⁰⁰
1788 2643 1796 2653 '
