2059 3228
83 211 89 226 ⁵
108 235 197 269 ‚um

179 323 183 326 -
207 295 349 344 'cumque
376 299 407 332 in
432 309 521 332 sacra
547 299 707 342 theologia
733 298 876 341 magistri
901 307 955 330 seu

208 351 369 393 doctores,
385 352 418 385 in
435 353 571 396 publicis
593 353 851 396 quibuscumque
867 362 956 396 gym-

179 406 182 410 ’
209 405 307 440 nasiis
333 411 387 439 aut
411 406 676 440 Universitatibus
710 406 749 439 ad
784 406 955 449 magisterii

207 468 266 493 seu
286 459 428 503 magistri
443 460 492 493 vel
512 459 653 493 doctoris
668 459 803 502 gradum
817 459 954 504 promoti

208 517 241 546 et
261 513 431 558 assumpti,
460 513 516 554 uti,
545 513 621 553 frui,
649 512 746 557 potiri
766 518 797 546 et
815 513 955 556 gaudere

207 566 294 601 soliti
312 573 386 600 sunt
410 573 440 601 et
466 572 713 608 consueverunt,
742 572 953 610 utunturque,

199 619 377 665 'potiuntur
396 626 427 655 et
446 621 599 664 gaudent,
621 620 679 662 uti,
702 620 779 662 frui,
803 620 898 664 potiri
927 626 956 653 et

207 672 349 716 gaudere
377 674 511 719 possint,
539 679 754 717 utamurque,
786 674 952 713 fruantur,

183 761 187 763 i
206 725 374 771 potiantur
400 733 430 761 et
449 728 611 771 gaudeant
628 727 728 761 libere
749 732 778 760 ct
798 727 897 767 licite,
919 738 954 760 ac

205 779 340 824 pacifice
360 787 393 814 et
411 781 529 824 quiete.
558 781 622 815 Nos
646 781 732 814 enim
760 780 814 813 tibi
836 781 954 814 dilecto

205 831 275 868 filio
293 834 396 878 priori
414 835 556 879 generali
574 834 730 868 moderno
750 840 781 867 et
800 845 858 878 pro
877 840 954 867 tein-

205 897 286 931 pore
303 888 461 929 existenti,
484 888 579 922 modo
599 894 630 921 et
648 888 752 921 forma
771 887 954 932 praemissis

205 950 225 974 a
241 941 494 985 provincialibus
513 942 663 987 capitulis
688 942 807 975 electos
837 947 867 975 et
895 952 954 985 pro

201 998 351 1039 tempore
370 995 546 1039 eligendos,
568 996 665 1029 etiam
678 995 798 1039 absque
814 995 953 1028 alicuius

201 1045 269 1082 loci
286 1048 442 1082 ordinarii
470 1050 534 1083 sive
562 1049 691 1093 collegii
717 1054 772 1082 aut
792 1048 953 1082 Universi-

203 1099 288 1144 tatis,
315 1101 379 1136 sive
393 1101 497 1136 Studii
522 1108 578 1136 aut
596 1102 753 1147 gymnasii
779 1102 950 1146 generalis,

202 1153 267 1188 sive
283 1153 371 1189 illius
388 1156 525 1189 rectoris
537 1162 592 1189 aut
605 1156 838 1199 cuiuscumque
854 1155 954 1189 admi-

202 1202 394 1247 nistratoris,
405 1214 611 1251 quocumque
620 1206 752 1239 nomine
764 1206 953 1250 nuncupati,

203 1257 234 1286 et
252 1263 458 1299 quacumque
483 1254 699 1289 ecclesiastica
719 1266 773 1288 seu
791 1255 952 1287 mundana

201 1302 392 1337 auctoritate
419 1309 450 1337 et
468 1310 625 1348 potestate
652 1304 828 1347 fungentis,
858 1304 951 1337 etiam

202 1356 330 1385 sanctae
347 1352 512 1387 Romanae
529 1354 691 1387 Ecclesiae
712 1352 896 1393 cardinalis,
918 1352 953 1384 li-

203 1400 318 1443 centia,
335 1401 375 1434 ad
390 1402 564 1446 magisterii
580 1403 643 1436 sive
664 1402 807 1442 magistri
826 1412 883 1434 seu
900 1402 954 1434 do-

202 1449 300 1484 ctoris
319 1450 352 1483 in
371 1461 462 1484 sacra
489 1451 650 1495 theologia
670 1451 855 1484 huiusmodi
879 1462 952 1493 gra-

203 1497 293 1539 dum,
313 1499 601 1543 praeeminentiam,
618 1500 823 1543 dignitatem,
841 1506 953 1532 aucto-

201 1546 329 1581 ritatem
349 1553 380 1581 et
397 1549 582 1582 facuuatein
602 1559 804 1592 promovere,
826 1547 953 1592 illisque

201 1597 353 1630 omnibus
372 1603 403 1631 et
421 1599 555 1641 singulis
575 1599 718 1641 magistri
739 1609 796 1632 seu
814 1598 954 1631 doctoris

199 1645 236 1679 in
253 1656 344 1679 sacra
363 1647 525 1690 theologia
545 1648 684 1690 insignia
697 1675 704 1689 ,
732 1648 951 1688 auctoritates,

200 1695 369 1729 facultates
388 1703 419 1730 et
439 1703 612 1741 potestates
632 1696 767 1740 singulis
793 1696 954 1739 magistris

202 1749 234 1778 et
252 1744 439 1779 doctoribus
458 1746 491 1779 in
511 1746 580 1790 ipsa
599 1757 689 1780 sacra
708 1746 873 1789 theologia
896 1756 955 1790 per

202 1802 262 1828 nos
280 1800 336 1828 aut
360 1805 584 1839 quoscumque
604 1796 752 1828 locorum
773 1795 954 1828 ordinarios

201 1842 510 1885 siveUniveisitates,
524 1844 670 1888 collegia,
687 1845 809 1884 Studia,
824 1855 955 1888 gymna-

202 1891 249 1925 sia
258 1891 455 1936 illorumque
475 1898 617 1927 rectores
636 1894 700 1927 sive
719 1893 955 1926 administrato-

195 1936 255 1974 res
265 1952 490 1986 quoscumque
500 1947 554 1975 aut
566 1943 643 1975 alias
651 1952 872 1984 quascumque
880 1952 954 1985 per-

203 1999 310 2029 sonas,
327 2001 533 2034 quacumque
548 1991 738 2024 auctoritate
753 1997 784 2024 et
801 1996 955 2034 potestate

204 2038 363 2080 suffultas,
382 2045 412 2072 et
432 2039 464 2073 S.
486 2040 523 2072 R.
546 2040 580 2072 E.
605 2039 783 2073 cardinales
803 2045 833 2072 et
849 2040 887 2073 de
908 2040 954 2072 la-

204 2092 272 2120 tere
285 2092 396 2120 nostro
410 2088 541 2130 legatos,
555 2089 604 2122 vel
620 2088 715 2120 etiam
731 2098 955 2131 quaecumque

205 2136 287 2176 loca,
302 2137 437 2170 concedi
447 2137 553 2177 solita,
569 2137 657 2181 ipsis,
671 2137 753 2169 sicut
764 2138 955 2180 praefertur,

203 2185 328 2225 electis,
350 2186 539 2219 examinatis
556 2194 586 2219 et
605 2186 802 2230 approbatis,
823 2196 904 2229 quos
921 2197 957 2219 ex

202 2233 341 2276 singulis
361 2234 548 2277 provinciis,
575 2235 670 2268 modo
691 2239 722 2267 et
741 2234 843 2266 forma
863 2245 956 2276 prae-

207 2281 323 2322 missis,
334 2282 452 2326 praevia
470 2283 508 2316 de
528 2293 618 2316 more
633 2282 832 2326 professione
842 2282 955 2323 fidei1,

205 2336 237 2364 et
256 2330 289 2363 in
305 2331 475 2374 magistros
492 2342 549 2364 seu
566 2332 714 2364 doctores
731 2332 955 2372 assumpseris,

207 2379 296 2421 dare,
317 2378 486 2421 indulgere
525 2380 702 2412 concedere
723 2385 753 2412 et
769 2378 956 2419 attribuere,

207 2426 332 2462 etiamsi
352 2428 530 2471 capitulum
551 2428 701 2471 generale
721 2427 907 2460 huiusmodi
925 2428 959 2460 in

207 2476 293 2510 alma
317 2475 402 2509 Urbe
430 2482 539 2509 nostra
565 2482 621 2509 aut
648 2476 736 2516 alibi,
767 2475 823 2509 ubi
846 2486 906 2509 nos
929 2482 960 2510 et

209 2524 338 2559 Curiam
358 2530 500 2558 nostram
520 2524 695 2558 Romanam
713 2531 787 2558 tunc
804 2527 958 2570 temporis

200 2588 201 2591 ’
248 2597 260 2623 1
282 2595 410 2624 Cherub.
427 2595 502 2624 addit
515 2596 625 2631 eieqerts
639 2598 680 2624 tn.
699 2596 748 2630 12).

291 2667 367 2697 Ball.
387 2666 464 2697 Rom.
494 2666 547 2696 vot.
567 2666 641 2697 l'III.
843 2666 881 2696 54

804 234 980 260 anGomus
1011 234 1065 258 xltt
1100 235 1146 258 FP.

1638 223 1702 258 ,7423
1760 229 1801 258 An
1829 228 1848 257 Γ.
1873 229 1940 259 1583

998 297 1192 330 conimorari
1213 297 1391 341 contigerit,
1411 295 1510 330 autin
1527 296 1597 330 aliis
1616 297 1744 340 quibus·-

998 361 1137 394 cumque
1158 352 1349 392 civitatibus,
1382 352 1415 385 in
1435 351 1553 396 quihus
1581 350 1745 395 gymnasia

998 409 1029 436 et
1053 403 1163 437 Studia
1187 406 1349 447 generalia
1374 406 1481 450 vigere
1510 405 1745 449 dignoscuntur

997 461 1052 488 aut
1080 456 1113 489 in
1137 458 1282 490 futurum
1303 459 1547 502 quomodolibet
1566 458 1741 502 erigentur,

997 510 1067 543 fieri
1087 516 1119 544 et
1136 511 1292 544 celebrari
1314 513 1494 556 contigerit,
1510 513 1653 557 plenarie
1669 523 1745 546 con·

998 565 1143 600 cedimus
1159 572 1189 600 et
1208 567 1424 610 indulgemus,
1450 567 1666 611 praesentium
1686 578 1744 611 per

997 612 1154 653 tenorem.

1041 679 1055 721 ξ
1075 678 1105 711 5.
1132 679 1347 712 Decernentes
1382 685 1412 712 et
1449 679 1591 713 districte
1615 680 1740 724 praeci·
1763 690 1879 713 anomia
1894 689 1942 719 pri:

996 732 1113 776 piendo
1133 732 1320 765 mandantes
1338 744 1377 765 ne
1397 732 1567 777 quisquam
1588 739 1739 774 vestrum,
1755 722 1845 779 {2¹¹2ss-
1855 722 1940 774 Ψζζζῗ

996 785 1050 829 qui
1074 785 1219 830 posthac,
1242 786 1476 829 cuiuscumque
1510 786 1681 830 privilegii,
1707 797 1741 820 e·
1754 784 1819 805 ‘⁸⁵⁵³-

997 838 1073 872 tiam
1093 849 1112 872 a
1135 839 1228 872 nobis
1253 845 1283 872 et
1299 839 1538 872 successoribus
1556 840 1685 881 nostris,
1707 851 1740 873 e-

996 892 1072 925 tiam
1098 898 1187 925 motu
1224 893 1370 937 proprio,
1409 894 1551 926 concessi
1575 899 1630 926 aut
1663 894 1741 927 alias

995 947 1240 990 quomodolibet
1277 947 1466 990 impetrati,
1497 954 1675 991 praetextu,
1701 948 1740 981 ad

996 1000 1231 1044 cuiuscumque
1261 1001 1444 1034 doctoratus
1475 1006 1529 1033 aut
1565 1002 1739 1044 magisterii

995 1055 1124 1097 gradus,
1147 1054 1240 1087 etiam
1263 1066 1280 1087 a
1312 1054 1571 1098 quibuscumque
1596 1055 1740 1088 locorum

995 1107 1179 1149 ordinariis,
1207 1107 1303 1141 etiam
1333 1108 1366 1140 S.
1397 1108 1433 1140 tt.
1463 1107 1498 1140 E.
1523 1108 1740 1141 cardinalibus

995 1168 1051 1195 aut
1069 1162 1107 1196 de
1127 1163 1229 1196 latere
1248 1162 1373 1205 legatis,
1396 1162 1460 1195 sive
1480 1162 1513 1195 in
1533 1162 1740 1205 quibuscum-

995 1226 1058 1259 que
1077 1217 1249 1261 gymnasiis
1269 1222 1325 1249 aut
1342 1215 1606 1249 Universitatibus
1625 1216 1658 1248 in
1684 1226 1740 1258 po-

995 1276 1116 1302 sterum
1136 1270 1277 1313 promoti
1297 1269 1428 1309 suerint,
1451 1268 1595 1311 magistri
1615 1275 1670 1302 aut
1708 1269 1740 1301 in

994 1334 1085 1356 sacra
1103 1323 1266 1366 theologia
1285 1323 1425 1356 doctoris
1445 1323 1586 1362 titulum,
1608 1331 1738 1361 nomen,

995 1376 1134 1423 insignia
1157 1382 1212 1410 aut
1230 1375 1508 1421 praeeminentiam
1533 1387 1588 1409 seu
1614 1375 1741 1419 privile-

994 1431 1043 1473 gia
1064 1435 1094 1464 et
1113 1430 1332 1474 exemptiones
1352 1439 1573 1474 quascumque
1594 1434 1738 1472 usurpet,

995 1490 1049 1517 :tut
1066 1494 1238 1529 usurpare,
1260 1483 1323 1517 sive
1343 1483 1422 1516 alias
1441 1489 1496 1515 aut
1519 1482 1621 1522 aliter,
1644 1492 1741 1524 quam

995 1537 1089 1571 modo
1119 1543 1150 1571 et
1169 1538 1272 1571 forma
1290 1537 1485 1582 praemissis,
1512 1535 1671 1569 concessis
1694 1535 1740 1567 uti

993 1591 1248 1635 quomodolibet,
1270 1590 1398 1635 publice
1409 1590 1456 1623 vel
1473 1589 1610 1627 occulte,
1626 1589 1742 1621 audeat

994 1656 1050 1678 seu
1069 1651 1266 1690 praesumat,
1288 1646 1346 1678 sub
1366 1648 1470 1689 poena
1490 1642 1674 1687 privationis
1687 1652 1739 1674 ce-

995 1705 1138 1732 terorum
1157 1699 1317 1742 graduum
1346 1703 1376 1731 et
1396 1696 1605 1730 inhabilitatis
1621 1695 1659 1728 ad
1674 1705 1741 1728 ma-

993 1752 1173 1795 gisterium,
1209 1752 1333 1785 etiamsi
1369 1750 1542 1794 aliquibus,
1583 1759 1640 1792 per
1681 1758 1740 1781 nos

994 1811 1048 1839 aut
1061 1816 1262 1839 successores
1277 1805 1402 1838 n'ostros
1422 1815 1457 1837 ac
1473 1803 1585 1836 Sedem
1607 1803 1739 1845 Aposto-

995 1860 1101 1901 licam,
1128 1866 1165 1893 ut
1183 1859 1217 1892 in
1238 1869 1328 1892 sacra
1344 1857 1505 1900 theologia
1528 1866 1599 1889 vere
1620 1861 1650 1888 et
1669 1865 1739 1887 rea-

995 1913 1068 1946 liter
1087 1913 1232 1956 magistri
1265 1923 1322 1946 seu
1356 1911 1502 1944 doctores
1535 1909 1596 1942 sint
1621 1914 1651 1940 et
1680 1907 1741 1940 exi-

995 1973 1090 2007 stant,
1131 1972 1162 1999 et
1200 1966 1350 1999 omnibus
1387 1963 1516 2006 gratiis,
1552 1960 1737 2005 privilegiis,

996 2020 1252 2064 exemptionibus
1272 2026 1303 2051 et
1336 2016 1479 2054 indultis,
1503 2014 1620 2059 quibus
1644 2011 1740 2046 ceteri

997 2074 1139 2117 magistri
1172 2079 1203 2107 et
1239 2073 1388 2106 doctores
1411 2069 1507 2114 potiri
1541 2074 1571 2101 et
1600 2066 1741 2110 gaudere

996 2128 1231 2167 consueverint,
1254 2126 1420 2170 potiantur
1435 2128 1465 2156 et
1480 2121 1650 2166 gaudeant,
1663 2130 1743 2164 quo-

998 2181 1173 2214 modolibet
1194 2185 1383 2214 concessum
1421 2175 1569 2210 extiterit.
1605 2173 1741 2207 Interdi-

997 2240 1105 2268 centes
1129 2234 1236 2272 etiam,
1260 2237 1358 2276 prout
1381 2229 1570 2263 earumdem
1589 2236 1742 2272 praesen-

999 2288 1077 2320 tium
1112 2293 1221 2320 tenore
1254 2283 1498 2323 interdicimus,
1530 2281 1681 2315 omnibus
1713 2284 1743 2312 ct

998 2341 1130 2383 singulis
1149 2340 1255 2372 Italiae
1293 2337 1465 2382 provinciis
1501 2334 1676 2379 praedictis
1713 2339 1744 2366 et

998 2394 1257 2437 quibuscumque
1278 2389 1582 2434 congregationibus
1617 2387 1741 2426 vestris,

1000 2459 1037 2480 ne
1049 2456 1242 2490 quemquam
1265 2445 1304 2477 ad
1320 2443 1539 2487 magisterium
1555 2442 1618 2475 sive
1632 2441 1743 2474 docto-

1000 2507 1103 2533 ratum
1137 2499 1317 2541 approbare
1341 2503 1396 2530 aut
1421 2505 1617 2541 proponere,
1639 2494 1742 2533 aliter,

1000 2558 1075 2592 aiibi
1099 2562 1153 2590 aut
1187 2556 1264 2588 alias
1282 2565 1379 2599 quam
1402 2551 1609 2599 praescriptis
1628 2551 1743 2590 modis,

1000 2615 1120 2656 formis,
1141 2613 1286 2659 personis
1311 2618 1342 2647 et
1372 2611 1452 2646 locis
1475 2622 1513 2646 ac
1531 2609 1743 2656 temporibus,
