2059 3228
17 260 19 263 -
38 255 39 259 ¹
62 241 72 269 ‘t'
91 239 179 269 ’Ᾱῗτδο

43 295 45 298 ·
63 290 66 296 “
192 286 243 321 nis
260 287 346 321 hono
365 287 571 322 vehementer
589 288 727 330 solliciti,
752 298 792 322 ne
812 289 889 332 quid
909 288 937 321 ei

190 340 333 375 indebite
352 341 551 382 detrahatur,
583 339 757 375 sacrorumv
777 351 937 375 canonum

189 394 449 431 acdecretorum
471 395 547 429 dicti
569 396 708 436 concilii,
736 396 939 429 eorumdem-

189 458 253 492 que
273 453 464 481 statutorum
486 454 516 482 et
535 449 777 493 privilegiorum
799 448 938 482 auctori-

188 500 245 534 tati
278 506 310 535 et
338 502 506 535 tenoribus
544 503 729 542 innitentes;
759 502 937 545 eademque

188 554 368 599 privilegia,
390 561 505 589 statuta
523 562 551 589 ct
574 556 792 589 ordinationes
812 567 849 589 ac
869 555 936 589 dic-

188 612 295 642 torum
322 609 607 652 praedecessorum
638 615 823 643 nostrorum
852 609 935 641 litte-

187 671 297 695 rarum
318 667 446 696 tenores
459 663 682 706 praesentibus
701 673 760 706 pro
780 664 936 706 expressis

179 714 352 755 habentes,
378 715 497 760 illaque
525 716 634 750 omnia
662 716 877 760 approbantes
905 721 936 749 et

186 767 428 810 confirmantes,
450 769 694 813 praesentisque
706 770 807 802 nostri
824 769 933 813 scripti

183 822 366 865 patrocinio
383 823 652 863 communientes,
666 834 703 856 ac
724 828 790 855 rata
803 828 830 855 ct
845 828 934 863 grata

182 874 338 909 habentes
357 886 406 916 ac,
428 881 588 920 quatenus
607 887 688 920 opus
707 876 760 916 sit,
782 877 933 909 innovan-

182 932 230 961 tes
249 934 280 962 et
299 929 339 963 de
362 940 443 963 novo
469 930 694 963 concedentes.

225 981 240 1026 ἓ
265 981 296 1016 7.
319 983 405 1016 Motu
429 983 563 1027 proprio
591 989 620 1017 et
656 995 692 1017 ex
713 989 798 1016 certa
823 990 931 1017 nostra

40 1047 166 1072 seium
179 1035 327 1078 scientia,
350 1036 542 1070 auctoritate
563 1037 794 1081 praesentium,
822 1038 930 1070 decla-

39 1124 42 1126 ,
61 1084 167 1138 ‘mffi
180 1099 289 1123 ramus
308 1100 487 1134 numquam
509 1090 931 1134 intentionispraedecesso-

38 1141 168 1194 graf:
178 1152 253 1176 rum
272 1148 459 1177 nostrorum
478 1144 528 1177 vel
539 1149 667 1177 nostrae
679 1144 787 1183 fuisse,
807 1145 839 1177 in
858 1155 930 1188 pro-

177 1196 354 1244 visionibus
373 1197 436 1230 sive
457 1197 658 1231 commendis
685 1203 739 1230 aut
763 1198 930 1240 quibusvis

177 1249 250 1284 aliis
268 1251 532 1284 concessionibus
551 1251 787 1284 beneficiorum
803 1251 929 1284 Ordinis

176 1308 209 1338 et
227 1303 404 1347 Religionis
423 1304 625 1345 huiusmodi,
649 1304 712 1337 sive
738 1304 790 1337 illa
818 1311 927 1337 curata

177 1356 241 1392 sive
264 1358 334 1392 sine
354 1369 433 1391 cura
453 1358 526 1398 sint,
553 1369 613 1402 per
637 1358 765 1391 eosdem
791 1359 926 1402 praede-

175 1421 320 1446 cessores
337 1416 466 1445 nostros
496 1413 544 1445 vel
565 1422 624 1456 per
643 1422 702 1444 nos
726 1417 756 1444 et
781 1412 925 1445 eamdem

175 1463 292 1498 Sedem
312 1464 431 1505 forsan,
452 1465 549 1498 etiam
571 1475 644 1497 cum
672 1464 809 1507 simplici
831 1465 925 1497 dero-

173 1517 302 1562 gatione
325 1517 569 1562 privilegiorum
587 1523 617 1551 et
632 1518 924 1551 stabilimentorum

173 1569 350 1615 Religionis
368 1571 564 1616 praedictae,
578 1582 642 1604 non
667 1576 774 1604 tamen
795 1571 925 1614 speciali

174 1623 214 1658 de
231 1635 298 1658 non
317 1624 523 1669 suscipiendo
534 1624 681 1657 habitum
702 1629 732 1657 et
751 1635 815 1657 non
830 1625 924 1657 emit-

171 1677 270 1711 tendo
302 1678 536 1722 professionem
571 1678 746 1716 mentione,
782 1688 838 1711 seu
867 1689 926 1721 per

81 1771 93 1776 Ι
171 1730 376 1774 magistrum,
412 1736 616 1770 conventum,
650 1731 784 1774 priores,
809 1731 925 1764 baiuli-

81 1784 90 1806 ·’
119 1817 124 1821 .
170 1794 227 1818 vos
245 1795 283 1818 ac
303 1784 596 1818 commendatarios
612 1785 660 1817 vel
674 1785 765 1824 alios,
788 1785 923 1828 quibus-

171 1846 314 1882 cumque
332 1837 492 1881 personis,
515 1838 750 1882 cuiuscumque
771 1844 872 1871 status
893 1844 921 1871 et

172 1890 348 1935 dignitatis,
369 1891 461 1925 factis
480 1896 511 1925 et
530 1891 700 1931 concessis,
731 1891 827 1924 tacite
852 1891 924 1925 illos

172 1942 359 1978 absolvendi
379 1955 444 1988 quo
458 1944 577 1984 minus,
600 1945 686 1977 iuxta
708 1945 851 1977 eiusdem
868 1944 922 1977 Or-

83 2028 88 2039 ,
136 2023 139 2025 .
172 1996 257 2031 dinis
279 2002 398 2031 statuta
421 2003 453 2031 et
481 1997 659 2041 privilegia,
682 1998 763 2030 infra
794 2003 922 2041 tempus

171 2050 351 2096 praefixum
370 2051 518 2084 habiturn
551 2052 727 2095 suscipere,
748 2057 777 2085 et
798 2052 921 2096 profes-

170 2103 306 2146 sionem,
318 2116 379 2149 per
391 2105 504 2139 fratres
521 2105 664 2138 eiusdem
682 2105 809 2138 Ordinis
820 2105 921 2138 emitti

169 2156 298 2191 solitam
312 2183 321 2199 ‚
362 2158 509 2191 emittere
547 2158 686 2191 debeant
727 2159 920 2201 regularem,

169 2209 296 2244 etiamsi
319 2210 382 2243 hoc
401 2211 548 2254 explicite
569 2211 601 2243 in
624 2211 811 2244 eorumdem
830 2222 921 2255 prae-

169 2262 378 2297 decessorum
399 2270 454 2296 aut
473 2264 590 2297 nostris
620 2264 734 2297 litteris
758 2264 919 2298 adiectum

170 2316 221 2350 vel
239 2316 422 2349 iniunctum
456 2317 517 2356 his,
540 2318 579 2350 ad
602 2328 742 2361 quorum
778 2319 919 2350 savorem

169 2368 357 2403 huiusmodi
377 2369 535 2402 beneficia
559 2381 711 2403 concessa
743 2370 917 2411 extiterint,

122 2419 124 2421 ¹
159 2432 375 2467 ,nequaquam
396 2422 504 2455 suerit.

215 2472 230 2516 ᾖ
254 2471 285 2505 8.
307 2472 352 2504 Ac
372 2481 436 2514 quo
456 2476 565 2503 nostra
584 2471 663 2504 haec
685 2470 819 2504 intentio
852 2471 919 2503 sin-

57 2482 159 2631 ,ἷζ-
171 2520 255 2564 gulis
273 2519 417 2564 apertius
452 2519 640 2558 innotescat,
680 2520 851 2552 statuimus
885 2525 920 2551 ut

80 2579 159 2614 „inin-
172 2579 284 2602 omnes
295 2574 326 2602 et
337 2567 466 2612 singuli,
480 2568 535 2611 qui
551 2568 598 2601 vel
620 2579 677 2611 pei·
696 2568 808 2600 Sedem
828 2577 920 2610 prae-

81 2613 158 2664 ἦν·
171 2617 268 2652 satam
285 2618 334 2651 vel
353 2628 412 2662 per
430 2627 488 2650 nos
508 2622 562 2650 aut
572 2617 733 2649 Romanos
747 2616 918 2650 Pontifices

81 2705 94 2714 .‚.

800 235 975 261 GREGORU'?
998 235 1053 260 xm
1078 235 1125 259 Μ’.

979 288 1241 331 praedecessores
1262 292 1396 326 nostros,
1431 284 1523 318 etiam
1551 294 1624 317 cum
1652 283 1711 317 sim

980 340 1054 383 plici
1075 340 1280 381 derogatione
1307 339 1560 384 privilegiorum,
1587 348 1642 371 scu
1667 349 1706 381 pc

980 393 1114 436 priores,
1129 392 1283 425 haimim<
1303 399 1329 424 et
1353 391 1642 425 commendatarios
1660 391 1726 423 fue-

979 452 1055 479 runt
1074 446 1112 479 de
1133 446 1296 478 beneficiis
1310 445 1495 478 huiusmodi
1516 444 1646 488 provisi,
1661 445 1723 477 sive

977 499 1022 537 hi,
1046 499 1164 542 quibus
1185 498 1295 531 eadem
1318 499 1541 531 commendata
1561 503 1616 531 aut
1647 508 1725 542 quo-

978 552 1152 585 modolibet
1190 563 1341 585 concessa
1375 553 1564 592 nutu-runt,
1601 551 1725 584 etiamsi

977 616 1076 650 super
1103 606 1164 642 his.
1188 606 1217 638 in
1240 605 1333 637 Curia
1360 606 1405 637 vel
1433 610 1531 645 extra,
1559 605 1730 648 aliqualis·

978 659 1127 702 pendeat,
1150 671 1185 691 ae
1208 659 1246 692 de
1267 658 1385 691 eisdem
1407 658 1438 689 in
1459 664 1624 701 posterum
1655 668 1725 702 per-

976 713 1082 755 petuis
1102 712 1218 745 suturis
1237 711 1438 755 temporibus
1458 711 1724 754 providebuntur,

975 770 1030 797 aut
1063 766 1194 798 demum
1219 765 1337 808 quihus
1372 764 1485 797 eadem
1521 765 1726 798 commenda-

974 818 1098 850 buntur
1114 818 1161 851 vel
1179 818 1409 858 concedentur,
1430 817 1525 850 etiarn
1541 828 1597 861 per
1609 818 1723 851 Scdem

975 871 1206 914 Apostolicam,
1229 871 1254 903 si
1285 876 1356 915 post
1389 881 1441 903 sex
1475 881 1612 912 menses,
1635 883 1651 903 a
1673 872 1724 904 dic

975 935 1039 967 quo
1060 924 1090 956 id
1111 925 1156 957 eis
1180 924 1322 967 legitime
1356 924 1514 957 indictum
1546 930 1642 967 atque
1667 925 1723 957 dc—

973 977 1163 1010 nunciatum
1185 978 1279 1010 suerit
1302 977 1388 1010 illico
1399 977 1628 1018 numerandos,
1649 988 1723 1022 pro-

973 1030 1141 1063 fessionem
1163 1041 1226 1063 non
1249 1030 1414 1064 emiserint
1434 1035 1464 1063 et
1483 1030 1628 1063 habitum
1658 1041 1720 1063 non

972 1085 1172 1127 susceperint
1214 1084 1348 1117 Ordinis·
1377 1083 1563 1127 praedicti,
1602 1084 1721 1127 absque

971 1137 1033 1170 alia
1054 1137 1193 1181 desuper
1217 1137 1361 1170 facienda
1386 1137 1604 1170 declaratione
1625 1142 1656 1170 et
1675 1138 1720 1169 ci-

972 1191 1104 1231 tatione,
1125 1191 1213 1223 omni
1230 1196 1259 1223 et
1278 1200 1486 1234 quocumque
1501 1190 1572 1224 iure
1584 1190 1616 1223 in
1628 1190 1721 1223 dictis

969 1244 1134 1277 beneficiis
1154 1245 1202 1277 vel
1223 1243 1263 1276 ad
1284 1244 1339 1276 illa
1359 1248 1563 1288 competente
1591 1249 1721 1276 careant

970 1308 1006 1329 eo
1026 1297 1108 1341 ipso,
1131 1297 1258 1341 ipsique
1292 1303 1458 1340 tamquam
1482 1296 1586 1330 illiciti
1611 1297 1720 1330 deten-

970 1357 1055 1384 tores
1075 1356 1105 1383 et
1125 1356 1336 1395 occupatores
1352 1355 1382 1384 et
1402 1350 1518 1383 intrusi
1539 1350 1577 1382 ab
1598 1350 1717 1383 eisdem

968 1410 1203 1446 amoveantur,
1229 1404 1333 1448 deque
1367 1404 1443 1443 illis,
1476 1408 1640 1446 tamquam
1678 1403 1717 1436 de

968 1459 1037 1491 iure
1079 1464 1176 1501 atque
1213 1458 1251 1491 de
1293 1458 1376 1490 sacto
1408 1457 1617 1497 vacantibus,
1649 1468 1716 1490 ma-

966 1511 1100 1554 gistrum
1117 1522 1155 1545 ac
1170 1517 1376 1551 conventum,
1392 1511 1528 1554 priores,
1560 1510 1716 1543 baiulivos

967 1570 997 1597 et
1016 1564 1346 1598 commendatarioset
1356 1564 1436 1597 alios
1451 1564 1491 1597 ad
1500 1574 1582 1608 quos
1595 1570 1713 1607 spectat

966 1618 1065 1651 libere
1086 1617 1266 1661 providere,
1289 1628 1326 1650 ac
1346 1617 1386 1650 de
1410 1617 1474 1650 illis
1497 1617 1583 1649 iuxta
1618 1617 1714 1659 ningi-

966 1672 1021 1704 stri
1042 1678 1073 1705 et.
1098 1671 1273 1714 Religionis
1303 1670 1465 1714 praefatae
1499 1670 1712 1703 stabilimenta

965 1732 995 1759 et
1015 1724 1266 1759 consuetudines
1299 1724 1412 1767 exequi
1442 1734 1546 1767 posse,
1584 1734 1712 1757 eorum-

965 1779 1103 1822 demque
1123 1788 1322 1823 possessores
1342 1777 1380 1809 ab
1401 1777 1589 1810 eorumdem
1613 1777 1711 1809 hene-

964 1833 1113 1866 ficiorum
1130 1832 1331 1876 possessione
1341 1831 1390 1864 vel
1410 1830 1517 1874 potius
1529 1830 1712 1865 detentione

964 1891 994 1919 et
1026 1886 1238 1929 occupatione
1268 1885 1461 1918 amovendos
1499 1894 1578 1923 esse,
1614 1888 1709 1927 prout

963 1949 1021 1972 nos
1045 1939 1078 1971 in
1108 1939 1229 1971 dictum
1254 1948 1364 1971 casum
1390 1942 1420 1970 et
1451 1942 1598 1969 eventum
1620 1946 1710 1968 amo-

963 2003 1089 2032 vemus;
1112 2003 1148 2025 ac
1168 1992 1289 2035 regulis
1309 1991 1348 2024 de
1369 1989 1476 2023 annali
1502 1995 1532 2022 ct
1560 1988 1711 2021 triennali

962 2056 1146 2090 possessore
1167 2051 1197 2078 et
1211 2045 1281 2077 aliis
1302 2043 1476 2087 privilegiis
1496 2041 1712 2084 remediisque

962 2099 1236 2142 quibuscumque,
1263 2097 1359 2130 etiam
1395 2096 1427 2128 in
1462 2105 1597 2138 corpore
1632 2095 1712 2127 iuris

962 2153 1088 2193 clausis,
1109 2153 1227 2196 quihus
1248 2150 1361 2183 diutini
1386 2149 1619 2182 beneficiorum
1639 2158 1711 2191 pos-

962 2217 1101 2240 sessores
1120 2212 1268 2245 utuntur,
1293 2204 1459 2247 potiuntur
1492 2208 1522 2234 et
1556 2202 1707 2244 gaudent,

963 2260 1019 2301 uti,
1043 2260 1139 2303 potiri
1165 2265 1194 2292 et
1227 2259 1367 2299 gaudere
1388 2267 1452 2288 non
1471 2266 1576 2299 posse,
1598 2255 1709 2298 quavis

961 2313 1056 2346 etiam
1077 2312 1252 2355 longissimi
1274 2309 1427 2353 temporis
1455 2307 1710 2352 praescriptione

961 2366 1096 2399 minime
1133 2365 1290 2399 obstante,
1330 2373 1441 2395 verum
1480 2361 1607 2394 eosdem
1649 2371 1708 2404 pro

960 2419 1076 2452 amotis
1096 2424 1126 2451 et
1147 2417 1285 2461 expulsis
1306 2415 1469 2448 habendos
1493 2424 1561 2447 esse
1581 2405 1708 2447 escen-

961 2469 1035 2508 seri;
1049 2467 1227 2510 amotisque
1243 2472 1270 2497 et
1288 2464 1426 2507 expulsis
1440 2463 1599 2497 actionem
1612 2463 1706 2506 spolii

960 2529 1018 2551 nec
1042 2517 1174 2550 Umicri
1195 2516 1239 2547 rel
1263 2514 1350 2546 aliud
1371 2513 1503 2556 quodvis
1524 2512 1704 2545 remedium

960 2565 1191 2610 posses-:orium
1223 2563 1286 2595 sive
1313 2561 1497 2605 petitorium
1522 2565 1706 2604 competere

959 2617 1016 2647 seu
1036 2615 1175 2656 desuper
1194 2617 1365 2655 propterea
1385 2620 1479 2653 agere
1502 2620 1568 2643 non
1583 2609 1700 2642 valere.

1615 214 1680 255 3⁶23
1735 224 1787 256 Anss
1805 226 1832 255 C.
1847 225 1916 254 meo
