2059 3228
90 197 142 225 An.
161 199 180 228 c
205 198 272 231 15⁸7

336 186 398 221 ¹33⁷*

290 247 506 293 professionis„
529 247 626 279 licere
644 246 903 289 quibuscumque
925 243 1037 277 iudici-

287 303 347 334 bus
367 307 393 334 et
416 300 525 337 curiis,
543 299 637 332 ctiam
659 297 890 337 saecularibus,
902 297 940 330 ad
957 307 1038 340 quos

285 366 338 387 scu
365 364 444 396 quas
475 358 613 396 spectat,
644 357 756 385 contra
780 361 850 391 eos,
874 356 909 384 ut
934 350 1034 394 prius,

284 407 363 440 iuris
383 412 413 439 ct
434 406 505 438 sarii
528 405 678 438 remediis
699 404 905 448 opportunis,
932 414 969 436 ex
989 403 1036 435 ot'-

284 460 357 493 ticio
383 460 429 492 ve!
451 459 489 492 ad
521 459 757 502 cuiuscumque
784 457 967 491 instantiam
988 456 1035 489 vel

285 513 450 556 querclam
477 512 626 552 civiliter,
650 511 861 545 criminaliter
885 516 939 544 aut
960 509 1036 543 mix-

283 567 337 599 tim
355 566 541 609 procedere.
558 565 662 604 Quare
674 564 823 597 volumus
833 569 868 597 ut
878 562 1036 605 cuiusque

281 620 405 652 iuvenis
418 625 473 652 aut
492 619 549 652 riri
567 619 697 652 maioris
709 629 760 652 xv1
773 618 877 658 annis,
888 628 905 650 a
918 617 1035 650 saeculo

280 673 319 705 ad
358 672 558 715 Religionem
590 672 788 705 transeuntis
821 670 1033 715 approbatio,

281 726 434 759 admissio
448 731 477 758 et
498 725 656 770 receptio,
678 725 711 758 in
731 724 875 768 generali
895 724 943 757 vel
959 733 1035 767 pro-

281 779 406 813 vinciali
428 779 583 823 capitulo,
598 785 633 812 ut
652 789 750 822 supra
766 778 954 812 ordinatum
973 782 1032 817 est,

283 844 342 877 pro
371 839 516 877 tempore
545 833 642 874 tiant;
669 843 800 866 necnon
826 831 969 875 religiosi
991 831 1034 863 sic

282 887 403 931 recepti
436 897 554 920 nomen
586 893 616 920 et
644 897 824 930 cognomen
855 886 973 930 quibus
1002 884 1034 917 in

283 941 412 974 saeculo
429 941 592 981 utebatur,
615 946 643 974 et
665 940 768 985 patria
788 940 820 973 in
840 940 918 972 actis
934 938 1035 983 ipsius

283 994 417 1038 capituli
438 994 664 1027 describantur
689 1000 719 1027 et
738 999 904 1027 notentur.

327 1048 342 1091 ἓ
361 1048 391 1081 6.
415 1048 451 1080 Et
472 1048 605 1091 insuper
621 1058 846 1091 quoscumque
868 1045 1035 1089 religiosos

87 1107 271 1167 Ρῐξὶεῐίῐὲῑείυηξῑέουὶ
284 1112 463 1145 eorumque
488 1102 687 1145 superiores,
709 1101 902 1144 quialiquas
926 1110 1034 1144 perso-

86 1173 173 1192 huntur.

283 1166 352 1197 nas,
380 1162 415 1188 ut
440 1156 563 1189 dictum
584 1162 648 1196 est,
676 1155 834 1188 inhabiles
854 1159 926 1199 post
951 1154 1033 1186 hanc

284 1209 552 1243 constitutionem
568 1209 764 1253 public-atam
778 1208 970 1252 receperint,
984 1218 1033 1240 vo-

284 1274 318 1297 ce
334 1264 434 1296 activa
449 1268 478 1296 ct
499 1263 633 1307 passiva,
653 1272 781 1295 necnon
792 1261 916 1301 officiis,
931 1261 1035 1304 gradi-

284 1318 355 1358 bus,
382 1316 561 1350 honoribus
595 1322 625 1349 et
666 1315 877 1359 dignitatibus
901 1314 1034 1357 quibus·

284 1382 426 1414 cumque
451 1382 509 1415 per
529 1381 582 1403 eos
608 1369 748 1403 obtentis
769 1380 807 1403 eo
827 1369 897 1413 ipso
917 1368 949 1400 in
965 1378 1034 1412 per-

285 1431 418 1468 petuum
442 1424 620 1468 privamus,
649 1429 679 1456 ct
703 1429 769 1456 tam
796 1422 858 1456 illis
882 1422 1033 1467 privatos,

284 1473 382 1521 quatit
401 1478 441 1511 ad
461 1478 514 1510 itta
534 1483 564 1510 et
585 1477 648 1509 alia
668 1487 895 1520 quaecumque
919 1476 951 1508 in
977 1486 1035 1519 po-

284 1537 407 1565 sterum
429 1530 604 1564 obtinenda
629 1536 789 1574 perpetuo
810 1529 969 1562 inhabiles
985 1540 1038 1560 eo—

285 1596 422 1630 rumque
444 1585 614 1628 incapaces
640 1583 846 1617 decernimus
875 1589 905 1616 et
929 1583 1036 1616 decla-

285 1650 407 1672 ramus.

330 1693 396 1737 57.
424 1693 484 1726 Sed
504 1697 534 1725 et
560 1692 635 1737 quia
661 1691 825 1725 interdum
854 1696 979 1724 satanas
1005 1689 1037 1722 in

884 188 1063 215 nt'tJ.An1mt
1083 188 1232 212 nomnen

1081 247 1227 285 receptos
1246 239 1355 273 fuisse.
1375 239 1586 273 Prohibemus
1603 239 1714 274 eodem
1729 238 1826 272 modo

1080 302 1175 340 atque
1206 293 1431 328 interdicimus
1472 303 1513 326 ne
1556 293 1628 336 quis
1668 292 1827 336 regularis

1080 361 1117 383 ex
1161 359 1225 382 una
1254 347 1421 392 provincia
1446 346 1486 379 ad
1507 345 1601 380 aliam
1628 346 1827 391 provinciam

1080 403 1129 436 sui
1171 401 1299 435 Ordinis
1333 399 1542 439 transeundo,
1579 400 1673 432 etiam
1712 400 1745 433 in
1777 399 1829 433 iti-

1080 466 1170 497 nere,
1189 455 1272 488 intra
1287 454 1419 498 aliquod
1434 452 1678 493 monasterium,
1693 453 1826 486 domum

1078 510 1126 542 rel
1146 510 1255 542 locum
1275 507 1410 541 alterius
1428 506 1614 550 provinciae
1627 506 1666 538 ad
1681 505 1828 540 habitan-

1079 563 1167 602 dum,
1187 562 1235 595 vel
1252 567 1416 605 tamquam
1435 561 1554 604 hospes
1572 559 1688 603 recipi,
1708 564 1764 592 aut
1787 559 1826 592 ad

1079 616 1245 650 modicum
1260 621 1389 660 tempus
1408 615 1564 648 divertere
1585 613 1697 658 possit,
1718 611 1781 646 nisi
1809 623 1828 645 a

1078 670 1247 713 superiore
1267 669 1335 702 eius
1355 668 1419 702 loci
1438 668 1494 702 ubi
1514 667 1633 701 residet
1645 676 1826 712 expressam

1078 723 1241 756 licentiam
1267 721 1477 756 discendendi
1507 721 1540 754 in
1565 720 1694 764 scriptis
1714 720 1826 753 obten-

1078 782 1154 816 tam,
1172 787 1227 810 seu
1242 776 1365 810 litteras
1380 775 1584 809 obedientiae
1600 774 1648 807 vel
1661 783 1826 807 commen-

1077 830 1203 863 datitias
1217 841 1327 864 secum
1347 829 1470 863 deserat
1488 834 1585 872 atque
1605 827 1763 868 exhibeat,
1778 827 1827 860 vel

1077 883 1137 916 nisi
1155 884 1200 916 ita
1219 883 1368 927 cognitus
1383 883 1423 916 sit
1442 883 1493 923 iis,
1509 882 1548 915 ad
1563 892 1644 926 quos
1653 880 1826 921 diverterit,

1077 943 1113 970 ut
1132 938 1172 970 de
1191 938 1261 971 eius
1280 947 1418 982 persona
1438 937 1548 970 nullus
1573 935 1707 969 omnino
1731 934 1825 968 dubi-

1078 991 1189 1024 tationi
1209 997 1265 1025 aut
1288 991 1463 1035 suspicioni
1488 991 1580 1024 locus
1603 989 1823 1032 relinquatur:

1077 1045 1214 1089 ideoque
1235 1045 1454 1089 praecipimus
1466 1043 1624 1077 universis
1643 1048 1671 1076 et
1691 1042 1827 1086 singulis

1076 1099 1223 1132 locorum
1253 1098 1424 1132 ordinariis
1444 1107 1623 1141 eorumque
1647 1096 1776 1130 vinariis
1795 1096 1826 1129 in

1076 1151 1298 1196 spiritualibus
1317 1151 1534 1194 generalibus,
1554 1156 1587 1184 ut
1609 1160 1668 1194 per
1686 1160 1763 1184 suos
1781 1150 1827 1183 os-

1077 1205 1209 1246 ticialeS,
1232 1205 1398 1238 ministros
1425 1205 1473 1237 vel
1502 1210 1692 1238 executores
1712 1210 1827 1237 curent

1076 1258 1116 1291 ab
1136 1259 1288 1292 omnihus
1308 1258 1455 1302 personis
1479 1258 1620 1301 regulari
1644 1257 1757 1291 habitu
1776 1257 1827 1290 in-

1077 1312 1173 1354 dutis,
1195 1324 1275 1356 quas
1299 1323 1357 1356 per
1376 1323 1449 1345 suas
1470 1312 1612 1345 civitates
1630 1312 1679 1345 vel
1699 1311 1826 1345 dioece-

1078 1377 1127 1399 ses
1146 1367 1207 1400 iter
1227 1368 1332 1400 facere
1359 1367 1408 1400 vel
1434 1366 1581 1407 transire,
1604 1371 1635 1399 et
1659 1366 1696 1399 ad
1727 1375 1827 1408 quae-

1078 1431 1218 1463 cumque
1244 1420 1384 1464 hospitia
1408 1421 1457 1453 vel
1486 1419 1661 1453 diversoria
1687 1429 1720 1452 se
1744 1418 1827 1452 reci-

1078 1484 1154 1517 pere
1176 1473 1358 1516 contigerit,
1384 1473 1556 1517 diligenter
1574 1471 1717 1517 perquiri
1750 1482 1826 1505 num

1079 1528 1265 1560 huiusmodi
1290 1528 1411 1560 litteras
1440 1527 1641 1560 obedientiae
1666 1537 1722 1559 seu
1741 1537 1828 1559 com-

1079 1580 1282 1614 mendatitias
1306 1592 1415 1614 secum
1436 1580 1591 1614 deserant.
1619 1579 1709 1619 Quod
1730 1580 1755 1613 si
1774 1589 1829 1613 eos

1079 1634 1180 1667 dictas
1200 1634 1322 1667 litteras
1338 1645 1402 1667 non
1419 1634 1537 1666 habere
1547 1634 1596 1666 vel
1617 1634 1742 1676 ignotos
1761 1643 1829 1667 csse

1079 1687 1354 1732 deprehenderint
1373 1714 1380 1728 ‚
1411 1687 1534 1731 possint
1571 1692 1683 1720 contra
1720 1686 1826 1730 ipsos,

1080 1742 1175 1775 etiam
1207 1747 1360 1786 tanquam
1385 1741 1546 1775 dictorum
1576 1740 1750 1774 criminum
1777 1751 1829 1774 su-

1080 1801 1226 1839 spectos,
1254 1795 1452 1839 procedere,
1482 1802 1513 1828 ct
1531 1794 1654 1828 tamdiu
1677 1794 1750 1827 illos
1769 1793 1828 1827 suh

1082 1849 1226 1882 custodia
1246 1849 1401 1888 detinere,
1419 1849 1521 1882 donec
1541 1854 1626 1881 certa
1650 1847 1689 1881 de
1708 1838 1841 1881 eisdem⁴

1082 1903 1195 1936 notitia
1224 1903 1402 1942 babeatur;
1429 1908 1459 1935 et
1485 1907 1593 1934 tamen
1621 1901 1770 1934 volumus
1792 1905 1829 1934 ut

1082 1957 1131 1997 iis,
1163 1956 1218 2000 qui
1242 1956 1338 1989 eiiam
1368 1955 1497 1999 pietatis
1529 1955 1577 1988 vel
1602 1953 1830 1998 hospitalitatis

1083 2015 1271 2054 praetextu,
1298 2009 1463 2052 regulares
1491 2008 1625 2042 alterius
1648 2007 1831 2052 provinciae

1084 2064 1230 2107 ignotos,
1253 2070 1310 2096 aut
1338 2063 1406 2096 sine
1432 2062 1561 2096 licentia
1577 2063 1625 2096 vel
1646 2062 1775 2102 litteris,
1796 2066 1832 2094 ut

106 1757 232 1792 'Regnare-s
247 1756 272 1791 qe
287 1747 438 1790 angelum
458 1746 540 1779 lucis
561 1757 594 1779 se
614 1745 730 1779 callide
755 1744 975 1788 transfigurat,
1002 1753 1038 1776 ac

90 1793 131 1808 nna
164 1793 274 1814 provnicta

92 1821 116 1839 aa
145 1819 206 1839 anam
243 1820 273 1838 ευ,
288 1799 402 1844 perditi
436 1800 567 1844 quidam
600 1805 631 1833 et
662 1799 834 1832 facinorosi
869 1797 1037 1837 homines,

91 1850 275 1907 ἳιζζξζῒςυῑιζζξιζ
288 1855 374 1897 quod
410 1865 505 1898 saepe
535 1853 674 1886 vidimus
702 1860 731 1885 et
767 1853 887 1896 experti
915 1862 1037 1890 sumus,

93 1919 138 1963 τὲπι
166 1912 274 1963 'icfflss'sg
292 1907 461 1951 instigante
483 1907 616 1950 antiquo
640 1906 728 1950 pacis
748 1913 779 1939 et
799 1905 962 1948 religionis
984 1905 1041 1937 ho-

93 1949 187 2010 iei'ie‘i'm
214 1950 275 1994 auo‘-
291 1967 353 2002 ste,
382 1971 446 1994 non
470 1961 560 1994 veriti
591 1966 664 1993 sunt
693 1959 864 1993 temerario
885 1969 966 1991 ausu
985 1958 1040 1991 ha-

92 2012 161 2063 fflsspi
182 2005 276 2063 ζοξζξὲἶ
291 2015 392 2047 bitum
427 2013 653 2057 religiosorum
685 2024 848 2046 assumere
873 2023 909 2045 ea
934 2017 1041 2044 mente

95 2067 276 2101 ³¹¹'1‘³¹⁸¹⁰⁰³’.-
294 2074 339 2108 ut,
365 2069 463 2102 vetuti
492 2069 551 2101 sub
576 2068 672 2101 ovina
702 2066 786 2111 pelle
813 2066 881 2110 lupi
910 2076 1042 2109 rapaces

95 2102 138 2116 rum
166 2106 176 2117 υ
206 2099 209 2102 ”
253 2099 256 2101 ’

95 2101 277 2150 ειηεωῐέιίῗπῗωξ
293 2132 352 2166 por
382 2121 493 2154 dolum
525 2127 555 2154 et
580 2120 711 2154 insidias
743 2119 967 2153 christifideles
992 2118 1042 2151 in-

295 2181 406 2208 cautos
425 2181 455 2208 et
475 2175 555 2207 niliil
576 2174 651 2207 mali
670 2173 856 2216 areligiosis
876 2172 1042 2216 suspican-

294 2235 360 2269 tes,
387 2229 628 2273 opprimerent,
659 2229 724 2261 sive
750 2233 784 2260 ut
819 2233 892 2271 post
922 2226 1043 2259 scelera

295 2289 496 2326 perpetrata,
530 2282 613 2315 viam
643 2281 821 2314 faciliorem
859 2280 898 2313 ad
937 2280 1043 2322 sugam

296 2335 461 2376 haberent,
474 2335 537 2368 sive
549 2341 584 2368 ut
593 2334 718 2368 banniti
732 2334 841 2367 curiae
855 2332 1042 2371 saecularis,

297 2395 378 2427 quae
399 2395 454 2417 eos
484 2384 721 2429 propemodum
746 2383 944 2427 interceptos
970 2392 1044 2425 per-

297 2433 504 2476 sequebatur,
519 2443 635 2466 manus
650 2433 841 2475 effugerent,
863 2439 893 2464 et
913 2430 1046 2473 contigit

298 2483 471 2526 aliquando
499 2482 585 2526 ipsos
607 2482 754 2522 sicarios,
775 2479 932 2523 religiosis
951 2480 1045 2513 vesti-

299 2529 358 2563 bus
383 2530 510 2564 indutos
537 2541 555 2564 a
573 2530 657 2565 reris
676 2529 834 2574 religiosis
853 2529 913 2562 liac
933 2529 1046 2570 fraude

300 2578 453 2625 deceptis,
481 2579 564 2613 intra
588 2580 703 2614 domus
722 2578 887 2624 regulares
906 2577 1046 2623 hospitio

1084 2128 1194 2161 supra,
1216 2116 1409 2161 receperint,
1430 2116 1529 2150 dic-tas
1547 2125 1666 2160 poenas
1677 2114 1830 2159 privatio-

1084 2171 1135 2204 nis
1150 2171 1238 2204 vocis
1266 2170 1385 2204 activae
1405 2175 1433 2203 ct
1455 2169 1610 2214 passivae,
1636 2178 1764 2202 necnon
1783 2169 1832 2202 ot'·

1085 2225 1246 2264 liciorum,
1267 2225 1439 2268 graduum,
1466 2224 1628 2256 honorum
1645 2229 1675 2256 et
1695 2221 1833 2266 dignita-

1086 2284 1152 2311 tum
1175 2278 1383 2311 obtentorum
1405 2283 1500 2321 atque
1524 2275 1735 2310 inhabilitatis
1758 2285 1833 2320 per-

1086 2337 1203 2376 petuae
1223 2331 1344 2375 pariter
1364 2331 1544 2364 incurrant
1665 2331 1670 2337 “

1131 2380 1186 2424 ξ8.
1204 2380 1418 2413 Deceruentes
1429 2379 1473 2411 sic
1488 2378 1517 2411 in
1529 2378 1714 2422 praemissis
1728 2377 1833 2411 omni-

1087 2429 1148 2462 bus
1179 2439 1238 2473 per
1271 2438 1494 2473 quoscumque
1525 2427 1661 2460 iudicari
1695 2427 1832 2468 debere,

1087 2488 1147 2511 nec
1167 2487 1232 2511 non
1252 2477 1377 2510 irritum
1398 2483 1430 2510 et
1449 2476 1543 2510 inane
1567 2476 1592 2509 si
1612 2486 1704 2509 secus
1720 2486 1738 2508 a
1757 2483 1836 2518 quo-

1087 2538 1202 2570 quam,
1233 2526 1345 2571 quavis
1381 2525 1584 2566 auctoritate,
1619 2524 1756 2558 scienter
1785 2523 1835 2557 vel

1088 2576 1285 2621 ignoranter,
1307 2574 1477 2624 contigerit
1495 2573 1656 2609 attentari.

1873 2389 1973 2412 nemus
1984 2379 1996 2399 Γ

1847 2422 1941 2443 irritans.
