2059 3228
63 202 177 235 culm

795 202 971 228 nntzoomtis
994 202 1049 225 xtlt
1071 202 1118 227 ΓΡ.

1619 193 1682 226 427

190 257 258 294 rius
286 259 544 297 confirmatione,
575 257 818 302 appiobatione,
851 268 937 291 eom-
955 285 960 294 .
979 262 1041 290 tam
1064 258 1095 290 in
1117 257 1218 300 capite
1239 269 1334 301 quam
1361 258 1390 291 iu
1424 258 1588 298 membris,
1620 259 1727 303 inqui-

189 311 352 352 missione,
381 311 510 344 lieentia
530 312 576 344 vel
599 322 770 350 consensu,
798 322 907 345 curam
926 338 933 351 ,

187 365 332 409 regimen
357 371 387 398 et
407 364 719 397 administrationem
753 364 935 408 provinciae

186 416 289 451 Fluvii
317 416 459 451 Ianuarii
489 428 525 449 ae
559 417 636 450 cleri
660 428 697 450 ae
726 417 838 462 populi
871 422 935 449 tam

186 470 355 505 christiani
395 481 493 514 quam
521 470 669 513 gentilis,
690 480 814 504 necnon
841 470 934 514 oppi-

186 523 314 564 dorum,
332 528 492 556 terrarum
509 529 539 556 et
559 524 705 556 locorum
728 523 759 555 in
785 522 870 555 illius
889 523 934 555 di-

186 576 320 617 strictu,
351 576 505 609 limitibus·
532 583 562 610 et
589 575 735 609 terminis
764 575 934 619 praedietis

185 628 432 663 consistentium
448 629 580 668 habere,
602 641 637 662 ae
650 629 727 662 inibi
749 629 933 672 praedicare

185 688 216 717 et
235 682 414 727 praedicari
446 684 562 723 facere,
585 683 785 725 gentilesque
805 682 932 725 praedi-

184 741 252 770 ctos
262 736 300 769 ad
311 737 497 769 orthodoxa?
509 736 582 769 fidei
593 737 717 769 cultum
733 742 930 774 convertere,

184 794 216 823 et
241 799 412 823 conversos
438 789 471 822 in
499 789 609 822 eadem
636 789 698 822 fide
723 789 883 822 instruere
903 794 933 822 et

183 842 396 882 confirmare,
427 841 536 885 eisque
560 842 714 885 Baptismi
742 842 876 884 gratiam
902 848 930 875 et

182 894 446 928 Confirmationis
465 901 703 928 sacramentum
728 895 929 938 impendere,

183 959 221 981 ae
240 954 305 982 tam
325 948 389 982 illis
407 948 453 982 sic
467 949 630 981 conversis
640 959 736 991 quam
749 949 819 981 aliis
830 949 933 982 omni-

182 1001 244 1034 hus
266 1001 416 1035 fidelihus
432 1001 464 1034 in
487 1001 652 1045 provincia
668 1001 770 1034 Fluvii
790 1002 931 1035 Ianuarii

183 1063 221 1087 ac
239 1053 328 1088 iltius
346 1054 488 1097 oppidis,
510 1055 615 1095 terris,
637 1055 730 1095 villis,
758 1055 848 1095 locis,
870 1060 933 1088 ter-

182 1105 315 1147 ritoriis,
347 1107 508 1146 districtu,
538 1107 697 1140 limitibus
725 1113 756 1140 et
785 1102 952 1141 terminis

181 1159 356 1203 praedietis
374 1171 433 1204 pro
454 1166 599 1204 tempore
619 1161 822 1203 degentibus,
849 1168 877 1194 et
893 1172 931 1194 eo
951 1156 953 1184 ἶ

180 1212 420 1246 declinantibus
439 1220 640 1247 sacramenta
664 1215 882 1248 ecclesiastica
902 1221 932 1247 et
950 1206 954 1224 '

181 1266 245 1299 alia
270 1266 453 1310 spiritualia
487 1267 622 1307 munia,
655 1278 720 1301 non
757 1274 864 1301 autem
895 1260 952 1313 ea]

132 1338 139 1344 ·
180 1330 265 1363 quae
281 1326 358 1353 sunt.
376 1321 514 1361 ordinis,
537 1326 572 1353 ut
603 1322 787 1365 praefertur
809 1348 816 1361 ,
839 1322 932 1355 mini-
951 1315 953 1345 Ῐ

181 1377 284 1406 strare
303 1378 335 1407 et
349 1373 570 1407 administrari
584 1374 678 1407 etiam
691 1375 796 1408 facere
816 1381 845 1408 et
863 1386 933 1419 pro-

182 1436 310 1467 curare;
331 1437 369 1460 ac
388 1438 614 1472 quaecumque
643 1427 800 1460 beneficia
828 1429 932 1462 eccle-

181 1478 310 1512 siastiea
319 1480 379 1513 sub
389 1480 590 1524 separatione
603 1486 633 1514 et
649 1481 933 1515 dismembratione

181 1530 370 1566 huiusmodi
395 1534 642 1578 comprehensa,
676 1539 706 1566 et
732 1545 816 1578 quae
840 1540 933 1567 antea

182 1585 222 1618 ad
241 1585 344 1629 ipsius
358 1586 503 1630 episcopi
515 1586 622 1619 Sancti
643 1586 817 1620 Salvatoris
836 1588 932 1620 colla-

181 1638 315 1680 tionem,
344 1639 582 1683 provisionem,
615 1640 848 1673 institutionem
877 1652 933 1674 seu

182 1693 329 1734 quamvis
348 1693 444 1726 aliam
456 1693 701 1737 dispositionem
716 1693 931 1737 pertinebant,

183 1745 253 1778 iure
272 1750 380 1779 tamen
401 1751 591 1789 patronatus
607 1746 794 1779 Sebastiano
825 1753 852 1779 et
875 1758 933 1790 pro

183 1803 330 1842 tempore
351 1799 496 1832 existenti
518 1799 586 1842 regi
621 1800 786 1843 praedicto
806 1800 845 1832 ad
866 1801 933 1844 ipsa

181 1850 340 1885 beneficia
360 1862 397 1885 ex
412 1852 582 1895 privilegio
603 1853 779 1896 apostolico
798 1854 845 1885 vel
857 1853 934 1886 alias

181 1904 427 1947 quomodolibet
461 1911 665 1949 competente
693 1917 821 1950 semper
848 1907 933 1939 salvo

183 1961 215 1989 et
229 1956 339 1991 illaeso
358 1964 557 1998 remanente,
583 1960 730 1992 conferre
751 1965 781 1992 et
813 1959 852 1992 de
873 1960 933 1992 illis

183 2009 367 2053 disponere,
389 2016 420 2044 et
443 2011 476 2043 in
502 2011 547 2044 eis
577 2011 768 2051 instituere3
791 2012 907 2045 calices
924 2039 931 2053 ‚

184 2073 367 2106 campanas,
388 2064 591 2105 vestimenta,
614 2066 796 2109 corporalia
822 2072 852 2098 et
872 2066 934 2099 alia

183 2122 371 2158 paramenta
385 2122 416 2150 et
427 2124 617 2151 ornamenta
630 2118 847 2151 ecclesiastica
862 2129 935 2152 con-

185 2178 309 2201 servare
322 2174 353 2202 et
366 2169 575 2211 benedicere;
591 2171 755 2211 eeclesias,
777 2178 935 2205 coemete—

186 2219 233 2253 ria
245 2226 276 2253 et
293 2221 365 2254 loca
384 2223 600 2256 ecclesiastica
618 2250 626 2263 ,
649 2224 816 2267 sanguinis
835 2231 866 2258 et
884 2236 934 2258 se-

184 2273 281 2306 minis
299 2274 455 2308 effusione
483 2276 549 2309 sive
578 2277 657 2309 alias
688 2278 932 2321 quomodolibet

183 2327 311 2370 polluta
339 2328 389 2360 vel
418 2329 608 2370 profanatas
633 2341 716 2372 aqua
743 2341 800 2373 pei·
826 2331 931 2374 ipsum

183 2378 354 2413 benedicta
372 2381 593 2421 reconciliare3
615 2393 764 2426 ipsasque
784 2385 935 2417 ecelesias

182 2432 217 2460 et
239 2428 311 2461 loca
335 2429 395 2460 sub
425 2428 494 2461 eius
530 2429 675 2463 districtu
701 2432 934 2474 comprehensa

184 2487 224 2510 ae
235 2476 366 2511 illorum
383 2487 538 2521 personas
547 2477 686 2519 visitare,
708 2480 787 2512 acin
803 2480 934 2513 illorum

182 2531 317 2567 statum,
336 2527 492 2569 regimen,
515 2532 643 2567 statuta,
670 2529 932 2569 eonsuetudines,

978 321 1060 348 rere;
1083 321 1220 345 necnon„
1237 313 1437 353 twmigt-lirzu:
1471 318 1499 345 el
1528 312 1725 356 apostoncae

976 363 1141 396 doetrinae,
1161 375 1392 407 sacrorumque
1425 376 1587 399 canonum
1613 371 1643 400 et
1669 376 1725 409 ge-

976 416 1134 448 neralium
1161 417 1372 449 ‹oxwiliorum
1405 419 1543 452 ‹leci-inis
1571 425 1602 452 et
1633 419 1726 452 insti-

977 469 1050 501 tutis
1071 470 1283 504 inlmerendo,
1297 476 1325 501 et
1348 477 1442 513 prout
1456 472 1581 506 occasio
1598 483 1725 505 rerum-

974 532 1037 565 que
1050 522 1188 565 qualitas
1211 522 1361 563 exegerit,
1380 534 1605 568 quaecumque
1622 531 1724 558 muta-

976 575 1072 615 tione,
1083 575 1293 614 correctione,
1301 577 1536 615 emendatione,
1545 579 1724 620 punitione,

975 628 1175 661 revocatione
1210 639 1246 661 ac
1288 629 1382 662 etiam
1419 642 1454 662 ex
1497 637 1620 672 integro
1655 632 1724 666 edi-

975 681 1060 714 tione
1085 681 1228 724 indigere
1244 682 1441 724 eoguorerit,
1460 684 1724 725 rosvinum-emiu-

974 740 1054 770 tare,
1077 735 1252 775 corrigere,
1276 735 1392 778 punire
1413 742 1443 768 et
1463 736 1558 768 etiam
1581 738 1619 770 de
1639 749 1722 772 noro

973 787 1125 826 condere,
1157 797 1284 821 necnon
1321 788 1526 821 beneficiales
1556 791 1722 823 matrimo-

973 840 1139 884 nialesque
1155 847 1185 873 et
1197 852 1420 884 quascumque
1435 841 1512 874 alias
1527 843 1720 876 ecclesiasti-

973 904 1025 925 cas
1041 899 1070 926 et
1091 893 1210 933 civiles,
1231 899 1261 926 et
1280 894 1320 926 ad
1338 894 1444 926 forum
1466 895 1720 928 ecclesiasticum

972 947 1215 988 quomodolibet
1250 948 1448 990 pertinentes
1469 958 1597 987 causas,
1620 955 1721 981 motas

973 1005 1001 1032 et
1031 999 1198 1033 inchoatas
1223 1012 1259 1033 ac
1288 1001 1417 1033 interim
1443 1002 1629 1042 movendas,
1646 1014 1719 1035 cum

973 1063 1083 1085 earum
1097 1053 1323 1093 incidentibus,
1339 1054 1605 1097 dependentibus,
1619 1066 1722 1088 emer-

972 1106 1144 1148 gentibus,
1170 1106 1303 1139 annexis
1333 1113 1361 1140 ct
1392 1108 1564 1146 connexis,
1587 1109 1717 1146 audire,

972 1159 1120 1192 decidere
1141 1165 1169 1192 et
1191 1159 1254 1192 sine
1275 1160 1393 1201 debito,
1412 1167 1505 1204 prout
1520 1161 1599 1194 iuris
1614 1162 1719 1201 suerit,

972 1213 1160 1248 terminare:
1179 1224 1235 1246 seu
1265 1224 1377 1246 causas
1403 1215 1487 1258 ipsas
1507 1215 1560 1247 alii
1580 1216 1628 1248 vel
1649 1216 1721 1248 aliis

973 1264 1107 1304 idoneis,
1136 1267 1232 1299 modo
1269 1272 1297 1299 et
1333 1268 1435 1300 forma
1464 1268 1650 1312 praedictis,
1684 1280 1721 1302 ae

973 1329 1046 1350 cum
1065 1319 1163 1351 simili
1192 1320 1240 1352 vel
1260 1320 1394 1353 limitata
1422 1326 1577 1364 potestate
1601 1322 1722 1365 pariter

972 1371 1160 1413 audiendas,
1191 1373 1384 1406 decidendas
1418 1379 1449 1407 et
1476 1375 1719 1413 terminandas,

973 1424 1133 1463 delegare:
1161 1436 1199 1458 ac
1219 1426 1359 1470 denique
1382 1428 1524 1471 plenam,
1548 1439 1669 1461 meram
1691 1435 1723 1461 et

973 1478 1191 1511 omnimodam
1203 1479 1404 1522 spiritualem
1422 1487 1450 1513 ct
1468 1482 1721 1514 ecclesiasticam

972 1542 1008 1563 ae
1021 1531 1216 1564 ordinariam
1234 1533 1503 1571 iurisdietionem,
1528 1540 1589 1566 tani
1608 1535 1638 1566 in
1651 1537 1720 1567 l'oro

973 1583 1118 1617 interiori
1139 1596 1235 1628 quam
1256 1586 1420 1625 exteriori,
1439 1587 1570 1625 liaberess,
1594 1594 1623 1620 et
1649 1598 1720 1620 eam

972 1646 1009 1668 ac
1032 1637 1140 1669 onmia
1157 1643 1187 1670 et
1211 1638 1336 1681 singula
1354 1640 1427 1677 alizi,
1452 1651 1534 1682 quae
1556 1652 1613 1683 pro
1639 1647 1719 1674 tem-

973 1699 1051 1732 pore.
1071 1691 1208 1723 existens
1232 1692 1403 1735 episcopus
1424 1694 1529 1725 Sancti
1550 1694 1720 1726 Salvatoris

973 1742 1005 1774 in
1026 1743 1088 1775 illis
1108 1744 1254 1787 partibus
1274 1746 1429 1778 hactenns
1455 1746 1587 1783 habere,
1609 1758 1719 1789 gei-ew

974 1801 1004 1828 et
1022 1806 1172 1830 exercere
1197 1798 1321 1838 debuit,
1348 1799 1450 1841 potuit
1483 1805 1511 1831 et
1543 1802 1721 1839 consumi,

973 1849 1122 1882 similiter
1146 1855 1176 1883 et
1199 1851 1429 1895 paritormiter,
1452 1852 1605 1895 nullaque
1628 1864 1719 1895 proi*-

973 1913 1027 1934 sus
1046 1903 1239 1944 dill'erentia,
1261 1905 1401 1947 exceptis
1421 1911 1529 1937 tamen
1556 1905 1592 1937 iis
1622 1916 1717 1947 quae,

975 1955 1145 1988 utdictum
1161 1963 1218 1996 est,
1243 1963 1316 1990 sunt
1340 1958 1480 1998 ordinis,
1503 1964 1598 2001 prout
1620 1958 1719 1990 divini

972 2009 1080 2041 cultus
1095 2016 1293 2052 augumento
1310 2022 1346 2043 ae
1370 2011 1600 2054 ipsorumcleri
1621 2016 1649 2043 et
1662 2022 1719 2055 po-

973 2062 1040 2104 puli
1061 2063 1242 2096 animarum
1254 2065 1348 2096 saluti
1362 2065 1510 2107 expedire
1521 2066 1716 2106 cognoverit,

973 2125 1096 2158 gerere,
1125 2127 1284 2156 exercere,
1311 2118 1414 2149 facere
1438 2123 1466 2149 et
1497 2119 1611 2160 exequi
1642 2128 1717 2151 cum

973 2168 1123 2201 omnibus
1143 2169 1317 2212 etsingulis
1332 2170 1400 2202 aliis
1411 2170 1597 2213 privilegiis,
1614 2171 1717 2204 sacul-

974 2222 1103 2262 tatihus,
1137 2223 1404 2267 exemptionibus,
1429 2223 1642 2264 libertatibus,
1666 2225 1717 2258 iu-

973 2274 1232 2316 risdictionibus,
1254 2276 1517 2318 przeeminentiis,
1537 2276 1715 2318 favoribus,

972 2329 1095 2371 gratiis,
1119 2329 1269 2365 indultis,
1295 2329 1412 2372 quibus
1438 2329 1470 2362 in
1493 2331 1531 2363 de
1551 2330 1668 2364 Ormuz
1688 2336 1720 2365 et

973 2382 1164 2415 Mozambica
1188 2393 1223 2414 ae
1244 2382 1353 2415 ‘ilotola
1381 2393 1507 2416 necnon
1541 2384 1666 2417 Molueo
1686 2396 1719 2418 a-

974 2431 1090 2474 liisque
1121 2431 1291 2474 provinciis
1314 2436 1343 2463 et
1366 2432 1444 2464 locis
1472 2440 1598 2466 erectae
1618 2435 1720 2467 admi-

973 2480 1187 2517 nisn'ationes,
1203 2480 1371 2512 etillarum
1387 2492 1445 2523 pro
1457 2486 1602 2526 ternpore
1615 2483 1718 2526 depu-

973 2529 1030 2562 tati
1050 2529 1337 2569 administratores,
1354 2529 1499 2563 simililer
1510 2531 1718 2571 ordinariam,

183 2575 292 2617 vitam,
307 2575 400 2616 ritus,
417 2575 661 2616 mores,delicta
676 2577 931 2621 etdisciplinam,
953 2584 1006 2612 tut
1033 2580 1224 2622 praefertur,
1263 2578 1519 2613 iurisdictionem
1554 2579 1633 2613 inibi
1659 2580 1718 2613 ha-

1743 198 1791 226 An.
1809 200 1837 227 C.
1857 199 1924 226 ¹575
