2059 3228
133 245 187 276 An.
205 245 233 275 C.
249 246 314 275 1577

373 239 386 271 ‘l
395 238 436 271 (3⁵2

921 244 1098 269 nummum
1117 242 1268 267 ROMANUM

328 297 531 341 deputamus,
561 305 700 340 quorum
735 293 868 329 consilio
892 301 923 329 et
939 306 999 339 ope
1019 306 1073 327 su-
1091 301 1096 347 Ι
1114 294 1261 333 decretis,
1285 292 1382 327 etiam
1412 292 1532 327 iteratis
1563 291 1696 333 vicibus,
1726 303 1858 327 conces-

328 350 471 393 pradicta
491 355 522 382 et
544 349 607 381 alia
627 358 852 391 quaecumque
885 348 923 381 ad
944 348 1071 381 eosdem

325 403 358 435 in
380 402 514 444 collegio
529 400 744 434 admittendos
756 401 917 434 scholares
929 401 1071 434 retinen-

325 456 420 488 dosre
445 454 620 497 spectantia
649 458 755 496 agant,
791 459 931 487 statuant
960 459 991 486 et
1019 463 1072 486 or-

324 508 447 541 dinent.
486 507 602 540 Dantes
631 506 749 540 eisdem
781 512 812 540 et
838 517 897 551 pro
927 511 1071 549 tempore

325 559 533 593 existentibus
559 558 795 603 protectoiibus
823 559 951 602 plenam
976 564 1006 590 et
1035 558 1072 590 li-

322 612 433 645 beram
472 613 656 646 facultatem
682 617 712 645 et
740 612 975 650 auctoritatem,
1012 620 1071 654 pro

321 665 443 697 salubri
466 665 643 698 directione
675 671 707 698 et
730 664 971 698 conservatione
995 662 1071 696 dicti

322 718 451 760 collegii
481 718 634 762 illiusque
662 717 822 751 bonorum
843 722 874 750 et
903 726 1013 749 rerum
1033 726 1070 749 ac

320 771 456 811 iurium,
477 777 542 804 tam
579 771 798 815 spiritualium
823 780 919 813 quam
944 775 1070 813 tempo-

321 824 450 865 ralium,
475 834 680 864 oeconomos,
710 824 891 863 advocatOS,
913 832 1070 867 procura-

320 883 407 911 tores
424 878 568 921 aliosque
587 877 752 910 ministros
767 882 798 910 et
818 876 971 910 officiales
982 876 1016 908 in
1031 885 1069 908 eo

320 931 497 974 deputandi
517 931 766 974 amovendique,
797 935 827 963 et
857 929 936 963 alios
956 939 1069 962 eorum

321 984 394 1017 loco
406 983 597 1024 sufficiendi;
609 983 892 1025 ordinationesque
901 987 1068 1022 etstatuta,

320 1037 410 1070 licita
428 1042 536 1070 tamen
555 1042 586 1070 et
605 1037 738 1070 honesta
757 1035 920 1078 sacrisque
935 1034 1068 1068 canoni-

318 1088 381 1123 bus
413 1095 444 1123 et
476 1090 614 1123 concilio
661 1088 848 1122 Tridentino
885 1099 951 1121 non
973 1098 1071 1131 repu-

318 1143 462 1186 gnantia,
484 1143 621 1176 faciendi
648 1148 679 1176 et
716 1142 842 1182 edendi,
866 1150 968 1184 eaque
994 1151 1067 1173 cum

319 1196 423 1229 visum
443 1196 551 1236 suerit,
573 1195 755 1235 revocandi,
778 1194 983 1234 immutandi,
1000 1203 1070 1227 cor-

318 1249 458 1292 rigendi,
480 1249 606 1293 aliaque
627 1249 665 1281 de
681 1259 764 1282 novo
780 1247 952 1287 condendi,
965 1257 1066 1290 quae,

318 1307 491 1346 postquam
515 1302 609 1341 facta,
639 1301 735 1341 edita,
761 1305 921 1339 revocata,
948 1299 1068 1332 immu-

317 1355 385 1388 tata
403 1360 434 1388 et
463 1360 609 1388 correcta
639 1353 768 1393 fuerint,
789 1353 924 1397 perinde
956 1351 1068 1385 haberi

318 1408 467 1441 volumus
487 1418 523 1440 ac
539 1407 564 1440 si
589 1407 780 1440 auctorita-te
811 1405 986 1449 apostolica
1014 1415 1069 1448 ap-

317 1461 454 1505 probata
473 1465 504 1494 et
534 1460 724 1493 confirmata
746 1464 862 1498 essent,
884 1458 1004 1501 illaque
1029 1457 1069 1490 ab

317 1513 471 1547 omnibus
495 1513 688 1554 rectoribus,
721 1512 893 1555 magistris,
916 1511 1070 1544 scholari-

316 1567 379 1600 bus
403 1566 512 1600 aliisve
536 1566 682 1609 personis
708 1565 741 1598 in
765 1565 900 1608 collegio
928 1564 1068 1597 servien—

317 1620 404 1653 tibus
424 1625 454 1653 et
477 1618 734 1652 ministrantibus
766 1617 990 1651 inviolabiliter
1009 1617 1068 1650 ob-

318 1673 451 1713 servari;
465 1683 502 1705 ac
521 1673 609 1705 iuxta
623 1671 812 1704 eorumdem
826 1670 1067 1715 dispositionem

318 1737 338 1759 a
356 1725 523 1769 quibusvis
542 1724 716 1764 iudicibus,
750 1724 873 1756 sublata
894 1724 939 1756 eis
959 1723 1068 1767 quavis

1114 347 1168 387 sis,
1183 347 1368 391 approbatis
1388 352 1418 380 et
1437 347 1606 386 innovatis;
1621 345 1740 390 quibus
1756 346 1859 379 omni—

1113 401 1182 440 hus,
1221 400 1351 434 illorum
1389 405 1517 434 tenores
1543 399 1767 444 praesentibus
1798 410 1858 443 pro

1112 453 1308 486 sufficienter
1332 453 1488 497 expressis
1506 453 1671 493 habentes,
1697 452 1760 486 illis
1778 452 1857 486 alias

1112 505 1145 539 in
1156 517 1214 540 suo
1234 507 1350 540 robore
1361 505 1592 550 permansuris,
1608 507 1669 539 hac
1679 506 1746 539 vice
1760 506 1854 539 dum-

1112 565 1206 601 taxat,
1226 560 1410 604 specialiter
1429 564 1460 593 et
1483 570 1630 603 expresse
1650 559 1855 602 derogamus,

1112 613 1290 656 ceterisque
1310 612 1482 647 contrariis
1504 612 1776 657 quibuscumque.

1155 667 1239 699 Nulli
1259 677 1336 709 ergo
1355 666 1488 700 omnino
1512 665 1682 698 hominum
1702 669 1759 698 etc.

1154 719 1268 752 Datum
1289 720 1408 753 Romae
1434 719 1520 763 apud
1540 719 1692 752 Sanctum
1713 718 1855 758 Petrum,

1111 782 1194 805 anno
1222 771 1454 806 lucarnationis
1479 771 1660 805 dominicae
1684 770 1855 805 millesimo

1110 825 1367 868 quingentesimo
1388 825 1624 870 septuagesimo
1635 823 1781 868 septimo,
1797 823 1853 857 idi·

1109 878 1170 911 bus
1189 878 1338 918 ianuarii,
1361 878 1569 923 pontificatus
1583 877 1682 911 nostri
1699 887 1784 910 anno
1800 886 1830 909 v.

1149 936 1214 967 Dat.
1225 937 1272 967 die
1283 937 1320 968 13
1331 937 1459 967 ianuarii
1475 937 1562 974 1577,
1579 937 1682 976 pontif.
1697 945 1774 966 anno
1785 945 1815 967 v.

1434 1059 1534 1094 Lxlv.

1109 1132 1294 1166 Declaratio
1317 1129 1402 1175 quod
1417 1132 1521 1175 spolia
1547 1130 1749 1174 requlurium
1765 1133 1858 1164 extra

1153 1182 1296 1214 claustra
1314 1181 1508 1224 vagantium
1523 1183 1666 1223 spectant
1681 1179 1724 1212 ad
1737 1179 1776 1212 R.
1797 1178 1857 1212 Ca-

1154 1241 1277 1263 meram
1299 1226 1529 1273 Apostdlicam,
1545 1229 1641 1262 iuxta
1659 1228 1858 1262 constitutio·

1154 1289 1208 1311 nes
1226 1278 1326 1311 Pauli
1345 1277 1406 1311 III
1422 1282 1451 1310 et
1479 1277 1619 1310 aliorum
1636 1277 1857 1319 praedecesso·

1152 1338 1239 1360 rum.

1109 1406 1254 1442 Gregorius
1263 1407 1334 1442 Papa
1343 1406 1411 1439 xm.
1423 1406 1456 1434 ad
1465 1405 1624 1442 perpetuam
1636 1404 1678 1434 rei
1685 1404 1853 1434 memoriam.

1153 1477 1255 1511 Officii
1275 1477 1376 1513 nostri
1392 1481 1498 1521 partes
1513 1475 1625 1509 sedulo
1636 1480 1799 1519 praestare
1810 1480 1856 1508 te-

1109 1542 1225 1564 nemur
1244 1536 1280 1563 ut
1299 1530 1407 1570 dubia,
1423 1540 1521 1573 quae,
1535 1529 1574 1561 ab
1594 1528 1756 1571 aliquibus
1776 1527 1856 1561 falso

1109 1585 1168 1617 sub
1188 1589 1355 1628 praetextu
1386 1583 1435 1616 vel
1460 1582 1555 1615 nimis
1589 1581 1749 1615 subtiliter
1772 1581 1857 1615 exei-

1108 1643 1184 1676 tata‚
1201 1637 1232 1670 in
1243 1637 1394 1670 Gamerae
1406 1640 1532 1669 nostrae
1548 1635 1750 1679 Apostolicae
1763 1645 1856 1678 prae-

1108 1690 1266 1723 iudicium
1285 1690 1434 1730 tendunt,
1449 1688 1666 1722 declaratione
1685 1692 1794 1721 nostra
1810 1687 1858 1721 di·

1109 1743 1305 1776 lucidentur.

1895 1494 2013 1518 uxoratum.

320 1779 413 1812 aliter
432 1778 594 1812 iudicandi
615 1778 777 1818 facultate,
800 1777 936 1810 iudicari
955 1788 992 1810 ac
1012 1777 1067 1810 de-

320 1832 406 1865 finiri
427 1832 564 1871 debere,
586 1836 617 1864 et
635 1830 661 1863 si
681 1840 772 1864 secus
785 1830 942 1873 superbis
957 1840 974 1862 a
990 1840 1069 1873 quo-

318 1896 430 1929 quam,
458 1885 572 1928 quavis
592 1883 793 1922 auctoritate,
816 1883 953 1916 scienter
976 1884 1025 1916 vel
1045 1883 1069 1916 i-

319 1943 507 1981 gnoranter,
528 1936 698 1980 contigerit
717 1936 878 1976 attentari,
898 1936 1023 1969 irritum
1039 1942 1069 1969 et

321 1992 414 2024 inane
439 1989 659 2023 decernimus.

365 2045 380 2087 ἓ
401 2044 432 2078 8.
459 2044 529 2077 Non
556 2042 758 2076 obstantibus
784 2041 1068 2074 constitutionibus

150 2103 259 2143 cumque
275 2105 310 2126 de·
322 2102 353 2130 et
389 2095 646 2130 ordinationibus
674 2094 871 2138 apostolicis;
898 2099 929 2126 et
966 2093 1068 2126 dictae

126 2136 255 2159 ⁸⁰¹²⁸⁰¹¹⁶⁹'
323 2149 428 2189 Urbis,
462 2149 656 2187 iuramento,
677 2147 920 2181 confirmatione
944 2152 1070 2189 aposto-

323 2203 384 2237 lica
407 2203 456 2236 vel
488 2202 599 2246 quavis
632 2200 781 2234 firmitate
811 2199 873 2232 alia
897 2199 1067 2239 roboratis,

1110 1999 1285 2033 memoriae
1304 2000 1439 2032 Paulum
1459 1998 1576 2041 Papam
1588 1997 1636 2037 lv,
1650 1995 1745 2030 etiam
1761 2007 1854 2040 prae·
1870 1996 1890 2010 ¹¹¹
1920 1996 1960 2017 ‘¹¹¹⁸
1990 1991 2028 2021 Ἢ

1869 2023 1955 2041 cavera}

1109 2049 1311 2082 decessorem
1327 2053 1486 2086 nostrum,
1508 2051 1618 2079 contra
1638 2050 1796 2088 apostatas
1821 2055 1856 2078 e·
1869 2051 1995 2085 reguiam».
2015 2048 2025 2077 ἱ

1109 2097 1220 2137 ditam,
1249 2107 1307 2140 per
1337 2106 1447 2139 quam,
1468 2094 1552 2128 inter
1576 2099 1695 2135 cetera,
1717 2093 1857 2127 decrevit
1869 2084 1962 2132 ξῖᾜζῗξῖ

1109 2146 1194 2178 bona
1213 2154 1438 2188 quaecumque
1458 2143 1590 2176 mobilia
1618 2148 1649 2176 et
1667 2142 1856 2183 immobilia,
1870 2142 1988 2193 ἷᾚΰξὺίὴ
2009 2136 2012 2138 ’

1111 2206 1146 2227 ac
1167 2205 1293 2234 census,
1313 2193 1457 2226 redditus
1477 2198 1508 2225 et
1527 2198 1715 2236 proventus,
1737 2192 1808 2224 iura
1827 2197 1858 2225 et
1871 2203 1963 2230 protest}
1986 2179 2023 2206 ⁹*

1872 2238 1926 2255 rant».

323 2256 449 2289 statutis
458 2261 489 2288 et
497 2253 799 2294 consuetudinibus;
812 2251 985 2296 privilegiis
994 2263 1071 2295 quo-

324 2319 399 2352 que,
421 2308 552 2341 indultis
572 2313 603 2341 et
618 2306 730 2340 litteris
746 2305 931 2350 apostolicis
948 2305 1068 2338 eisdem

324 2361 476 2398 senatori,
490 2359 778 2398 conservatoribus,
790 2357 1068 2397 reformatoribus,

326 2413 516 2453 camerario,
537 2412 803 2446 Universitatibus
821 2421 858 2444 ac
874 2421 985 2444 earum
1007 2411 1071 2443 col-

325 2461 428 2504 legiis,
441 2462 619 2495 rectoribus
629 2467 660 2494 et
674 2459 820 2505 personis
830 2459 964 2502 aliisque
978 2470 1070 2502 prae-

325 2509 430 2549 dictis,
459 2521 585 2543 necnon
610 2510 772 2554 praefatae
796 2508 872 2542 Urbi
897 2514 928 2541 ct
951 2508 1070 2551 populo

324 2559 481 2599 Romano,
504 2558 563 2591 sub
582 2559 842 2602 quibuscumque
861 2555 1028 2589 tenoribus
1041 2562 1071 2588 ct

1111 2243 1252 2276 actiones
1262 2253 1320 2286 per
1329 2242 1510 2285 regularem
1522 2241 1675 2274 Ordinem
1687 2241 1858 2284 professos,

1111 2298 1198 2325 extra
1217 2292 1355 2324 claustra
1382 2301 1514 2324 suorum
1552 2289 1749 2333 regularium
1769 2289 1858 2322 loco-

1111 2351 1196 2380 rum,
1218 2339 1312 2373 etiam
1338 2339 1377 2372 de
1396 2339 1525 2372 licentia
1544 2348 1676 2372 suorum
1709 2337 1857 2382 superio-

1111 2399 1197 2428 rum,
1219 2388 1382 2429 degentes,
1404 2393 1550 2432 tempore
1569 2397 1634 2431 quo
1658 2392 1745 2420 extra
1770 2387 1856 2419 clau-

1112 2443 1176 2470 stra
1196 2437 1383 2470 huiusmodi
1410 2437 1542 2470 fuissent
1566 2435 1734 2479 acquisita,
1760 2435 1856 2468 etiam

1112 2486 1137 2518 si
1162 2486 1389 2529 acquisitiones
1408 2485 1593 2518 huiusmodi
1614 2485 1652 2517 ab
1685 2483 1760 2527 ipsis
1781 2494 1857 2527 pro-

1147 2575 1158 2601 1
1182 2573 1276 2601 Const.
1302 2580 1341 2608 ix,
1362 2577 1429 2601 tom.
1450 2579 1500 2607 vu,
1514 2579 1576 2608 pag.
1597 2572 1640 2600 27.
1679 2573 1696 2600 2
1715 2573 1796 2600 Tom.
1817 2578 1857 2606 vl,

327 2606 448 2646 formis,
485 2617 521 2639 ac
560 2617 634 2640 cum
665 2606 829 2649 quibusvis
859 2604 1012 2639 clausulis
1039 2610 1070 2638 et
1115 2620 1177 2646 pag.
1196 2612 1255 2639 538.
