<?xml version="1.0" encoding="UTF-8"?>
<!DOCTYPE html PUBLIC "-//W3C//DTD XHTML 1.0 Transitional//EN"
    "http://www.w3.org/TR/xhtml1/DTD/xhtml1-transitional.dtd">
<html xmlns="http://www.w3.org/1999/xhtml" xml:lang="en" lang="en">
 <head>
  <title>
</title>
<meta http-equiv="Content-Type" content="text/html;charset=utf-8" />
  <meta name='ocr-system' content='tesseract 3.04.00' />
  <meta name='ocr-capabilities' content='ocr_page ocr_carea ocr_par ocr_line ocrx_word'/>
</head>
<body>
  <div class='ocr_page' id='page_1' title='image "./bullarumdiplomat08cath/bullarumdiplomat08cath_0257.png"; bbox 0 0 2059 3228; ppageno 0'>
   <div class='ocr_carea' id='block_1_1' title="bbox 755 282 1842 317">
    <p class='ocr_par' dir='ltr' id='par_1_1' title="bbox 755 282 1842 317">
     <span class='ocr_line' id='line_1_1' title="bbox 755 282 1842 317; baseline -0.006 0"><span class='ocrx_word' id='word_1_1' title='bbox 755 290 932 317; x_wconf 77' lang='lat' dir='ltr'>GREGORIUS</span> <span class='ocrx_word' id='word_1_2' title='bbox 949 292 1005 315; x_wconf 82' lang='lat' dir='ltr'>xm</span> <span class='ocrx_word' id='word_1_3' title='bbox 1023 291 1072 315; x_wconf 86' lang='lat' dir='ltr'>PP.</span> <span class='ocrx_word' id='word_1_4' title='bbox 1536 282 1594 315; x_wconf 59' lang='lat'>‘24¹1</span> <span class='ocrx_word' id='word_1_5' title='bbox 1655 284 1706 309; x_wconf 88' lang='lat' dir='ltr'>An.</span> <span class='ocrx_word' id='word_1_6' title='bbox 1727 284 1755 310; x_wconf 90' lang='lat' dir='ltr'>C.</span> <span class='ocrx_word' id='word_1_7' title='bbox 1777 285 1842 310; x_wconf 68' lang='lat'>1573</span> 
     </span>
    </p>
   </div>
   <div class='ocr_carea' id='block_1_2' title="bbox 39 340 1858 2749">
    <p class='ocr_par' dir='ltr' id='par_1_2' title="bbox 39 340 1858 2749">
     <span class='ocr_line' id='line_1_2' title="bbox 131 340 1642 389; baseline -0.001 -12"><span class='ocrx_word' id='word_1_8' title='bbox 131 340 272 378; x_wconf 74' lang='lat' dir='ltr'>vestibus</span> <span class='ocrx_word' id='word_1_9' title='bbox 294 352 373 388; x_wconf 88' lang='lat' dir='ltr'>quas</span> <span class='ocrx_word' id='word_1_10' title='bbox 396 343 548 378; x_wconf 82' lang='lat' dir='ltr'>zimarras</span> <span class='ocrx_word' id='word_1_11' title='bbox 565 344 723 389; x_wconf 83' lang='lat' dir='ltr'>appellant</span> <span class='ocrx_word' id='word_1_12' title='bbox 752 344 872 388; x_wconf 91' lang='lat' dir='ltr'>possint</span> <span class='ocrx_word' id='word_1_13' title='bbox 901 343 990 376; x_wconf 84' lang='lat' dir='ltr'>serici</span> <span class='ocrx_word' id='word_1_14' title='bbox 1008 353 1133 386; x_wconf 77' lang='lat' dir='ltr'>genere,</span> <span class='ocrx_word' id='word_1_15' title='bbox 1152 343 1270 386; x_wconf 78' lang='lat' dir='ltr'>absque</span> <span class='ocrx_word' id='word_1_16' title='bbox 1287 349 1391 376; x_wconf 87' lang='lat' dir='ltr'>tamen</span> <span class='ocrx_word' id='word_1_17' title='bbox 1409 353 1496 383; x_wconf 82' lang='lat' dir='ltr'>auro,</span> <span class='ocrx_word' id='word_1_18' title='bbox 1510 348 1642 385; x_wconf 87' lang='lat' dir='ltr'>argento</span> 
     </span>
     <span class='ocr_line' id='line_1_3' title="bbox 132 392 1641 441; baseline -0.001 -12"><span class='ocrx_word' id='word_1_19' title='bbox 132 392 250 429; x_wconf 85' lang='lat' dir='ltr'>habere</span> <span class='ocrx_word' id='word_1_20' title='bbox 274 396 374 430; x_wconf 89' lang='lat' dir='ltr'>dictas</span> <span class='ocrx_word' id='word_1_21' title='bbox 398 398 539 431; x_wconf 84' lang='lat' dir='ltr'>manicas</span> <span class='ocrx_word' id='word_1_22' title='bbox 562 399 681 441; x_wconf 78' lang='lat' dir='ltr'>longas,</span> <span class='ocrx_word' id='word_1_23' title='bbox 699 398 818 431; x_wconf 82' lang='lat' dir='ltr'>clausas</span> <span class='ocrx_word' id='word_1_24' title='bbox 841 402 869 430; x_wconf 84' lang='lat' dir='ltr'>et</span> <span class='ocrx_word' id='word_1_25' title='bbox 900 397 946 429; x_wconf 78' lang='lat' dir='ltr'>vel</span> <span class='ocrx_word' id='word_1_26' title='bbox 969 396 1037 429; x_wconf 86' lang='lat' dir='ltr'>aliis</span> <span class='ocrx_word' id='word_1_27' title='bbox 1060 397 1252 429; x_wconf 73' lang='lat' dir='ltr'>ornamentis</span> <span class='ocrx_word' id='word_1_28' title='bbox 1271 397 1358 428; x_wconf 77' lang='lat' dir='ltr'>sactis</span> <span class='ocrx_word' id='word_1_29' title='bbox 1374 407 1409 429; x_wconf 69' lang='lat' dir='ltr'>ex</span> <span class='ocrx_word' id='word_1_30' title='bbox 1437 405 1514 428; x_wconf 86' lang='lat' dir='ltr'>auro</span> <span class='ocrx_word' id='word_1_31' title='bbox 1537 401 1566 428; x_wconf 89' lang='lat' dir='ltr'>et</span> <span class='ocrx_word' id='word_1_32' title='bbox 1590 405 1641 427; x_wconf 81' lang='lat' dir='ltr'>ar-</span> 
     </span>
     <span class='ocr_line' id='line_1_4' title="bbox 132 447 1641 493; baseline 0.001 -14"><span class='ocrx_word' id='word_1_33' title='bbox 132 447 265 488; x_wconf 84' lang='lat' dir='ltr'>strictas,</span> <span class='ocrx_word' id='word_1_34' title='bbox 289 447 373 481; x_wconf 85' lang='lat' dir='ltr'>iuxta</span> <span class='ocrx_word' id='word_1_35' title='bbox 399 450 565 493; x_wconf 83' lang='lat' dir='ltr'>antiquam</span> <span class='ocrx_word' id='word_1_36' title='bbox 588 450 846 484; x_wconf 69' lang='lat' dir='ltr'>consuetudinem</span> <span class='ocrx_word' id='word_1_37' title='bbox 864 476 871 489; x_wconf 92' lang='lat'>,</span> <span class='ocrx_word' id='word_1_38' title='bbox 900 454 1013 490; x_wconf 82' lang='lat' dir='ltr'>gento,</span> <span class='ocrx_word' id='word_1_39' title='bbox 1049 449 1191 481; x_wconf 84' lang='lat' dir='ltr'>medaliis</span> <span class='ocrx_word' id='word_1_40' title='bbox 1216 450 1261 481; x_wconf 76' lang='lat' dir='ltr'>vel</span> <span class='ocrx_word' id='word_1_41' title='bbox 1285 449 1353 481; x_wconf 82' lang='lat' dir='ltr'>aliis</span> <span class='ocrx_word' id='word_1_42' title='bbox 1381 449 1641 491; x_wconf 81' lang='lat' dir='ltr'>impressionibus</span> 
     </span>
     <span class='ocr_line' id='line_1_5' title="bbox 132 499 1640 544; baseline 0.001 -12"><span class='ocrx_word' id='word_1_43' title='bbox 132 499 191 533; x_wconf 83' lang='lat' dir='ltr'>sub</span> <span class='ocrx_word' id='word_1_44' title='bbox 213 510 313 543; x_wconf 84' lang='lat' dir='ltr'>poena</span> <span class='ocrx_word' id='word_1_45' title='bbox 336 502 516 535; x_wconf 85' lang='lat' dir='ltr'>amissionis</span> <span class='ocrx_word' id='word_1_46' title='bbox 540 503 672 535; x_wconf 79' lang='lat' dir='ltr'>vestium</span> <span class='ocrx_word' id='word_1_47' title='bbox 707 502 755 535; x_wconf 83' lang='lat' dir='ltr'>vel</span> <span class='ocrx_word' id='word_1_48' title='bbox 777 501 871 535; x_wconf 83' lang='lat' dir='ltr'>vestis</span> <span class='ocrx_word' id='word_1_49' title='bbox 900 506 930 534; x_wconf 83' lang='lat' dir='ltr'>et</span> <span class='ocrx_word' id='word_1_50' title='bbox 952 501 1064 544; x_wconf 90' lang='lat' dir='ltr'>pennis</span> <span class='ocrx_word' id='word_1_51' title='bbox 1088 501 1151 533; x_wconf 88' lang='lat' dir='ltr'>sive</span> <span class='ocrx_word' id='word_1_52' title='bbox 1175 501 1289 543; x_wconf 83' lang='lat' dir='ltr'>plumis</span> <span class='ocrx_word' id='word_1_53' title='bbox 1302 512 1362 533; x_wconf 85' lang='lat' dir='ltr'>non</span> <span class='ocrx_word' id='word_1_54' title='bbox 1376 502 1575 533; x_wconf 76' lang='lat' dir='ltr'>excedentem</span> <span class='ocrx_word' id='word_1_55' title='bbox 1591 512 1640 533; x_wconf 82' lang='lat' dir='ltr'>ra-</span> 
     </span>
     <span class='ocr_line' id='line_1_6' title="bbox 130 551 1640 595; baseline 0.002 -11"><span class='ocrx_word' id='word_1_56' title='bbox 130 551 199 595; x_wconf 86' lang='lat' dir='ltr'>ipso</span> <span class='ocrx_word' id='word_1_57' title='bbox 220 552 301 585; x_wconf 84' lang='lat' dir='ltr'>facto</span> <span class='ocrx_word' id='word_1_58' title='bbox 325 553 539 595; x_wconf 80' lang='lat' dir='ltr'>incurrenda3</span> <span class='ocrx_word' id='word_1_59' title='bbox 564 560 594 589; x_wconf 88' lang='lat' dir='ltr'>et</span> <span class='ocrx_word' id='word_1_60' title='bbox 629 555 775 588; x_wconf 87' lang='lat' dir='ltr'>similiter</span> <span class='ocrx_word' id='word_1_61' title='bbox 807 565 870 587; x_wconf 92' lang='lat' dir='ltr'>non</span> <span class='ocrx_word' id='word_1_62' title='bbox 900 554 996 586; x_wconf 86' lang='lat' dir='ltr'>lorem</span> <span class='ocrx_word' id='word_1_63' title='bbox 1015 581 1022 594; x_wconf 85' lang='lat'><em>‚</em></span> <span class='ocrx_word' id='word_1_64' title='bbox 1046 553 1128 586; x_wconf 88' lang='lat' dir='ltr'>inter</span> <span class='ocrx_word' id='word_1_65' title='bbox 1159 553 1275 595; x_wconf 82' lang='lat' dir='ltr'>pileum</span> <span class='ocrx_word' id='word_1_66' title='bbox 1299 559 1328 586; x_wconf 87' lang='lat' dir='ltr'>et</span> <span class='ocrx_word' id='word_1_67' title='bbox 1353 554 1413 586; x_wconf 82' lang='lat' dir='ltr'>alia</span> <span class='ocrx_word' id='word_1_68' title='bbox 1445 560 1640 594; x_wconf 84' lang='lat' dir='ltr'>ornamenta,</span> 
     </span>
     <span class='ocr_line' id='line_1_7' title="bbox 131 603 1192 640; baseline 0.001 -3"><span class='ocrx_word' id='word_1_69' title='bbox 131 603 221 638; x_wconf 85' lang='lat' dir='ltr'>liceat</span> <span class='ocrx_word' id='word_1_70' title='bbox 245 604 338 637; x_wconf 81' lang='lat' dir='ltr'>alicui</span> <span class='ocrx_word' id='word_1_71' title='bbox 373 606 487 638; x_wconf 86' lang='lat' dir='ltr'>sartori</span> <span class='ocrx_word' id='word_1_72' title='bbox 512 608 559 640; x_wconf 87' lang='lat' dir='ltr'>vel</span> <span class='ocrx_word' id='word_1_73' title='bbox 590 607 736 640; x_wconf 76' lang='lat' dir='ltr'>vestiario</span> <span class='ocrx_word' id='word_1_74' title='bbox 770 607 871 640; x_wconf 82' lang='lat' dir='ltr'>facere</span> <span class='ocrx_word' id='word_1_75' title='bbox 901 610 1059 638; x_wconf 86' lang='lat' dir='ltr'>scutorum</span> <span class='ocrx_word' id='word_1_76' title='bbox 1085 606 1192 638; x_wconf 88' lang='lat' dir='ltr'>trium.</span> 
     </span>
     <span class='ocr_line' id='line_1_8' title="bbox 131 657 1829 703; baseline 0.004 -14"><span class='ocrx_word' id='word_1_77' title='bbox 131 657 180 690; x_wconf 85' lang='lat' dir='ltr'>vel</span> <span class='ocrx_word' id='word_1_78' title='bbox 200 657 333 690; x_wconf 86' lang='lat' dir='ltr'>vendere</span> <span class='ocrx_word' id='word_1_79' title='bbox 358 663 457 691; x_wconf 88' lang='lat' dir='ltr'>vestes</span> <span class='ocrx_word' id='word_1_80' title='bbox 482 659 632 692; x_wconf 86' lang='lat' dir='ltr'>babentes</span> <span class='ocrx_word' id='word_1_81' title='bbox 656 659 771 692; x_wconf 89' lang='lat' dir='ltr'>caudas</span> <span class='ocrx_word' id='word_1_82' title='bbox 805 659 871 691; x_wconf 94' lang='lat' dir='ltr'>lon-</span> <span class='ocrx_word' id='word_1_83' title='bbox 943 657 1024 699; x_wconf 76' lang='lat'>§15</span> <span class='ocrx_word' id='word_1_84' title='bbox 1037 658 1123 697; x_wconf 83' lang='lat' dir='ltr'>Item,</span> <span class='ocrx_word' id='word_1_85' title='bbox 1140 658 1325 700; x_wconf 88' lang='lat' dir='ltr'>probibetm</span> <span class='ocrx_word' id='word_1_86' title='bbox 1339 660 1420 701; x_wconf 77' lang='lat' dir='ltr'>quod</span> <span class='ocrx_word' id='word_1_87' title='bbox 1440 666 1500 692; x_wconf 81' lang='lat' dir='ltr'>tam</span> <span class='ocrx_word' id='word_1_88' title='bbox 1527 671 1638 703; x_wconf 83' lang='lat' dir='ltr'>sponsa</span> <span class='ocrx_word' id='word_1_89' title='bbox 1686 671 1732 694; x_wconf 67' lang='lat' dir='ltr'>Qun</span> <span class='ocrx_word' id='word_1_90' title='bbox 1721 675 1740 689; x_wconf 73' lang='lat' dir='ltr'><em>e</em></span> <span class='ocrx_word' id='word_1_91' title='bbox 1755 675 1829 695; x_wconf 64' lang='lat' dir='ltr'>rm-</span> 
     </span>
     <span class='ocr_line' id='line_1_9' title="bbox 131 697 1747 754; baseline 0.002 -12"><span class='ocrx_word' id='word_1_92' title='bbox 131 709 235 753; x_wconf 81' lang='lat' dir='ltr'>giores</span> <span class='ocrx_word' id='word_1_93' title='bbox 256 710 304 742; x_wconf 87' lang='lat' dir='ltr'>vel</span> <span class='ocrx_word' id='word_1_94' title='bbox 326 710 467 743; x_wconf 89' lang='lat' dir='ltr'>manicas</span> <span class='ocrx_word' id='word_1_95' title='bbox 489 712 598 754; x_wconf 83' lang='lat' dir='ltr'>longas</span> <span class='ocrx_word' id='word_1_96' title='bbox 614 716 723 744; x_wconf 86' lang='lat' dir='ltr'>contra</span> <span class='ocrx_word' id='word_1_97' title='bbox 739 711 871 743; x_wconf 86' lang='lat' dir='ltr'>sormam</span> <span class='ocrx_word' id='word_1_98' title='bbox 901 719 994 751; x_wconf 87' lang='lat' dir='ltr'>quam</span> <span class='ocrx_word' id='word_1_99' title='bbox 1019 710 1097 742; x_wconf 81' lang='lat' dir='ltr'>aliae</span> <span class='ocrx_word' id='word_1_100' title='bbox 1121 711 1266 743; x_wconf 86' lang='lat' dir='ltr'>mulieres</span> <span class='ocrx_word' id='word_1_101' title='bbox 1296 718 1410 753; x_wconf 60' lang='lat' dir='ltr'>nuptam</span> <span class='ocrx_word' id='word_1_102' title='bbox 1440 713 1519 745; x_wconf 48' lang='lat' dir='ltr'>lumbi</span> <span class='ocrx_word' id='word_1_103' title='bbox 1524 724 1555 745; x_wconf 80' lang='lat' dir='ltr'>re</span> <span class='ocrx_word' id='word_1_104' title='bbox 1580 697 1720 746; x_wconf 58' lang='lat' dir='ltr'>n0n¹‘&#39;⁰¹</span> <span class='ocrx_word' id='word_1_105' title='bbox 1722 709 1747 723; x_wconf 79' lang='lat'><strong>⁴</strong></span> 
     </span>
     <span class='ocr_line' id='line_1_10' title="bbox 129 761 1643 808; baseline 0 -10"><span class='ocrx_word' id='word_1_106' title='bbox 129 762 335 805; x_wconf 68' lang='lat' dir='ltr'>praedictam,</span> <span class='ocrx_word' id='word_1_107' title='bbox 360 765 419 797; x_wconf 88' lang='lat' dir='ltr'>sub</span> <span class='ocrx_word' id='word_1_108' title='bbox 443 775 545 808; x_wconf 87' lang='lat' dir='ltr'>poena</span> <span class='ocrx_word' id='word_1_109' title='bbox 569 770 729 798; x_wconf 87' lang='lat' dir='ltr'>scutorum</span> <span class='ocrx_word' id='word_1_110' title='bbox 759 764 870 807; x_wconf 76' lang='lat' dir='ltr'>viginti</span> <span class='ocrx_word' id='word_1_111' title='bbox 901 761 1017 803; x_wconf 87' lang='lat' dir='ltr'>possint</span> <span class='ocrx_word' id='word_1_112' title='bbox 1044 763 1137 795; x_wconf 83' lang='lat' dir='ltr'>modo</span> <span class='ocrx_word' id='word_1_113' title='bbox 1161 763 1266 805; x_wconf 85' lang='lat' dir='ltr'>aliquo</span> <span class='ocrx_word' id='word_1_114' title='bbox 1291 764 1372 795; x_wconf 82' lang='lat' dir='ltr'>ultia</span> <span class='ocrx_word' id='word_1_115' title='bbox 1398 765 1482 805; x_wconf 78' lang='lat' dir='ltr'>paiii</span> <span class='ocrx_word' id='word_1_116' title='bbox 1509 766 1569 797; x_wconf 81' lang='grc'><strong>11110</strong></span> <span class='ocrx_word' id='word_1_117' title='bbox 1595 777 1643 798; x_wconf 89' lang='lat' dir='ltr'>so-</span> 
     </span>
     <span class='ocr_line' id='line_1_11' title="bbox 130 814 1641 860; baseline 0.002 -12"><span class='ocrx_word' id='word_1_118' title='bbox 130 814 271 858; x_wconf 89' lang='lat' dir='ltr'>quinque</span> <span class='ocrx_word' id='word_1_119' title='bbox 294 825 352 859; x_wconf 89' lang='lat' dir='ltr'>pro</span> <span class='ocrx_word' id='word_1_120' title='bbox 377 817 518 860; x_wconf 87' lang='lat' dir='ltr'>qualibet</span> <span class='ocrx_word' id='word_1_121' title='bbox 540 821 623 849; x_wconf 83' lang='lat' dir='ltr'>veste</span> <span class='ocrx_word' id='word_1_122' title='bbox 641 843 649 857; x_wconf 90' lang='lat'>,</span> <span class='ocrx_word' id='word_1_123' title='bbox 673 826 730 859; x_wconf 89' lang='lat' dir='ltr'>pro</span> <span class='ocrx_word' id='word_1_124' title='bbox 754 816 873 848; x_wconf 87' lang='lat' dir='ltr'>medie·</span> <span class='ocrx_word' id='word_1_125' title='bbox 901 815 1020 846; x_wconf 86' lang='lat' dir='ltr'>learum</span> <span class='ocrx_word' id='word_1_126' title='bbox 1045 815 1107 848; x_wconf 79' lang='lat' dir='ltr'>sive</span> <span class='ocrx_word' id='word_1_127' title='bbox 1131 816 1331 859; x_wconf 80' lang='lat' dir='ltr'>crepidarum</span> <span class='ocrx_word' id='word_1_128' title='bbox 1350 818 1452 849; x_wconf 72' lang='lat' dir='ltr'>velluti</span> <span class='ocrx_word' id='word_1_129' title='bbox 1480 820 1522 850; x_wconf 72' lang='lat' dir='ltr'>vel</span> <span class='ocrx_word' id='word_1_130' title='bbox 1542 820 1641 860; x_wconf 49' lang='lat' dir='ltr'>serici,</span> 
     </span>
     <span class='ocr_line' id='line_1_12' title="bbox 129 868 1642 913; baseline 0.002 -12"><span class='ocrx_word' id='word_1_131' title='bbox 129 871 194 900; x_wconf 81' lang='lat' dir='ltr'>tate</span> <span class='ocrx_word' id='word_1_132' title='bbox 217 868 312 901; x_wconf 84' lang='lat' dir='ltr'>Sacro</span> <span class='ocrx_word' id='word_1_133' title='bbox 340 869 435 902; x_wconf 87' lang='lat' dir='ltr'>Monti</span> <span class='ocrx_word' id='word_1_134' title='bbox 459 869 708 910; x_wconf 82' lang='lat' dir='ltr'>communitatis,</span> <span class='ocrx_word' id='word_1_135' title='bbox 731 879 788 912; x_wconf 87' lang='lat' dir='ltr'>pro</span> <span class='ocrx_word' id='word_1_136' title='bbox 812 870 871 901; x_wconf 81' lang='lat' dir='ltr'>alia</span> <span class='ocrx_word' id='word_1_137' title='bbox 901 877 972 898; x_wconf 83' lang='lat' dir='ltr'>cum</span> <span class='ocrx_word' id='word_1_138' title='bbox 995 869 1190 910; x_wconf 83' lang='lat' dir='ltr'>passamanis</span> <span class='ocrx_word' id='word_1_139' title='bbox 1224 879 1259 900; x_wconf 82' lang='lat' dir='ltr'>ex</span> <span class='ocrx_word' id='word_1_140' title='bbox 1289 869 1409 907; x_wconf 68' lang='lat' dir='ltr'>serico,</span> <span class='ocrx_word' id='word_1_141' title='bbox 1447 872 1642 913; x_wconf 72' lang='lat' dir='ltr'>probibendo</span> 
     </span>
     <span class='ocr_line' id='line_1_13' title="bbox 128 920 1641 966; baseline 0.004 -16"><span class='ocrx_word' id='word_1_142' title='bbox 128 920 296 954; x_wconf 78' lang='lat' dir='ltr'>medietate</span> <span class='ocrx_word' id='word_1_143' title='bbox 334 922 418 955; x_wconf 82' lang='lat' dir='ltr'>intel·</span> <span class='ocrx_word' id='word_1_144' title='bbox 456 928 654 955; x_wconf 73' lang='lat' dir='ltr'>accusatores</span> <span class='ocrx_word' id='word_1_145' title='bbox 693 927 723 955; x_wconf 76' lang='lat' dir='ltr'>et</span> <span class='ocrx_word' id='word_1_146' title='bbox 762 933 872 955; x_wconf 77' lang='lat' dir='ltr'>execu-</span> <span class='ocrx_word' id='word_1_147' title='bbox 900 929 1053 962; x_wconf 66' lang='lat' dir='ltr'>expresse,</span> <span class='ocrx_word' id='word_1_148' title='bbox 1079 920 1136 952; x_wconf 83' lang='lat' dir='ltr'>sub</span> <span class='ocrx_word' id='word_1_149' title='bbox 1161 921 1271 963; x_wconf 75' lang='lat' dir='ltr'>poenis</span> <span class='ocrx_word' id='word_1_150' title='bbox 1294 922 1473 964; x_wconf 58' lang='lat' dir='ltr'>praedictisy</span> <span class='ocrx_word' id='word_1_151' title='bbox 1503 925 1584 966; x_wconf 79' lang='lat' dir='ltr'>quod</span> <span class='ocrx_word' id='word_1_152' title='bbox 1610 925 1641 956; x_wconf 83' lang='grc'>11]</span> 
     </span>
     <span class='ocr_line' id='line_1_14' title="bbox 127 971 1643 1017; baseline 0.003 -14"><span class='ocrx_word' id='word_1_153' title='bbox 127 976 230 1006; x_wconf 73' lang='lat' dir='ltr'>iorem</span> <span class='ocrx_word' id='word_1_154' title='bbox 254 973 494 1007; x_wconf 84' lang='lat' dir='ltr'>dividendorum</span> <span class='ocrx_word' id='word_1_155' title='bbox 512 1002 519 1015; x_wconf 72' lang='lat'>‚</span> <span class='ocrx_word' id='word_1_156' title='bbox 544 980 574 1008; x_wconf 84' lang='lat' dir='ltr'>et</span> <span class='ocrx_word' id='word_1_157' title='bbox 598 975 656 1007; x_wconf 89' lang='lat' dir='ltr'>sub</span> <span class='ocrx_word' id='word_1_158' title='bbox 680 985 781 1017; x_wconf 84' lang='lat' dir='ltr'>poena</span> <span class='ocrx_word' id='word_1_159' title='bbox 806 985 871 1007; x_wconf 86' lang='lat' dir='ltr'>sus·</span> <span class='ocrx_word' id='word_1_160' title='bbox 901 971 991 1004; x_wconf 73' lang='lat' dir='ltr'>dictis</span> <span class='ocrx_word' id='word_1_161' title='bbox 1020 972 1156 1015; x_wconf 78' lang='lat' dir='ltr'>crepidis</span> <span class='ocrx_word' id='word_1_162' title='bbox 1184 983 1247 1005; x_wconf 88' lang='lat' dir='ltr'>non</span> <span class='ocrx_word' id='word_1_163' title='bbox 1279 974 1399 1017; x_wconf 68' lang='lat' dir='ltr'>possint</span> <span class='ocrx_word' id='word_1_164' title='bbox 1423 975 1467 1006; x_wconf 82' lang='lat' dir='ltr'>uli</span> <span class='ocrx_word' id='word_1_165' title='bbox 1486 986 1562 1008; x_wconf 72' lang='lat' dir='ltr'>{turo</span> <span class='ocrx_word' id='word_1_166' title='bbox 1586 987 1643 1008; x_wconf 78' lang='lat' dir='ltr'>nee</span> 
     </span>
     <span class='ocr_line' id='line_1_15' title="bbox 126 1025 1041 1070; baseline -0.002 -12"><span class='ocrx_word' id='word_1_167' title='bbox 126 1025 289 1068; x_wconf 84' lang='lat' dir='ltr'>pensionis</span> <span class='ocrx_word' id='word_1_168' title='bbox 322 1027 362 1059; x_wconf 89' lang='lat' dir='ltr'>ah</span> <span class='ocrx_word' id='word_1_169' title='bbox 399 1026 550 1060; x_wconf 85' lang='lat' dir='ltr'>exercitio</span> <span class='ocrx_word' id='word_1_170' title='bbox 588 1037 645 1070; x_wconf 89' lang='lat' dir='ltr'>per</span> <span class='ocrx_word' id='word_1_171' title='bbox 683 1037 783 1059; x_wconf 89' lang='lat' dir='ltr'>unum</span> <span class='ocrx_word' id='word_1_172' title='bbox 817 1038 870 1060; x_wconf 88' lang='lat' dir='ltr'>an·</span> <span class='ocrx_word' id='word_1_173' title='bbox 900 1030 1041 1067; x_wconf 83' lang='lat' dir='ltr'>argento.</span> 
     </span>
     <span class='ocr_line' id='line_1_16' title="bbox 127 1076 1842 1125; baseline 0.002 -15"><span class='ocrx_word' id='word_1_174' title='bbox 127 1088 205 1111; x_wconf 90' lang='lat' dir='ltr'>num</span> <span class='ocrx_word' id='word_1_175' title='bbox 222 1105 231 1120; x_wconf 86' lang='lat'><em>‚</em></span> <span class='ocrx_word' id='word_1_176' title='bbox 254 1083 285 1111; x_wconf 85' lang='lat' dir='ltr'>et</span> <span class='ocrx_word' id='word_1_177' title='bbox 319 1079 434 1112; x_wconf 89' lang='lat' dir='ltr'>deinde</span> <span class='ocrx_word' id='word_1_178' title='bbox 467 1079 508 1111; x_wconf 87' lang='lat' dir='ltr'>ad</span> <span class='ocrx_word' id='word_1_179' title='bbox 545 1079 779 1122; x_wconf 89' lang='lat' dir='ltr'>beneplacitum</span> <span class='ocrx_word' id='word_1_180' title='bbox 817 1079 871 1111; x_wconf 91' lang='lat' dir='ltr'>do·</span> <span class='ocrx_word' id='word_1_181' title='bbox 941 1076 1022 1120; x_wconf 61' lang='lat'>516.</span> <span class='ocrx_word' id='word_1_182' title='bbox 1037 1077 1125 1117; x_wconf 89' lang='lat' dir='ltr'>Item,</span> <span class='ocrx_word' id='word_1_183' title='bbox 1141 1078 1250 1120; x_wconf 93' lang='lat' dir='ltr'>quod</span> <span class='ocrx_word' id='word_1_184' title='bbox 1243 1089 1274 1110; x_wconf 88' lang='lat' dir='ltr'>in</span> <span class='ocrx_word' id='word_1_185' title='bbox 1292 1079 1531 1122; x_wconf 78' lang='lat' dir='ltr'>desponsatione</span> <span class='ocrx_word' id='word_1_186' title='bbox 1549 1092 1642 1124; x_wconf 74' lang='lat' dir='ltr'>spon-</span> <span class='ocrx_word' id='word_1_187' title='bbox 1687 1088 1728 1120; x_wconf 69' lang='lat' dir='ltr'>Qui</span> <span class='ocrx_word' id='word_1_188' title='bbox 1750 1088 1842 1125; x_wconf 29' lang='lat' dir='ltr'>*wc-2⁰¹¹</span> 
     </span>
     <span class='ocr_line' id='line_1_17' title="bbox 77 1117 1841 1176; baseline 0.002 -13"><span class='ocrx_word' id='word_1_189' title='bbox 77 1126 80 1129; x_wconf 72' lang='grc'>’</span> <span class='ocrx_word' id='word_1_190' title='bbox 112 1132 289 1164; x_wconf 72' lang='lat' dir='ltr'>minorum</span> <span class='ocrx_word' id='word_1_191' title='bbox 328 1131 473 1174; x_wconf 87' lang='lat' dir='ltr'>priorum</span> <span class='ocrx_word' id='word_1_192' title='bbox 496 1136 526 1165; x_wconf 88' lang='lat' dir='ltr'>et</span> <span class='ocrx_word' id='word_1_193' title='bbox 561 1132 684 1165; x_wconf 90' lang='lat' dir='ltr'>consilii</span> <span class='ocrx_word' id='word_1_194' title='bbox 715 1131 870 1174; x_wconf 86' lang='lat' dir='ltr'>generalis</span> <span class='ocrx_word' id='word_1_195' title='bbox 899 1138 1006 1161; x_wconf 81' lang='lat' dir='ltr'>smum</span> <span class='ocrx_word' id='word_1_196' title='bbox 1031 1139 1096 1161; x_wconf 90' lang='lat' dir='ltr'>non</span> <span class='ocrx_word' id='word_1_197' title='bbox 1122 1131 1251 1172; x_wconf 85' lang='lat' dir='ltr'>possint,</span> <span class='ocrx_word' id='word_1_198' title='bbox 1277 1137 1340 1163; x_wconf 88' lang='lat' dir='ltr'>tam</span> <span class='ocrx_word' id='word_1_199' title='bbox 1364 1143 1399 1165; x_wconf 82' lang='lat' dir='ltr'>ex</span> <span class='ocrx_word' id='word_1_200' title='bbox 1423 1139 1510 1176; x_wconf 83' lang='lat' dir='ltr'>parte</span> <span class='ocrx_word' id='word_1_201' title='bbox 1535 1135 1664 1167; x_wconf 79' lang='lat' dir='ltr'>mai-itin</span> <span class='ocrx_word' id='word_1_202' title='bbox 1651 1117 1695 1161; x_wconf 66' lang='lat'>&#39;¹1</span> <span class='ocrx_word' id='word_1_203' title='bbox 1693 1121 1703 1134; x_wconf 63' lang='lat'>‘⁸</span> <span class='ocrx_word' id='word_1_204' title='bbox 1722 1121 1743 1138; x_wconf 54' lang='lat' dir='ltr'>‘p</span> <span class='ocrx_word' id='word_1_205' title='bbox 1761 1120 1841 1133; x_wconf 44' lang='grc' dir='ltr'>ΜΨ</span> 
     </span>
     <span class='ocr_line' id='line_1_18' title="bbox 128 1182 1641 1230; baseline 0.001 -14"><span class='ocrx_word' id='word_1_206' title='bbox 128 1182 231 1216; x_wconf 78' lang='lat' dir='ltr'>dictae</span> <span class='ocrx_word' id='word_1_207' title='bbox 253 1183 414 1224; x_wconf 88' lang='lat' dir='ltr'>civitatis;</span> <span class='ocrx_word' id='word_1_208' title='bbox 438 1194 496 1217; x_wconf 89' lang='lat' dir='ltr'>nec</span> <span class='ocrx_word' id='word_1_209' title='bbox 520 1184 651 1227; x_wconf 86' lang='lat' dir='ltr'>insuper</span> <span class='ocrx_word' id='word_1_210' title='bbox 673 1184 764 1217; x_wconf 86' lang='lat' dir='ltr'>liceat</span> <span class='ocrx_word' id='word_1_211' title='bbox 798 1193 869 1226; x_wconf 91' lang='lat' dir='ltr'>por-</span> <span class='ocrx_word' id='word_1_212' title='bbox 899 1191 993 1223; x_wconf 79' lang='lat' dir='ltr'>quam</span> <span class='ocrx_word' id='word_1_213' title='bbox 1017 1192 1053 1214; x_wconf 87' lang='lat' dir='ltr'>ex</span> <span class='ocrx_word' id='word_1_214' title='bbox 1076 1188 1165 1225; x_wconf 78' lang='lat' dir='ltr'>parte</span> <span class='ocrx_word' id='word_1_215' title='bbox 1189 1184 1305 1224; x_wconf 80' lang='lat' dir='ltr'>uxoris</span> <span class='ocrx_word' id='word_1_216' title='bbox 1329 1187 1433 1218; x_wconf 61' lang='lat' dir='ltr'>iocati</span> <span class='ocrx_word' id='word_1_217' title='bbox 1451 1189 1641 1230; x_wconf 78' lang='lat' dir='ltr'>consangui-</span> 
     </span>
     <span class='ocr_line' id='line_1_19' title="bbox 127 1234 1639 1282; baseline 0.003 -14"><span class='ocrx_word' id='word_1_218' title='bbox 127 1240 196 1269; x_wconf 85' lang='lat' dir='ltr'>tare</span> <span class='ocrx_word' id='word_1_219' title='bbox 227 1235 260 1268; x_wconf 92' lang='lat' dir='ltr'>in</span> <span class='ocrx_word' id='word_1_220' title='bbox 284 1236 385 1279; x_wconf 83' lang='lat' dir='ltr'>capite</span> <span class='ocrx_word' id='word_1_221' title='bbox 404 1263 412 1277; x_wconf 90' lang='lat'>,</span> <span class='ocrx_word' id='word_1_222' title='bbox 436 1237 514 1269; x_wconf 87' lang='lat' dir='ltr'>collo</span> <span class='ocrx_word' id='word_1_223' title='bbox 532 1264 539 1277; x_wconf 91' lang='lat'>,</span> <span class='ocrx_word' id='word_1_224' title='bbox 564 1242 691 1279; x_wconf 79' lang='lat' dir='ltr'>pectore</span> <span class='ocrx_word' id='word_1_225' title='bbox 707 1238 755 1270; x_wconf 92' lang='lat' dir='ltr'>vel</span> <span class='ocrx_word' id='word_1_226' title='bbox 777 1247 868 1269; x_wconf 84' lang='lat' dir='ltr'>orna·</span> <span class='ocrx_word' id='word_1_227' title='bbox 898 1234 949 1266; x_wconf 87' lang='lat' dir='ltr'>nei</span> <span class='ocrx_word' id='word_1_228' title='bbox 984 1236 1031 1267; x_wconf 87' lang='lat' dir='ltr'>vel</span> <span class='ocrx_word' id='word_1_229' title='bbox 1065 1236 1174 1269; x_wconf 86' lang='lat' dir='ltr'>affines</span> <span class='ocrx_word' id='word_1_230' title='bbox 1209 1248 1303 1280; x_wconf 90' lang='lat' dir='ltr'>supra</span> <span class='ocrx_word' id='word_1_231' title='bbox 1335 1245 1482 1281; x_wconf 85' lang='lat' dir='ltr'>quartum</span> <span class='ocrx_word' id='word_1_232' title='bbox 1507 1241 1639 1282; x_wconf 78' lang='lat' dir='ltr'>gradum</span> 
     </span>
     <span class='ocr_line' id='line_1_20' title="bbox 128 1288 1642 1335; baseline 0.002 -13"><span class='ocrx_word' id='word_1_233' title='bbox 128 1293 235 1322; x_wconf 79' lang='lat' dir='ltr'>mento</span> <span class='ocrx_word' id='word_1_234' title='bbox 257 1290 391 1322; x_wconf 87' lang='lat' dir='ltr'>vestium</span> <span class='ocrx_word' id='word_1_235' title='bbox 415 1290 496 1322; x_wconf 84' lang='lat' dir='ltr'>ultra</span> <span class='ocrx_word' id='word_1_236' title='bbox 513 1290 649 1322; x_wconf 83' lang='lat' dir='ltr'>valorem</span> <span class='ocrx_word' id='word_1_237' title='bbox 673 1289 783 1332; x_wconf 82' lang='lat' dir='ltr'>viginti</span> <span class='ocrx_word' id='word_1_238' title='bbox 801 1299 868 1321; x_wconf 90' lang='lat' dir='ltr'>scu·</span> <span class='ocrx_word' id='word_1_239' title='bbox 898 1288 979 1320; x_wconf 86' lang='lat' dir='ltr'>ultra</span> <span class='ocrx_word' id='word_1_240' title='bbox 1015 1288 1133 1321; x_wconf 77' lang='lat' dir='ltr'>vicinos</span> <span class='ocrx_word' id='word_1_241' title='bbox 1150 1316 1157 1329; x_wconf 94' lang='lat'>‚</span> <span class='ocrx_word' id='word_1_242' title='bbox 1194 1290 1252 1322; x_wconf 88' lang='lat' dir='ltr'>sub</span> <span class='ocrx_word' id='word_1_243' title='bbox 1287 1291 1404 1324; x_wconf 83' lang='lat' dir='ltr'>eisdem</span> <span class='ocrx_word' id='word_1_244' title='bbox 1440 1293 1572 1335; x_wconf 85' lang='lat' dir='ltr'>poenis:</span> <span class='ocrx_word' id='word_1_245' title='bbox 1598 1294 1642 1326; x_wconf 86' lang='lat' dir='ltr'>ita</span> 
     </span>
     <span class='ocr_line' id='line_1_21' title="bbox 127 1341 1643 1386; baseline 0.003 -11"><span class='ocrx_word' id='word_1_246' title='bbox 127 1347 233 1376; x_wconf 81' lang='lat' dir='ltr'>torum</span> <span class='ocrx_word' id='word_1_247' title='bbox 257 1342 327 1375; x_wconf 79' lang='lat' dir='ltr'>aui-i</span> <span class='ocrx_word' id='word_1_248' title='bbox 351 1342 385 1374; x_wconf 92' lang='lat' dir='ltr'>in</span> <span class='ocrx_word' id='word_1_249' title='bbox 401 1352 479 1375; x_wconf 91' lang='lat' dir='ltr'>auro</span> <span class='ocrx_word' id='word_1_250' title='bbox 496 1342 529 1374; x_wconf 89' lang='lat' dir='ltr'>in</span> <span class='ocrx_word' id='word_1_251' title='bbox 547 1347 658 1383; x_wconf 85' lang='lat' dir='ltr'>totum,</span> <span class='ocrx_word' id='word_1_252' title='bbox 682 1341 870 1384; x_wconf 88' lang='lat' dir='ltr'>computatis</span> <span class='ocrx_word' id='word_1_253' title='bbox 899 1341 982 1382; x_wconf 91' lang='lat' dir='ltr'>quod</span> <span class='ocrx_word' id='word_1_254' title='bbox 1006 1341 1038 1373; x_wconf 92' lang='lat' dir='ltr'>in</span> <span class='ocrx_word' id='word_1_255' title='bbox 1062 1342 1146 1374; x_wconf 92' lang='lat' dir='ltr'>nullo</span> <span class='ocrx_word' id='word_1_256' title='bbox 1171 1343 1296 1385; x_wconf 85' lang='lat' dir='ltr'>penitus</span> <span class='ocrx_word' id='word_1_257' title='bbox 1320 1350 1391 1376; x_wconf 78' lang='lat' dir='ltr'>actu</span> <span class='ocrx_word' id='word_1_258' title='bbox 1415 1345 1577 1386; x_wconf 83' lang='lat' dir='ltr'>faciendo,</span> <span class='ocrx_word' id='word_1_259' title='bbox 1603 1349 1643 1380; x_wconf 87' lang='lat' dir='ltr'>ad</span> 
     </span>
     <span class='ocr_line' id='line_1_22' title="bbox 128 1394 1638 1438; baseline 0.002 -10"><span class='ocrx_word' id='word_1_260' title='bbox 128 1395 336 1435; x_wconf 83' lang='lat' dir='ltr'>ornamentis,</span> <span class='ocrx_word' id='word_1_261' title='bbox 350 1395 533 1437; x_wconf 81' lang='lat' dir='ltr'>margaritis</span> <span class='ocrx_word' id='word_1_262' title='bbox 543 1406 598 1428; x_wconf 89' lang='lat' dir='ltr'>seu</span> <span class='ocrx_word' id='word_1_263' title='bbox 614 1394 718 1438; x_wconf 89' lang='lat' dir='ltr'>perlis,</span> <span class='ocrx_word' id='word_1_264' title='bbox 737 1394 869 1434; x_wconf 87' lang='lat' dir='ltr'>corallis,</span> <span class='ocrx_word' id='word_1_265' title='bbox 899 1398 1045 1425; x_wconf 74' lang='lat' dir='ltr'>ornatum</span> <span class='ocrx_word' id='word_1_266' title='bbox 1070 1394 1237 1428; x_wconf 85' lang='lat' dir='ltr'>infantium</span> <span class='ocrx_word' id='word_1_267' title='bbox 1263 1396 1453 1429; x_wconf 82' lang='lat' dir='ltr'>adhibeatur</span> <span class='ocrx_word' id='word_1_268' title='bbox 1477 1410 1553 1431; x_wconf 91' lang='lat' dir='ltr'>usus</span> <span class='ocrx_word' id='word_1_269' title='bbox 1576 1401 1638 1432; x_wconf 88' lang='lat' dir='ltr'>eul-</span> 
     </span>
     <span class='ocr_line' id='line_1_23' title="bbox 127 1445 1642 1491; baseline 0.002 -11"><span class='ocrx_word' id='word_1_270' title='bbox 127 1447 271 1491; x_wconf 84' lang='lat' dir='ltr'>granatis</span> <span class='ocrx_word' id='word_1_271' title='bbox 304 1452 337 1481; x_wconf 84' lang='lat' dir='ltr'>et</span> <span class='ocrx_word' id='word_1_272' title='bbox 359 1448 515 1481; x_wconf 87' lang='lat' dir='ltr'>similibus</span> <span class='ocrx_word' id='word_1_273' title='bbox 538 1448 617 1489; x_wconf 82' lang='lat' dir='ltr'>aliis,</span> <span class='ocrx_word' id='word_1_274' title='bbox 652 1453 804 1491; x_wconf 84' lang='lat' dir='ltr'>negantes</span> <span class='ocrx_word' id='word_1_275' title='bbox 826 1447 871 1480; x_wconf 89' lang='lat' dir='ltr'>eis</span> <span class='ocrx_word' id='word_1_276' title='bbox 901 1445 1066 1486; x_wconf 86' lang='lat' dir='ltr'>trinarum,</span> <span class='ocrx_word' id='word_1_277' title='bbox 1085 1447 1145 1480; x_wconf 84' lang='lat' dir='ltr'>nisi</span> <span class='ocrx_word' id='word_1_278' title='bbox 1169 1449 1208 1481; x_wconf 80' lang='lat' dir='ltr'>ad</span> <span class='ocrx_word' id='word_1_279' title='bbox 1232 1460 1390 1483; x_wconf 90' lang='lat' dir='ltr'>summum</span> <span class='ocrx_word' id='word_1_280' title='bbox 1417 1462 1451 1482; x_wconf 82' lang='lat' dir='ltr'>ex</span> <span class='ocrx_word' id='word_1_281' title='bbox 1474 1451 1573 1484; x_wconf 81' lang='lat' dir='ltr'>serico</span> <span class='ocrx_word' id='word_1_282' title='bbox 1591 1457 1642 1484; x_wconf 88' lang='lat' dir='ltr'>aut</span> 
     </span>
     <span class='ocr_line' id='line_1_24' title="bbox 128 1499 1644 1546; baseline 0.002 -14"><span class='ocrx_word' id='word_1_283' title='bbox 128 1499 259 1533; x_wconf 89' lang='lat' dir='ltr'>monilia</span> <span class='ocrx_word' id='word_1_284' title='bbox 281 1505 313 1533; x_wconf 88' lang='lat' dir='ltr'>et</span> <span class='ocrx_word' id='word_1_285' title='bbox 335 1500 504 1542; x_wconf 79' lang='lat' dir='ltr'>pendentia</span> <span class='ocrx_word' id='word_1_286' title='bbox 521 1500 560 1533; x_wconf 87' lang='lat' dir='ltr'>ah</span> <span class='ocrx_word' id='word_1_287' title='bbox 576 1500 717 1541; x_wconf 84' lang='lat' dir='ltr'>auribus,</span> <span class='ocrx_word' id='word_1_288' title='bbox 734 1500 792 1533; x_wconf 89' lang='lat' dir='ltr'>sub</span> <span class='ocrx_word' id='word_1_289' title='bbox 809 1500 872 1533; x_wconf 85' lang='lat' dir='ltr'>iarn</span> <span class='ocrx_word' id='word_1_290' title='bbox 901 1500 1012 1531; x_wconf 85' lang='lat' dir='ltr'>velluto</span> <span class='ocrx_word' id='word_1_291' title='bbox 1041 1500 1175 1543; x_wconf 86' lang='lat' dir='ltr'>simplici</span> <span class='ocrx_word' id='word_1_292' title='bbox 1211 1512 1281 1534; x_wconf 81' lang='lat' dir='ltr'>cum</span> <span class='ocrx_word' id='word_1_293' title='bbox 1319 1503 1514 1545; x_wconf 78' lang='lat' dir='ltr'>simplicibus</span> <span class='ocrx_word' id='word_1_294' title='bbox 1539 1514 1644 1546; x_wconf 80' lang='lat' dir='ltr'>passa-</span> 
     </span>
     <span class='ocr_line' id='line_1_25' title="bbox 130 1551 1643 1596; baseline 0.001 -10"><span class='ocrx_word' id='word_1_295' title='bbox 130 1551 225 1586; x_wconf 86' lang='lat' dir='ltr'>dictis</span> <span class='ocrx_word' id='word_1_296' title='bbox 247 1552 358 1595; x_wconf 88' lang='lat' dir='ltr'>poenis</span> <span class='ocrx_word' id='word_1_297' title='bbox 381 1557 411 1585; x_wconf 92' lang='lat' dir='ltr'>et</span> <span class='ocrx_word' id='word_1_298' title='bbox 435 1563 544 1586; x_wconf 88' lang='lat' dir='ltr'>rerum</span> <span class='ocrx_word' id='word_1_299' title='bbox 569 1553 747 1593; x_wconf 88' lang='lat' dir='ltr'>amissione,</span> <span class='ocrx_word' id='word_1_300' title='bbox 763 1558 797 1585; x_wconf 87' lang='lat' dir='ltr'>ut</span> <span class='ocrx_word' id='word_1_301' title='bbox 822 1563 872 1585; x_wconf 90' lang='lat' dir='ltr'>su·</span> <span class='ocrx_word' id='word_1_302' title='bbox 903 1551 1003 1583; x_wconf 87' lang='lat' dir='ltr'>manis</span> <span class='ocrx_word' id='word_1_303' title='bbox 1026 1562 1081 1584; x_wconf 88' lang='lat' dir='ltr'>seu</span> <span class='ocrx_word' id='word_1_304' title='bbox 1105 1553 1236 1596; x_wconf 82' lang='lat' dir='ltr'>srangiis</span> <span class='ocrx_word' id='word_1_305' title='bbox 1261 1554 1369 1587; x_wconf 82' lang='lat' dir='ltr'>sericis</span> <span class='ocrx_word' id='word_1_306' title='bbox 1397 1566 1457 1587; x_wconf 81' lang='lat' dir='ltr'>una</span> <span class='ocrx_word' id='word_1_307' title='bbox 1490 1567 1560 1588; x_wconf 85' lang='lat' dir='ltr'>eum</span> <span class='ocrx_word' id='word_1_308' title='bbox 1586 1567 1643 1588; x_wconf 77' lang='lat' dir='ltr'>ca-</span> 
     </span>
     <span class='ocr_line' id='line_1_26' title="bbox 129 1604 1644 1651; baseline 0.003 -14"><span class='ocrx_word' id='word_1_309' title='bbox 129 1613 190 1648; x_wconf 86' lang='lat' dir='ltr'>pra</span> <span class='ocrx_word' id='word_1_310' title='bbox 213 1604 482 1648; x_wconf 86' lang='lat' dir='ltr'>applicandarum,</span> <span class='ocrx_word' id='word_1_311' title='bbox 507 1605 540 1637; x_wconf 91' lang='lat' dir='ltr'>in</span> <span class='ocrx_word' id='word_1_312' title='bbox 564 1605 679 1648; x_wconf 88' lang='lat' dir='ltr'>quihus</span> <span class='ocrx_word' id='word_1_313' title='bbox 710 1606 872 1638; x_wconf 86' lang='lat' dir='ltr'>incurrere</span> <span class='ocrx_word' id='word_1_314' title='bbox 902 1604 973 1646; x_wconf 86' lang='lat' dir='ltr'>pula</span> <span class='ocrx_word' id='word_1_315' title='bbox 1005 1604 1068 1637; x_wconf 89' lang='lat' dir='ltr'>sive</span> <span class='ocrx_word' id='word_1_316' title='bbox 1104 1606 1242 1647; x_wconf 86' lang='lat' dir='ltr'>lentiolo,</span> <span class='ocrx_word' id='word_1_317' title='bbox 1267 1607 1332 1640; x_wconf 85' lang='lat' dir='ltr'>sine</span> <span class='ocrx_word' id='word_1_318' title='bbox 1357 1618 1434 1641; x_wconf 88' lang='lat' dir='ltr'>auro</span> <span class='ocrx_word' id='word_1_319' title='bbox 1458 1614 1489 1641; x_wconf 89' lang='lat' dir='ltr'>et</span> <span class='ocrx_word' id='word_1_320' title='bbox 1512 1614 1644 1651; x_wconf 72' lang='lat' dir='ltr'>arg-ento</span> 
     </span>
     <span class='ocr_line' id='line_1_27' title="bbox 130 1655 1643 1702; baseline 0.003 -13"><span class='ocrx_word' id='word_1_321' title='bbox 130 1655 226 1689; x_wconf 82' lang='lat' dir='ltr'>etiam</span> <span class='ocrx_word' id='word_1_322' title='bbox 249 1662 349 1700; x_wconf 83' lang='lat' dir='ltr'>pater,</span> <span class='ocrx_word' id='word_1_323' title='bbox 374 1663 484 1698; x_wconf 86' lang='lat' dir='ltr'>mater,</span> <span class='ocrx_word' id='word_1_324' title='bbox 509 1669 595 1699; x_wconf 89' lang='lat' dir='ltr'>avus,</span> <span class='ocrx_word' id='word_1_325' title='bbox 620 1659 700 1699; x_wconf 90' lang='lat' dir='ltr'>avia,</span> <span class='ocrx_word' id='word_1_326' title='bbox 732 1664 873 1702; x_wconf 83' lang='lat' dir='ltr'>patruus,</span> <span class='ocrx_word' id='word_1_327' title='bbox 902 1661 930 1688; x_wconf 82' lang='lat' dir='ltr'>et</span> <span class='ocrx_word' id='word_1_328' title='bbox 955 1657 1065 1700; x_wconf 82' lang='lat' dir='ltr'>quovis</span> <span class='ocrx_word' id='word_1_329' title='bbox 1089 1668 1285 1700; x_wconf 81' lang='lat' dir='ltr'>gemmarum</span> <span class='ocrx_word' id='word_1_330' title='bbox 1311 1671 1426 1702; x_wconf 76' lang='lat' dir='ltr'>genere</span> <span class='ocrx_word' id='word_1_331' title='bbox 1445 1662 1490 1693; x_wconf 78' lang='lat' dir='ltr'>vel</span> <span class='ocrx_word' id='word_1_332' title='bbox 1508 1672 1643 1694; x_wconf 87' lang='lat' dir='ltr'>reeamo.</span> 
     </span>
     <span class='ocr_line' id='line_1_28' title="bbox 130 1708 1848 1764; baseline 0.003 -22"><span class='ocrx_word' id='word_1_333' title='bbox 130 1713 163 1741; x_wconf 83' lang='lat' dir='ltr'>et</span> <span class='ocrx_word' id='word_1_334' title='bbox 185 1711 370 1751; x_wconf 85' lang='lat' dir='ltr'>avunculus,</span> <span class='ocrx_word' id='word_1_335' title='bbox 393 1711 506 1744; x_wconf 81' lang='lat' dir='ltr'>fratres</span> <span class='ocrx_word' id='word_1_336' title='bbox 523 1712 666 1754; x_wconf 83' lang='lat' dir='ltr'>germani</span> <span class='ocrx_word' id='word_1_337' title='bbox 684 1713 731 1745; x_wconf 79' lang='lat' dir='ltr'>vel</span> <span class='ocrx_word' id='word_1_338' title='bbox 743 1723 873 1745; x_wconf 86' lang='lat' dir='ltr'>consan-</span> <span class='ocrx_word' id='word_1_339' title='bbox 945 1708 960 1750; x_wconf 63' lang='grc' dir='ltr'><strong>ἓ</strong></span> <span class='ocrx_word' id='word_1_340' title='bbox 984 1708 1035 1741; x_wconf 82' lang='lat'>17-</span> <span class='ocrx_word' id='word_1_341' title='bbox 1060 1709 1095 1741; x_wconf 77' lang='lat' dir='ltr'>Et</span> <span class='ocrx_word' id='word_1_342' title='bbox 1114 1711 1268 1752; x_wconf 75' lang='lat' dir='ltr'>similiter,</span> <span class='ocrx_word' id='word_1_343' title='bbox 1286 1718 1318 1744; x_wconf 91' lang='lat' dir='ltr'>ut</span> <span class='ocrx_word' id='word_1_344' title='bbox 1337 1714 1550 1755; x_wconf 82' lang='lat' dir='ltr'>reprimantur</span> <span class='ocrx_word' id='word_1_345' title='bbox 1568 1714 1644 1746; x_wconf 80' lang='lat' dir='ltr'>abu-</span> <span class='ocrx_word' id='word_1_346' title='bbox 1656 1717 1773 1764; x_wconf 38' lang='lat' dir='ltr'>m‘dnf‘ff‘ssff</span> <span class='ocrx_word' id='word_1_347' title='bbox 1792 1722 1848 1736; x_wconf 59' lang='grc' dir='ltr'>ω’·</span> 
     </span>
     <span class='ocr_line' id='line_1_29' title="bbox 131 1758 1738 1808; baseline 0.005 -17"><span class='ocrx_word' id='word_1_348' title='bbox 131 1761 238 1804; x_wconf 79' lang='lat' dir='ltr'>guinei</span> <span class='ocrx_word' id='word_1_349' title='bbox 262 1767 293 1796; x_wconf 76' lang='lat' dir='ltr'>et</span> <span class='ocrx_word' id='word_1_350' title='bbox 316 1764 369 1796; x_wconf 75' lang='lat' dir='ltr'>alii</span> <span class='ocrx_word' id='word_1_351' title='bbox 382 1764 550 1797; x_wconf 73' lang='lat' dir='ltr'>attinentes</span> <span class='ocrx_word' id='word_1_352' title='bbox 563 1765 669 1808; x_wconf 78' lang='lat' dir='ltr'>sponsi</span> <span class='ocrx_word' id='word_1_353' title='bbox 686 1770 715 1797; x_wconf 69' lang='lat' dir='ltr'>et</span> <span class='ocrx_word' id='word_1_354' title='bbox 732 1776 874 1808; x_wconf 66' lang='lat' dir='ltr'>sponsae,</span> <span class='ocrx_word' id='word_1_355' title='bbox 903 1771 955 1793; x_wconf 86' lang='lat' dir='ltr'>sus</span> <span class='ocrx_word' id='word_1_356' title='bbox 978 1761 1031 1804; x_wconf 90' lang='lat' dir='ltr'>qui</span> <span class='ocrx_word' id='word_1_357' title='bbox 1057 1763 1155 1796; x_wconf 89' lang='lat' dir='ltr'>solent</span> <span class='ocrx_word' id='word_1_358' title='bbox 1180 1764 1248 1796; x_wconf 85' lang='lat' dir='ltr'>fieri</span> <span class='ocrx_word' id='word_1_359' title='bbox 1273 1765 1304 1796; x_wconf 89' lang='lat' dir='ltr'>in</span> <span class='ocrx_word' id='word_1_360' title='bbox 1330 1766 1479 1797; x_wconf 75' lang='lat' dir='ltr'>ornandis</span> <span class='ocrx_word' id='word_1_361' title='bbox 1503 1767 1643 1799; x_wconf 58' lang='grc'><strong>0111111111]-</strong></span> <span class='ocrx_word' id='word_1_362' title='bbox 1717 1758 1738 1764; x_wconf 64' lang='grc'><em>”</em></span> 
     </span>
     <span class='ocr_line' id='line_1_30' title="bbox 130 1814 1644 1858; baseline 0.004 -14"><span class='ocrx_word' id='word_1_363' title='bbox 130 1814 187 1858; x_wconf 87' lang='lat' dir='ltr'>qui</span> <span class='ocrx_word' id='word_1_364' title='bbox 211 1817 430 1850; x_wconf 65' lang='lat' dir='ltr'>consenseiint</span> <span class='ocrx_word' id='word_1_365' title='bbox 452 1818 500 1850; x_wconf 73' lang='lat' dir='ltr'>vel</span> <span class='ocrx_word' id='word_1_366' title='bbox 523 1818 659 1851; x_wconf 75' lang='lat' dir='ltr'>emelim</span> <span class='ocrx_word' id='word_1_367' title='bbox 683 1818 743 1851; x_wconf 71' lang='lat' dir='ltr'>illa</span> <span class='ocrx_word' id='word_1_368' title='bbox 905 1814 948 1853; x_wconf 86' lang='lat' dir='ltr'>lis,</span> <span class='ocrx_word' id='word_1_369' title='bbox 974 1825 1037 1847; x_wconf 92' lang='lat' dir='ltr'>non</span> <span class='ocrx_word' id='word_1_370' title='bbox 1062 1816 1275 1849; x_wconf 78' lang='lat' dir='ltr'>adhibeantur</span> <span class='ocrx_word' id='word_1_371' title='bbox 1291 1818 1445 1854; x_wconf 69' lang='lat' dir='ltr'>cultrices,</span> <span class='ocrx_word' id='word_1_372' title='bbox 1464 1819 1523 1850; x_wconf 70' lang='lat' dir='ltr'>nisi</span> <span class='ocrx_word' id='word_1_373' title='bbox 1543 1825 1572 1850; x_wconf 89' lang='grc'>111</span> <span class='ocrx_word' id='word_1_374' title='bbox 1592 1830 1644 1851; x_wconf 82' lang='lat' dir='ltr'>su-</span> 
     </span>
     <span class='ocr_line' id='line_1_31' title="bbox 174 1867 1649 1915; baseline 0.003 -18"><span class='ocrx_word' id='word_1_375' title='bbox 174 1867 190 1910; x_wconf 63' lang='grc' dir='ltr'><strong>ξ</strong></span> <span class='ocrx_word' id='word_1_376' title='bbox 212 1867 264 1902; x_wconf 84' lang='grc'>13,</span> <span class='ocrx_word' id='word_1_377' title='bbox 298 1868 336 1901; x_wconf 81' lang='lat' dir='ltr'>Et</span> <span class='ocrx_word' id='word_1_378' title='bbox 369 1879 409 1902; x_wconf 72' lang='lat' dir='ltr'>ne</span> <span class='ocrx_word' id='word_1_379' title='bbox 443 1870 540 1913; x_wconf 77' lang='lat' dir='ltr'>possit</span> <span class='ocrx_word' id='word_1_380' title='bbox 579 1871 734 1903; x_wconf 74' lang='lat' dir='ltr'>committi</span> <span class='ocrx_word' id='word_1_381' title='bbox 770 1872 875 1915; x_wconf 71' lang='lat' dir='ltr'>aliqua</span> <span class='ocrx_word' id='word_1_382' title='bbox 905 1878 960 1910; x_wconf 87' lang='lat' dir='ltr'>pra</span> <span class='ocrx_word' id='word_1_383' title='bbox 983 1868 1167 1911; x_wconf 81' lang='lat' dir='ltr'>pernicalia,</span> <span class='ocrx_word' id='word_1_384' title='bbox 1192 1869 1265 1909; x_wconf 80' lang='lat' dir='ltr'>sive,</span> <span class='ocrx_word' id='word_1_385' title='bbox 1291 1876 1325 1902; x_wconf 88' lang='lat' dir='ltr'>ut</span> <span class='ocrx_word' id='word_1_386' title='bbox 1348 1871 1439 1911; x_wconf 71' lang='lat' dir='ltr'>vulgo</span> <span class='ocrx_word' id='word_1_387' title='bbox 1457 1870 1580 1909; x_wconf 64' lang='lat' dir='ltr'>divitur,</span> <span class='ocrx_word' id='word_1_388' title='bbox 1600 1881 1649 1901; x_wconf 79' lang='lat' dir='ltr'>co-</span> 
     </span>
     <span class='ocr_line' id='line_1_32' title="bbox 95 1907 1645 1966; baseline 0.002 -15.075"><span class='ocrx_word' id='word_1_389' title='bbox 95 1907 228 1962; x_wconf 62' lang='lat' dir='ltr'>b&#39;fraus,</span> <span class='ocrx_word' id='word_1_390' title='bbox 251 1921 418 1954; x_wconf 81' lang='lat' dir='ltr'>ordinatm</span> <span class='ocrx_word' id='word_1_391' title='bbox 440 1927 471 1955; x_wconf 86' lang='lat' dir='ltr'>et</span> <span class='ocrx_word' id='word_1_392' title='bbox 494 1922 642 1955; x_wconf 81' lang='lat' dir='ltr'>statuitm</span> <span class='ocrx_word' id='word_1_393' title='bbox 665 1924 759 1966; x_wconf 84' lang='lat' dir='ltr'>quod</span> <span class='ocrx_word' id='word_1_394' title='bbox 790 1929 875 1957; x_wconf 76' lang='lat' dir='ltr'>ame-</span> <span class='ocrx_word' id='word_1_395' title='bbox 903 1920 985 1960; x_wconf 72' lang='lat' dir='ltr'>tuni,</span> <span class='ocrx_word' id='word_1_396' title='bbox 1020 1925 1050 1952; x_wconf 85' lang='lat' dir='ltr'>et</span> <span class='ocrx_word' id='word_1_397' title='bbox 1086 1921 1269 1953; x_wconf 79' lang='lat' dir='ltr'>linteamina</span> <span class='ocrx_word' id='word_1_398' title='bbox 1304 1922 1488 1957; x_wconf 82' lang='lat' dir='ltr'>necessaria,</span> <span class='ocrx_word' id='word_1_399' title='bbox 1526 1922 1645 1964; x_wconf 79' lang='lat' dir='ltr'>absque</span> 
     </span>
     <span class='ocr_line' id='line_1_33' title="bbox 129 1973 1647 2019; baseline -0.001 -12"><span class='ocrx_word' id='word_1_400' title='bbox 129 1984 225 2017; x_wconf 85' lang='lat' dir='ltr'>quam</span> <span class='ocrx_word' id='word_1_401' title='bbox 249 1983 383 2017; x_wconf 83' lang='lat' dir='ltr'>sponsae</span> <span class='ocrx_word' id='word_1_402' title='bbox 406 1978 436 2007; x_wconf 93' lang='lat' dir='ltr'>et</span> <span class='ocrx_word' id='word_1_403' title='bbox 460 1974 608 2007; x_wconf 87' lang='lat' dir='ltr'>mulieres</span> <span class='ocrx_word' id='word_1_404' title='bbox 624 1981 741 2018; x_wconf 87' lang='lat' dir='ltr'>nuptae</span> <span class='ocrx_word' id='word_1_405' title='bbox 756 1977 873 2019; x_wconf 80' lang='lat' dir='ltr'>possint</span> <span class='ocrx_word' id='word_1_406' title='bbox 904 1973 1009 2016; x_wconf 84' lang='lat' dir='ltr'>aliquo</span> <span class='ocrx_word' id='word_1_407' title='bbox 1033 1973 1103 2006; x_wconf 89' lang='lat' dir='ltr'>auri</span> <span class='ocrx_word' id='word_1_408' title='bbox 1126 1975 1173 2006; x_wconf 84' lang='lat' dir='ltr'>vel</span> <span class='ocrx_word' id='word_1_409' title='bbox 1190 1974 1313 2016; x_wconf 79' lang='lat' dir='ltr'>argenti</span> <span class='ocrx_word' id='word_1_410' title='bbox 1330 1980 1357 2006; x_wconf 88' lang='lat' dir='ltr'>et</span> <span class='ocrx_word' id='word_1_411' title='bbox 1376 1985 1573 2017; x_wconf 71' lang='lat' dir='ltr'>gemmarum</span> <span class='ocrx_word' id='word_1_412' title='bbox 1591 1974 1647 2005; x_wconf 87' lang='lat' dir='ltr'>ad-</span> 
     </span>
     <span class='ocr_line' id='line_1_34' title="bbox 130 2025 1647 2069; baseline 0.001 -10"><span class='ocrx_word' id='word_1_413' title='bbox 130 2036 242 2069; x_wconf 80' lang='lat' dir='ltr'>gerere</span> <span class='ocrx_word' id='word_1_414' title='bbox 263 2026 347 2058; x_wconf 85' lang='lat' dir='ltr'>bona</span> <span class='ocrx_word' id='word_1_415' title='bbox 373 2027 535 2069; x_wconf 83' lang='lat' dir='ltr'>praedicta</span> <span class='ocrx_word' id='word_1_416' title='bbox 558 2032 589 2060; x_wconf 89' lang='lat' dir='ltr'>et</span> <span class='ocrx_word' id='word_1_417' title='bbox 612 2028 757 2061; x_wconf 87' lang='lat' dir='ltr'>similiter</span> <span class='ocrx_word' id='word_1_418' title='bbox 783 2039 875 2062; x_wconf 87' lang='lat' dir='ltr'>orna·</span> <span class='ocrx_word' id='word_1_419' title='bbox 905 2025 1088 2066; x_wconf 72' lang='lat' dir='ltr'>ditflmenw,</span> <span class='ocrx_word' id='word_1_420' title='bbox 1113 2027 1170 2059; x_wconf 91' lang='lat' dir='ltr'>sub</span> <span class='ocrx_word' id='word_1_421' title='bbox 1205 2027 1297 2059; x_wconf 81' lang='lat' dir='ltr'>dictis</span> <span class='ocrx_word' id='word_1_422' title='bbox 1336 2027 1445 2069; x_wconf 82' lang='lat' dir='ltr'>poenis</span> <span class='ocrx_word' id='word_1_423' title='bbox 1475 2032 1504 2059; x_wconf 85' lang='lat' dir='ltr'>et</span> <span class='ocrx_word' id='word_1_424' title='bbox 1539 2036 1647 2059; x_wconf 84' lang='lat' dir='ltr'>rerum</span> 
     </span>
     <span class='ocr_line' id='line_1_35' title="bbox 131 2079 1554 2123; baseline -0.001 -11"><span class='ocrx_word' id='word_1_425' title='bbox 131 2084 239 2113; x_wconf 84' lang='lat' dir='ltr'>menta</span> <span class='ocrx_word' id='word_1_426' title='bbox 255 2094 277 2120; x_wconf 43' lang='lat'>,⁷</span> <span class='ocrx_word' id='word_1_427' title='bbox 293 2080 428 2113; x_wconf 86' lang='lat' dir='ltr'>debeant</span> <span class='ocrx_word' id='word_1_428' title='bbox 451 2080 503 2112; x_wconf 85' lang='lat' dir='ltr'>illa</span> <span class='ocrx_word' id='word_1_429' title='bbox 537 2086 736 2123; x_wconf 82' lang='lat' dir='ltr'>praesentare</span> <span class='ocrx_word' id='word_1_430' title='bbox 769 2093 874 2115; x_wconf 82' lang='lat' dir='ltr'>eoram</span> <span class='ocrx_word' id='word_1_431' title='bbox 905 2079 1082 2120; x_wconf 82' lang='lat' dir='ltr'>amissione,</span> <span class='ocrx_word' id='word_1_432' title='bbox 1107 2085 1140 2112; x_wconf 90' lang='lat' dir='ltr'>ut</span> <span class='ocrx_word' id='word_1_433' title='bbox 1165 2090 1259 2123; x_wconf 88' lang='lat' dir='ltr'>supra</span> <span class='ocrx_word' id='word_1_434' title='bbox 1284 2080 1554 2122; x_wconf 81' lang='lat' dir='ltr'>applicandarum.</span> 
     </span>
     <span class='ocr_line' id='line_1_36' title="bbox 131 2131 1854 2187; baseline -0.001 -22"><span class='ocrx_word' id='word_1_435' title='bbox 131 2132 291 2175; x_wconf 82' lang='lat' dir='ltr'>prioribus</span> <span class='ocrx_word' id='word_1_436' title='bbox 313 2143 349 2164; x_wconf 90' lang='lat' dir='ltr'>ac</span> <span class='ocrx_word' id='word_1_437' title='bbox 374 2132 559 2175; x_wconf 80' lang='lat' dir='ltr'>magistratu</span> <span class='ocrx_word' id='word_1_438' title='bbox 576 2143 633 2176; x_wconf 86' lang='lat' dir='ltr'>pro</span> <span class='ocrx_word' id='word_1_439' title='bbox 650 2139 790 2176; x_wconf 83' lang='lat' dir='ltr'>tempore</span> <span class='ocrx_word' id='word_1_440' title='bbox 813 2135 876 2167; x_wconf 66' lang='lat' dir='ltr'>exi·</span> <span class='ocrx_word' id='word_1_441' title='bbox 947 2133 962 2175; x_wconf 70' lang='lat'><strong>§</strong></span> <span class='ocrx_word' id='word_1_442' title='bbox 985 2132 1036 2165; x_wconf 55' lang='lat'>118.</span> <span class='ocrx_word' id='word_1_443' title='bbox 1060 2133 1147 2171; x_wconf 88' lang='lat' dir='ltr'>ltem,</span> <span class='ocrx_word' id='word_1_444' title='bbox 1172 2133 1256 2175; x_wconf 89' lang='lat' dir='ltr'>quod</span> <span class='ocrx_word' id='word_1_445' title='bbox 1280 2142 1342 2164; x_wconf 90' lang='lat' dir='ltr'>non</span> <span class='ocrx_word' id='word_1_446' title='bbox 1361 2132 1478 2174; x_wconf 76' lang='lat' dir='ltr'>possint</span> <span class='ocrx_word' id='word_1_447' title='bbox 1498 2131 1581 2163; x_wconf 83' lang='lat' dir='ltr'>mitti</span> <span class='ocrx_word' id='word_1_448' title='bbox 1609 2131 1647 2163; x_wconf 90' lang='lat' dir='ltr'>ad</span> <span class='ocrx_word' id='word_1_449' title='bbox 1661 2137 1854 2187; x_wconf 47' lang='lat' dir='ltr'>aassss&#39;ss&#39;fpfssi-ffif&#39;</span> 
     </span>
     <span class='ocr_line' id='line_1_37' title="bbox 131 2184 1648 2228; baseline -0.001 -11"><span class='ocrx_word' id='word_1_450' title='bbox 131 2185 307 2225; x_wconf 83' lang='lat' dir='ltr'>stentihus,</span> <span class='ocrx_word' id='word_1_451' title='bbox 333 2185 386 2228; x_wconf 88' lang='lat' dir='ltr'>qui</span> <span class='ocrx_word' id='word_1_452' title='bbox 411 2185 522 2217; x_wconf 86' lang='lat' dir='ltr'>debeat</span> <span class='ocrx_word' id='word_1_453' title='bbox 551 2196 587 2218; x_wconf 87' lang='lat' dir='ltr'>ea</span> <span class='ocrx_word' id='word_1_454' title='bbox 622 2186 876 2220; x_wconf 80' lang='lat' dir='ltr'>aestimatoribus</span> <span class='ocrx_word' id='word_1_455' title='bbox 906 2186 1071 2218; x_wconf 88' lang='lat' dir='ltr'>mulierem</span> <span class='ocrx_word' id='word_1_456' title='bbox 1088 2195 1276 2228; x_wconf 78' lang='lat' dir='ltr'>puerperam</span> <span class='ocrx_word' id='word_1_457' title='bbox 1298 2195 1394 2216; x_wconf 77' lang='lat' dir='ltr'>cunae</span> <span class='ocrx_word' id='word_1_458' title='bbox 1415 2184 1506 2215; x_wconf 87' lang='lat' dir='ltr'>modo</span> <span class='ocrx_word' id='word_1_459' title='bbox 1533 2184 1648 2226; x_wconf 82' lang='lat' dir='ltr'>aliquo;</span> 
     </span>
     <span class='ocr_line' id='line_1_38' title="bbox 133 2237 1651 2282; baseline -0.002 -12"><span class='ocrx_word' id='word_1_460' title='bbox 133 2237 267 2280; x_wconf 80' lang='lat' dir='ltr'>singulis</span> <span class='ocrx_word' id='word_1_461' title='bbox 282 2237 376 2269; x_wconf 85' lang='lat' dir='ltr'>annis</span> <span class='ocrx_word' id='word_1_462' title='bbox 399 2238 432 2269; x_wconf 91' lang='lat' dir='ltr'>in</span> <span class='ocrx_word' id='word_1_463' title='bbox 456 2237 603 2280; x_wconf 87' lang='lat' dir='ltr'>pubblieo</span> <span class='ocrx_word' id='word_1_464' title='bbox 627 2238 756 2271; x_wconf 85' lang='lat' dir='ltr'>consilio</span> <span class='ocrx_word' id='word_1_465' title='bbox 780 2239 877 2282; x_wconf 87' lang='lat' dir='ltr'>depu-</span> <span class='ocrx_word' id='word_1_466' title='bbox 906 2238 1051 2281; x_wconf 81' lang='lat' dir='ltr'>quodque</span> <span class='ocrx_word' id='word_1_467' title='bbox 1087 2238 1179 2270; x_wconf 87' lang='lat' dir='ltr'>etiam</span> <span class='ocrx_word' id='word_1_468' title='bbox 1217 2237 1341 2268; x_wconf 86' lang='lat' dir='ltr'>mulieri</span> <span class='ocrx_word' id='word_1_469' title='bbox 1378 2246 1553 2278; x_wconf 77' lang='lat' dir='ltr'>puerperae</span> <span class='ocrx_word' id='word_1_470' title='bbox 1588 2245 1651 2267; x_wconf 67' lang='lat' dir='ltr'>noi:</span> 
     </span>
     <span class='ocr_line' id='line_1_39' title="bbox 133 2287 1651 2333; baseline -0.003 -10"><span class='ocrx_word' id='word_1_471' title='bbox 133 2291 238 2324; x_wconf 84' lang='lat' dir='ltr'>tandis</span> <span class='ocrx_word' id='word_1_472' title='bbox 254 2317 262 2331; x_wconf 89' lang='lat'>,</span> <span class='ocrx_word' id='word_1_473' title='bbox 285 2295 317 2323; x_wconf 87' lang='lat' dir='ltr'>et</span> <span class='ocrx_word' id='word_1_474' title='bbox 354 2290 379 2323; x_wconf 84' lang='lat' dir='ltr'>si</span> <span class='ocrx_word' id='word_1_475' title='bbox 403 2290 537 2323; x_wconf 78' lang='lat' dir='ltr'>abfuerit</span> <span class='ocrx_word' id='word_1_476' title='bbox 575 2291 621 2323; x_wconf 73' lang='lat' dir='ltr'>vel</span> <span class='ocrx_word' id='word_1_477' title='bbox 656 2291 799 2333; x_wconf 90' lang='lat' dir='ltr'>impediti</span> <span class='ocrx_word' id='word_1_478' title='bbox 823 2302 877 2324; x_wconf 87' lang='lat' dir='ltr'>seu</span> <span class='ocrx_word' id='word_1_479' title='bbox 907 2291 1023 2333; x_wconf 75' lang='lat' dir='ltr'>possint</span> <span class='ocrx_word' id='word_1_480' title='bbox 1050 2290 1131 2322; x_wconf 86' lang='lat' dir='ltr'>mitti</span> <span class='ocrx_word' id='word_1_481' title='bbox 1156 2301 1172 2321; x_wconf 87' lang='lat' dir='ltr'>a</span> <span class='ocrx_word' id='word_1_482' title='bbox 1197 2290 1261 2321; x_wconf 73' lang='lat' dir='ltr'>eive</span> <span class='ocrx_word' id='word_1_483' title='bbox 1286 2289 1367 2320; x_wconf 83' lang='lat' dir='ltr'>ultra</span> <span class='ocrx_word' id='word_1_484' title='bbox 1393 2288 1455 2319; x_wconf 86' lang='lat' dir='ltr'>duo</span> <span class='ocrx_word' id='word_1_485' title='bbox 1473 2287 1560 2330; x_wconf 80' lang='lat' dir='ltr'>paria</span> <span class='ocrx_word' id='word_1_486' title='bbox 1579 2298 1651 2329; x_wconf 84' lang='lat' dir='ltr'>eap-</span> 
     </span>
     <span class='ocr_line' id='line_1_40' title="bbox 133 2340 1653 2388; baseline -0.004 -12"><span class='ocrx_word' id='word_1_487' title='bbox 133 2343 304 2386; x_wconf 86' lang='lat' dir='ltr'>impeditus</span> <span class='ocrx_word' id='word_1_488' title='bbox 325 2342 428 2382; x_wconf 83' lang='lat' dir='ltr'>fuerit,</span> <span class='ocrx_word' id='word_1_489' title='bbox 445 2353 552 2375; x_wconf 93' lang='lat' dir='ltr'>eorum</span> <span class='ocrx_word' id='word_1_490' title='bbox 578 2343 642 2375; x_wconf 91' lang='lat' dir='ltr'>loco</span> <span class='ocrx_word' id='word_1_491' title='bbox 667 2343 783 2386; x_wconf 86' lang='lat' dir='ltr'>possint</span> <span class='ocrx_word' id='word_1_492' title='bbox 809 2344 876 2385; x_wconf 84' lang='lat' dir='ltr'>alii,</span> <span class='ocrx_word' id='word_1_493' title='bbox 908 2354 1025 2388; x_wconf 80' lang='lat' dir='ltr'>ponum</span> <span class='ocrx_word' id='word_1_494' title='bbox 1049 2350 1079 2376; x_wconf 84' lang='lat' dir='ltr'>et</span> <span class='ocrx_word' id='word_1_495' title='bbox 1103 2343 1163 2375; x_wconf 86' lang='lat' dir='ltr'>duo</span> <span class='ocrx_word' id='word_1_496' title='bbox 1189 2342 1326 2374; x_wconf 69' lang='lat' dir='ltr'>noe-bera</span> <span class='ocrx_word' id='word_1_497' title='bbox 1350 2340 1422 2378; x_wconf 74' lang='lat' dir='ltr'>vini,</span> <span class='ocrx_word' id='word_1_498' title='bbox 1442 2340 1584 2381; x_wconf 75' lang='lat' dir='ltr'>negando</span> <span class='ocrx_word' id='word_1_499' title='bbox 1601 2350 1653 2371; x_wconf 80' lang='lat' dir='ltr'>ex-</span> 
     </span>
     <span class='ocr_line' id='line_1_41' title="bbox 135 2393 1488 2440; baseline -0.004 -12"><span class='ocrx_word' id='word_1_500' title='bbox 135 2395 269 2428; x_wconf 77' lang='lat' dir='ltr'>arbitrio</span> <span class='ocrx_word' id='word_1_501' title='bbox 294 2394 494 2427; x_wconf 84' lang='lat' dir='ltr'>dominorum</span> <span class='ocrx_word' id='word_1_502' title='bbox 518 2395 683 2437; x_wconf 84' lang='lat' dir='ltr'>priorum,</span> <span class='ocrx_word' id='word_1_503' title='bbox 709 2396 876 2438; x_wconf 85' lang='lat' dir='ltr'>deputari,</span> <span class='ocrx_word' id='word_1_504' title='bbox 907 2408 1010 2440; x_wconf 84' lang='lat' dir='ltr'>presse</span> <span class='ocrx_word' id='word_1_505' title='bbox 1035 2406 1160 2428; x_wconf 87' lang='lat' dir='ltr'>omnem</span> <span class='ocrx_word' id='word_1_506' title='bbox 1186 2394 1277 2426; x_wconf 85' lang='lat' dir='ltr'>aliam</span> <span class='ocrx_word' id='word_1_507' title='bbox 1303 2403 1368 2425; x_wconf 88' lang='lat' dir='ltr'>rem</span> <span class='ocrx_word' id='word_1_508' title='bbox 1395 2393 1488 2425; x_wconf 77' lang='lat' dir='ltr'>tradi.</span> 
     </span>
     <span class='ocr_line' id='line_1_42' title="bbox 135 2446 1858 2492; baseline -0.001 -12"><span class='ocrx_word' id='word_1_509' title='bbox 135 2453 167 2480; x_wconf 85' lang='lat' dir='ltr'>et</span> <span class='ocrx_word' id='word_1_510' title='bbox 189 2453 295 2491; x_wconf 82' lang='lat' dir='ltr'>postea</span> <span class='ocrx_word' id='word_1_511' title='bbox 319 2447 464 2479; x_wconf 83' lang='lat' dir='ltr'>annotari</span> <span class='ocrx_word' id='word_1_512' title='bbox 489 2457 507 2478; x_wconf 86' lang='lat' dir='ltr'>a</span> <span class='ocrx_word' id='word_1_513' title='bbox 530 2448 715 2480; x_wconf 83' lang='lat' dir='ltr'>cancellario</span> <span class='ocrx_word' id='word_1_514' title='bbox 738 2458 895 2481; x_wconf 85' lang='lat' dir='ltr'>commu—·.</span> <span class='ocrx_word' id='word_1_515' title='bbox 950 2451 964 2492; x_wconf 64' lang='grc' dir='ltr'><strong>ξ</strong></span> <span class='ocrx_word' id='word_1_516' title='bbox 988 2449 1038 2482; x_wconf 80' lang='grc'>19.</span> <span class='ocrx_word' id='word_1_517' title='bbox 1063 2449 1148 2487; x_wconf 85' lang='lat' dir='ltr'>Item,</span> <span class='ocrx_word' id='word_1_518' title='bbox 1174 2447 1257 2489; x_wconf 86' lang='lat' dir='ltr'>quod</span> <span class='ocrx_word' id='word_1_519' title='bbox 1282 2446 1422 2478; x_wconf 85' lang='lat' dir='ltr'>noudum</span> <span class='ocrx_word' id='word_1_520' title='bbox 1449 2452 1571 2487; x_wconf 76' lang='lat' dir='ltr'>nuptae</span> <span class='ocrx_word' id='word_1_521' title='bbox 1597 2457 1652 2488; x_wconf 76' lang='lat' dir='ltr'>pn·</span> <span class='ocrx_word' id='word_1_522' title='bbox 1704 2462 1775 2481; x_wconf 50' lang='lat' dir='ltr'>vm&lt;</span> <span class='ocrx_word' id='word_1_523' title='bbox 1791 2462 1858 2479; x_wconf 61' lang='lat' dir='ltr'>inm-</span> 
     </span>
     <span class='ocr_line' id='line_1_43' title="bbox 136 2486 1858 2541; baseline -0.001 -10"><span class='ocrx_word' id='word_1_524' title='bbox 136 2500 254 2541; x_wconf 84' lang='lat' dir='ltr'>nitatis,</span> <span class='ocrx_word' id='word_1_525' title='bbox 279 2505 307 2532; x_wconf 89' lang='lat' dir='ltr'>et</span> <span class='ocrx_word' id='word_1_526' title='bbox 333 2509 397 2532; x_wconf 90' lang='lat' dir='ltr'>non</span> <span class='ocrx_word' id='word_1_527' title='bbox 411 2499 530 2539; x_wconf 84' lang='lat' dir='ltr'>possint</span> <span class='ocrx_word' id='word_1_528' title='bbox 547 2499 661 2530; x_wconf 80' lang='lat' dir='ltr'>mutari</span> <span class='ocrx_word' id='word_1_529' title='bbox 679 2500 725 2531; x_wconf 83' lang='lat' dir='ltr'>vel</span> <span class='ocrx_word' id='word_1_530' title='bbox 742 2486 992 2539; x_wconf 75' lang='lat' dir='ltr'>atrei-ai·i.¹e1tae,</span> <span class='ocrx_word' id='word_1_531' title='bbox 1016 2501 1109 2533; x_wconf 84' lang='lat' dir='ltr'>etiam</span> <span class='ocrx_word' id='word_1_532' title='bbox 1134 2499 1272 2539; x_wconf 72' lang='lat' dir='ltr'>nubiles,</span> <span class='ocrx_word' id='word_1_533' title='bbox 1297 2508 1358 2529; x_wconf 83' lang='lat' dir='ltr'>non</span> <span class='ocrx_word' id='word_1_534' title='bbox 1391 2498 1511 2540; x_wconf 71' lang='lat' dir='ltr'>possint</span> <span class='ocrx_word' id='word_1_535' title='bbox 1537 2493 1747 2534; x_wconf 53' lang='lat' dir='ltr'>liabcre&#39;ssssss&#39;jffl</span> <span class='ocrx_word' id='word_1_536' title='bbox 1772 2494 1858 2512; x_wconf 38' lang='lat' dir='ltr'>‘ww‘</span> 
     </span>
     <span class='ocr_line' id='line_1_44' title="bbox 180 2551 1654 2596; baseline -0.001 -11"><span class='ocrx_word' id='word_1_537' title='bbox 180 2552 195 2595; x_wconf 65' lang='grc' dir='ltr'><strong>ἓ</strong></span> <span class='ocrx_word' id='word_1_538' title='bbox 217 2552 268 2585; x_wconf 79' lang='grc'>14.</span> <span class='ocrx_word' id='word_1_539' title='bbox 292 2552 369 2584; x_wconf 86' lang='lat' dir='ltr'>Item</span> <span class='ocrx_word' id='word_1_540' title='bbox 393 2551 575 2583; x_wconf 83' lang='lat' dir='ltr'>conceditur</span> <span class='ocrx_word' id='word_1_541' title='bbox 599 2551 722 2593; x_wconf 85' lang='lat' dir='ltr'>sponsis</span> <span class='ocrx_word' id='word_1_542' title='bbox 738 2552 784 2583; x_wconf 82' lang='lat' dir='ltr'>vel</span> <span class='ocrx_word' id='word_1_543' title='bbox 809 2552 879 2585; x_wconf 85' lang='lat' dir='ltr'>aliis</span> <span class='ocrx_word' id='word_1_544' title='bbox 907 2553 1032 2596; x_wconf 79' lang='lat' dir='ltr'>aliquod</span> <span class='ocrx_word' id='word_1_545' title='bbox 1058 2563 1155 2595; x_wconf 75' lang='lat' dir='ltr'>genus</span> <span class='ocrx_word' id='word_1_546' title='bbox 1180 2551 1310 2583; x_wconf 72' lang='lat' dir='ltr'>restium</span> <span class='ocrx_word' id='word_1_547' title='bbox 1335 2560 1371 2582; x_wconf 74' lang='lat' dir='ltr'>ex</span> <span class='ocrx_word' id='word_1_548' title='bbox 1396 2551 1510 2581; x_wconf 82' lang='lat' dir='ltr'>velluto</span> <span class='ocrx_word' id='word_1_549' title='bbox 1536 2556 1587 2582; x_wconf 81' lang='lat' dir='ltr'>aut</span> <span class='ocrx_word' id='word_1_550' title='bbox 1607 2562 1654 2583; x_wconf 89' lang='lat' dir='ltr'>se-</span> 
     </span>
     <span class='ocr_line' id='line_1_45' title="bbox 39 2603 1654 2646; baseline 0.001 -12"><span class='ocrx_word' id='word_1_551' title='bbox 39 2611 115 2635; x_wconf 67' lang='lat' dir='ltr'>mun.</span> <span class='ocrx_word' id='word_1_552' title='bbox 139 2603 323 2637; x_wconf 88' lang='lat' dir='ltr'>mulieribus</span> <span class='ocrx_word' id='word_1_553' title='bbox 358 2604 440 2646; x_wconf 90' lang='lat' dir='ltr'>quod</span> <span class='ocrx_word' id='word_1_554' title='bbox 476 2603 594 2646; x_wconf 87' lang='lat' dir='ltr'>possint</span> <span class='ocrx_word' id='word_1_555' title='bbox 619 2614 728 2645; x_wconf 84' lang='lat' dir='ltr'>gerere</span> <span class='ocrx_word' id='word_1_556' title='bbox 761 2604 878 2646; x_wconf 82' lang='lat' dir='ltr'>pileum</span> <span class='ocrx_word' id='word_1_557' title='bbox 909 2607 984 2646; x_wconf 79' lang='lat' dir='ltr'>rico,</span> <span class='ocrx_word' id='word_1_558' title='bbox 1008 2606 1061 2638; x_wconf 90' lang='lat' dir='ltr'>sed</span> <span class='ocrx_word' id='word_1_559' title='bbox 1097 2610 1215 2636; x_wconf 82' lang='lat' dir='ltr'>tantuin</span> <span class='ocrx_word' id='word_1_560' title='bbox 1251 2614 1286 2635; x_wconf 79' lang='lat' dir='ltr'>ex</span> <span class='ocrx_word' id='word_1_561' title='bbox 1326 2612 1440 2645; x_wconf 63' lang='lat' dir='ltr'>panno,</span> <span class='ocrx_word' id='word_1_562' title='bbox 1480 2603 1583 2635; x_wconf 69' lang='lat' dir='ltr'>ruscia</span> <span class='ocrx_word' id='word_1_563' title='bbox 1607 2604 1654 2635; x_wconf 74' lang='lat' dir='ltr'>vel</span> 
     </span>
     <span class='ocr_line' id='line_1_46' title="bbox 138 2656 1647 2700; baseline -0.001 -12"><span class='ocrx_word' id='word_1_564' title='bbox 138 2662 321 2699; x_wconf 87' lang='lat' dir='ltr'>coopertum</span> <span class='ocrx_word' id='word_1_565' title='bbox 338 2657 439 2689; x_wconf 84' lang='lat' dir='ltr'>serico</span> <span class='ocrx_word' id='word_1_566' title='bbox 455 2657 502 2689; x_wconf 78' lang='lat' dir='ltr'>vel</span> <span class='ocrx_word' id='word_1_567' title='bbox 520 2657 631 2689; x_wconf 85' lang='lat' dir='ltr'>velluto</span> <span class='ocrx_word' id='word_1_568' title='bbox 650 2662 680 2689; x_wconf 89' lang='lat' dir='ltr'>et</span> <span class='ocrx_word' id='word_1_569' title='bbox 696 2657 757 2690; x_wconf 84' lang='lat' dir='ltr'>alio</span> <span class='ocrx_word' id='word_1_570' title='bbox 771 2657 880 2700; x_wconf 82' lang='lat' dir='ltr'>quovis</span> <span class='ocrx_word' id='word_1_571' title='bbox 909 2658 1056 2690; x_wconf 82' lang='lat' dir='ltr'>mocaiale</span> <span class='ocrx_word' id='word_1_572' title='bbox 1082 2662 1110 2689; x_wconf 90' lang='lat' dir='ltr'>et</span> <span class='ocrx_word' id='word_1_573' title='bbox 1136 2656 1301 2693; x_wconf 72' lang='lat' dir='ltr'>similibus,</span> <span class='ocrx_word' id='word_1_574' title='bbox 1338 2666 1394 2687; x_wconf 85' lang='lat' dir='ltr'>n·e</span> <span class='ocrx_word' id='word_1_575' title='bbox 1430 2656 1498 2687; x_wconf 78' lang='lat' dir='ltr'>illos</span> <span class='ocrx_word' id='word_1_576' title='bbox 1523 2666 1647 2693; x_wconf 78' lang='lat' dir='ltr'>ornare,</span> 
     </span>
     <span class='ocr_line' id='line_1_47' title="bbox 196 2702 796 2749; baseline 0.003 -2"><span class='ocrx_word' id='word_1_577' title='bbox 196 2722 273 2747; x_wconf 59' lang='lat' dir='ltr'>Bau.</span> <span class='ocrx_word' id='word_1_578' title='bbox 294 2722 367 2748; x_wconf 69' lang='lat' dir='ltr'>nom.</span> <span class='ocrx_word' id='word_1_579' title='bbox 396 2723 450 2747; x_wconf 68' lang='lat' dir='ltr'>m.</span> <span class='ocrx_word' id='word_1_580' title='bbox 472 2702 539 2748; x_wconf 69' lang='lat' dir='ltr'>x&#39;x&#39;u.</span> <span class='ocrx_word' id='word_1_581' title='bbox 764 2724 796 2749; x_wconf 83' lang='lat'>31</span> 
     </span>
    </p>
   </div>
   <div class='ocr_carea' id='block_1_3' title="bbox 27 1906 94 1928">
    <p class='ocr_par' dir='ltr' id='par_1_3' title="bbox 27 1906 94 1928">
     <span class='ocr_line' id='line_1_48' title="bbox 27 1906 94 1928; baseline 0 0"><span class='ocrx_word' id='word_1_582' title='bbox 27 1906 94 1928; x_wconf 67' lang='lat' dir='ltr'>ihu)</span> 
     </span>
    </p>
   </div>
  </div>
 </body>
</html>
