2059 3228
194 337 260 372 rius
283 347 393 371 eorum
418 348 473 371 seu
489 338 758 372 confraternitatis
775 339 938 372 huiusmo-

195 390 226 424 di
244 391 384 432 munitis,
395 391 537 424 eamdem
551 402 681 435 prorsus
694 392 786 425 [idem
810 391 939 424 adhibe-

194 444 233 486 ri,
249 455 319 488 qum
333 444 540 478 adhiberetur
561 445 780 488 praesentibus
792 443 940 478 exhibitis

194 497 242 530 vel
264 496 406 529 ostensis.

238 549 350 583 Datum
372 549 489 583 Romae
513 550 595 594 apud
613 550 642 584 S.
656 550 792 590 Petrum,
810 552 868 582 sub
885 559 940 581 an-

196 601 270 635 nulo
293 601 470 642 piscatoris,
493 603 544 636 die
569 603 754 636 duodecima
778 602 939 643 februarii,

196 653 360 688 millesimo
409 655 662 698 quingentesimo
710 655 940 699 septuagesimo

195 713 315 750 octavo,
340 709 542 752 pontificatus
565 710 663 743 nostri
688 720 772 743 anno
795 719 838 743 vt.

227 760 293 790 Dat.
311 761 356 790 dte
375 764 407 789 12
426 762 496 789 febr.
516 764 592 797 1578,
610 763 709 797 pontif.
728 771 799 791 anno
817 771 854 791 vi.

509 911 622 945 LXXX.

197 1004 402 1049 Confirmatio
425 1007 669 1050 privileqiorum
696 1012 723 1042 et
754 1008 941 1042 immunita-

237 1061 306 1091 tum
320 1059 462 1100 fratrum
480 1058 612 1092 Ordinis
632 1060 801 1094 Servorum
826 1061 942 1094 Beatae

238 1109 351 1143 Murt'oe
370 1110 521 1154 ViryiniS,
538 1123 574 1145 ac
591 1114 778 1147 revalidatio
794 1114 940 1147 omniunt

237 1162 513 1205 indaedqenciarnm
541 1164 640 1198 eidem
672 1166 789 1199 Ordini
819 1170 846 1199 et
874 1167 942 1199 eius

237 1216 371 1249 ecclesiis
391 1226 412 1248 a
432 1216 564 1250 diversis
586 1217 796 1261 Pontificibus
822 1230 942 1253 conces-

237 1277 350 1302 sarum
373 1269 395 1303 ¹.

192 1364 333 1402 Gronovius
352 1366 424 1403 t’apa
443 1368 502 1403 xttt,
524 1369 557 1398 ad
578 1373 727 1406 perpennam
743 1370 781 1400 ret
793 1371 941 1400 memoriam

237 1457 317 1491 Dum
341 1458 381 1491 ad
408 1459 533 1500 uberes,
559 1470 637 1503 quos
661 1461 741 1494 sacri
767 1461 942 1495 Mendiean-

33 1519 152 1544 num.
196 1508 276 1542 tium
300 1509 434 1544 Ordines
460 1512 491 1544 in
515 1522 593 1555 agro
617 1513 777 1546 dominico
801 1514 942 1557 quotidie

195 1561 324 1604 faciunt,
340 1563 462 1597 fruetus
483 1569 600 1597 attenta
617 1570 721 1599 mente
745 1567 942 1609 respicimus

199 1619 231 1647 et
253 1614 397 1658 diligenti
421 1615 571 1659 indagine
594 1623 831 1660 perscrutamur
847 1630 942 1662 quam

196 1667 374 1701 nfirabilem
397 1678 464 1701 sese
487 1669 568 1702 Deus
591 1670 735 1703 ostendat
758 1671 791 1703 in
816 1671 875 1705 illis
888 1682 944 1716 per

197 1720 410 1753 voluntariam
434 1726 653 1765 paupertatem
677 1723 842 1764 mundum,
863 1724 943 1767 vigi-

198 1773 250 1806 liis
262 1783 401 1813 carnem,
417 1778 448 1806 et
459 1774 658 1807 orationibus
675 1775 844 1809 dominicis
857 1787 942 1809 aoer-

197 1825 316 1858 rimum
334 1826 466 1858 humani
481 1827 605 1869 generis
617 1827 739 1860 hostem
753 1830 941 1871 superando,

197 1887 263 1911 non
286 1889 453 1922 possumus
475 1879 561 1912 omni
585 1880 689 1913 fami-e
711 1886 739 1913 et
772 1881 941 1924 spitituali-

197 1931 258 1965 hus
280 1932 392 1975 gratiis
407 1942 443 1965 ex
455 1932 605 1965 thesauro
620 1933 755 1974 Domini,
771 1934 821 1966 cui
836 1934 941 1967 divina

197 1984 397 2028 providentia
413 1985 638 2028 praesidemus,
656 1986 781 2018 eosdem
805 1986 941 2030 benigne

199 2047 266 2070 non
288 2037 437 2081 prosequi
461 2048 519 2070 nec
541 2038 736 2080 locupletari.

242 2090 259 2133 ἓ
273 2090 304 2123 t.
319 2090 354 2123 In
371 2101 506 2134 quorum
523 2090 654 2124 nomine
665 2094 675 2110 ²
687 2102 760 2123 eum
773 2090 856 2124 Ordo
872 2093 942 2125 Ser-

33 2150 86 2174 onto
115 2153 190 2175 smo-
199 2152 311 2176 vorum
335 2143 447 2176 Beatae
471 2143 575 2175 Mariae
598 2143 744 2186 Virginis,
762 2144 820 2176 sub
846 2144 943 2178 felicis

35 2178 94 2226 “aff
104 2179 430 2228 iffitilffssmcmuationis
453 2195 605 2238 Gregorio
628 2196 711 2239 Papa
734 2196 773 2229 tx
789 2223 796 2237 ‚
821 2197 942 2240 Spiritu

39 2231 113 2254 ''¹¹⁶⁶''
201 2248 316 2281 Sancto
339 2247 525 2291 inspirante,
537 2253 566 2281 et
591 2248 624 2281 Β.
637 2248 689 2281 Dei
706 2248 857 2282 Genitriei
870 2260 943 2293 ope-

199 2305 300 2340 rante,
317 2305 349 2333 et
372 2300 485 2333 deinde
509 2301 549 2333 ab
572 2301 745 2333 Alexandro
757 2300 804 2342 IV,
817 2300 944 2335 Urbano

199 2353 248 2394 lv,
263 2352 420 2386 Clemente
444 2352 490 2392 tv,
506 2353 801 2395 praedecessoribus
818 2354 942 2394 nostris,

200 2405 396 2449 approbatus
426 2410 456 2437 et
479 2404 685 2438 confirmatus
707 2410 737 2437 et
762 2405 857 2438 variis
880 2406 943 2448 pri-

201 2457 321 2500 vilegiis
336 2483 345 2498 ,
369 2457 591 2498 facultatibus,
615 2458 744 2490 indultis
771 2464 801 2491 et
832 2459 943 2501 gratiis

200 2508 390 2553 iampridem
419 2509 604 2551 decoratus,
628 2511 768 2553 quotidie
797 2510 830 2544 in
852 2512 942 2545 vinea

199 2561 322 2595 Domini
347 2562 442 2595 verbo
465 2567 496 2595 et
518 2563 676 2605 exemplo,
701 2563 848 2604 ieiuniis,
872 2574 941 2597 ora-

234 2643 248 2668 1
268 2642 311 2668 Ex

199 2684 270 2703 meru
289 2679 298 2706 ί
303 2687 326 2703 n.
345 2678 390 2710 τ.).

450 2643 480 2670 in
497 2642 599 2670 Soeret.
619 2642 699 2669 Brev-
715 2644 734 2670 2
753 2642 882 2677 Legimus
894 2653 941 2670 nu-

791 284 971 311 (inenormis
987 284 1045 311 xm
1062 287 1112 312 ΡΡ.

1606 283 1671 318 205
1725 286 1777 313 An.
1797 285 1912 316 001578

967 339 1108 374 tionibus
1154 342 1329 387 vigiliisque
1375 345 1547 389 plurimum
1582 347 1713 389 laboret,

968 397 1099 435 paterna
1122 393 1276 430 charitate
1300 400 1552 441 amplectendum
1576 411 1593 434 a
1611 402 1713 443 nobis,

967 449 998 476 et
1033 446 1242 488 specialibus,
1275 451 1556 496 spiritualibusque
1583 455 1712 497 gratiiS,

970 501 1032 528 tam
1051 501 1275 542 temporalibus
1288 513 1382 543 quam
1400 505 1627 548 spiritualibus,
1642 518 1713 541 nec-

969 558 1032 581 non
1057 550 1271 594 indulgentiis,
1297 556 1391 589 etiam
1416 559 1575 601 plenariis,
1596 566 1626 593 et
1643 572 1714 604 pec-

968 606 1112 635 catorum
1136 605 1382 639 relaxationibus
1410 620 1444 642 ac
1473 612 1713 646 remissionibus

968 657 1224 699 prosequendum
1249 669 1314 692 esse
1338 671 1509 703 censemus,
1524 670 1555 696 ut
1574 666 1713 709 antiquis

968 708 1242 751 exemptionibus,
1268 711 1418 755 indultis,
1445 715 1713 760 imnmnitatibus,

969 761 1167 796 libertatibus
1190 769 1219 796 et
1244 766 1355 807 gratiis
1379 768 1479 800 eidem
1509 770 1617 802 Ordini
1643 771 1712 804 Ser-

969 823 1079 847 vorum
1111 815 1184 848 olim
1209 818 1365 851 concessis
1383 847 1390 859 ,
1416 826 1521 853 nostra
1547 824 1714 857 accedente

968 867 1156 902 auctoritate
1179 871 1387 913 contii-matis,
1405 875 1596 917 approbatis,
1611 877 1713 909 subla-

970 922 1071 965 tisque
1095 923 1348 968 quibuscumque
1371 926 1617 970 impedimentis,
1642 941 1712 972 pos-

970 976 1031 1008 sint
1055 987 1164 1010 secure
1188 978 1311 1019 iratres,
1336 984 1363 1012 et
1390 980 1502 1022 singuli
1519 982 1612 1013 ctiam
1630 983 1713 1014 cliri-

970 1029 1118 1062 stilideles
1152 1031 1278 1064 statutis
1306 1032 1416 1065 diebus
1440 1044 1476 1066 eo
1502 1034 1650 1067 libentius
1674 1036 1713 1067 ad

970 1082 1116 1116 ecclesias
1138 1083 1306 1118 Sei-vorum
1330 1088 1508 1129 convenire,
1525 1094 1553 1121 et
1578 1091 1713 1123 orationi

970 1135 1139 1169 ferventius
1161 1136 1353 1177 incumbere,
1371 1145 1399 1172 et
1425 1140 1545 1184 reliqua
1570 1142 1714 1175 christia-

971 1197 1028 1220 nae
1062 1186 1134 1220 fidei
1159 1198 1256 1231 opera
1279 1189 1387 1222 sedulo
1411 1202 1570 1233 exercere,
1597 1204 1659 1236 quo
1683 1205 1714 1226 se

970 1240 1103 1273 eoelestis
1120 1241 1230 1283 gratia}
1247 1242 1330 1276 dono
1347 1246 1565 1288 conspexerim
1586 1247 1714 1279 uberius

969 1303 1036 1326 esse
1058 1293 1198 1326 refertos.

1013 1346 1027 1389 g
1052 1345 1079 1378 22.
1105 1346 1171 1385 Qua
1205 1348 1243 1381 de
1268 1359 1301 1381 re
1326 1350 1457 1383 dilectus
1480 1352 1563 1386 filius
1587 1354 1715 1388 Iacobus

971 1399 1173 1441 Thavantius‚
1198 1401 1411 1443 Fini-eminus,
1429 1415 1536 1438 sacrae
1552 1406 1716 1451 theologia}

972 1453 1128 1495 professor
1156 1464 1193 1486 ae
1226 1459 1334 1488 nostra
1362 1457 1550 1491 auctoritate
1575 1459 1715 1492 eiusdem

971 1505 1098 1539 Ordinis
1121 1505 1290 1539 Servorum
1303 1509 1457 1551 generalis
1473 1510 1572 1553 prior,
1590 1512 1717 1555 supplex

971 1559 1011 1591 ad
1034 1559 1130 1602 pedes
1153 1565 1277 1593 nostros
1300 1562 1466 1604 postulavit
1492 1568 1524 1595 ut
1543 1564 1714 1606 praemissa

972 1613 1078 1645 omnia
1102 1613 1292 1647 confirmare
1308 1620 1339 1647 et
1356 1615 1543 1658 approbare,
1560 1626 1596 1648 ac
1614 1616 1715 1648 indul-

972 1666 1094 1708 gentias
1116 1671 1148 1698 et
1171 1672 1372 1709 peecatorum
1397 1668 1597 1701 remissiones
1614 1674 1643 1702 et
1668 1680 1718 1701 re-

972 1718 1143 1751 laxationes
1176 1719 1437 1753 christifidelibus
1471 1722 1659 1764 propositas,
1685 1723 1716 1754 in

972 1770 1088 1814 quibus
1111 1772 1248 1803 clausula
1272 1772 1455 1814 porrigendi
1481 1784 1594 1807 manus
1628 1775 1716 1807 adiu-

972 1823 1067 1856 triees
1090 1834 1127 1856 ac
1151 1824 1324 1866 elargiendi
1349 1826 1561 1869 eleemosynas
1578 1828 1719 1859 contine-

971 1881 1068 1917 retur,
1091 1876 1213 1920 pridem
1236 1884 1416 1919 revocatas,
1441 1879 1518 1912 eitra
1541 1890 1610 1912 eam
1635 1881 1718 1912 clau-

971 1929 1080 1968 sulam,
1105 1929 1364 1963 christifidelibus
1388 1932 1447 1964 alia
1472 1932 1572 1964 forma
1592 1933 1717 1965 easdem

971 1981 1182 2024 consequendi
1222 1983 1425 2026 praescripta,
1450 1984 1638 2025 revalidare,
1663 1995 1717 2028 ap-

973 2033 1106 2076 pnobare
1128 2039 1160 2067 et
1176 2035 1366 2068 confirmare
1385 2037 1555 2079 apostolica
1572 2037 1718 2080 benigni—

973 2093 1034 2120 tate
1057 2087 1275 2130 dignaremur.

1014 2141 1029 2183 5
1051 2140 1082 2174 3.
1106 2141 1166 2174 Nos
1190 2140 1297 2183 igitur,
1321 2141 1465 2173 eumdem
1484 2140 1632 2173 Ordinem
1647 2141 1918 2196 Se1·-dfi?gfllsfi¹2³rtg¹;jgg

974 2205 1083 2227 vorum
1096 2193 1285 2237 specialibus
1302 2194 1460 2225 sami-ibus
1473 2199 1503 2225 et
1521 2193 1632 2235 gratiis
1645 2203 1717 2236 pro·
1725 2196 1914 2247 ⁹2¹Yg'²‘¹=’issgjr';¹„g

972 2251 1147 2289 sequentes,
1172 2257 1207 2278 ac
1232 2245 1377 2278 eumdem
1402 2246 1531 2277 fratrem
1568 2234 1828 2300 1¹¹⁰0b11m{{,{,‡ffi„
1839 2253 1914 2273 Ordiut

973 2299 1192 2338 Thavantium,
1209 2298 1348 2331 eiusdem
1366 2297 1492 2330 Ordinis
1508 2298 1647 2340 priorem
1664 2310 1716 2342 ge·
1781 2287 1804 2300 e⁵
1831 2294 1836 2300 ’

973 2353 1121 2391 net-alem,
1144 2357 1175 2384 et
1198 2350 1273 2383 dicti
1298 2350 1424 2383 Ordinis
1447 2350 1623 2393 singulares
1645 2362 1717 2394 per-

973 2416 1066 2439 sonas
1103 2416 1121 2438 a
1162 2405 1323 2448 quibusvis
1361 2405 1716 2448 excommunicationis,

972 2458 1186 2502 suspensionis
1224 2462 1254 2489 et
1277 2456 1436 2489 interdicti
1461 2457 1594 2501 aliisque
1618 2459 1716 2492 eecle-

971 2511 1103 2544 siasticis
1138 2509 1300 2543 sententiis
1317 2536 1324 2549 ‚
1350 2509 1491 2542 censuris
1525 2515 1556 2543 et
1578 2510 1689 2553 poenis
1706 2537 1715 2551 ,

970 2575 988 2597 a
1011 2564 1080 2596 iure
1105 2563 1151 2595 vel
1173 2562 1212 2594 ab
1236 2561 1386 2602 homine,
1411 2562 1520 2605 quavis
1550 2563 1715 2596 occasione

971 2617 1015 2649 vel
1039 2626 1142 2655 causa,
1167 2614 1238 2647 latis
1255 2641 1263 2655 ,
1287 2614 1312 2647 si
1337 2615 1454 2659 quibus
1479 2616 1714 2659 quomodolibet

970 2669 1138 2702 innodatae
1176 2667 1336 2708 existunt,
1375 2669 1414 2702 ad
1449 2669 1594 2703 effectum
1626 2679 1715 2712 prae-

1754 1347 1822 1366 Causa
1834 1347 1914 1367 constt-

1728 1375 1824 1394 tutionis.
