2059 3228
780 249 877 272 maiix
902 248 1012 272 RERUM
1538 238 1626 272 1053

214 301 445 341 admittantur,
471 302 534 334 9512
557 312 587 341 a;
612 302 664 334 alii
682 308 788 335 autem
806 301 962 345 illegitimi
986 303 1081 336 etiam
1101 303 1277 345 legitimati,
1292 309 1412 337 servata
1438 304 1539 337 forma
1564 303 1663 337 recidi

216 360 357 398 possunt,
383 355 436 387 sed
461 355 579 398 gradus
602 360 631 388 et
657 355 831 399 dignitates
854 354 982 390 Ordinis
1007 367 1070 390 non
1096 359 1239 391 obtinent
1261 387 1267 397 ,
1295 359 1353 391 uisi
1381 359 1509 403 praevia
1541 358 1670 402 speciali

216 409 452 451 dispensatione
476 409 659 451 apostolica,
684 409 760 441 ibid.
787 409 811 441 b.
837 409 1004 443 Criminosi
1030 412 1075 443 vel
1108 412 1242 455 suspecti
1270 419 1324 445 aut
1352 423 1423 446 aere
1460 413 1564 445 alieno
1596 422 1672 455 gra-

218 465 279 497 vati
305 466 342 497 ad
369 465 555 507 religionem
582 476 645 498 non
670 465 904 506 admittantur,
930 463 994 498 953
1019 474 1061 501 ας
1088 466 1249 506 regulares
1276 465 1307 497 iu
1336 465 1431 498 aliam
1473 464 1672 508 provinciam

213 519 334 562 absque
359 519 477 561 patenti
505 519 680 563 superioris
705 519 831 552 licentia
856 523 1058 552 transcuntes
1091 518 1229 561 hospitio
1255 528 1316 550 uon
1336 519 1535 562 recipiantur
1552 523 1607 551 aut
1633 519 1674 550 ab

215 571 380 604 ordinario
415 572 534 604 carceri
571 572 816 615 mancipentur,
841 572 906 606 954
929 583 970 612 a;
1006 572 1103 605 dubia
1126 573 1343 606 exorta‹:i1·ea
1379 572 1543 616 praedicta
1577 583 1673 616 expo-

214 629 345 663 nuntur,
370 625 434 658 956
458 637 477 657 u
501 631 531 658 et
555 637 627 669 ⁸qu
652 626 881 660 declarationes
905 626 991 659 eirca
1014 626 1260 659 celebrationem
1285 627 1500 670 capitulorum
1536 637 1671 669 genera-

218 677 295 709 lium
313 677 377 710 sive
402 679 645 721 provincialium
671 689 729 722 pro
762 679 972 723 inquisitione
999 689 1095 722 super
1111 679 1238 711 novitiis
1264 679 1463 722 reeipiendiS,
1488 680 1565 712 ibid.
1590 679 1674 712 eirca

214 729 396 763 facultatem
437 731 595 764 dictorum
631 731 844 774 capitulorum
883 735 930 767 vel
965 734 1006 767 ab
1044 733 1090 766 eis
1114 734 1339 775 deputatorum
1380 745 1437 777 pro
1463 734 1672 777 inquisitione

212 784 386 827 praedicta,
411 784 487 817 ibid.
512 785 539 823 t›;
563 784 647 817 circa
670 785 851 818 facultatem
884 787 1097 831 capitulorum
1122 787 1376 819 conventualium
1415 786 1446 819 in
1472 787 1647 830 praedictis
1666 816 1674 829 ,

214 836 305 874 ibz’d.‚·
328 838 413 870 circa
440 848 611 871 numerum
635 838 864 882 suffragiorum
892 840 925 872 in
949 839 1140 883 recipiendis
1166 840 1334 882 religiosis,
1361 839 1449 878 ibid.;
1482 839 1568 871 circa
1608 850 1675 872 ver-

215 892 291 925 bum
317 892 468 936 capituli,
494 893 596 932 ibid.;
621 892 706 926 circa
730 893 945 926 admittendos
976 893 1015 925 ad
1042 893 1269 936 professionem
1289 882 1383 931 ,1958
1409 903 1439 932 α;
1464 893 1550 925 cirea
1582 893 1676 925 nulli-

215 951 312 979 tatem
337 946 452 979 tacitae
470 946 685 990 professionis,
715 957 815 991 aeque
839 957 876 980 ac
893 946 977 980 circa
1002 946 1196 979 validitatem
1225 956 1390 989 expressae
1416 946 1622 989 professionis
1646 953 1677 979 et

215 1004 433 1043 apostatarum
459 1000 580 1033 reditus
604 1000 643 1033 ad
678 1000 868 1044 religionem
885 1027 893 1041 ,
918 1000 1005 1038 ibid,
1030 1000 1114 1032 circa
1139 1000 1275 1032 advenas
1300 1000 1359 1032 sub
1384 1000 1523 1043 regulari
1560 1000 1676 1032 habitu

215 1052 418 1096 recipientes,
442 1053 497 1096 qui
514 1057 757 1085 commorantur
781 1053 814 1086 in
837 1052 1023 1096 regionibus
1047 1063 1066 1085 a
1090 1064 1145 1086 sua
1171 1053 1275 1096 patria
1300 1053 1432 1086 remotis
1465 1058 1516 1086 aut
1537 1053 1576 1086 ab
1600 1053 1673 1097 inti-

211 1105 335 1139 delibus
352 1106 512 1149 oppressis
536 1106 611 1138 ibid.
636 1106 663 1146 b;
688 1106 774 1139 circa
797 1117 851 1140 eos
875 1116 965 1150 quos,
991 1112 1060 1149 post
1084 1107 1318 1150 promotionem
1351 1108 1391 1140 ad
1415 1107 1554 1151 gradus,
1579 1112 1670 1140 nata-

214 1158 293 1192 lium
317 1159 475 1193 defectum
489 1165 543 1192 aut
560 1160 735 1193 criminum
752 1165 862 1194 notam
878 1160 944 1204 pati
963 1160 1152 1201 constiterit,
1167 1161 1255 1201 ibid.;
1272 1161 1312 1194 ad
1330 1161 1484 1194 moniales
1501 1161 1672 1195 declaratio

215 1224 279 1246 non
296 1214 488 1254 extenditur,
513 1214 602 1254 ibid.;
626 1215 800 1249 declaratio
823 1214 909 1248 circa
931 1215 1149 1258 receptionem
1177 1215 1340 1259 hospitum
1365 1215 1497 1249 alterius
1521 1216 1569 1248 vel
1593 1215 1677 1249 eius-

214 1266 286 1300 dem
312 1266 506 1311 provinciae,
530 1266 617 1307 ibid.;
643 1267 728 1300 circa
753 1267 969 1312 receptionem
996 1268 1242 1311 peregrinorum
1267 1273 1296 1301 et
1321 1268 1518 1301 advenarum
1541 1267 1673 1311 religio-

219 1330 328 1353 sorum
352 1319 386 1352 in
411 1320 506 1360 Urbe,
531 1319 595 1353 959
620 1330 650 1353 a.

127 1373 268 1407 Incestus
292 1373 326 1406 in
350 1373 441 1407 Statu
472 1373 686 1406 ecclesiastico
710 1372 743 1405 in
775 1373 912 1415 casibus,
937 1374 991 1418 qui
1015 1375 1082 1409 fuse
1106 1380 1350 1415 enumerantur,
1374 1375 1488 1409 ultimo
1518 1375 1676 1419 supplicio

215 1425 403 1470 puniuntur,
429 1426 494 1460 830
518 1426 535 1459 b
558 1431 591 1460 et
613 1437 675 1470 seq.

126 1478 235 1512 Indiae
258 1478 486 1512 Occidentales.
515 1479 549 1512 V.
574 1480 752 1523 Appellatio
776 1492 794 1514 a
818 1482 996 1515 sententiis.

127 1531 290 1565 lndiarum
329 1531 580 1576 archiepiscopis
620 1537 650 1565 et
673 1533 831 1577 episcopis
867 1534 907 1567 ab
942 1535 1053 1578 eisque
1077 1535 1324 1579 subdelegandis
1347 1535 1502 1569 tribuitur
1541 1536 1672 1569 facultas

214 1584 400 1618 absolvendi
423 1584 517 1618 Indos
540 1590 570 1618 et
595 1585 720 1620 Mauros
743 1592 773 1620 et
798 1598 911 1622 eorum
936 1589 1017 1622 filios
1042 1600 1060 1622 a
1088 1590 1222 1623 crimine
1247 1588 1388 1623 haeresis
1412 1594 1442 1622 et
1474 1589 1671 1623 idololatriae

214 1649 252 1672 ac
275 1638 345 1672 aliis
368 1639 515 1683 peccatis,
541 1639 613 1672 Sedi
638 1640 837 1683 Apostolicae
861 1644 1030 1677 reservatis
1053 1649 1083 1677 et
1109 1644 1142 1677 in
1170 1644 1257 1677 Bulla
1284 1643 1404 1676 Coenae
1419 1642 1589 1680 contentis,
1606 1642 1673 1675 405

215 1692 234 1725 b
256 1697 289 1726 et
311 1703 371 1737 seq.

130 1746 247 1780 Indicis
271 1748 479 1791 congregatio
504 1748 602 1782 libros
626 1748 754 1791 linguae
777 1749 942 1790 Arabicae,
967 1749 1129 1791 Tui-cicae,
1154 1750 1299 1783 Persicae
1317 1755 1347 1784 et
1362 1750 1558 1790 Chaldaicae,
1576 1749 1673 1782 etiam

215 1810 324 1833 sacrae
348 1801 527 1844 theologiae
551 1806 578 1833 et
605 1811 883 1846 quarumcumque
900 1803 1085 1836 facultatum
1103 1802 1335 1847 imprimendos
1351 1802 1533 1836 examinare
1550 1807 1579 1835 et
1605 1813 1674 1835 cor-

215 1854 321 1897 rigere
345 1855 437 1888 debet
464 1866 520 1898 per
545 1865 618 1887 suos
642 1856 809 1898 deputatos
833 1861 1006 1899 antequam
1033 1857 1273 1900 imprimantur,
1299 1856 1364 1890 894
1388 1857 1416 1889 b.

124 1908 241 1943 Indicis
265 1909 421 1943 librorum
438 1909 677 1953 prohibitorum
694 1910 904 1954 congregatio
920 1909 1067 1942 instituta
1095 1921 1114 1942 a
1131 1910 1216 1943 Sixto
1232 1910 1258 1941 V
1273 1920 1347 1943 cum
1363 1910 1574 1954 explicatione
1600 1921 1668 1941 iuu-

217 1962 303 1995 neris
327 1962 550 2001 cardinalium,
575 1962 635 1996 991
664 1973 693 1995 α.

128 2015 330 2059 Indulgentia
353 2016 506 2060 plenaria.
537 2016 572 2049 V.
597 2015 795 2050 Sacramenti
821 2016 903 2060 (SS.)
927 2018 1184 2051 confraternitas.

127 2070 292 2113 Ingressus
316 2068 348 2101 in
373 2073 570 2103 monasteria
587 2069 703 2102 vetitus
727 2068 928 2103 mulieribus.
961 2071 992 2102 V.
1019 2070 1179 2104 Licentiae

128 2120 338 2167 Inquisitores
361 2121 541 2156 haereticae
564 2121 731 2165 pravitatis
768 2122 802 2155 in
825 2123 1054 2167 Hispaniarum
1078 2125 1187 2168 regnis
1211 2130 1333 2168 queunt
1356 2125 1529 2168 procedere
1565 2124 1595 2156 in
1621 2135 1675 2157 eos

215 2174 281 2218 qui,
307 2174 439 2208 minime
462 2174 600 2219 promoti
626 2175 665 2208 ad
681 2174 919 2219 presbyteratus
942 2177 1106 2219 Ordinem,
1124 2178 1236 2211 missas
1252 2183 1360 2212 tamen
1378 2178 1537 2211 celebrant
1553 2183 1580 2211 et
1599 2189 1675 2211 con<

218 2228 369 2261 sessiones
394 2228 539 2269 audiunt,
565 2228 607 2261 86
631 2238 660 2261 a.
1425 2266 1428 2268 v

127 2281 337 2325 Inquisitores
360 2281 540 2315 haereticae
576 2281 743 2325 pravitatis
770 2281 1024 2316 animadvertere
1052 2289 1183 2327 possunt
1197 2285 1229 2317 in
1247 2284 1377 2318 iudaeos
1401 2289 1431 2317 et
1449 2284 1591 2317 infideles
1615 2283 1668 2326 qui

217 2334 455 2368 audentcontra
472 2335 661 2378 religionem
678 2335 889 2369 christianam
902 2337 1040 2371 nefanda
1057 2339 1156 2371 multa
1172 2337 1457 2379 committere‚378
1475 2349 1504 2378 a3
1522 2344 1674 2381 negantes

215 2398 298 2431 quae
321 2389 504 2422 communia
529 2389 649 2422 habent
672 2389 758 2422 circa
781 2389 878 2423 fidem
902 2401 975 2423 cum
1000 2390 1192 2433 christianis,
1219 2391 1294 2424 ibid.
1318 2392 1361 2432 b3
1385 2392 1557 2425 daemones
1582 2392 1669 2424 invo-

217 2443 326 2473 cantes
351 2440 476 2484 illisque
500 2441 703 2475 immolantes
720 2469 728 2483 ‚
752 2442 851 2483 ibid.;
875 2443 1069 2478 christianos
1094 2445 1215 2478 nefaria
1239 2445 1299 2478 ista
1327 2446 1477 2479 docentes
1496 2473 1503 2486 ‚
1529 2445 1674 2488 blasphe-

217 2492 362 2537 miasque
385 2493 471 2528 circa
495 2494 656 2529 Christum
680 2495 813 2540 eiusque
836 2501 971 2530 matrem
998 2498 1204 2541 proferentes,
1229 2497 1454 2532 christianosa
1471 2498 1532 2531 fide
1546 2498 1674 2532 devian-

218 2552 274 2589 tes,
299 2547 443 2581 infideles
467 2548 507 2581 ad
530 2548 628 2582 fidem
651 2549 767 2583 Christi
791 2549 930 2583 transire
954 2550 1174 2594 impedientes,
1199 2551 1275 2584 ibid.
1295 2561 1303 2591 ;
1328 2551 1506 2584 haereticos
1541 2551 1678 2584 scienter

217 2607 417 2646 receptantes
440 2604 488 2636 vel
511 2603 712 2643 auxiliantes,
736 2602 800 2637 379
824 2613 854 2643 a;
880 2602 979 2636 libros
1002 2603 1182 2646 prohibitos
1206 2603 1401 2643 retinentes,
1434 2602 1572 2636 hostiam
1597 2604 1673 2636 alta-

217 2654 262 2688 ris
285 2654 506 2698 despicientes,
532 2660 587 2688 aut
610 2665 737 2689 crucem
762 2655 952 2697 deridenteS,
974 2657 1026 2687 ele.
1052 2655 1127 2687 ibid.
