2059 3228
93 206 133 231 An
161 206 189 232 C,
212 206 275 233 1574

162 275 281 295 t'tecxlones

92 301 150 320 iuxta
162 303 281 325 praemissa

92 328 160 346 stt-tao
172 342 177 351 ,
192 329 280 347 canoni-

91 360 108 372 ο.
119 361 129 373 u
171 355 282 373 ttertaran-

91 384 134 399 tur.

112 795 225 817 Dei-omitto
235 800 284 813 eon-

95 822 219 841 tration-uui.

133 2436 260 2457 Exordium.

337 208 378 242 64

293 277 470 306 curatorem
485 275 663 317 generalem
678 275 721 309 sic
736 278 935 320 postmodum
950 289 1039 321 prae-

295 324 431 357 sentium
457 327 643 360 auctoritate
668 329 790 371 electos,
815 331 966 364 canonice
979 333 1040 364 cle-

293 382 358 410 ctos
388 378 452 410 l'ore
468 406 475 417 ‚
502 385 529 411 ct
556 381 597 412 ab
621 382 770 416 omnibus
805 389 838 416 ut
864 385 1040 427 praefertur

290 431 421 471 censeri,
450 437 477 464 ct
506 442 563 475 per
586 444 813 480 quoscumque,
839 438 878 469 ad
903 449 981 481 quos
1006 438 1036 470 id

291 492 346 524 pro
372 488 511 526 tempore
529 487 693 529 spectabit,
712 488 846 522 iudicari
866 495 894 522 ot
912 490 1038 523 deliniri

293 534 415 571 debore:
434 536 624 582 irritumque
641 543 707 573 esse
724 547 751 574 et
768 542 862 575 inane
881 543 1038 586 quidquid

294 597 381 618 secus
394 598 489 631 super
505 590 554 624 his
578 603 596 624 a
613 603 748 637 quoque,
774 597 884 638 quavis
901 598 1038 630 auctori-

296 645 372 675 tate.
397 642 532 676 scienter
567 646 614 678 vel
646 646 844 689 ignoranter,
870 649 1038 692 contigerit

296 695 455 728 attentari.

339 746 354 788 ἓ
378 747 407 780 6.
431 749 499 781 Non
523 751 723 786 obstantibus
740 753 852 787 litteris
870 755 1042 798 praedictis

295 810 330 831 ac
355 801 634 837 constitutionibus
651 810 679 838 et
694 806 950 840 ordinationibus
967 818 1043 850 apo-

295 853 434 895 stolicis,
465 856 629 900 dictaeque
661 860 920 902 congregationis
946 860 1041 893 illius-

297 917 358 950 que
375 909 640 943 monasteriorum
665 916 692 943 ct
707 917 929 953 conventuum,
957 913 1042 945 iura-

298 966 415 1002 mento,
428 962 670 997 confirmatione
688 965 856 1007 apostolica
873 966 921 998 vel
935 964 1042 1008 quavis

298 1016 446 1048 firmitate
471 1017 528 1049 alia
544 1018 710 1059 1‘ob01·ati=·‚
729 1019 853 1051 statutis
867 1024 896 1051 ct
910 1028 1043 1051 consue-

299 1069 472 1109 tudinibus;
502 1071 675 1114 privilegiis
700 1083 835 1115 quoque,
861 1072 989 1104 indultis
1013 1077 1041 1104 et

299 1121 413 1155 litteris
440 1124 630 1166 apostolicis,
657 1125 715 1157 illis
740 1125 928 1168 illorumque
953 1136 1044 1168 supe-

300 1174 439 1208 rioribus
463 1182 491 1208 ct
525 1177 669 1219 personis
697 1178 853 1210 concessis
877 1183 904 1209 ct
931 1176 1043 1210 confir-

300 1228 408 1268 matis;
440 1229 554 1271 quibus
578 1229 742 1269 omnibus,
771 1230 895 1262 illorum
921 1235 1044 1261 tenores

300 1282 520 1325 praesentibus
544 1293 601 1325 pro
626 1282 780 1325 expressis
796 1282 958 1321 habentes,
984 1281 1044 1313 illis

302 1335 377 1367 alias
402 1335 434 1367 in
448 1345 503 1367 suo
518 1335 631 1368 robore
648 1335 875 1378 permansuris,
901 1335 960 1367 hac
978 1335 1043 1367 vice

301 1388 471 1428 dumtaxat,
489 1388 666 1431 specialiter
690 1394 718 1421 et
747 1400 890 1432 expresse
914 1389 1044 1431 deroga-

303 1451 382 1479 mus,
399 1442 575 1484 ceterisque
593 1442 760 1474 contrariis
782 1442 1044 1484 quilmscumque.

346 1496 457 1528 Datum
483 1496 597 1529 Romae
626 1496 709 1539 apud
734 1496 883 1528 Sanctum
908 1496 1044 1535 Petrum,

303 1550 361 1582 sub
386 1549 502 1581 annulo
526 1549 703 1588 piscatoris,
737 1549 786 1581 die
800 1548 1045 1590 vigesimatertia

304 1604 431 1643 martii,
468 1614 550 1636 anno
587 1603 752 1635 millesimo
792 1602 1045 1645 quingentesimo

304 1663 536 1707 septuagesimo
560 1669 693 1706 quarto,
720 1661 922 1705 pontificatus
947 1661 1045 1694 nostri

302 1729 385 1751 anno
410 1728 442 1750 tl.

346 1772 412 1804 Dat.
426 1770 475 1803 (lic
494 1770 535 1803 23
553 1770 658 1802 martii
679 1769 773 1809 1574,
789 1768 898 1811 pontif.
913 1778 996 1800 anno
1015 1778 1047 1800 ιι.

638 1928 724 1961 XXV.

308 2038 424 2069 Forma
448 2035 640 2068 observanda
667 2034 702 2066 in
718 2033 861 2066 electione
884 2033 1051 2065 abbatissa-

351 2101 422 2121 rum
440 2088 704 2121 monasteriolam
721 2087 912 2118 momeliam
929 2097 1052 2126 confsi-1³-

349 2142 483 2182 qatiom‘s
515 2140 708 2173 Ccz-ssinerzsis
738 2139 870 2171 Ordinis
894 2139 923 2171 S.
954 2139 1052 2171 Bene-

352 2195 428 2225 disti
452 2194 474 2226 ¹.

308 2299 445 2334 Gregorius
463 2300 532 2335 Papa
543 2300 602 2334 xut,
620 2300 651 2328 ad
668 2303 817 2336 perpetuam
840 2300 876 2327 rei
893 2301 1049 2328 memoriam.

352 2399 392 2431 Ex
410 2398 507 2431 nostri
526 2400 691 2441 pastoralis
709 2399 802 2432 officii
821 2398 927 2431 debito
953 2399 989 2430 asl
1015 2410 1050 2431 ea

309 2452 443 2484 libenter
467 2451 678 2492 attendimus,
709 2462 765 2495 per
789 2461 869 2494 quae
895 2456 1050 2483 monaste-

326 2514 350 2532 τ’
374 2513 411 2538 De
430 2515 518 2538 aelate
544 2516 569 2538 et
589 2514 724 2547 qualitate
746 2514 948 2538 abbatissarum
967 2511 1049 2536 habes

309 2550 336 2574 in
357 2549 435 2573 Cone.
455 2549 539 2574 'st-111..
561 2550 599 2573 Da
616 2549 809 2581 Rvffularihus.
830 2547 864 2572 Et
877 2548 908 2572 de
923 2547 977 2572 ista
989 2555 1048 2571 con-

310 2585 471 2613 gregatione
491 2585 549 2609 vtae>
565 2584 646 2609 etiam
661 2586 746 2609 const.
757 2585 922 2617 subsequen.
935 2590 996 2608 eum
1011 2582 1048 2607 ibi

309 2619 468 2645 indicandis.

875 225 1059 250 BULLARIUM
1082 226 1238 252 ROMANUM

1830 223 1884 252 An.
1901 223 1932 252 c.
1951 223 2019 256 1574

1069 279 1188 313 riorum
1207 282 1430 324 quorumlibet,
1450 285 1637 326 praesertim
1654 295 1729 319 vero
1746 294 1818 318 san-

1068 333 1308 375 ctimonialium,
1334 346 1425 378 quae,
1450 337 1569 370 relictis
1585 338 1681 371 huius
1705 336 1817 370 mundi

1070 386 1231 428 illecebris,
1257 398 1324 421 sese
1349 399 1459 422 earum
1473 400 1588 433 sponso
1605 391 1674 423 Iesu
1693 390 1818 423 Christo

1069 439 1219 471 Salvatori
1233 445 1262 472 ct
1277 440 1410 473 Domino
1435 446 1543 475 nostro
1556 448 1709 486 perpetuo
1727 453 1818 475 man-

1068 491 1236 533 ciparunt,
1270 502 1423 535 prospero
1448 493 1543 526 statui
1574 499 1603 527 et
1629 494 1710 527 felici
1735 494 1820 528 dire-

1069 542 1166 575 ctioni
1203 544 1400 586 consulitur;
1437 546 1523 589 quod
1545 547 1747 590 potissimum
1781 559 1820 582 ex

1069 596 1167 628 animi
1186 597 1284 629 nostri
1298 603 1369 631 voto
1383 609 1602 632 successurum
1611 601 1817 644 conspicitur,

1070 649 1094 681 si
1109 649 1140 681 in
1151 650 1382 684 abbatissarum
1393 651 1535 695 ipsorum
1549 653 1816 686 monasteriorum

1072 701 1267 744 monialium,
1286 704 1362 736 dum
1379 715 1436 747 pro
1455 710 1597 748 tempore
1609 711 1731 747 vacant,
1755 707 1818 740 ele-⁴

1071 753 1228 788 ctionibus
1263 756 1366 790 omnis
1396 757 1503 791 dilatio
1533 763 1564 791 et
1588 758 1817 802 tergiversatio,

1071 812 1225 849 qnantum
1250 809 1317 842 fieri
1343 810 1458 853 possit,
1483 817 1700 854 removeatur,
1724 817 1756 846 et
1778 813 1818 846 ad

1071 861 1257 895 electionem
1283 862 1384 906 ipsam
1414 869 1532 907 quanto
1557 864 1650 898 citius
1666 865 1819 909 proceda-

1072 919 1132 955 tur,
1146 925 1185 948 ne
1199 916 1274 949 alias
1288 917 1478 950 monasteria
1492 918 1559 962 ipsa
1572 919 1714 952 diutinae
1727 929 1819 952 vaca-

1072 967 1167 1000 tionis
1184 968 1417 1002 abbatissarum
1431 971 1568 1004 sentiant
1581 972 1794 1006 incommoda.

1115 1021 1129 1062 §
1154 1020 1182 1052 1.
1207 1021 1282 1053 Cum
1307 1021 1435 1065 itaque,
1460 1023 1539 1056 sicut
1565 1025 1759 1068 accepimus,
1784 1022 1818 1058 in

1072 1072 1278 1105 electionibus
1302 1073 1533 1108 abbatissarum
1551 1075 1819 1110 monasteriorum

1073 1126 1269 1166 monialium,
1294 1127 1352 1159 sub
1376 1138 1462 1168 cura,
1487 1129 1644 1172 regimine
1660 1134 1690 1163 et
1703 1130 1820 1173 guber·

1073 1178 1126 1210 nio
1162 1180 1419 1221 congregationis
1443 1181 1657 1223 Cassinensis,
1687 1182 1763 1216 alias
1787 1183 1818 1217 S,

1072 1230 1208 1263 Iustinae
1240 1231 1277 1264 de
1301 1232 1406 1265 Padua
1431 1233 1556 1268 Ordinis
1587 1236 1616 1269 S.
1648 1236 1819 1279 Benedicti,

1072 1283 1284 1324 existentium,
1310 1284 1384 1317 dum
1402 1296 1513 1318 eorum
1529 1288 1650 1321 vacatio
1666 1299 1724 1332 pro
1741 1294 1821 1323 tem-

1073 1347 1148 1379 pore
1173 1336 1322 1378 occurrit,
1348 1338 1427 1370 duae
1456 1344 1560 1381 partes
1576 1350 1612 1373 ex
1630 1340 1731 1374 tribus
1747 1352 1821 1385 par-

1074 1390 1157 1423 tibus
1174 1401 1286 1423 vocum
1304 1401 1358 1423 seu
1374 1396 1519 1424 votorum
1536 1393 1583 1425 vel
1596 1393 1821 1436 suffragiorum

1076 1442 1260 1475 monialium
1296 1442 1438 1486 ipsorum
1473 1444 1741 1477 monasteriorum
1771 1455 1821 1478 re-

1075 1496 1264 1539 quirantur,
1296 1500 1327 1528 et
1350 1507 1387 1529 ea
1412 1496 1448 1529 de
1473 1507 1568 1529 causa
1592 1507 1822 1540 saepenumero

1075 1550 1191 1582 multae
1225 1549 1423 1582 difficultates
1458 1554 1489 1582 et
1520 1547 1752 1592 discrepantiae
1786 1559 1824 1582 ac

1075 1603 1220 1636 scandala
1255 1602 1421 1643 oriantur,
1446 1601 1632 1645 priusquam
1668 1606 1739 1634 vota
1767 1611 1824 1634 seu

1075 1656 1225 1699 suffragia
1249 1655 1339 1688 unita
1362 1660 1391 1688 et
1409 1653 1635 1687 concordantia
1658 1663 1758 1696 usque
1781 1652 1823 1685 ad

1076 1709 1195 1742 dictum
1219 1717 1388 1740 numerum
1412 1706 1602 1750 requisitum
1630 1705 1766 1738 inveniri
1790 1709 1823 1737 et

1077 1761 1186 1794 baberi
1212 1760 1344 1804 possint.

1120 1814 1134 1857 ξ
1158 1813 1189 1846 a.
1202 1814 1272 1854 Nos,
1297 1813 1331 1845 in
1344 1812 1525 1856 praemissis
1538 1818 1754 1857 opportunum
1771 1821 1821 1846 res
1858 1819 1937 1840 Form·
1945 1819 2030 1842 ΘΗΜ·

1080 1866 1218 1899 medium
1235 1865 1386 1898 adhibere
1402 1866 1550 1907 volentes,
1577 1870 1666 1899 motu
1682 1865 1822 1909 proprio,
1833 1846 2030 1893 {imtffi‘'²r²‡

1079 1929 1142 1952 non
1166 1919 1205 1951 ad
1236 1918 1369 1951 alicuius
1397 1918 1489 1951 nobis
1512 1929 1607 1962 super
1641 1918 1701 1951 hoe
1724 1918 1824 1951 factae
1835 1898 2032 1972 ῗιῗξζὲιΞΞῑΞΞΪ-ῗῦ

1079 1971 1241 2015 petitionis
1257 1971 1451 2012 instantiam,
1477 1971 1530 2004 sed
1553 1981 1590 2004 ex
1613 1976 1699 2004 certa
1716 1976 1827 2005 nostra
1841 1958 1868 1973 ω
1995 1965 2001 1970 ’

1080 2025 1211 2058 scientia
1235 2035 1271 2057 ac
1295 2025 1333 2057 de
1357 2024 1546 2068 apostolicae
1573 2024 1737 2067 potestatis
1761 2024 1827 2067 ple-

1081 2077 1235 2118 nitudine,
1256 2077 1339 2120 quod
1369 2085 1405 2109 ex
1421 2086 1506 2109 nunc
1523 2075 1681 2120 deinceps,
1714 2086 1827 2119 perpe-

1083 2131 1142 2164 tuis
1166 2130 1280 2163 suturis
1298 2129 1504 2173 temporibus,
1530 2129 1635 2161 dilecti
1660 2128 1716 2161 filii
1741 2139 1827 2162 nunc

1080 2189 1107 2216 et
1134 2194 1190 2226 pro
1219 2189 1360 2226 tempore
1380 2182 1547 2215 existentes
1572 2182 1674 2215 dictae
1695 2192 1828 2225 congre-

1081 2237 1216 2279 gationis
1232 2236 1409 2269 visitatores
1425 2246 1461 2267 ac
1478 2235 1608 2268 abbates
1621 2245 1676 2267 scu
1693 2234 1824 2277 praelati

1081 2289 1261 2332 respective,
1291 2288 1406 2332 quibus
1434 2288 1586 2321 moniales
1615 2287 1756 2330 ipsorum
1774 2298 1826 2320 re-

1080 2342 1327 2381 cornmcndatae,
1352 2351 1406 2373 seu
1430 2340 1487 2372 sub
1505 2351 1640 2383 quorum
1657 2339 1823 2383 regimine,

1080 2396 1235 2440 gubernio
1251 2401 1279 2428 ct
1298 2405 1384 2435 cura,
1413 2399 1445 2426 ut
1464 2394 1650 2437 praefertur,
1675 2393 1828 2437 existunt,

1080 2449 1194 2489 toties,
1223 2447 1345 2491 quoties
1380 2446 1596 2480 faciendarum
1631 2445 1821 2479 electionum

1854 1027 1925 1048 Canu
1951 1028 2020 1050 huin!

1829 1055 1999 1077 constitutionis.

1116 2583 1123 2599 ¹
1147 2580 1223 2605 Scias
1253 2580 1345 2604 autem
1374 2578 1436 2602 vota
1454 2577 1559 2602 secreta
1585 2582 1645 2600 esse
1663 2574 1759 2600 debere
1786 2579 1821 2599 ex
2039 2575 2059 2603 '4

1080 2615 1158 2642 Conc.
1178 2615 1310 2648 Trident„
1320 2621 1387 2639 sess.
1401 2619 1467 2646 xxv,
1479 2612 1519 2637 De
1534 2608 1702 2644 Reqfflarib„
1712 2618 1769 2644 cip.
1783 2616 1819 2635 via
