2059 3228
92 231 143 260 An.
161 232 190 261 C.
206 231 274 262 1580

134 510 195 531 Fides
218 512 275 529 tran-

93 543 229 567 nummorum.

330 220 394 256 36⁹2

288 283 403 324 tinent,
425 282 478 317 sed
499 281 531 316 in
547 281 596 315 his
616 281 691 315 dieti
706 279 836 316 concilii
855 279 1032 314 Tridentini

288 337 417 372 decreta
436 336 567 369 omnino
597 335 715 368 servari
747 334 876 376 dehere,
910 334 943 367 in
976 343 1034 367 suo

288 392 404 425 robore
424 389 698 434 permanentibus.

332 444 347 487 g
366 443 397 476 6.
419 442 574 476 Volumus
589 446 696 475 autem
715 441 802 485 quod
816 440 1035 486 praesentium

288 496 510 540 transumptis,
532 495 628 528 etiam
652 495 828 539 impressis,
855 505 953 528 manu
977 503 1036 526 no-

290 550 361 583 tarii
395 549 518 594 publici
551 549 751 593 subscriptis,
777 553 808 582 et
837 548 941 591 sigillo
964 557 1059 590 per-¹

290 614 385 637 sonae
404 603 437 636 in
456 603 609 647 dignitate
622 602 837 636 ecclesiastica
848 601 1038 635 constitutae

291 656 435 697 munitis,
456 655 569 691 eadem
589 655 710 700 ubique
730 656 821 694 fides,
843 660 907 688 tam
932 653 964 686 in
988 653 1037 686 iu-

292 710 376 743 dicio
397 720 494 754 quam
505 714 604 749 extra,
616 708 807 742 adhibeatur
821 718 903 751 quae
918 706 1037 739 eisdem

293 762 514 807 praesentibus
537 762 757 802 adhiberetur,
779 762 805 795 si
824 761 929 794 forent
949 759 1038 793 exhi-

291 816 375 850 bitae
394 816 442 849 vel
462 820 619 849 ostensae.

334 870 450 903 Datum
470 869 589 902 Romae
616 868 702 912 apud
734 868 765 901 S.
801 868 944 906 Petrum,
981 865 1040 898 sub

244 961 249 965 ,
291 924 412 957 annulo
429 922 608 962 Piscatoris‚
629 922 680 955 die
699 920 966 965 vigesimaquinta
983 929 1040 951 no-

126 1667 246 1690 &ordinm-

291 976 440 1018 vembris,
462 975 634 1009 millesimo
650 974 909 1020 quingentesimo
935 978 1042 1006 octua-

291 1029 423 1073 gesimo,
443 1029 651 1074 pontificatus
671 1029 772 1062 nostri
792 1038 877 1061 anno
896 1037 939 1060 lx.

318 1086 381 1117 Dat.
401 1087 449 1118 die
467 1087 505 1118 25
520 1096 636 1118 novem.
656 1087 745 1125 1580,
762 1086 867 1126 pontif.
885 1093 962 1115 anno
981 1093 1019 1114 lx.

601 1253 728 1288 CXXVI.

351 1332 479 1366 Erectio
499 1341 600 1364 novae
615 1329 761 1363 ecclesiae
781 1328 978 1362 cathedralis

399 1385 433 1419 S.
455 1385 565 1419 Severi
584 1385 620 1418 in
639 1394 737 1428 reqno
756 1383 907 1426 Neapolis
928 1381 953 1414 1.

341 1465 487 1501 Gregorius
505 1465 646 1501 episcopus
666 1470 763 1493 servus
787 1469 928 1492 servorum
943 1462 1000 1494 Dei.

431 1519 465 1548 ad
496 1519 656 1555 perpetuam
680 1518 722 1547 rei
742 1517 910 1546 memoriam.

341 1592 403 1625 Pro
423 1591 591 1625 excellenti
606 1589 851 1635 praeeminentia
866 1588 956 1623 Sedis
964 1588 1048 1632 Apo-

299 1646 441 1686 stolicae,
463 1645 495 1678 in
521 1656 585 1688 qua
604 1649 676 1688 post
700 1644 829 1677 beatum
857 1643 987 1676 Petrum
1014 1653 1047 1675 a·

300 1700 500 1744 pestolorum
520 1698 714 1743 principem,
731 1707 928 1741 quamquam
945 1697 1048 1739 impa-

301 1754 390 1787 ribus
409 1752 542 1793 meritis,
557 1752 626 1796 pari
641 1757 749 1784 tamen
761 1750 961 1790 auctoritate,
975 1760 1051 1783 eon-

301 1807 401 1840 stituti
421 1817 544 1846 sumus,
562 1805 683 1838 dirutas
703 1804 856 1838 ecclesias
865 1808 1050 1847 temporum

301 1861 421 1894 iniuria
445 1860 552 1893 aliisve
573 1859 811 1893 calamitatibus
837 1857 1050 1902 supprimere,

301 1925 338 1947 ac
358 1914 489 1947 illarum
509 1914 581 1947 loco
601 1914 634 1945 in
654 1923 731 1956 agro
751 1912 874 1955 irriguo
886 1911 1052 1944 militantis

302 1968 462 2001 Ecclesiae
483 1977 579 2000 novas
599 1966 799 2010 episcopales
825 1965 916 1998 sedes
940 1971 969 1997 et
999 1975 1052 1998 ec-

303 2022 416 2055 clesias
438 2021 584 2064 plantare
598 2020 744 2053 Romano
758 2018 905 2052 Pontifici
920 2018 1052 2061 dignum

303 2075 510 2115 arbitramur,
531 2079 567 2107 ut
587 2084 644 2117 per
653 2072 841 2106 huiusmodi
854 2082 950 2105 novas
961 2071 1053 2115 plan-

302 2129 439 2162 tationes
458 2128 654 2172 populorum
675 2131 833 2169 augeatur
852 2124 988 2165 devotio,
1005 2124 1052 2157 di-

304 2182 396 2215 vinus
417 2182 525 2215 cultus
544 2181 668 2222 floreat,
686 2179 868 2212 animarum
879 2178 964 2211 salus
976 2177 1055 2210 sub-

305 2241 459 2279 sequatur
479 2241 509 2268 et
528 2235 600 2268 loca
618 2232 755 2267 humilia
773 2232 993 2271 illustrentur3
1012 2230 1057 2263 id-

306 2299 370 2333 que
390 2299 447 2322 nos
467 2299 504 2322 eo
526 2288 678 2321 libentius
699 2285 825 2329 agimus
845 2284 877 2317 in
898 2284 946 2317 bis
961 2284 1054 2324 loeis,

308 2341 341 2374 in
365 2342 494 2385 quibus,
520 2340 730 2374 benedicente
757 2337 905 2378 Domino,
934 2337 1057 2370 incolae

310 2395 406 2428 etalii
431 2394 657 2428 christifideles
676 2391 907 2436 multiplicasse
921 2400 1058 2424 noscun-

312 2453 374 2487 tur,
394 2453 440 2488 ut,
463 2447 692 2492 propagatione
704 2456 804 2479 novae
824 2444 909 2478 sedis
929 2449 959 2477 et
977 2443 1056 2476 assi-

311 2500 425 2534 stentia
444 2500 642 2534 honorabilis
661 2498 819 2544 praesulis
839 2508 912 2531 cum
933 2495 1059 2530 decenti

312 2552 532 2587 ministrorum
551 2563 700 2594 numero,
722 2552 832 2586 fideles
855 2550 916 2596 ipsi
940 2550 973 2583 in
1003 2549 1059 2583 de-

344 2630 357 2658 1
377 2627 420 2658 Ex
435 2628 543 2664 Regest
561 2629 589 2656 in
605 2629 710 2658 secret.
725 2628 807 2657 Brev.

881 226 1060 252 BULLAan
1082 224 1233 251 ROMANUM

1076 279 1201 312 votione
1210 276 1427 322 persistentes,
1439 275 1570 310 etetiarn
1581 272 1823 308 devotionishu-

1075 331 1213 366 iusmodi
1238 336 1447 375 augmentum
1472 329 1696 372 suscipientes,
1722 333 1824 361 aeter-

1076 396 1135 418 nae
1151 385 1312 418 felicitatis
1328 383 1520 428 praemium,
1533 383 1598 416 Deo
1609 392 1722 416 eorum
1734 380 1824 424 pium

1076 438 1278 483 propositum
1302 437 1489 478 adiuvante,
1519 435 1645 469 facilius
1671 433 1824 478 consequi

1078 497 1275 525 mereantur.

1121 546 1135 589 ξ
1155 545 1186 577 t.
1209 545 1290 578 Sane
1310 554 1385 578 cum
1405 543 1516 578 civitas
1527 542 1724 578 civitatensis
1733 541 1766 575 in
1779 551 1828 576 re-

1077 609 1140 642 gno
1159 598 1320 642 Neapolis,
1342 598 1470 643 penitus
1489 597 1640 631 destituta
1659 596 1766 630 etsolo
1776 606 1828 629 ae-

1077 658 1185 696 quata,
1223 663 1240 685 a
1264 652 1363 685 nullis
1386 651 1501 684 incolis
1523 650 1699 689 habitetur,
1725 654 1756 682 et
1777 648 1827 682 vix

1078 706 1207 749 vestigia
1225 704 1419 738 cathedralis
1437 704 1591 738 ecclesiae
1614 703 1647 736 in
1671 714 1708 736 ea
1731 713 1828 746 appa-

1078 765 1181 800 reant,
1204 764 1233 793 et
1253 759 1294 792 ob
1314 759 1346 792 id
1372 758 1507 792 ecclesia
1535 756 1733 791 Civitatensis
1758 766 1826 789 am-

1079 813 1163 857 plius
1184 814 1216 846 in
1239 824 1348 846 rerum
1376 817 1492 846 natura
1520 822 1586 845 non
1614 810 1737 851 existat,
1758 820 1826 850 nos,

1059 906 1061 909 ι
1079 867 1277 899 attendentes
1296 865 1382 910 quod
1404 865 1429 899 si
1450 865 1484 898 in
1503 865 1572 909 ipsa
1592 863 1728 898 ecclesia
1746 863 1827 897 Civi-

1080 920 1206 960 tatensi,
1228 925 1315 953 certo
1332 919 1428 952 modo
1448 918 1584 962 pastoris
1599 917 1712 951 solatio
1731 915 1826 950 desti-

1080 978 1159 1013 tuta,
1182 984 1310 1013 nomen,
1332 972 1444 1006 titulus
1471 978 1502 1005 et
1530 970 1749 1005 denominatio
1774 980 1827 1004 ca-

1079 1026 1234 1059 thedralis
1245 1026 1399 1059 ecclesiae
1415 1030 1572 1069 perpetuo
1585 1024 1828 1068 supprimeren-

1081 1085 1134 1113 tur
1166 1086 1197 1113 et
1233 1081 1515 1123 extinguerentur3
1553 1078 1829 1112 archidiaconatus

1081 1144 1166 1175 vero,
1189 1134 1245 1177 qui
1265 1133 1368 1167 maior
1386 1138 1458 1177 post
1477 1131 1705 1175 pontificalem,
1727 1136 1758 1164 et
1776 1141 1828 1164 ar·

1082 1187 1375 1231 chipresbyteratus
1395 1186 1495 1230 ipsius
1514 1184 1682 1225 ecclesiae,
1703 1184 1759 1229 qui
1778 1195 1830 1218 se-

1062 1272 1064 1279 ,
1083 1241 1189 1274 cunda
1208 1241 1287 1273 inibi
1307 1240 1478 1283 dignitates
1497 1238 1648 1278 existunt,
1662 1238 1703 1271 ad
1729 1237 1829 1271 infra-

1083 1294 1232 1338 scriptam
1244 1294 1426 1336 erigendam
1439 1291 1608 1326 ecclesiam
1617 1291 1830 1324 transferren-

1062 1353 1151 1389 „tur3
1179 1358 1216 1381 ac
1245 1347 1401 1392 oppidum
1433 1346 1541 1379 Sancti
1574 1344 1681 1379 Severi
1709 1344 1833 1378 nullius

1063 1394 1253 1445 {dioecesis
1289 1400 1432 1434 eiusdem
1465 1399 1573 1443 regni,
1592 1398 1680 1442 quod
1707 1398 1832 1441 insigne

1063 1446 1065 1461 ⁵
1084 1466 1121 1488 ac
1141 1454 1311 1488 moenibus
1326 1458 1357 1487 et
1372 1452 1515 1487 turribus
1529 1452 1671 1486 cinctum
1684 1456 1743 1492 est,
1755 1461 1831 1484 nec-

1085 1519 1150 1542 non
1169 1508 1370 1552 frequentem
1403 1506 1561 1550 populum
1581 1511 1611 1539 et
1630 1504 1832 1550 quampluri-

1065 1576 1066 1580 *
1086 1573 1155 1596 mos
1174 1562 1296 1595 incolas
1320 1560 1443 1594 nobiles
1467 1559 1627 1601 continet,
1652 1564 1684 1593 et
1708 1559 1742 1592 in
1768 1567 1833 1602 quo

1065 1621 1225 1660 *quatuor
1258 1613 1459 1659 parochiales
1497 1612 1651 1646 ecclesiae
1674 1612 1832 1652 existunt,

1087 1671 1120 1704 in
1140 1669 1315 1709 civitatem3
1338 1673 1368 1701 et
1387 1666 1583 1712 parochialis
1602 1666 1738 1700 ecclesia
1755 1665 1834 1699 Bea-

1087 1731 1137 1758 tae
1157 1723 1273 1757 Mariae
1291 1722 1431 1765 Virginis
1451 1721 1595 1754 eiusdem
1615 1719 1738 1764 oppidi,
1751 1729 1835 1763 quae

1065 1784 1069 1816 ,¹
1088 1778 1164 1811 satis
1182 1782 1328 1817 venusta,
1345 1787 1382 1809 ac
1406 1774 1566 1819 frequenti
1586 1783 1723 1807 numero
1731 1782 1837 1811 sacer·

1089 1832 1201 1865 dotum
1230 1836 1262 1864 et
1287 1828 1512 1863 ministrorum
1543 1826 1836 1861 ecclesiasticorum

1070 1890 1073 1910 ἶ
1089 1886 1217 1926 referta,
1239 1893 1366 1917 necnon
1381 1881 1533 1916 omnibus
1552 1881 1592 1914 ad
1610 1880 1755 1914 divinum
1766 1879 1836 1913 cul-

1069 1922 1158 1978 ltum
1179 1936 1369 1971 necessariis
1397 1935 1581 1969 luculenter
1609 1933 1777 1974 instructa,
1805 1938 1838 1966 et

1071 1980 1239 2039 {alioquin
1259 1989 1392 2033 insignis
1421 1988 1536 2030 existit,
1562 1987 1596 2020 in
1621 1986 1839 2021 cathedralem

1092 2045 1272 2085 ecclesiam,
1288 2043 1347 2077 sub
1359 2041 1561 2076 invocatione
1570 2040 1714 2074 eiusdem
1725 2040 1840 2073 Beatae

1092 2099 1209 2132 Mariae
1220 2097 1368 2140 Virginis,
1383 2106 1457 2129 eum
1476 2095 1539 2128 alia
1550 2094 1702 2138 dignitate
1715 2098 1748 2127 et
1757 2093 1839 2126 duo-

1095 2152 1198 2186 decim
1232 2149 1476 2185 canonicatibus
1514 2148 1716 2192 totidemque
1749 2156 1842 2192 prae-

1094 2206 1219 2248 bendis,
1264 2206 1391 2239 duobus
1432 2202 1600 2249 perpetuis
1641 2201 1842 2247 simplicibus

1096 2259 1299 2304 personalem
1350 2256 1558 2292 residentiam
1601 2254 1855 2299 requirentibus

1097 2313 1258 2347 benefieiis
1270 2311 1506 2351 ecclesiasticis,
1514 2308 1843 2347 beneficiatisnuncu·

1099 2367 1221 2411 scindis,
1235 2366 1413 2409 erigeretur
1422 2369 1453 2398 et
1465 2363 1703 2404 institueretur3
1715 2369 1842 2396 necnon

1098 2420 1250 2454 ecelesiae
1269 2418 1465 2453 Civitatensis
1473 2428 1510 2451 ac
1522 2416 1802 2450 archidiaconatus
1811 2419 1843 2448 et

1099 2469 1430 2513 archipresbyteratus
1470 2466 1691 2511 praefatorum
1730 2464 1816 2497 hona
1829 2488 1839 2505 ,

1099 2520 1235 2558 fructus,
1247 2517 1403 2558 redditus,
1419 2520 1604 2560 proventus,
1621 2514 1703 2555 iura,
1722 2513 1841 2545 obven-

1100 2567 1204 2600 tiones
1223 2566 1480 2600 etemolumenta
1491 2572 1728 2607 quaecumque,
1739 2559 1844 2594 dictae

1102 2615 1256 2650 ecclesiae
1280 2613 1454 2659 erigendae
1489 2612 1639 2655 illiusque
1668 2607 1844 2654 episcopali

1076 2647 1085 2661 Ι

1837 217 1888 246 An:
1898 217 1935 247 c:
1968 228 1972 229 ν
