<?xml version="1.0" encoding="UTF-8"?>
<!DOCTYPE html PUBLIC "-//W3C//DTD XHTML 1.0 Transitional//EN"
    "http://www.w3.org/TR/xhtml1/DTD/xhtml1-transitional.dtd">
<html xmlns="http://www.w3.org/1999/xhtml" xml:lang="en" lang="en">
 <head>
  <title>
</title>
<meta http-equiv="Content-Type" content="text/html;charset=utf-8" />
  <meta name='ocr-system' content='tesseract 3.04.00' />
  <meta name='ocr-capabilities' content='ocr_page ocr_carea ocr_par ocr_line ocrx_word'/>
</head>
<body>
  <div class='ocr_page' id='page_1' title='image "./bullarumdiplomat08cath_0021.png"; bbox 0 0 2059 3228; ppageno 0'>
   <div class='ocr_carea' id='block_1_1' title="bbox 19 278 197 309">
    <p class='ocr_par' dir='ltr' id='par_1_1' title="bbox 19 278 197 309">
     <span class='ocr_line' id='line_1_1' title="bbox 19 278 197 309; baseline -0.011 0"><span class='ocrx_word' id='word_1_1' title='bbox 19 280 69 309; x_wconf 80' lang='grc' dir='ltr'><strong>Αιι.</strong></span> <span class='ocrx_word' id='word_1_2' title='bbox 86 279 106 308; x_wconf 83' lang='lat' dir='ltr'>C</span> <span class='ocrx_word' id='word_1_3' title='bbox 130 278 197 307; x_wconf 69' lang='lat'>1572</span> 
     </span>
    </p>
   </div>
   <div class='ocr_carea' id='block_1_2' title="bbox 14 1022 197 1076">
    <p class='ocr_par' dir='ltr' id='par_1_2' title="bbox 14 1022 197 1076">
     <span class='ocr_line' id='line_1_2' title="bbox 15 1022 197 1049; baseline -0.022 -3"><span class='ocrx_word' id='word_1_4' title='bbox 15 1022 128 1049; x_wconf 77' lang='grc' dir='ltr'><strong>Ιοιομιίο</strong></span> <span class='ocrx_word' id='word_1_5' title='bbox 143 1026 197 1044; x_wconf 77' lang='lat' dir='ltr'>eon-</span> 
     </span>
     <span class='ocr_line' id='line_1_3' title="bbox 14 1055 134 1076; baseline -0.017 0"><span class='ocrx_word' id='word_1_6' title='bbox 14 1055 134 1076; x_wconf 63' lang='lat' dir='ltr'>uariorum.</span> 
     </span>
    </p>
   </div>
   <div class='ocr_carea' id='block_1_3' title="bbox 819 267 1134 294">
    <p class='ocr_par' dir='ltr' id='par_1_3' title="bbox 819 267 1134 294">
     <span class='ocr_line' id='line_1_4' title="bbox 819 267 1134 294; baseline -0.01 0"><span class='ocrx_word' id='word_1_7' title='bbox 819 267 994 294; x_wconf 71' lang='lat' dir='ltr'>cuncontt&#39;s</span> <span class='ocrx_word' id='word_1_8' title='bbox 1014 267 1068 291; x_wconf 80' lang='lat' dir='ltr'>xnt</span> <span class='ocrx_word' id='word_1_9' title='bbox 1089 267 1134 291; x_wconf 75' lang='grc' dir='ltr'>ΙΨ.</span> 
     </span>
    </p>
   </div>
   <div class='ocr_carea' id='block_1_4' title="bbox 211 322 960 426">
    <p class='ocr_par' dir='ltr' id='par_1_4' title="bbox 211 322 960 426">
     <span class='ocr_line' id='line_1_5' title="bbox 213 322 957 375; baseline -0.012 -14"><span class='ocrx_word' id='word_1_10' title='bbox 213 329 432 375; x_wconf 70' lang='lat' dir='ltr'>permittentes</span> <span class='ocrx_word' id='word_1_11' title='bbox 467 336 522 360; x_wconf 89' lang='lat' dir='ltr'>eos</span> <span class='ocrx_word' id='word_1_12' title='bbox 559 336 615 359; x_wconf 87' lang='lat' dir='ltr'>seu</span> <span class='ocrx_word' id='word_1_13' title='bbox 660 333 772 358; x_wconf 89' lang='lat' dir='ltr'>eorum</span> <span class='ocrx_word' id='word_1_14' title='bbox 816 322 957 365; x_wconf 79' lang='lat' dir='ltr'>aliquem</span> 
     </span>
     <span class='ocr_line' id='line_1_6' title="bbox 211 374 960 426; baseline -0.012 -11"><span class='ocrx_word' id='word_1_15' title='bbox 211 383 350 426; x_wconf 86' lang='lat' dir='ltr'>desuper</span> <span class='ocrx_word' id='word_1_16' title='bbox 382 392 439 425; x_wconf 79' lang='lat' dir='ltr'>per</span> <span class='ocrx_word' id='word_1_17' title='bbox 471 388 694 423; x_wconf 70' lang='lat' dir='ltr'>quoscumque</span> <span class='ocrx_word' id='word_1_18' title='bbox 718 374 960 420; x_wconf 80' lang='lat' dir='ltr'>quomodolibet</span> 
     </span>
    </p>
   </div>
   <div class='ocr_carea' id='block_1_5' title="bbox 1347 259 1702 355">
    <p class='ocr_par' dir='ltr' id='par_1_5' title="bbox 1347 259 1702 355">
     <span class='ocr_line' id='line_1_7' title="bbox 1684 259 1702 292; baseline 0 0"><span class='ocrx_word' id='word_1_19' title='bbox 1684 259 1702 292; x_wconf 89' lang='lat'><strong>7</strong></span> 
     </span>
     <span class='ocr_line' id='line_1_8' title="bbox 1347 321 1395 355; baseline 0.021 -1"><span class='ocrx_word' id='word_1_20' title='bbox 1347 321 1395 355; x_wconf 86' lang='lat' dir='ltr'>ltt.</span> 
     </span>
    </p>
   </div>
   <div class='ocr_carea' id='block_1_6' title="bbox 210 426 1748 472">
    <p class='ocr_par' dir='ltr' id='par_1_6' title="bbox 210 426 1748 472">
     <span class='ocr_line' id='line_1_9' title="bbox 210 426 1748 472; baseline -0.011 -3"><span class='ocrx_word' id='word_1_21' title='bbox 210 435 352 469; x_wconf 75' lang='lat' dir='ltr'>indebite</span> <span class='ocrx_word' id='word_1_22' title='bbox 372 433 553 472; x_wconf 85' lang='lat' dir='ltr'>molesta1·i;</span> <span class='ocrx_word' id='word_1_23' title='bbox 586 429 837 465; x_wconf 78' lang='lat' dir='ltr'>contradictores</span> <span class='ocrx_word' id='word_1_24' title='bbox 863 437 958 471; x_wconf 86' lang='lat' dir='ltr'>quos·</span> <span class='ocrx_word' id='word_1_25' title='bbox 999 426 1149 459; x_wconf 72' lang='lat' dir='ltr'>Facutras</span> <span class='ocrx_word' id='word_1_26' title='bbox 1170 426 1386 468; x_wconf 59' lang='lat' dir='ltr'>rehqiowum</span> <span class='ocrx_word' id='word_1_27' title='bbox 1408 428 1577 461; x_wconf 68' lang='lat' dir='ltr'>Societatis</span> <span class='ocrx_word' id='word_1_28' title='bbox 1602 428 1673 461; x_wconf 66' lang='lat' dir='ltr'>Iesu</span> <span class='ocrx_word' id='word_1_29' title='bbox 1690 428 1748 460; x_wconf 71' lang='lat' dir='ltr'>eli-</span> 
     </span>
    </p>
   </div>
   <div class='ocr_carea' id='block_1_7' title="bbox 204 483 961 2569">
    <p class='ocr_par' dir='ltr' id='par_1_7' title="bbox 210 483 958 950">
     <span class='ocr_line' id='line_1_10' title="bbox 210 483 958 530; baseline -0.012 -8"><span class='ocrx_word' id='word_1_30' title='bbox 210 489 288 523; x_wconf 87' lang='lat' dir='ltr'>libet</span> <span class='ocrx_word' id='word_1_31' title='bbox 312 494 343 522; x_wconf 91' lang='lat' dir='ltr'>et</span> <span class='ocrx_word' id='word_1_32' title='bbox 366 487 503 522; x_wconf 77' lang='lat' dir='ltr'>rebelles</span> <span class='ocrx_word' id='word_1_33' title='bbox 518 497 576 530; x_wconf 85' lang='lat' dir='ltr'>per</span> <span class='ocrx_word' id='word_1_34' title='bbox 592 483 779 522; x_wconf 88' lang='lat' dir='ltr'>sententias,</span> <span class='ocrx_word' id='word_1_35' title='bbox 805 491 958 515; x_wconf 86' lang='lat' dir='ltr'>censuras</span> 
     </span>
     <span class='ocr_line' id='line_1_11' title="bbox 210 536 956 587; baseline -0.015 -10"><span class='ocrx_word' id='word_1_36' title='bbox 210 548 241 576; x_wconf 88' lang='lat' dir='ltr'>ct</span> <span class='ocrx_word' id='word_1_37' title='bbox 272 553 392 587; x_wconf 90' lang='lat' dir='ltr'>poenas</span> <span class='ocrx_word' id='word_1_38' title='bbox 431 539 662 575; x_wconf 80' lang='lat' dir='ltr'>ecclesiasticas</span> <span class='ocrx_word' id='word_1_39' title='bbox 685 536 811 580; x_wconf 87' lang='lat' dir='ltr'>aliaque</span> <span class='ocrx_word' id='word_1_40' title='bbox 837 545 956 579; x_wconf 88' lang='lat' dir='ltr'>oppor-</span> 
     </span>
     <span class='ocr_line' id='line_1_12' title="bbox 211 589 956 633; baseline -0.013 -3"><span class='ocrx_word' id='word_1_41' title='bbox 211 601 288 630; x_wconf 88' lang='lat' dir='ltr'>tuna</span> <span class='ocrx_word' id='word_1_42' title='bbox 306 595 386 629; x_wconf 89' lang='lat' dir='ltr'>iuris</span> <span class='ocrx_word' id='word_1_43' title='bbox 418 600 449 629; x_wconf 84' lang='lat' dir='ltr'>et</span> <span class='ocrx_word' id='word_1_44' title='bbox 477 594 550 628; x_wconf 71' lang='lat' dir='ltr'>facti</span> <span class='ocrx_word' id='word_1_45' title='bbox 567 590 719 631; x_wconf 84' lang='lat' dir='ltr'>remedia,</span> <span class='ocrx_word' id='word_1_46' title='bbox 741 589 956 633; x_wconf 69' lang='lat' dir='ltr'>appellatione</span> 
     </span>
     <span class='ocr_line' id='line_1_13' title="bbox 210 642 956 694; baseline -0.013 -11"><span class='ocrx_word' id='word_1_47' title='bbox 210 649 407 694; x_wconf 88' lang='lat' dir='ltr'>postposita,</span> <span class='ocrx_word' id='word_1_48' title='bbox 442 644 696 692; x_wconf 88' lang='lat' dir='ltr'>compescendo,</span> <span class='ocrx_word' id='word_1_49' title='bbox 740 642 956 686; x_wconf 76' lang='lat' dir='ltr'>legitimisque</span> 
     </span>
     <span class='ocr_line' id='line_1_14' title="bbox 210 695 953 747; baseline -0.012 -11"><span class='ocrx_word' id='word_1_50' title='bbox 210 712 309 747; x_wconf 88' lang='lat' dir='ltr'>super</span> <span class='ocrx_word' id='word_1_51' title='bbox 333 702 383 736; x_wconf 89' lang='lat' dir='ltr'>his</span> <span class='ocrx_word' id='word_1_52' title='bbox 406 700 564 736; x_wconf 80' lang='lat' dir='ltr'>habendis</span> <span class='ocrx_word' id='word_1_53' title='bbox 582 697 711 732; x_wconf 88' lang='lat' dir='ltr'>servatis</span> <span class='ocrx_word' id='word_1_54' title='bbox 730 695 953 740; x_wconf 71' lang='lat' dir='ltr'>processibus,</span> 
     </span>
     <span class='ocr_line' id='line_1_15' title="bbox 210 749 956 797; baseline -0.013 -7"><span class='ocrx_word' id='word_1_55' title='bbox 210 756 384 791; x_wconf 88' lang='lat' dir='ltr'>sententias</span> <span class='ocrx_word' id='word_1_56' title='bbox 397 783 405 797; x_wconf 94' lang='lat'>,</span> <span class='ocrx_word' id='word_1_57' title='bbox 450 763 601 789; x_wconf 87' lang='lat' dir='ltr'>censuras</span> <span class='ocrx_word' id='word_1_58' title='bbox 642 756 673 784; x_wconf 90' lang='lat' dir='ltr'>et</span> <span class='ocrx_word' id='word_1_59' title='bbox 710 759 831 794; x_wconf 87' lang='lat' dir='ltr'>poenas</span> <span class='ocrx_word' id='word_1_60' title='bbox 871 749 956 793; x_wconf 82' lang='lat' dir='ltr'>ipsas</span> 
     </span>
     <span class='ocr_line' id='line_1_16' title="bbox 210 802 956 847; baseline -0.012 -4"><span class='ocrx_word' id='word_1_61' title='bbox 210 809 306 843; x_wconf 90' lang='lat' dir='ltr'>etiam</span> <span class='ocrx_word' id='word_1_62' title='bbox 331 809 451 843; x_wconf 84' lang='lat' dir='ltr'>iteratis</span> <span class='ocrx_word' id='word_1_63' title='bbox 468 807 588 841; x_wconf 88' lang='lat' dir='ltr'>vicibus</span> <span class='ocrx_word' id='word_1_64' title='bbox 613 802 833 847; x_wconf 75' lang='lat' dir='ltr'>aggravando,</span> <span class='ocrx_word' id='word_1_65' title='bbox 867 803 956 835; x_wconf 81' lang='lat' dir='ltr'>invo-</span> 
     </span>
     <span class='ocr_line' id='line_1_17' title="bbox 211 856 954 904; baseline -0.012 -7"><span class='ocrx_word' id='word_1_66' title='bbox 211 868 282 897; x_wconf 85' lang='lat' dir='ltr'>cato</span> <span class='ocrx_word' id='word_1_67' title='bbox 302 862 342 896; x_wconf 88' lang='lat' dir='ltr'>ad</span> <span class='ocrx_word' id='word_1_68' title='bbox 360 863 439 903; x_wconf 92' lang='lat' dir='ltr'>hoc,</span> <span class='ocrx_word' id='word_1_69' title='bbox 464 860 491 895; x_wconf 91' lang='lat' dir='ltr'>si</span> <span class='ocrx_word' id='word_1_70' title='bbox 512 868 594 904; x_wconf 88' lang='lat' dir='ltr'>opus</span> <span class='ocrx_word' id='word_1_71' title='bbox 612 857 722 897; x_wconf 84' lang='lat' dir='ltr'>suerit,</span> <span class='ocrx_word' id='word_1_72' title='bbox 748 856 868 890; x_wconf 77' lang='lat' dir='ltr'>auxilio</span> <span class='ocrx_word' id='word_1_73' title='bbox 879 856 954 889; x_wconf 85' lang='lat' dir='ltr'>bra-</span> 
     </span>
     <span class='ocr_line' id='line_1_18' title="bbox 211 914 476 950; baseline -0.011 0"><span class='ocrx_word' id='word_1_74' title='bbox 211 915 275 950; x_wconf 84' lang='lat' dir='ltr'>chii</span> <span class='ocrx_word' id='word_1_75' title='bbox 294 914 476 950; x_wconf 88' lang='lat' dir='ltr'>saecularis.</span> 
     </span>
    </p>

    <p class='ocr_par' dir='ltr' id='par_1_8' title="bbox 204 962 958 2234">
     <span class='ocr_line' id='line_1_19' title="bbox 254 962 953 1014; baseline -0.011 -11"><span class='ocrx_word' id='word_1_76' title='bbox 254 969 270 1014; x_wconf 64' lang='lat' dir='ltr'>g</span> <span class='ocrx_word' id='word_1_77' title='bbox 291 968 323 1003; x_wconf 84' lang='lat'>3.</span> <span class='ocrx_word' id='word_1_78' title='bbox 348 968 417 1002; x_wconf 91' lang='lat' dir='ltr'>Non</span> <span class='ocrx_word' id='word_1_79' title='bbox 439 965 639 1001; x_wconf 79' lang='lat' dir='ltr'>obstantibus</span> <span class='ocrx_word' id='word_1_80' title='bbox 667 963 831 1009; x_wconf 85' lang='lat' dir='ltr'>praedicta</span> <span class='ocrx_word' id='word_1_81' title='bbox 857 962 953 996; x_wconf 89' lang='lat' dir='ltr'>Boni-</span> 
     </span>
     <span class='ocr_line' id='line_1_20' title="bbox 209 1016 954 1067; baseline -0.011 -10"><span class='ocrx_word' id='word_1_82' title='bbox 209 1022 282 1056; x_wconf 83' lang='lat' dir='ltr'>sacii</span> <span class='ocrx_word' id='word_1_83' title='bbox 301 1019 569 1067; x_wconf 78' lang='lat' dir='ltr'>praedecessoris,</span> <span class='ocrx_word' id='word_1_84' title='bbox 595 1030 659 1064; x_wconf 91' lang='lat' dir='ltr'>qua</span> <span class='ocrx_word' id='word_1_85' title='bbox 679 1023 808 1052; x_wconf 86' lang='lat' dir='ltr'>cavetur</span> <span class='ocrx_word' id='word_1_86' title='bbox 827 1027 867 1050; x_wconf 92' lang='lat' dir='ltr'>ne</span> <span class='ocrx_word' id='word_1_87' title='bbox 882 1016 954 1061; x_wconf 90' lang='lat' dir='ltr'>quis</span> 
     </span>
     <span class='ocr_line' id='line_1_21' title="bbox 209 1069 953 1111; baseline -0.008 -2"><span class='ocrx_word' id='word_1_88' title='bbox 209 1080 296 1109; x_wconf 82' lang='lat' dir='ltr'>extra</span> <span class='ocrx_word' id='word_1_89' title='bbox 312 1084 403 1108; x_wconf 85' lang='lat' dir='ltr'>suam</span> <span class='ocrx_word' id='word_1_90' title='bbox 422 1073 581 1107; x_wconf 88' lang='lat' dir='ltr'>civitatem</span> <span class='ocrx_word' id='word_1_91' title='bbox 604 1073 652 1106; x_wconf 84' lang='lat' dir='ltr'>vel</span> <span class='ocrx_word' id='word_1_92' title='bbox 672 1071 843 1106; x_wconf 89' lang='lat' dir='ltr'>dioecesim</span> <span class='ocrx_word' id='word_1_93' title='bbox 859 1097 866 1111; x_wconf 93' lang='lat'>,</span> <span class='ocrx_word' id='word_1_94' title='bbox 892 1069 953 1104; x_wconf 89' lang='lat' dir='ltr'>nisi</span> 
     </span>
     <span class='ocr_line' id='line_1_22' title="bbox 207 1124 954 1172; baseline -0.008 -10"><span class='ocrx_word' id='word_1_95' title='bbox 207 1128 241 1162; x_wconf 87' lang='lat' dir='ltr'>in</span> <span class='ocrx_word' id='word_1_96' title='bbox 259 1127 354 1162; x_wconf 85' lang='lat' dir='ltr'>certis</span> <span class='ocrx_word' id='word_1_97' title='bbox 372 1128 512 1172; x_wconf 83' lang='lat' dir='ltr'>exceptis</span> <span class='ocrx_word' id='word_1_98' title='bbox 535 1126 662 1161; x_wconf 82' lang='lat' dir='ltr'>casibus</span> <span class='ocrx_word' id='word_1_99' title='bbox 676 1153 684 1167; x_wconf 92' lang='lat'>‚</span> <span class='ocrx_word' id='word_1_100' title='bbox 711 1131 741 1159; x_wconf 88' lang='lat' dir='ltr'>et</span> <span class='ocrx_word' id='word_1_101' title='bbox 765 1126 798 1158; x_wconf 90' lang='lat' dir='ltr'>in</span> <span class='ocrx_word' id='word_1_102' title='bbox 823 1124 886 1158; x_wconf 90' lang='lat' dir='ltr'>illis</span> <span class='ocrx_word' id='word_1_103' title='bbox 905 1124 954 1157; x_wconf 92' lang='lat' dir='ltr'>ul-</span> 
     </span>
     <span class='ocr_line' id='line_1_23' title="bbox 207 1177 950 1218; baseline -0.007 -3"><span class='ocrx_word' id='word_1_104' title='bbox 207 1185 255 1215; x_wconf 83' lang='lat' dir='ltr'>tra</span> <span class='ocrx_word' id='word_1_105' title='bbox 273 1190 371 1215; x_wconf 88' lang='lat' dir='ltr'>unam</span> <span class='ocrx_word' id='word_1_106' title='bbox 390 1180 527 1214; x_wconf 84' lang='lat' dir='ltr'>diaetam</span> <span class='ocrx_word' id='word_1_107' title='bbox 548 1191 566 1214; x_wconf 90' lang='lat' dir='ltr'>a</span> <span class='ocrx_word' id='word_1_108' title='bbox 588 1180 652 1214; x_wconf 86' lang='lat' dir='ltr'>fine</span> <span class='ocrx_word' id='word_1_109' title='bbox 677 1190 754 1213; x_wconf 88' lang='lat' dir='ltr'>suae</span> <span class='ocrx_word' id='word_1_110' title='bbox 773 1177 928 1213; x_wconf 88' lang='lat' dir='ltr'>dioecesis</span> <span class='ocrx_word' id='word_1_111' title='bbox 942 1204 950 1218; x_wconf 90' lang='lat'>,</span> 
     </span>
     <span class='ocr_line' id='line_1_24' title="bbox 205 1231 953 1275; baseline -0.005 -7"><span class='ocrx_word' id='word_1_112' title='bbox 205 1233 246 1268; x_wconf 82' lang='lat' dir='ltr'>ad</span> <span class='ocrx_word' id='word_1_113' title='bbox 277 1233 436 1269; x_wconf 87' lang='lat' dir='ltr'>iudicium</span> <span class='ocrx_word' id='word_1_114' title='bbox 468 1239 640 1275; x_wconf 89' lang='lat' dir='ltr'>evocetur,</span> <span class='ocrx_word' id='word_1_115' title='bbox 679 1243 736 1267; x_wconf 89' lang='lat' dir='ltr'>seu</span> <span class='ocrx_word' id='word_1_116' title='bbox 765 1243 805 1266; x_wconf 93' lang='lat' dir='ltr'>ne</span> <span class='ocrx_word' id='word_1_117' title='bbox 829 1231 953 1265; x_wconf 89' lang='lat' dir='ltr'>iudices</span> 
     </span>
     <span class='ocr_line' id='line_1_25' title="bbox 205 1286 951 1333; baseline -0.003 -12"><span class='ocrx_word' id='word_1_118' title='bbox 205 1297 224 1321; x_wconf 89' lang='lat' dir='ltr'>a</span> <span class='ocrx_word' id='word_1_119' title='bbox 235 1287 316 1322; x_wconf 89' lang='lat' dir='ltr'>Sede</span> <span class='ocrx_word' id='word_1_120' title='bbox 325 1288 509 1333; x_wconf 86' lang='lat' dir='ltr'>Apostolica</span> <span class='ocrx_word' id='word_1_121' title='bbox 519 1287 673 1332; x_wconf 89' lang='lat' dir='ltr'>deputati,</span> <span class='ocrx_word' id='word_1_122' title='bbox 691 1292 778 1321; x_wconf 71' lang='lat' dir='ltr'>extra</span> <span class='ocrx_word' id='word_1_123' title='bbox 793 1286 951 1321; x_wconf 88' lang='lat' dir='ltr'>civitatem</span> 
     </span>
     <span class='ocr_line' id='line_1_26' title="bbox 205 1340 952 1385; baseline -0.001 -11"><span class='ocrx_word' id='word_1_124' title='bbox 205 1340 253 1374; x_wconf 88' lang='lat' dir='ltr'>vel</span> <span class='ocrx_word' id='word_1_125' title='bbox 272 1341 463 1383; x_wconf 90' lang='lat' dir='ltr'>dioecesim,</span> <span class='ocrx_word' id='word_1_126' title='bbox 485 1341 647 1385; x_wconf 90' lang='lat' dir='ltr'>inquibus</span> <span class='ocrx_word' id='word_1_127' title='bbox 663 1341 808 1385; x_wconf 87' lang='lat' dir='ltr'>deputati</span> <span class='ocrx_word' id='word_1_128' title='bbox 823 1340 952 1379; x_wconf 79' lang='lat' dir='ltr'>fuerint,</span> 
     </span>
     <span class='ocr_line' id='line_1_27' title="bbox 205 1394 951 1440; baseline -0.001 -13"><span class='ocrx_word' id='word_1_129' title='bbox 205 1398 317 1428; x_wconf 88' lang='lat' dir='ltr'>contra</span> <span class='ocrx_word' id='word_1_130' title='bbox 332 1405 556 1439; x_wconf 88' lang='lat' dir='ltr'>quoscumque</span> <span class='ocrx_word' id='word_1_131' title='bbox 575 1400 747 1440; x_wconf 87' lang='lat' dir='ltr'>propterea</span> <span class='ocrx_word' id='word_1_132' title='bbox 762 1394 951 1439; x_wconf 85' lang='lat' dir='ltr'>procedere,</span> 
     </span>
     <span class='ocr_line' id='line_1_28' title="bbox 204 1443 954 1483; baseline -0.001 -2"><span class='ocrx_word' id='word_1_133' title='bbox 204 1443 342 1482; x_wconf 79' lang='lat' dir='ltr'>aut&#39;alii</span> <span class='ocrx_word' id='word_1_134' title='bbox 367 1449 417 1482; x_wconf 88' lang='lat' dir='ltr'>vel</span> <span class='ocrx_word' id='word_1_135' title='bbox 445 1448 517 1482; x_wconf 87' lang='lat' dir='ltr'>aliis</span> <span class='ocrx_word' id='word_1_136' title='bbox 539 1448 623 1482; x_wconf 84' lang='lat' dir='ltr'>vices</span> <span class='ocrx_word' id='word_1_137' title='bbox 652 1459 726 1483; x_wconf 88' lang='lat' dir='ltr'>suas</span> <span class='ocrx_word' id='word_1_138' title='bbox 752 1448 954 1482; x_wconf 85' lang='lat' dir='ltr'>committere</span> 
     </span>
     <span class='ocr_line' id='line_1_29' title="bbox 204 1501 954 1547; baseline -0.001 -12"><span class='ocrx_word' id='word_1_139' title='bbox 204 1501 344 1535; x_wconf 85' lang='lat' dir='ltr'>audeant</span> <span class='ocrx_word' id='word_1_140' title='bbox 367 1503 417 1536; x_wconf 87' lang='lat' dir='ltr'>vel</span> <span class='ocrx_word' id='word_1_141' title='bbox 440 1507 678 1547; x_wconf 64' lang='lat' dir='ltr'>npraesumant;</span> <span class='ocrx_word' id='word_1_142' title='bbox 711 1507 742 1536; x_wconf 91' lang='lat' dir='ltr'>et</span> <span class='ocrx_word' id='word_1_143' title='bbox 765 1502 804 1536; x_wconf 90' lang='lat' dir='ltr'>de</span> <span class='ocrx_word' id='word_1_144' title='bbox 827 1501 954 1535; x_wconf 85' lang='lat' dir='ltr'>duabus</span> 
     </span>
     <span class='ocr_line' id='line_1_30' title="bbox 204 1555 953 1599; baseline -0.001 -10"><span class='ocrx_word' id='word_1_145' title='bbox 204 1555 318 1590; x_wconf 87' lang='lat' dir='ltr'>diaetis</span> <span class='ocrx_word' id='word_1_146' title='bbox 343 1555 378 1589; x_wconf 92' lang='lat' dir='ltr'>in</span> <span class='ocrx_word' id='word_1_147' title='bbox 397 1556 537 1590; x_wconf 87' lang='lat' dir='ltr'>concilio</span> <span class='ocrx_word' id='word_1_148' title='bbox 555 1555 698 1599; x_wconf 87' lang='lat' dir='ltr'>generali</span> <span class='ocrx_word' id='word_1_149' title='bbox 719 1556 803 1589; x_wconf 87' lang='lat' dir='ltr'>edita</span> <span class='ocrx_word' id='word_1_150' title='bbox 817 1582 825 1596; x_wconf 89' lang='lat'>,</span> <span class='ocrx_word' id='word_1_151' title='bbox 857 1555 953 1589; x_wconf 88' lang='lat' dir='ltr'>dum-</span> 
     </span>
     <span class='ocr_line' id='line_1_31' title="bbox 206 1609 955 1655; baseline -0.001 -11"><span class='ocrx_word' id='word_1_152' title='bbox 206 1609 304 1644; x_wconf 90' lang='lat' dir='ltr'>modo</span> <span class='ocrx_word' id='word_1_153' title='bbox 321 1610 408 1644; x_wconf 89' lang='lat' dir='ltr'>ultra</span> <span class='ocrx_word' id='word_1_154' title='bbox 421 1615 486 1644; x_wconf 86' lang='lat' dir='ltr'>tres</span> <span class='ocrx_word' id='word_1_155' title='bbox 504 1610 633 1655; x_wconf 89' lang='lat' dir='ltr'>aliquis,</span> <span class='ocrx_word' id='word_1_156' title='bbox 652 1610 843 1644; x_wconf 86' lang='lat' dir='ltr'>auctoritate</span> <span class='ocrx_word' id='word_1_157' title='bbox 863 1621 955 1654; x_wconf 86' lang='lat' dir='ltr'>prae-</span> 
     </span>
     <span class='ocr_line' id='line_1_32' title="bbox 205 1663 953 1706; baseline -0.001 -9"><span class='ocrx_word' id='word_1_158' title='bbox 205 1663 359 1706; x_wconf 86' lang='lat' dir='ltr'>sentium,</span> <span class='ocrx_word' id='word_1_159' title='bbox 388 1664 428 1698; x_wconf 88' lang='lat' dir='ltr'>ad</span> <span class='ocrx_word' id='word_1_160' title='bbox 446 1663 605 1698; x_wconf 90' lang='lat' dir='ltr'>iudicium</span> <span class='ocrx_word' id='word_1_161' title='bbox 631 1674 697 1698; x_wconf 90' lang='lat' dir='ltr'>non</span> <span class='ocrx_word' id='word_1_162' title='bbox 723 1664 892 1704; x_wconf 83' lang='lat' dir='ltr'>trahatur;</span> <span class='ocrx_word' id='word_1_163' title='bbox 917 1674 953 1697; x_wconf 85' lang='lat' dir='ltr'>ac</span> 
     </span>
     <span class='ocr_line' id='line_1_33' title="bbox 205 1716 953 1762; baseline 0 -12"><span class='ocrx_word' id='word_1_164' title='bbox 205 1716 277 1751; x_wconf 86' lang='lat' dir='ltr'>aliis</span> <span class='ocrx_word' id='word_1_165' title='bbox 295 1718 480 1762; x_wconf 86' lang='lat' dir='ltr'>apostolicis</span> <span class='ocrx_word' id='word_1_166' title='bbox 498 1717 800 1758; x_wconf 83' lang='lat' dir='ltr'>constitutionibus,</span> <span class='ocrx_word' id='word_1_167' title='bbox 826 1727 953 1751; x_wconf 86' lang='lat' dir='ltr'>necnon</span> 
     </span>
     <span class='ocr_line' id='line_1_34' title="bbox 206 1770 953 1816; baseline -0.003 -10"><span class='ocrx_word' id='word_1_168' title='bbox 206 1770 358 1806; x_wconf 88' lang='lat' dir='ltr'>omnihus</span> <span class='ocrx_word' id='word_1_169' title='bbox 375 1771 458 1814; x_wconf 89' lang='lat' dir='ltr'>illis,</span> <span class='ocrx_word' id='word_1_170' title='bbox 484 1783 568 1816; x_wconf 87' lang='lat' dir='ltr'>quae</span> <span class='ocrx_word' id='word_1_171' title='bbox 592 1772 626 1806; x_wconf 92' lang='lat' dir='ltr'>in</span> <span class='ocrx_word' id='word_1_172' title='bbox 657 1771 747 1805; x_wconf 89' lang='lat' dir='ltr'>dictis</span> <span class='ocrx_word' id='word_1_173' title='bbox 766 1771 881 1805; x_wconf 86' lang='lat' dir='ltr'>litteris</span> <span class='ocrx_word' id='word_1_174' title='bbox 901 1782 953 1805; x_wconf 79' lang='lat' dir='ltr'>ex-</span> 
     </span>
     <span class='ocr_line' id='line_1_35' title="bbox 207 1825 954 1870; baseline -0.001 -11"><span class='ocrx_word' id='word_1_175' title='bbox 207 1835 355 1870; x_wconf 86' lang='lat' dir='ltr'>pressum</span> <span class='ocrx_word' id='word_1_176' title='bbox 373 1826 435 1859; x_wconf 87' lang='lat' dir='ltr'>fuit</span> <span class='ocrx_word' id='word_1_177' title='bbox 445 1835 511 1859; x_wconf 88' lang='lat' dir='ltr'>non</span> <span class='ocrx_word' id='word_1_178' title='bbox 526 1825 671 1866; x_wconf 83' lang='lat' dir='ltr'>obstare,</span> <span class='ocrx_word' id='word_1_179' title='bbox 693 1825 863 1859; x_wconf 81' lang='lat' dir='ltr'>contrariis</span> <span class='ocrx_word' id='word_1_180' title='bbox 882 1825 954 1868; x_wconf 90' lang='lat' dir='ltr'>qui-</span> 
     </span>
     <span class='ocr_line' id='line_1_36' title="bbox 206 1879 954 1924; baseline -0.003 -11"><span class='ocrx_word' id='word_1_181' title='bbox 206 1879 422 1924; x_wconf 85' lang='lat' dir='ltr'>buscumque.</span> <span class='ocrx_word' id='word_1_182' title='bbox 447 1880 511 1913; x_wconf 82' lang='lat' dir='ltr'>Aut</span> <span class='ocrx_word' id='word_1_183' title='bbox 529 1879 555 1913; x_wconf 91' lang='lat' dir='ltr'>si</span> <span class='ocrx_word' id='word_1_184' title='bbox 575 1879 749 1923; x_wconf 83' lang='lat' dir='ltr'>aliquibus,</span> <span class='ocrx_word' id='word_1_185' title='bbox 771 1879 954 1913; x_wconf 91' lang='lat' dir='ltr'>communi-</span> 
     </span>
     <span class='ocr_line' id='line_1_37' title="bbox 207 1932 955 1975; baseline -0.001 -9"><span class='ocrx_word' id='word_1_186' title='bbox 207 1938 257 1967; x_wconf 86' lang='lat' dir='ltr'>ter</span> <span class='ocrx_word' id='word_1_187' title='bbox 278 1933 327 1966; x_wconf 90' lang='lat' dir='ltr'>vel</span> <span class='ocrx_word' id='word_1_188' title='bbox 346 1933 484 1975; x_wconf 82' lang='lat' dir='ltr'>divisim,</span> <span class='ocrx_word' id='word_1_189' title='bbox 501 1933 541 1967; x_wconf 86' lang='lat' dir='ltr'>ab</span> <span class='ocrx_word' id='word_1_190' title='bbox 556 1933 668 1967; x_wconf 88' lang='lat' dir='ltr'>eadem</span> <span class='ocrx_word' id='word_1_191' title='bbox 684 1932 723 1966; x_wconf 87' lang='lat' dir='ltr'>sit</span> <span class='ocrx_word' id='word_1_192' title='bbox 745 1933 827 1967; x_wconf 86' lang='lat' dir='ltr'>Sede</span> <span class='ocrx_word' id='word_1_193' title='bbox 847 1932 955 1965; x_wconf 91' lang='lat' dir='ltr'>indul·</span> 
     </span>
     <span class='ocr_line' id='line_1_38' title="bbox 209 1987 956 2031; baseline 0 -13"><span class='ocrx_word' id='word_1_194' title='bbox 209 1990 277 2018; x_wconf 83' lang='lat' dir='ltr'>tum</span> <span class='ocrx_word' id='word_1_195' title='bbox 287 1987 375 2030; x_wconf 90' lang='lat' dir='ltr'>quod</span> <span class='ocrx_word' id='word_1_196' title='bbox 389 1987 557 2028; x_wconf 86' lang='lat' dir='ltr'>interdici,</span> <span class='ocrx_word' id='word_1_197' title='bbox 584 1987 735 2031; x_wconf 85' lang='lat' dir='ltr'>suspendi</span> <span class='ocrx_word' id='word_1_198' title='bbox 755 1987 803 2019; x_wconf 80' lang='lat' dir='ltr'>vel</span> <span class='ocrx_word' id='word_1_199' title='bbox 827 1996 956 2019; x_wconf 79' lang='lat' dir='ltr'>excom-</span> 
     </span>
     <span class='ocr_line' id='line_1_39' title="bbox 212 2039 956 2085; baseline 0 -13"><span class='ocrx_word' id='word_1_200' title='bbox 212 2039 371 2073; x_wconf 84' lang='lat' dir='ltr'>municari</span> <span class='ocrx_word' id='word_1_201' title='bbox 388 2051 453 2074; x_wconf 93' lang='lat' dir='ltr'>non</span> <span class='ocrx_word' id='word_1_202' title='bbox 473 2040 597 2085; x_wconf 86' lang='lat' dir='ltr'>possint</span> <span class='ocrx_word' id='word_1_203' title='bbox 611 2051 670 2084; x_wconf 84' lang='lat' dir='ltr'>per</span> <span class='ocrx_word' id='word_1_204' title='bbox 686 2040 808 2073; x_wconf 87' lang='lat' dir='ltr'>litteras</span> <span class='ocrx_word' id='word_1_205' title='bbox 827 2044 956 2084; x_wconf 86' lang='lat' dir='ltr'>aposto-</span> 
     </span>
     <span class='ocr_line' id='line_1_40' title="bbox 212 2091 958 2138; baseline 0.001 -13"><span class='ocrx_word' id='word_1_206' title='bbox 212 2091 290 2126; x_wconf 83' lang='lat' dir='ltr'>licas</span> <span class='ocrx_word' id='word_1_207' title='bbox 306 2103 372 2126; x_wconf 91' lang='lat' dir='ltr'>non</span> <span class='ocrx_word' id='word_1_208' title='bbox 392 2093 545 2127; x_wconf 80' lang='lat' dir='ltr'>facientes</span> <span class='ocrx_word' id='word_1_209' title='bbox 564 2094 693 2138; x_wconf 84' lang='lat' dir='ltr'>plenam</span> <span class='ocrx_word' id='word_1_210' title='bbox 722 2100 752 2127; x_wconf 91' lang='lat' dir='ltr'>et</span> <span class='ocrx_word' id='word_1_211' title='bbox 775 2103 958 2137; x_wconf 78' lang='lat' dir='ltr'>expressam</span> 
     </span>
     <span class='ocr_line' id='line_1_41' title="bbox 215 2145 957 2181; baseline 0.003 -3"><span class='ocrx_word' id='word_1_212' title='bbox 215 2155 253 2179; x_wconf 88' lang='lat' dir='ltr'>ac</span> <span class='ocrx_word' id='word_1_213' title='bbox 271 2145 310 2179; x_wconf 90' lang='lat' dir='ltr'>de</span> <span class='ocrx_word' id='word_1_214' title='bbox 338 2147 433 2181; x_wconf 84' lang='lat' dir='ltr'>verbo</span> <span class='ocrx_word' id='word_1_215' title='bbox 462 2148 502 2181; x_wconf 91' lang='lat' dir='ltr'>ad</span> <span class='ocrx_word' id='word_1_216' title='bbox 525 2147 658 2181; x_wconf 82' lang='lat' dir='ltr'>verbum</span> <span class='ocrx_word' id='word_1_217' title='bbox 689 2147 728 2181; x_wconf 90' lang='lat' dir='ltr'>de</span> <span class='ocrx_word' id='word_1_218' title='bbox 746 2147 871 2181; x_wconf 88' lang='lat' dir='ltr'>indulto</span> <span class='ocrx_word' id='word_1_219' title='bbox 895 2147 957 2180; x_wconf 91' lang='lat' dir='ltr'>hu-</span> 
     </span>
     <span class='ocr_line' id='line_1_42' title="bbox 216 2198 593 2234; baseline 0.008 -3"><span class='ocrx_word' id='word_1_220' title='bbox 216 2198 356 2232; x_wconf 89' lang='lat' dir='ltr'>iusmodi</span> <span class='ocrx_word' id='word_1_221' title='bbox 384 2200 593 2234; x_wconf 86' lang='lat' dir='ltr'>mentionem.</span> 
     </span>
    </p>

    <p class='ocr_par' dir='ltr' id='par_1_9' title="bbox 214 2252 961 2499">
     <span class='ocr_line' id='line_1_43' title="bbox 258 2252 956 2299; baseline 0.004 -15"><span class='ocrx_word' id='word_1_222' title='bbox 258 2252 372 2285; x_wconf 88' lang='lat' dir='ltr'>Datum</span> <span class='ocrx_word' id='word_1_223' title='bbox 394 2253 512 2287; x_wconf 82' lang='lat' dir='ltr'>Romae</span> <span class='ocrx_word' id='word_1_224' title='bbox 531 2255 616 2299; x_wconf 91' lang='lat' dir='ltr'>apud</span> <span class='ocrx_word' id='word_1_225' title='bbox 640 2254 793 2289; x_wconf 88' lang='lat' dir='ltr'>Sanctum</span> <span class='ocrx_word' id='word_1_226' title='bbox 813 2254 956 2295; x_wconf 89' lang='lat' dir='ltr'>Petrum,</span> 
     </span>
     <span class='ocr_line' id='line_1_44' title="bbox 214 2305 959 2341; baseline 0.003 -3"><span class='ocrx_word' id='word_1_227' title='bbox 214 2315 299 2339; x_wconf 89' lang='lat' dir='ltr'>anno</span> <span class='ocrx_word' id='word_1_228' title='bbox 323 2305 554 2340; x_wconf 86' lang='lat' dir='ltr'>lucarnationis</span> <span class='ocrx_word' id='word_1_229' title='bbox 581 2307 763 2341; x_wconf 87' lang='lat' dir='ltr'>dominicae</span> <span class='ocrx_word' id='word_1_230' title='bbox 787 2307 959 2341; x_wconf 85' lang='lat' dir='ltr'>millesimo</span> 
     </span>
     <span class='ocr_line' id='line_1_45' title="bbox 215 2358 960 2403; baseline 0.004 -12"><span class='ocrx_word' id='word_1_231' title='bbox 215 2358 475 2402; x_wconf 81' lang='lat' dir='ltr'>quingentesimo</span> <span class='ocrx_word' id='word_1_232' title='bbox 516 2361 750 2403; x_wconf 81' lang='lat' dir='ltr'>septuagesimo</span> <span class='ocrx_word' id='word_1_233' title='bbox 793 2361 936 2394; x_wconf 90' lang='lat' dir='ltr'>secundo</span> <span class='ocrx_word' id='word_1_234' title='bbox 951 2387 960 2402; x_wconf 92' lang='lat'>,</span> 
     </span>
     <span class='ocr_line' id='line_1_46' title="bbox 215 2412 961 2458; baseline 0.003 -12"><span class='ocrx_word' id='word_1_235' title='bbox 215 2416 327 2446; x_wconf 85' lang='lat' dir='ltr'>octavo</span> <span class='ocrx_word' id='word_1_236' title='bbox 346 2412 497 2446; x_wconf 85' lang='lat' dir='ltr'>kalendas</span> <span class='ocrx_word' id='word_1_237' title='bbox 510 2412 609 2454; x_wconf 92' lang='lat' dir='ltr'>iunii,</span> <span class='ocrx_word' id='word_1_238' title='bbox 634 2414 841 2458; x_wconf 89' lang='lat' dir='ltr'>pontificatus</span> <span class='ocrx_word' id='word_1_239' title='bbox 859 2413 961 2448; x_wconf 88' lang='lat' dir='ltr'>nostri</span> 
     </span>
     <span class='ocr_line' id='line_1_47' title="bbox 215 2474 342 2499; baseline -0.008 0"><span class='ocrx_word' id='word_1_240' title='bbox 215 2474 302 2499; x_wconf 86' lang='lat' dir='ltr'>anno</span> <span class='ocrx_word' id='word_1_241' title='bbox 320 2475 342 2498; x_wconf 92' lang='lat'>1.</span> 
     </span>
    </p>

    <p class='ocr_par' dir='ltr' id='par_1_10' title="bbox 263 2522 924 2569">
     <span class='ocr_line' id='line_1_48' title="bbox 263 2522 924 2569; baseline 0.003 -15"><span class='ocrx_word' id='word_1_242' title='bbox 263 2522 326 2554; x_wconf 84' lang='lat' dir='ltr'>Dat.</span> <span class='ocrx_word' id='word_1_243' title='bbox 350 2523 398 2554; x_wconf 90' lang='lat' dir='ltr'>die</span> <span class='ocrx_word' id='word_1_244' title='bbox 412 2524 451 2554; x_wconf 75' lang='lat'>⁶25</span> <span class='ocrx_word' id='word_1_245' title='bbox 472 2523 542 2554; x_wconf 88' lang='lat' dir='ltr'>maii</span> <span class='ocrx_word' id='word_1_246' title='bbox 565 2523 652 2563; x_wconf 78' lang='lat'>1572,</span> <span class='ocrx_word' id='word_1_247' title='bbox 674 2524 779 2569; x_wconf 62' lang='lat' dir='ltr'>pontif.</span> <span class='ocrx_word' id='word_1_248' title='bbox 804 2534 881 2556; x_wconf 87' lang='lat' dir='ltr'>anno</span> <span class='ocrx_word' id='word_1_249' title='bbox 903 2533 924 2556; x_wconf 91' lang='lat'>1.</span> 
     </span>
    </p>
   </div>
   <div class='ocr_carea' id='block_1_8' title="bbox 1041 480 1748 619">
    <p class='ocr_par' dir='ltr' id='par_1_11' title="bbox 1041 480 1748 619">
     <span class='ocr_line' id='line_1_49' title="bbox 1041 480 1748 523; baseline -0.014 0"><span class='ocrx_word' id='word_1_250' title='bbox 1041 480 1137 523; x_wconf 63' lang='lat' dir='ltr'>flendi</span> <span class='ocrx_word' id='word_1_251' title='bbox 1161 485 1395 513; x_wconf 67' lang='lat' dir='ltr'>conservatores</span> <span class='ocrx_word' id='word_1_252' title='bbox 1416 482 1448 513; x_wconf 75' lang='lat' dir='ltr'>in</span> <span class='ocrx_word' id='word_1_253' title='bbox 1477 482 1543 514; x_wconf 65' lang='lat' dir='ltr'>vius</span> <span class='ocrx_word' id='word_1_254' title='bbox 1568 482 1685 520; x_wconf 65' lang='lat' dir='ltr'>camis,</span> <span class='ocrx_word' id='word_1_255' title='bbox 1713 493 1748 513; x_wconf 75' lang='lat' dir='ltr'>nc</span> 
     </span>
     <span class='ocr_line' id='line_1_50' title="bbox 1041 532 1748 576; baseline 0.004 -11"><span class='ocrx_word' id='word_1_256' title='bbox 1041 532 1225 566; x_wconf 68' lang='lat' dir='ltr'>iurisdictio</span> <span class='ocrx_word' id='word_1_257' title='bbox 1251 534 1393 576; x_wconf 61' lang='lat' dir='ltr'>ipsorum</span> <span class='ocrx_word' id='word_1_258' title='bbox 1427 539 1683 568; x_wconf 63' lang='lat' dir='ltr'>cett-servatorum</span> <span class='ocrx_word' id='word_1_259' title='bbox 1709 545 1748 568; x_wconf 63' lang='lat' dir='ltr'>ez</span> 
     </span>
     <span class='ocr_line' id='line_1_51' title="bbox 1042 585 1337 619; baseline 0 -1"><span class='ocrx_word' id='word_1_260' title='bbox 1042 585 1168 619; x_wconf 74' lang='lat' dir='ltr'>indulto</span> <span class='ocrx_word' id='word_1_261' title='bbox 1184 586 1242 619; x_wconf 77' lang='lat' dir='ltr'>Pii</span> <span class='ocrx_word' id='word_1_262' title='bbox 1269 586 1293 618; x_wconf 89' lang='lat' dir='ltr'><strong><em>V</em></strong></span> <span class='ocrx_word' id='word_1_263' title='bbox 1311 585 1337 618; x_wconf 90' lang='lat'>¹.</span> 
     </span>
    </p>
   </div>
   <div class='ocr_carea' id='block_1_9' title="bbox 995 679 1746 715">
    <p class='ocr_par' dir='ltr' id='par_1_12' title="bbox 995 679 1746 715">
     <span class='ocr_line' id='line_1_52' title="bbox 995 679 1746 715; baseline 0.004 -7"><span class='ocrx_word' id='word_1_264' title='bbox 995 679 1142 715; x_wconf 81' lang='lat' dir='ltr'>Gregorius</span> <span class='ocrx_word' id='word_1_265' title='bbox 1153 679 1224 715; x_wconf 79' lang='lat' dir='ltr'>Papa</span> <span class='ocrx_word' id='word_1_266' title='bbox 1238 679 1306 712; x_wconf 79' lang='lat' dir='ltr'>xut.</span> <span class='ocrx_word' id='word_1_267' title='bbox 1317 680 1351 708; x_wconf 77' lang='lat' dir='ltr'>ad</span> <span class='ocrx_word' id='word_1_268' title='bbox 1361 680 1522 715; x_wconf 77' lang='lat' dir='ltr'>perpetuam</span> <span class='ocrx_word' id='word_1_269' title='bbox 1532 681 1573 710; x_wconf 86' lang='lat' dir='ltr'>rei</span> <span class='ocrx_word' id='word_1_270' title='bbox 1579 681 1746 711; x_wconf 82' lang='lat' dir='ltr'>memoriam.</span> 
     </span>
    </p>
   </div>
   <div class='ocr_carea' id='block_1_10' title="bbox 992 773 1754 2430">
    <p class='ocr_par' dir='ltr' id='par_1_13' title="bbox 993 773 1751 1075">
     <span class='ocr_line' id='line_1_53' title="bbox 1040 773 1749 816; baseline 0.006 -11"><span class='ocrx_word' id='word_1_271' title='bbox 1040 773 1181 816; x_wconf 80' lang='lat' dir='ltr'>AEquum</span> <span class='ocrx_word' id='word_1_272' title='bbox 1192 778 1382 816; x_wconf 88' lang='lat' dir='ltr'>reputamus</span> <span class='ocrx_word' id='word_1_273' title='bbox 1397 778 1427 807; x_wconf 89' lang='lat' dir='ltr'>et</span> <span class='ocrx_word' id='word_1_274' title='bbox 1443 773 1559 807; x_wconf 85' lang='lat' dir='ltr'>rationi</span> <span class='ocrx_word' id='word_1_275' title='bbox 1571 786 1749 810; x_wconf 78' lang='lat' dir='ltr'>consonum</span> 
     </span>
     <span class='ocr_line' id='line_1_54' title="bbox 996 826 1751 871; baseline 0.005 -12"><span class='ocrx_word' id='word_1_276' title='bbox 996 831 1101 866; x_wconf 82' lang='lat' dir='ltr'>ntea,</span> <span class='ocrx_word' id='word_1_277' title='bbox 1123 836 1206 870; x_wconf 85' lang='lat' dir='ltr'>quac</span> <span class='ocrx_word' id='word_1_278' title='bbox 1231 826 1269 859; x_wconf 93' lang='lat' dir='ltr'>de</span> <span class='ocrx_word' id='word_1_279' title='bbox 1298 826 1434 860; x_wconf 85' lang='lat' dir='ltr'>Romani</span> <span class='ocrx_word' id='word_1_280' title='bbox 1460 827 1623 861; x_wconf 84' lang='lat' dir='ltr'>Pontificis</span> <span class='ocrx_word' id='word_1_281' title='bbox 1651 830 1751 871; x_wconf 60' lang='lat' dir='ltr'>gratia</span> 
     </span>
     <span class='ocr_line' id='line_1_55' title="bbox 995 880 1751 926; baseline 0.004 -13"><span class='ocrx_word' id='word_1_282' title='bbox 995 886 1223 923; x_wconf 89' lang='lat' dir='ltr'>processerunt</span> <span class='ocrx_word' id='word_1_283' title='bbox 1236 906 1244 921; x_wconf 92' lang='lat'>‚</span> <span class='ocrx_word' id='word_1_284' title='bbox 1277 880 1369 921; x_wconf 87' lang='lat' dir='ltr'>licet,</span> <span class='ocrx_word' id='word_1_285' title='bbox 1405 880 1474 914; x_wconf 89' lang='lat' dir='ltr'>cius</span> <span class='ocrx_word' id='word_1_286' title='bbox 1507 883 1751 926; x_wconf 79' lang='lat' dir='ltr'>superveniente</span> 
     </span>
     <span class='ocr_line' id='line_1_56' title="bbox 994 933 1750 980; baseline 0.007 -14"><span class='ocrx_word' id='word_1_287' title='bbox 994 933 1100 975; x_wconf 86' lang='lat' dir='ltr'>obitu,</span> <span class='ocrx_word' id='word_1_288' title='bbox 1122 934 1247 968; x_wconf 86' lang='lat' dir='ltr'>litterae</span> <span class='ocrx_word' id='word_1_289' title='bbox 1266 934 1461 978; x_wconf 86' lang='lat' dir='ltr'>apostolicae</span> <span class='ocrx_word' id='word_1_290' title='bbox 1481 934 1621 980; x_wconf 82' lang='lat' dir='ltr'>desuper</span> <span class='ocrx_word' id='word_1_291' title='bbox 1640 937 1750 970; x_wconf 87' lang='lat' dir='ltr'>conse-</span> 
     </span>
     <span class='ocr_line' id='line_1_57' title="bbox 1001 987 1750 1029; baseline 0.004 -8"><span class='ocrx_word' id='word_1_292' title='bbox 1001 993 1071 1021; x_wconf 88' lang='lat' dir='ltr'>ctae</span> <span class='ocrx_word' id='word_1_293' title='bbox 1099 998 1164 1021; x_wconf 91' lang='lat' dir='ltr'>non</span> <span class='ocrx_word' id='word_1_294' title='bbox 1190 987 1322 1029; x_wconf 87' lang='lat' dir='ltr'>suerint,</span> <span class='ocrx_word' id='word_1_295' title='bbox 1352 997 1447 1022; x_wconf 84' lang='lat' dir='ltr'>suum</span> <span class='ocrx_word' id='word_1_296' title='bbox 1471 988 1647 1022; x_wconf 83' lang='lat' dir='ltr'>sortiantur</span> <span class='ocrx_word' id='word_1_297' title='bbox 1673 990 1750 1024; x_wconf 84' lang='lat' dir='ltr'>effc-</span> 
     </span>
     <span class='ocr_line' id='line_1_58' title="bbox 993 1047 1094 1075; baseline 0 0"><span class='ocrx_word' id='word_1_298' title='bbox 993 1047 1094 1075; x_wconf 89' lang='lat' dir='ltr'>ctum.</span> 
     </span>
    </p>

    <p class='ocr_par' dir='ltr' id='par_1_14' title="bbox 992 1094 1754 2430">
     <span class='ocr_line' id='line_1_59' title="bbox 1037 1094 1749 1139; baseline 0.003 -11"><span class='ocrx_word' id='word_1_299' title='bbox 1037 1095 1052 1139; x_wconf 61' lang='lat' dir='ltr'>g</span> <span class='ocrx_word' id='word_1_300' title='bbox 1072 1095 1103 1128; x_wconf 73' lang='grc' dir='ltr'>Δ1.</span> <span class='ocrx_word' id='word_1_301' title='bbox 1131 1094 1260 1128; x_wconf 89' lang='lat' dir='ltr'>Dudum</span> <span class='ocrx_word' id='word_1_302' title='bbox 1284 1094 1444 1139; x_wconf 88' lang='lat' dir='ltr'>siquidem</span> <span class='ocrx_word' id='word_1_303' title='bbox 1473 1094 1575 1129; x_wconf 85' lang='lat' dir='ltr'>felicis</span> <span class='ocrx_word' id='word_1_304' title='bbox 1598 1097 1749 1130; x_wconf 88' lang='lat' dir='ltr'>recorda-</span> 
     </span>
     <span class='ocr_line' id='line_1_60' title="bbox 992 1148 1750 1193; baseline 0.001 -11"><span class='ocrx_word' id='word_1_305' title='bbox 992 1148 1089 1182; x_wconf 84' lang='lat' dir='ltr'>tionis</span> <span class='ocrx_word' id='word_1_306' title='bbox 1099 1148 1154 1182; x_wconf 86' lang='lat' dir='ltr'>Pio</span> <span class='ocrx_word' id='word_1_307' title='bbox 1168 1148 1227 1182; x_wconf 85' lang='lat' dir='ltr'>PP.</span> <span class='ocrx_word' id='word_1_308' title='bbox 1240 1148 1276 1189; x_wconf 87' lang='lat' dir='ltr'>V,</span> <span class='ocrx_word' id='word_1_309' title='bbox 1287 1148 1437 1193; x_wconf 88' lang='lat' dir='ltr'>praedec.</span> <span class='ocrx_word' id='word_1_310' title='bbox 1455 1155 1576 1190; x_wconf 88' lang='lat' dir='ltr'>nostro,</span> <span class='ocrx_word' id='word_1_311' title='bbox 1585 1160 1642 1193; x_wconf 90' lang='lat' dir='ltr'>pro</span> <span class='ocrx_word' id='word_1_312' title='bbox 1660 1155 1750 1193; x_wconf 86' lang='lat' dir='ltr'>parte</span> 
     </span>
     <span class='ocr_line' id='line_1_61' title="bbox 992 1202 1752 1247; baseline 0.003 -12"><span class='ocrx_word' id='word_1_313' title='bbox 992 1202 1185 1236; x_wconf 88' lang='lat' dir='ltr'>dilectorum</span> <span class='ocrx_word' id='word_1_314' title='bbox 1217 1202 1361 1236; x_wconf 87' lang='lat' dir='ltr'>filiorum</span> <span class='ocrx_word' id='word_1_315' title='bbox 1387 1203 1564 1247; x_wconf 90' lang='lat' dir='ltr'>praepositi</span> <span class='ocrx_word' id='word_1_316' title='bbox 1593 1203 1752 1246; x_wconf 81' lang='lat' dir='ltr'>generalis</span> 
     </span>
     <span class='ocr_line' id='line_1_62' title="bbox 993 1256 1752 1302; baseline 0.001 -12"><span class='ocrx_word' id='word_1_317' title='bbox 993 1262 1024 1290; x_wconf 88' lang='lat' dir='ltr'>et</span> <span class='ocrx_word' id='word_1_318' title='bbox 1053 1256 1284 1300; x_wconf 83' lang='lat' dir='ltr'>religiosorum</span> <span class='ocrx_word' id='word_1_319' title='bbox 1315 1256 1484 1290; x_wconf 86' lang='lat' dir='ltr'>Societatis</span> <span class='ocrx_word' id='word_1_320' title='bbox 1512 1257 1584 1290; x_wconf 87' lang='lat' dir='ltr'>lesu</span> <span class='ocrx_word' id='word_1_321' title='bbox 1608 1258 1752 1302; x_wconf 78' lang='lat' dir='ltr'>exposito</span> 
     </span>
     <span class='ocr_line' id='line_1_63' title="bbox 993 1309 1752 1354; baseline 0.001 -11"><span class='ocrx_word' id='word_1_322' title='bbox 993 1310 1091 1354; x_wconf 89' lang='lat' dir='ltr'>quod,</span> <span class='ocrx_word' id='word_1_323' title='bbox 1103 1320 1178 1344; x_wconf 89' lang='lat' dir='ltr'>cum</span> <span class='ocrx_word' id='word_1_324' title='bbox 1189 1309 1275 1344; x_wconf 88' lang='lat' dir='ltr'>dicta</span> <span class='ocrx_word' id='word_1_325' title='bbox 1291 1309 1445 1351; x_wconf 86' lang='lat' dir='ltr'>Societas,</span> <span class='ocrx_word' id='word_1_326' title='bbox 1465 1309 1676 1344; x_wconf 86' lang='lat' dir='ltr'>benedicente</span> <span class='ocrx_word' id='word_1_327' title='bbox 1690 1311 1752 1344; x_wconf 92' lang='lat' dir='ltr'>Do-</span> 
     </span>
     <span class='ocr_line' id='line_1_64' title="bbox 993 1363 1754 1408; baseline 0.003 -11"><span class='ocrx_word' id='word_1_328' title='bbox 993 1363 1093 1405; x_wconf 82' lang='lat' dir='ltr'>mino,</span> <span class='ocrx_word' id='word_1_329' title='bbox 1113 1364 1210 1407; x_wconf 81' lang='lat' dir='ltr'>longe</span> <span class='ocrx_word' id='word_1_330' title='bbox 1229 1363 1359 1408; x_wconf 88' lang='lat' dir='ltr'>lateque</span> <span class='ocrx_word' id='word_1_331' title='bbox 1389 1369 1471 1398; x_wconf 88' lang='lat' dir='ltr'>esset</span> <span class='ocrx_word' id='word_1_332' title='bbox 1503 1370 1691 1408; x_wconf 81' lang='lat' dir='ltr'>propagata,</span> <span class='ocrx_word' id='word_1_333' title='bbox 1716 1376 1754 1399; x_wconf 89' lang='lat' dir='ltr'>ac</span> 
     </span>
     <span class='ocr_line' id='line_1_65' title="bbox 993 1417 1753 1463; baseline 0.001 -12"><span class='ocrx_word' id='word_1_334' title='bbox 993 1418 1108 1451; x_wconf 88' lang='lat' dir='ltr'>ad·Dei</span> <span class='ocrx_word' id='word_1_335' title='bbox 1128 1417 1257 1451; x_wconf 90' lang='lat' dir='ltr'>laudem</span> <span class='ocrx_word' id='word_1_336' title='bbox 1282 1423 1314 1451; x_wconf 87' lang='lat' dir='ltr'>et</span> <span class='ocrx_word' id='word_1_337' title='bbox 1337 1418 1497 1452; x_wconf 88' lang='lat' dir='ltr'>honorem</span> <span class='ocrx_word' id='word_1_338' title='bbox 1521 1418 1753 1463; x_wconf 88' lang='lat' dir='ltr'>militantisque</span> 
     </span>
     <span class='ocr_line' id='line_1_66' title="bbox 993 1471 1754 1516; baseline 0.001 -11"><span class='ocrx_word' id='word_1_339' title='bbox 993 1471 1156 1505; x_wconf 87' lang='lat' dir='ltr'>Ecclesiae</span> <span class='ocrx_word' id='word_1_340' title='bbox 1176 1472 1359 1516; x_wconf 81' lang='lat' dir='ltr'>profectum</span> <span class='ocrx_word' id='word_1_341' title='bbox 1378 1471 1412 1504; x_wconf 91' lang='lat' dir='ltr'>in</span> <span class='ocrx_word' id='word_1_342' title='bbox 1431 1471 1499 1505; x_wconf 89' lang='lat' dir='ltr'>dies</span> <span class='ocrx_word' id='word_1_343' title='bbox 1517 1477 1705 1515; x_wconf 83' lang='lat' dir='ltr'>augeretur,</span> <span class='ocrx_word' id='word_1_344' title='bbox 1722 1478 1754 1506; x_wconf 90' lang='lat' dir='ltr'>et</span> 
     </span>
     <span class='ocr_line' id='line_1_67' title="bbox 993 1525 1752 1572; baseline 0 -12"><span class='ocrx_word' id='word_1_345' title='bbox 993 1531 1127 1572; x_wconf 88' lang='lat' dir='ltr'>propter</span> <span class='ocrx_word' id='word_1_346' title='bbox 1157 1525 1279 1559; x_wconf 78' lang='lat' dir='ltr'>diversa</span> <span class='ocrx_word' id='word_1_347' title='bbox 1311 1525 1398 1559; x_wconf 90' lang='lat' dir='ltr'>bona</span> <span class='ocrx_word' id='word_1_348' title='bbox 1425 1526 1619 1570; x_wconf 89' lang='lat' dir='ltr'>temporalia</span> <span class='ocrx_word' id='word_1_349' title='bbox 1631 1553 1639 1567; x_wconf 93' lang='lat'>‚</span> <span class='ocrx_word' id='word_1_350' title='bbox 1669 1537 1752 1571; x_wconf 86' lang='lat' dir='ltr'>quae</span> 
     </span>
     <span class='ocr_line' id='line_1_68' title="bbox 994 1579 1750 1624; baseline -0.003 -9"><span class='ocrx_word' id='word_1_351' title='bbox 994 1580 1129 1624; x_wconf 82' lang='lat' dir='ltr'>collegia</span> <span class='ocrx_word' id='word_1_352' title='bbox 1153 1579 1352 1613; x_wconf 90' lang='lat' dir='ltr'>scholarium</span> <span class='ocrx_word' id='word_1_353' title='bbox 1377 1579 1436 1613; x_wconf 90' lang='lat' dir='ltr'>sub</span> <span class='ocrx_word' id='word_1_354' title='bbox 1463 1590 1578 1613; x_wconf 87' lang='lat' dir='ltr'>eorum</span> <span class='ocrx_word' id='word_1_355' title='bbox 1603 1590 1683 1614; x_wconf 89' lang='lat' dir='ltr'>cura</span> <span class='ocrx_word' id='word_1_356' title='bbox 1702 1580 1750 1613; x_wconf 91' lang='lat' dir='ltr'>in-</span> 
     </span>
     <span class='ocr_line' id='line_1_69' title="bbox 994 1633 1751 1678; baseline -0.001 -9"><span class='ocrx_word' id='word_1_357' title='bbox 994 1634 1104 1669; x_wconf 87' lang='lat' dir='ltr'>stituta</span> <span class='ocrx_word' id='word_1_358' title='bbox 1121 1633 1344 1678; x_wconf 84' lang='lat' dir='ltr'>possidebant,</span> <span class='ocrx_word' id='word_1_359' title='bbox 1363 1633 1581 1667; x_wconf 82' lang='lat' dir='ltr'>conservanda</span> <span class='ocrx_word' id='word_1_360' title='bbox 1601 1638 1632 1667; x_wconf 88' lang='lat' dir='ltr'>et</span> <span class='ocrx_word' id='word_1_361' title='bbox 1654 1644 1751 1668; x_wconf 88' lang='lat' dir='ltr'>recu-</span> 
     </span>
     <span class='ocr_line' id='line_1_70' title="bbox 994 1686 1751 1732; baseline 0 -11"><span class='ocrx_word' id='word_1_362' title='bbox 994 1688 1148 1732; x_wconf 85' lang='lat' dir='ltr'>peranda,</span> <span class='ocrx_word' id='word_1_363' title='bbox 1169 1687 1242 1721; x_wconf 89' lang='lat' dir='ltr'>lites</span> <span class='ocrx_word' id='word_1_364' title='bbox 1261 1687 1388 1730; x_wconf 87' lang='lat' dir='ltr'>aliaque</span> <span class='ocrx_word' id='word_1_365' title='bbox 1403 1686 1543 1726; x_wconf 79' lang='lat' dir='ltr'>forensia</span> <span class='ocrx_word' id='word_1_366' title='bbox 1563 1687 1751 1731; x_wconf 83' lang='lat' dir='ltr'>frequentes</span> 
     </span>
     <span class='ocr_line' id='line_1_71' title="bbox 995 1740 1752 1784; baseline 0 -9"><span class='ocrx_word' id='word_1_367' title='bbox 995 1741 1105 1775; x_wconf 80' lang='lat' dir='ltr'>subire</span> <span class='ocrx_word' id='word_1_368' title='bbox 1138 1740 1322 1775; x_wconf 88' lang='lat' dir='ltr'>necessario</span> <span class='ocrx_word' id='word_1_369' title='bbox 1351 1746 1540 1784; x_wconf 85' lang='lat' dir='ltr'>cogeretur,</span> <span class='ocrx_word' id='word_1_370' title='bbox 1570 1741 1752 1784; x_wconf 81' lang='lat' dir='ltr'>exindeque</span> 
     </span>
     <span class='ocr_line' id='line_1_72' title="bbox 996 1794 1750 1838; baseline -0.001 -10"><span class='ocrx_word' id='word_1_371' title='bbox 996 1795 1087 1828; x_wconf 85' lang='lat' dir='ltr'>fieret</span> <span class='ocrx_word' id='word_1_372' title='bbox 1107 1800 1142 1828; x_wconf 84' lang='lat' dir='ltr'>ut</span> <span class='ocrx_word' id='word_1_373' title='bbox 1161 1794 1230 1828; x_wconf 88' lang='lat' dir='ltr'>eius</span> <span class='ocrx_word' id='word_1_374' title='bbox 1249 1804 1417 1838; x_wconf 89' lang='lat' dir='ltr'>personae,</span> <span class='ocrx_word' id='word_1_375' title='bbox 1442 1804 1538 1838; x_wconf 90' lang='lat' dir='ltr'>quae,</span> <span class='ocrx_word' id='word_1_376' title='bbox 1568 1794 1750 1827; x_wconf 87' lang='lat' dir='ltr'>animarum</span> 
     </span>
     <span class='ocr_line' id='line_1_73' title="bbox 996 1847 1751 1893; baseline -0.003 -11"><span class='ocrx_word' id='word_1_377' title='bbox 996 1848 1092 1882; x_wconf 85' lang='lat' dir='ltr'>saluti</span> <span class='ocrx_word' id='word_1_378' title='bbox 1112 1847 1300 1893; x_wconf 85' lang='lat' dir='ltr'>implicitae,</span> <span class='ocrx_word' id='word_1_379' title='bbox 1321 1847 1427 1881; x_wconf 88' lang='lat' dir='ltr'>litium</span> <span class='ocrx_word' id='word_1_380' title='bbox 1442 1847 1618 1888; x_wconf 80' lang='lat' dir='ltr'>anfractus,</span> <span class='ocrx_word' id='word_1_381' title='bbox 1640 1848 1695 1891; x_wconf 91' lang='lat' dir='ltr'>qui</span> <span class='ocrx_word' id='word_1_382' title='bbox 1711 1848 1751 1881; x_wconf 87' lang='lat' dir='ltr'>ab</span> 
     </span>
     <span class='ocr_line' id='line_1_74' title="bbox 996 1901 1753 1941; baseline -0.003 -5"><span class='ocrx_word' id='word_1_383' title='bbox 996 1913 1111 1936; x_wconf 84' lang='lat' dir='ltr'>eorum</span> <span class='ocrx_word' id='word_1_384' title='bbox 1132 1901 1285 1936; x_wconf 87' lang='lat' dir='ltr'>institutis</span> <span class='ocrx_word' id='word_1_385' title='bbox 1295 1901 1385 1935; x_wconf 86' lang='lat' dir='ltr'>valde</span> <span class='ocrx_word' id='word_1_386' title='bbox 1397 1901 1616 1941; x_wconf 86' lang='lat' dir='ltr'>dissonabant,</span> <span class='ocrx_word' id='word_1_387' title='bbox 1634 1901 1753 1934; x_wconf 84' lang='lat' dir='ltr'>evitare</span> 
     </span>
     <span class='ocr_line' id='line_1_75' title="bbox 997 1954 1751 2000; baseline -0.003 -11"><span class='ocrx_word' id='word_1_388' title='bbox 997 1956 1183 2000; x_wconf 85' lang='lat' dir='ltr'>cupiebant,</span> <span class='ocrx_word' id='word_1_389' title='bbox 1205 1956 1244 1989; x_wconf 89' lang='lat' dir='ltr'>ab</span> <span class='ocrx_word' id='word_1_390' title='bbox 1261 1965 1373 1989; x_wconf 86' lang='lat' dir='ltr'>earum</span> <span class='ocrx_word' id='word_1_391' title='bbox 1389 1954 1579 1995; x_wconf 88' lang='lat' dir='ltr'>ministerio,</span> <span class='ocrx_word' id='word_1_392' title='bbox 1596 1964 1662 1987; x_wconf 92' lang='lat' dir='ltr'>non</span> <span class='ocrx_word' id='word_1_393' title='bbox 1682 1954 1751 1988; x_wconf 89' lang='lat' dir='ltr'>sine</span> 
     </span>
     <span class='ocr_line' id='line_1_76' title="bbox 996 2007 1751 2049; baseline -0.004 -6"><span class='ocrx_word' id='word_1_394' title='bbox 996 2009 1095 2044; x_wconf 89' lang='lat' dir='ltr'>animi</span> <span class='ocrx_word' id='word_1_395' title='bbox 1116 2009 1165 2043; x_wconf 89' lang='lat' dir='ltr'>sui</span> <span class='ocrx_word' id='word_1_396' title='bbox 1184 2009 1308 2049; x_wconf 89' lang='lat' dir='ltr'>dolore,</span> <span class='ocrx_word' id='word_1_397' title='bbox 1335 2019 1409 2042; x_wconf 89' lang='lat' dir='ltr'>cum</span> <span class='ocrx_word' id='word_1_398' title='bbox 1435 2007 1617 2041; x_wconf 86' lang='lat' dir='ltr'>animarum</span> <span class='ocrx_word' id='word_1_399' title='bbox 1636 2007 1751 2041; x_wconf 87' lang='lat' dir='ltr'>huius-</span> 
     </span>
     <span class='ocr_line' id='line_1_77' title="bbox 997 2061 1752 2109; baseline -0.004 -11"><span class='ocrx_word' id='word_1_400' title='bbox 997 2064 1084 2099; x_wconf 90' lang='lat' dir='ltr'>modi</span> <span class='ocrx_word' id='word_1_401' title='bbox 1103 2064 1273 2109; x_wconf 89' lang='lat' dir='ltr'>dispendio</span> <span class='ocrx_word' id='word_1_402' title='bbox 1301 2063 1571 2103; x_wconf 79' lang='lat' dir='ltr'>distraherentur3</span> <span class='ocrx_word' id='word_1_403' title='bbox 1593 2066 1624 2095; x_wconf 85' lang='lat' dir='ltr'>et</span> <span class='ocrx_word' id='word_1_404' title='bbox 1647 2061 1752 2095; x_wconf 89' lang='lat' dir='ltr'>eidem</span> 
     </span>
     <span class='ocr_line' id='line_1_78' title="bbox 997 2116 1754 2164; baseline -0.004 -12"><span class='ocrx_word' id='word_1_405' title='bbox 997 2118 1247 2164; x_wconf 86' lang='lat' dir='ltr'>praedecessori,</span> <span class='ocrx_word' id='word_1_406' title='bbox 1263 2128 1323 2163; x_wconf 92' lang='lat' dir='ltr'>pro</span> <span class='ocrx_word' id='word_1_407' title='bbox 1343 2121 1433 2161; x_wconf 88' lang='lat' dir='ltr'>parte</span> <span class='ocrx_word' id='word_1_408' title='bbox 1452 2116 1646 2150; x_wconf 88' lang='lat' dir='ltr'>eorumdem</span> <span class='ocrx_word' id='word_1_409' title='bbox 1662 2125 1754 2159; x_wconf 86' lang='lat' dir='ltr'>prae-</span> 
     </span>
     <span class='ocr_line' id='line_1_79' title="bbox 999 2169 1754 2218; baseline -0.007 -12"><span class='ocrx_word' id='word_1_410' title='bbox 999 2172 1093 2218; x_wconf 90' lang='lat' dir='ltr'>positi</span> <span class='ocrx_word' id='word_1_411' title='bbox 1117 2172 1277 2215; x_wconf 78' lang='lat' dir='ltr'>generatis</span> <span class='ocrx_word' id='word_1_412' title='bbox 1301 2176 1332 2204; x_wconf 91' lang='lat' dir='ltr'>et</span> <span class='ocrx_word' id='word_1_413' title='bbox 1352 2169 1592 2213; x_wconf 81' lang='lat' dir='ltr'>religiosorum,</span> <span class='ocrx_word' id='word_1_414' title='bbox 1609 2179 1754 2202; x_wconf 82' lang='lat' dir='ltr'>asseren-</span> 
     </span>
     <span class='ocr_line' id='line_1_80' title="bbox 998 2222 1753 2267; baseline -0.007 -7"><span class='ocrx_word' id='word_1_415' title='bbox 998 2227 1079 2260; x_wconf 87' lang='lat' dir='ltr'>tium</span> <span class='ocrx_word' id='word_1_416' title='bbox 1100 2236 1213 2259; x_wconf 88' lang='lat' dir='ltr'>eorum</span> <span class='ocrx_word' id='word_1_417' title='bbox 1232 2225 1317 2257; x_wconf 89' lang='lat' dir='ltr'>bona</span> <span class='ocrx_word' id='word_1_418' title='bbox 1330 2235 1347 2257; x_wconf 87' lang='lat' dir='ltr'>a</span> <span class='ocrx_word' id='word_1_419' title='bbox 1362 2232 1646 2267; x_wconf 89' lang='lat' dir='ltr'>quorumcumque</span> <span class='ocrx_word' id='word_1_420' title='bbox 1665 2222 1753 2256; x_wconf 91' lang='lat' dir='ltr'>loco—</span> 
     </span>
     <span class='ocr_line' id='line_1_81' title="bbox 1000 2275 1753 2312; baseline -0.005 0"><span class='ocrx_word' id='word_1_421' title='bbox 1000 2290 1072 2312; x_wconf 89' lang='lat' dir='ltr'>rum</span> <span class='ocrx_word' id='word_1_422' title='bbox 1092 2278 1333 2312; x_wconf 85' lang='lat' dir='ltr'>ordinariorum</span> <span class='ocrx_word' id='word_1_423' title='bbox 1356 2275 1576 2309; x_wconf 80' lang='lat' dir='ltr'>iurisdictione</span> <span class='ocrx_word' id='word_1_424' title='bbox 1595 2275 1697 2309; x_wconf 87' lang='lat' dir='ltr'>libera</span> <span class='ocrx_word' id='word_1_425' title='bbox 1721 2280 1753 2309; x_wconf 89' lang='lat' dir='ltr'>et</span> 
     </span>
     <span class='ocr_line' id='line_1_82' title="bbox 1000 2329 1753 2376; baseline -0.005 -10"><span class='ocrx_word' id='word_1_426' title='bbox 1000 2338 1146 2376; x_wconf 79' lang='lat' dir='ltr'>exempta</span> <span class='ocrx_word' id='word_1_427' title='bbox 1165 2343 1201 2365; x_wconf 88' lang='lat' dir='ltr'>ac</span> <span class='ocrx_word' id='word_1_428' title='bbox 1217 2331 1276 2365; x_wconf 89' lang='lat' dir='ltr'>sub</span> <span class='ocrx_word' id='word_1_429' title='bbox 1291 2330 1426 2363; x_wconf 85' lang='lat' dir='ltr'>Romani</span> <span class='ocrx_word' id='word_1_430' title='bbox 1440 2329 1604 2363; x_wconf 87' lang='lat' dir='ltr'>Pontifieis</span> <span class='ocrx_word' id='word_1_431' title='bbox 1620 2334 1649 2362; x_wconf 87' lang='lat' dir='ltr'>et</span> <span class='ocrx_word' id='word_1_432' title='bbox 1661 2329 1753 2363; x_wconf 88' lang='lat' dir='ltr'>Sedis</span> 
     </span>
     <span class='ocr_line' id='line_1_83' title="bbox 1000 2382 1750 2430; baseline -0.005 -11"><span class='ocrx_word' id='word_1_433' title='bbox 1000 2385 1202 2430; x_wconf 87' lang='lat' dir='ltr'>Apostolicae</span> <span class='ocrx_word' id='word_1_434' title='bbox 1211 2383 1411 2428; x_wconf 89' lang='lat' dir='ltr'>protectione</span> <span class='ocrx_word' id='word_1_435' title='bbox 1420 2382 1498 2416; x_wconf 87' lang='lat' dir='ltr'>alias</span> <span class='ocrx_word' id='word_1_436' title='bbox 1504 2387 1634 2427; x_wconf 88' lang='lat' dir='ltr'>recepta</span> <span class='ocrx_word' id='word_1_437' title='bbox 1640 2382 1750 2424; x_wconf 86' lang='lat' dir='ltr'>fuisse,</span> 
     </span>
    </p>
   </div>
   <div class='ocr_carea' id='block_1_11' title="bbox 1762 260 1946 289">
    <p class='ocr_par' dir='ltr' id='par_1_15' title="bbox 1762 260 1946 289">
     <span class='ocr_line' id='line_1_84' title="bbox 1762 260 1946 289; baseline 0.016 -3"><span class='ocrx_word' id='word_1_438' title='bbox 1762 261 1810 286; x_wconf 72' lang='lat' dir='ltr'>An.</span> <span class='ocrx_word' id='word_1_439' title='bbox 1827 260 1856 288; x_wconf 85' lang='lat' dir='ltr'>C.</span> <span class='ocrx_word' id='word_1_440' title='bbox 1882 261 1946 289; x_wconf 73' lang='lat'>¹572</span> 
     </span>
    </p>
   </div>
   <div class='ocr_carea' id='block_1_12' title="bbox 1791 801 1907 823">
    <p class='ocr_par' dir='ltr' id='par_1_16' title="bbox 1791 801 1907 823">
     <span class='ocr_line' id='line_1_85' title="bbox 1791 801 1907 823; baseline -0.009 -1"><span class='ocrx_word' id='word_1_441' title='bbox 1791 801 1907 823; x_wconf 71' lang='lat' dir='ltr'>Exordium.</span> 
     </span>
    </p>
   </div>
   <div class='ocr_carea' id='block_1_13' title="bbox 1764 1116 1947 1205">
    <p class='ocr_par' dir='ltr' id='par_1_17' title="bbox 1764 1116 1947 1205">
     <span class='ocr_line' id='line_1_86' title="bbox 1790 1116 1946 1144; baseline 0.013 -7"><span class='ocrx_word' id='word_1_442' title='bbox 1790 1116 1819 1137; x_wconf 78' lang='lat' dir='ltr'>Ad</span> <span class='ocrx_word' id='word_1_443' title='bbox 1839 1117 1946 1144; x_wconf 72' lang='lat' dir='ltr'>supplica-</span> 
     </span>
     <span class='ocr_line' id='line_1_87' title="bbox 1764 1147 1947 1169; baseline 0.011 -2"><span class='ocrx_word' id='word_1_444' title='bbox 1764 1147 1947 1169; x_wconf 74' lang='lat' dir='ltr'>tionemSncieta-</span> 
     </span>
     <span class='ocr_line' id='line_1_88' title="bbox 1764 1177 1868 1205; baseline 0.019 -7"><span class='ocrx_word' id='word_1_445' title='bbox 1764 1178 1792 1199; x_wconf 71' lang='lat' dir='ltr'>ti·</span> <span class='ocrx_word' id='word_1_446' title='bbox 1809 1177 1868 1205; x_wconf 76' lang='lat' dir='ltr'>lesu,</span> 
     </span>
    </p>
   </div>
   <div class='ocr_carea' id='block_1_14' title="bbox 1000 2436 1787 2486">
    <p class='ocr_par' dir='ltr' id='par_1_18' title="bbox 1000 2436 1787 2486">
     <span class='ocr_line' id='line_1_89' title="bbox 1000 2436 1787 2486; baseline -0.004 -13"><span class='ocrx_word' id='word_1_447' title='bbox 1000 2438 1167 2473; x_wconf 89' lang='lat' dir='ltr'>humiliter</span> <span class='ocrx_word' id='word_1_448' title='bbox 1178 2437 1357 2482; x_wconf 90' lang='lat' dir='ltr'>supplicato</span> <span class='ocrx_word' id='word_1_449' title='bbox 1364 2441 1399 2470; x_wconf 89' lang='lat' dir='ltr'>ut</span> <span class='ocrx_word' id='word_1_450' title='bbox 1409 2446 1522 2471; x_wconf 90' lang='lat' dir='ltr'>eorum</span> <span class='ocrx_word' id='word_1_451' title='bbox 1533 2436 1647 2481; x_wconf 88' lang='lat' dir='ltr'>quieti,</span> <span class='ocrx_word' id='word_1_452' title='bbox 1661 2446 1756 2486; x_wconf 79' lang='lat' dir='ltr'>more</span> <span class='ocrx_word' id='word_1_453' title='bbox 1778 2448 1787 2457; x_wconf 66' lang='grc'>-’</span> 
     </span>
    </p>
   </div>
   <div class='ocr_carea' id='block_1_15' title="bbox 1002 2488 1756 2537">
    <p class='ocr_par' dir='ltr' id='par_1_19' title="bbox 1002 2488 1756 2537">
     <span class='ocr_line' id='line_1_90' title="bbox 1002 2488 1756 2537; baseline -0.003 -11"><span class='ocrx_word' id='word_1_454' title='bbox 1002 2493 1046 2537; x_wconf 91' lang='lat' dir='ltr'>pii</span> <span class='ocrx_word' id='word_1_455' title='bbox 1065 2491 1178 2537; x_wconf 88' lang='lat' dir='ltr'>patris,</span> <span class='ocrx_word' id='word_1_456' title='bbox 1203 2502 1241 2525; x_wconf 88' lang='lat' dir='ltr'>ac</span> <span class='ocrx_word' id='word_1_457' title='bbox 1269 2490 1347 2524; x_wconf 87' lang='lat' dir='ltr'>alias</span> <span class='ocrx_word' id='word_1_458' title='bbox 1366 2489 1399 2523; x_wconf 92' lang='lat' dir='ltr'>in</span> <span class='ocrx_word' id='word_1_459' title='bbox 1418 2490 1603 2535; x_wconf 89' lang='lat' dir='ltr'>praemissis</span> <span class='ocrx_word' id='word_1_460' title='bbox 1630 2488 1756 2535; x_wconf 58' lang='lat' dir='ltr'>oppor==j</span> 
     </span>
    </p>
   </div>
   <div class='ocr_carea' id='block_1_16' title="bbox 1003 2555 1757 2707">
    <p class='ocr_par' dir='ltr' id='par_1_20' title="bbox 1003 2555 1757 2707">
     <span class='ocr_line' id='line_1_91' title="bbox 1039 2555 1757 2611; baseline -0.003 -7"><span class='ocrx_word' id='word_1_461' title='bbox 1039 2578 1049 2604; x_wconf 88' lang='lat' dir='ltr'>t</span> <span class='ocrx_word' id='word_1_462' title='bbox 1067 2577 1139 2603; x_wconf 83' lang='lat' dir='ltr'>Hanc</span> <span class='ocrx_word' id='word_1_463' title='bbox 1152 2575 1313 2610; x_wconf 81' lang='lat' dir='ltr'>Religionem</span> <span class='ocrx_word' id='word_1_464' title='bbox 1331 2574 1418 2610; x_wconf 90' lang='lat' dir='ltr'>primo</span> <span class='ocrx_word' id='word_1_465' title='bbox 1436 2555 1497 2603; x_wconf 80' lang='lat' dir='ltr'>loco</span> <span class='ocrx_word' id='word_1_466' title='bbox 1513 2574 1671 2611; x_wconf 83' lang='lat' dir='ltr'>approbavit</span> <span class='ocrx_word' id='word_1_467' title='bbox 1683 2562 1757 2608; x_wconf 67' lang='lat' dir='ltr'>Pau-2</span> 
     </span>
     <span class='ocr_line' id='line_1_92' title="bbox 1003 2620 1753 2657; baseline 0 -8"><span class='ocrx_word' id='word_1_468' title='bbox 1003 2623 1044 2649; x_wconf 86' lang='lat' dir='ltr'>lus</span> <span class='ocrx_word' id='word_1_469' title='bbox 1063 2621 1110 2652; x_wconf 85' lang='lat'>111,</span> <span class='ocrx_word' id='word_1_470' title='bbox 1131 2625 1160 2647; x_wconf 90' lang='lat' dir='ltr'>ut</span> <span class='ocrx_word' id='word_1_471' title='bbox 1175 2621 1201 2647; x_wconf 93' lang='lat' dir='ltr'>in</span> <span class='ocrx_word' id='word_1_472' title='bbox 1220 2620 1277 2647; x_wconf 82' lang='lat' dir='ltr'>eius</span> <span class='ocrx_word' id='word_1_473' title='bbox 1295 2624 1378 2648; x_wconf 87' lang='lat' dir='ltr'>const.</span> <span class='ocrx_word' id='word_1_474' title='bbox 1401 2627 1506 2652; x_wconf 80' lang='lat' dir='ltr'>xxxin,</span> <span class='ocrx_word' id='word_1_475' title='bbox 1524 2622 1665 2657; x_wconf 63' lang='lat' dir='ltr'>Reyo&#39;mini,</span> <span class='ocrx_word' id='word_1_476' title='bbox 1681 2623 1753 2650; x_wconf 77' lang='lat' dir='ltr'>tomo</span> 
     </span>
     <span class='ocr_line' id='line_1_93' title="bbox 1004 2665 1559 2707; baseline -0.004 -12"><span class='ocrx_word' id='word_1_477' title='bbox 1004 2675 1044 2701; x_wconf 81' lang='lat' dir='ltr'>vr,</span> <span class='ocrx_word' id='word_1_478' title='bbox 1057 2674 1123 2707; x_wconf 67' lang='lat' dir='ltr'>pag.</span> <span class='ocrx_word' id='word_1_479' title='bbox 1140 2665 1203 2699; x_wconf 78' lang='lat'>305,</span> <span class='ocrx_word' id='word_1_480' title='bbox 1218 2665 1265 2693; x_wconf 89' lang='lat' dir='ltr'>ubi</span> <span class='ocrx_word' id='word_1_481' title='bbox 1278 2665 1328 2696; x_wconf 74' lang='lat' dir='ltr'>alia</span> <span class='ocrx_word' id='word_1_482' title='bbox 1345 2665 1379 2694; x_wconf 80' lang='lat' dir='ltr'>de</span> <span class='ocrx_word' id='word_1_483' title='bbox 1395 2665 1559 2697; x_wconf 74' lang='lat' dir='ltr'>eaindicavi.</span> 
     </span>
    </p>
   </div>
  </div>
 </body>
</html>
