2059 3228
96 209 148 238 An.
165 210 193 238 C.
212 212 278 239 1585

108 852 145 873 Hic
154 853 213 873 modo
223 852 276 874 Pon·

94 883 145 904 tifex
154 884 219 910 petita
227 889 276 905 con—

94 915 158 940 celim

337 204 398 236 (312

292 267 371 299 rivo.
394 265 516 297 dilectis
545 264 628 301 siliis,
652 263 723 296 illos
751 268 783 296 et
802 262 889 296 illam
917 274 1038 296 annua-

293 319 345 351 tim
374 317 634 361 percipientibus,
663 316 747 349 dicta
779 316 969 350 auctoritate
990 327 1039 349 re-

293 371 401 403 servati
421 371 569 404 existunt.
592 376 731 413 quatuor
751 369 887 403 millium
909 375 939 403 et
958 381 1038 414 qua-

292 425 532 465 dringentorum
566 424 754 456 ducatorum
782 423 851 456 auri
871 423 1036 465 similium,

293 478 467 509 >erundum
482 477 719 510 extimationem
734 478 1038 521 praedictam,valo-

293 541 510 563 rcmannuum
524 541 587 564 non
598 530 764 571 excedere,
788 530 880 564 nobis
898 531 957 564 suit
978 532 1040 564 hu-

292 584 410 616 militer
429 584 645 627 supplicatum
666 590 825 627 quatenus
854 584 1039 628 praemissis

291 648 325 669 ac
346 637 417 669 aliis
438 637 651 681 infrascriptis
671 649 813 671 annuere
845 643 874 671 et
899 639 1039 682 desuper

291 696 473 733 opportune
494 691 661 734 providere
686 691 725 724 de
743 691 943 734 benignitate
963 702 1040 736 apo-

291 743 400 775 stolica
421 743 639 785 dignaremur.

334 798 348 837 ,Ε
371 796 402 828 Ji.
429 796 491 829 Nos
512 797 621 839 igitur,
646 797 700 840 qui
722 797 844 830 dudum
865 797 949 830 inter
975 797 1038 830 alia

290 850 450 882 voluimus
469 851 553 894 quod
564 856 708 893 petentes
718 850 873 883 beneficia
887 851 1038 884 ecclesia-

290 903 367 937 stica
399 904 470 935 aliis
501 904 606 945 uniri,
635 909 822 937 tenerentur
859 904 1038 947 exprimere

289 967 400 989 verum
409 967 552 989 annuum
561 958 898 998 valorem,secundum
910 958 1039 991 extima-

289 1010 410 1043 tionem
440 1010 626 1053 praefatam,
650 1010 745 1043 etiam
762 1010 909 1043 beneficii
931 1011 983 1044 cui
1007 1022 1039 1044 a-

289 1062 357 1096 liud
376 1063 461 1096 uniri
481 1069 661 1107 peteretur,
689 1064 833 1107 alioquin
867 1064 944 1097 unio
973 1075 1038 1098 non

289 1117 427 1156 valeret3
450 1123 480 1150 et
500 1128 626 1161 semper
646 1117 678 1149 in
698 1117 874 1150 unionibus
885 1118 1038 1151 commis-

290 1170 337 1204 sio
358 1171 449 1203 fieret
469 1170 507 1203 ad
528 1176 644 1214 partes,
667 1171 787 1203 vocatis
804 1181 944 1214 quorum
957 1171 1038 1204 inte-

289 1229 412 1264 resset,
444 1220 564 1267 quique
586 1223 680 1256 hodie
701 1225 949 1257 reservationem
971 1235 1038 1258 me-

290 1277 416 1310 dietatis
433 1278 609 1317 fructuum,
633 1277 818 1310 reddituum
840 1283 871 1310 et
903 1288 1040 1321 proven-

289 1335 382 1363 tuum
403 1331 495 1363 Petro
519 1331 679 1363 Ludovico
702 1332 817 1363 saetam
838 1331 1036 1372 huiusmodi,

291 1384 396 1427 quoad
423 1395 579 1417 summam
607 1384 857 1426 quingentarum
882 1384 1038 1417 librarum

290 1442 438 1470 monetae
458 1438 643 1470 Valentinae
664 1439 839 1479 dumtaxat,
862 1439 973 1471 eadem
987 1449 1039 1472 re-

291 1491 482 1531 servatione,
506 1491 610 1534 quoad
631 1491 789 1533 reliquam
816 1499 939 1534 partem
971 1502 1039 1525 me-

292 1544 417 1578 dietatis
437 1545 600 1577 fructuum
632 1544 830 1585 huiusmodi,
858 1545 919 1588 ipsi
946 1546 1039 1578 Petro

292 1598 453 1631 Ludovico
473 1598 554 1630 salva
577 1604 607 1630 et
625 1598 733 1631 illaesa
745 1604 944 1641 remanente,
959 1599 1042 1632 eius-

293 1651 365 1685 dem
386 1652 470 1684 Petri
490 1651 640 1684 Ludovici
652 1652 690 1684 ad
708 1653 769 1685 lioe
786 1663 933 1695 expresso
949 1663 1040 1686 acce-

293 1704 388 1738 dente
407 1715 575 1744 consensu,
603 1705 717 1737 cassari
741 1711 770 1737 et
790 1705 944 1748 extingui,
975 1716 1042 1739 cas-

293 1769 428 1802 samque
453 1764 483 1791 et
504 1759 672 1791 extinctam
694 1758 761 1791 sore
777 1759 1039 1801 etessedecerni3

294 1822 332 1845 ac
359 1812 524 1856 praedicto
557 1813 697 1845 Thomae
718 1818 841 1856 partem
862 1813 1039 1854 fructuum,

294 1866 481 1899 reddituum
528 1871 559 1898 et
599 1871 815 1909 proventuum
853 1877 1042 1910 suppressae

293 1919 537 1964 praepositurae
558 1919 677 1952 mensis
692 1919 845 1952 februarii
857 1920 1042 1953 huiusmodi

295 1978 436 2006 cassatae
465 1972 616 2013 similem,
646 1983 726 2015 quae
755 1973 793 2005 ad
819 1973 960 2006 valorem
986 1984 1042 2006 an-

295 2036 398 2059 nuum
427 2025 585 2058 dictarum
617 2026 865 2069 quingentarum
886 2027 1042 2059 librarum

295 2079 493 2119 ascenderet,
515 2089 551 2111 ex
570 2084 658 2119 tunc,
678 2079 721 2112 ita
740 2085 846 2113 tamen
867 2080 954 2123 quod
974 2090 1044 2113 om-

297 2143 352 2166 nes
372 2138 403 2165 et
419 2143 643 2176 quaecumque
656 2133 736 2166 aliae
748 2133 977 2176 assignationes
986 2133 1044 2166 sibi

296 2196 355 2229 per
371 2185 492 2219 dictum
512 2186 643 2219 Petrum
664 2186 858 2219 Ludovicum
880 2197 917 2220 ex
931 2187 1045 2219 huius-

298 2239 384 2271 modi
405 2239 571 2281 t'ructibus,
589 2240 769 2273 redditibus
789 2246 819 2273 et
838 2240 1046 2284 proventibus

298 2291 454 2325 hactenus
473 2293 713 2336 quomodolibet
736 2294 848 2334 factae,
869 2293 963 2327 etiam
979 2305 1047 2327 cas-

299 2354 351 2376 sae
373 2351 398 2377 et
417 2346 572 2379 extinctae
592 2352 733 2380 essentet
746 2358 813 2380 esse
824 2343 1044 2386 censerentur,

300 2403 359 2425 nec
376 2394 480 2427 dictus
499 2395 637 2427 Thomas
656 2396 830 2439 quicquam
851 2396 936 2429 ultra
955 2396 1048 2438 quin-
1064 2400 1067 2412 ¹

301 2447 411 2483 gentas
431 2443 528 2491 libras
547 2443 732 2477 huiusmodi
749 2456 766 2477 a
781 2446 872 2478 Petro
888 2446 1047 2478 Ludovico

304 2494 333 2522 et
354 2490 470 2523 Ioanne
490 2493 673 2534 praedictis,
696 2505 732 2527 cx
752 2494 919 2534 fructibus,
939 2495 1047 2528 reddi-

884 210 1062 234 BULLAan
1081 209 1233 234 ROMANUM

1079 273 1177 307 gruae
1196 261 1436 296 sustentationis
1461 268 1640 307 praetextu,
1676 270 1824 308 praeten-

1079 317 1178 356 dere;
1220 327 1256 349 ac
1285 315 1471 350 huiusmodi
1509 322 1645 360 partem,
1675 328 1758 361 quae
1786 318 1825 350 ad

1080 380 1239 402 summam
1266 368 1514 413 quingentarum
1550 370 1704 403 librarum
1739 370 1826 403 simi-

1079 423 1159 455 lium
1177 423 1342 456 dumtaxat
1359 424 1556 463 ascenderet,
1579 423 1675 456 simul
1689 425 1738 457 vel
1755 434 1828 457 suc-

1080 475 1211 515 cessive,
1234 475 1267 508 in
1286 480 1353 508 toto
1373 476 1423 508 vel
1443 475 1475 508 in
1496 480 1597 519 parte,
1615 475 1646 507 in
1662 475 1748 509 dicta
1769 487 1826 509 cu-

1080 529 1127 562 ria
1146 529 1195 562 vel
1211 533 1300 562 extra
1319 539 1402 570 eam,
1425 529 1521 562 etiam
1556 529 1588 561 in
1614 529 1726 562 mortis
1753 529 1828 562 arti-

1081 583 1168 622 culo,
1189 583 1239 615 vel
1259 582 1338 615 alias
1371 582 1643 626 quandocumque
1670 581 1729 614 sibi
1758 582 1828 626 pla-

1080 640 1179 676 ceret,
1201 635 1298 668 etiam
1312 635 1433 679 absque
1443 635 1738 679 aliqualitterarum
1749 644 1830 679 apo·

1080 688 1266 721 stolicarum
1275 688 1414 732 desuper
1422 687 1697 721 conficiendarum
1706 698 1743 721 ac
1749 698 1830 731 prae-

1080 742 1217 775 sentium
1230 741 1448 775 insinuatione
1464 741 1477 764 1
1504 741 1537 774 in
1555 752 1653 774 unam
1681 741 1731 774 vel
1753 741 1828 784 plu-

1080 806 1130 828 res
1162 806 1315 839 personas
1339 794 1593 836 ecclesiasticas,
1618 794 1713 828 etiam
1730 804 1830 838 quae-

1081 860 1231 892 cumque,
1270 853 1490 892 quotcumque
1519 853 1550 882 et
1579 847 1830 892 qualiacumque

1079 902 1237 935 beneficia
1257 901 1471 936 ecclesiastica
1491 902 1671 935 obtinentes
1686 907 1718 935 et
1733 913 1829 946 expe-

1080 960 1210 996 ctantes,
1231 967 1288 999 per
1307 956 1456 989 eumdem
1477 955 1632 988 Thomam
1656 955 1828 989 nominan-

1079 1009 1145 1050 das,
1166 1009 1284 1054 absque
1308 1010 1569 1054 praepositorum
1598 1008 1830 1043 cathedratico-

1080 1075 1152 1097 rum
1172 1064 1412 1107 praedictorum
1427 1064 1476 1096 vel
1491 1062 1679 1107 quorumvis
1689 1062 1829 1096 aliorum

1080 1117 1220 1160 desuper
1254 1116 1445 1160 praestando
1469 1116 1518 1149 vel
1538 1115 1733 1158 requirendo
1753 1127 1830 1150 con-

1080 1181 1187 1210 sensu,
1209 1170 1383 1203 transferre
1409 1170 1539 1210 valeret,
1562 1169 1730 1210 reservari,
1752 1180 1830 1204 con-

1080 1224 1150 1257 cedi
1171 1229 1201 1257 et
1225 1223 1401 1266 assignari3
1422 1233 1551 1257 necnon
1571 1223 1758 1257 consulibus
1775 1222 1828 1257 iu-

1080 1278 1167 1318 ratis,
1194 1277 1343 1310 rationali
1364 1282 1395 1310 et
1413 1276 1544 1321 syndico
1563 1277 1738 1321 praedictis
1756 1287 1828 1311 om-

1080 1342 1136 1364 nes
1156 1337 1186 1364 et
1205 1331 1348 1374 singulas
1378 1341 1533 1375 expensas
1559 1331 1592 1363 in
1621 1330 1830 1375 supplicatio-

1080 1384 1128 1417 nis
1148 1395 1206 1428 per
1225 1395 1283 1417 nos
1299 1395 1396 1428 super
1418 1384 1642 1428 praesentibus
1659 1384 1770 1427 gratiis
1787 1383 1830 1417 si-

1080 1443 1194 1482 gnatae
1214 1448 1251 1471 ac
1264 1437 1685 1481 desuperconficiendarum
1695 1441 1727 1471 et
1736 1448 1832 1482 prae-

1081 1491 1219 1524 sentium
1239 1490 1419 1524 litterarum
1440 1490 1641 1534 expeditione
1665 1501 1726 1535 pro
1749 1495 1830 1525 tem-

1081 1556 1160 1589 pore
1192 1545 1312 1586 sactas,
1349 1544 1584 1588 cuiuscumque
1621 1555 1768 1578 summae
1796 1548 1830 1579 et

1081 1599 1268 1642 quantitatis
1301 1598 1416 1640 forent,
1442 1599 1560 1641 absque
1579 1609 1617 1632 eo
1636 1598 1723 1643 quod
1738 1597 1831 1642 quic-

1081 1659 1179 1692 quam
1208 1659 1226 1681 a
1254 1648 1376 1681 Thema
1400 1653 1431 1681 et
1449 1649 1544 1681 Petro
1574 1647 1734 1681 Ludovico
1751 1673 1761 1689 ,
1791 1659 1830 1683 ac

1081 1697 1200 1730 Ioanne
1230 1702 1262 1730 et
1279 1697 1373 1730 Petro
1392 1697 1480 1730 Ferr.
1503 1697 1674 1742 praedictis
1683 1702 1831 1742 repetere

1082 1752 1224 1791 possent,
1246 1747 1388 1780 solvendi
1409 1753 1441 1780 et
1459 1747 1643 1791 praestandi
1666 1746 1832 1782 licentiam

1083 1796 1212 1839 elargiri
1233 1796 1462 1829 concessimus.
1485 1796 1640 1830 Consules
1659 1796 1782 1830 iuratos
1800 1801 1833 1830 et.

1083 1845 1273 1878 rationalem
1286 1850 1316 1878 et
1327 1845 1493 1889 syndicum
1507 1845 1689 1888 praedictos
1703 1855 1833 1879 eorum-

1083 1905 1146 1937 que
1173 1894 1317 1937 singulos
1346 1905 1365 1927 a
1383 1893 1549 1938 quibusvis
1567 1894 1832 1928 excommunica-

1083 1943 1180 1976 tionis
1193 1970 1200 1981 ,
1223 1943 1442 1987 suspensionis
1462 1947 1492 1976 et
1511 1941 1671 1976 interdicti
1696 1942 1833 1988 aliisque

1085 1991 1307 2025 ecclesiasticis
1324 1991 1499 2033 sententiis,
1519 1991 1663 2025 censuris
1673 1996 1705 2025 et
1720 1991 1833 2036 poenis

1085 2050 1103 2072 a
1123 2040 1193 2073 iure
1222 2041 1269 2074 vel
1294 2041 1333 2073 ab
1367 2040 1510 2081 homine,
1533 2040 1644 2084 quavis
1662 2040 1833 2074 occasione

1084 2089 1133 2121 vel
1154 2100 1260 2129 causa,
1283 2089 1366 2131 latis,
1397 2089 1422 2122 si
1443 2089 1561 2133 quibus
1589 2089 1834 2133 quomodolibet

1086 2137 1229 2171 innodati
1241 2139 1390 2180 existunt,
1400 2139 1438 2171 ad
1450 2139 1599 2172 effectum
1613 2137 1836 2182 praesentium

1087 2186 1251 2220 dumtaxat
1270 2188 1544 2230 consequendum,
1565 2188 1681 2220 harum
1691 2186 1836 2222 serieab-

1086 2236 1244 2270 solventes
1260 2243 1291 2270 et
1309 2237 1473 2270 absolutos
1487 2237 1554 2270 sore
1574 2242 1754 2278 censenteS,
1773 2235 1836 2270 hu-

1087 2283 1224 2318 iusmodi
1256 2285 1545 2330 supplicationibus
1563 2285 1722 2328 inclinati,
1743 2295 1836 2330 prae-

1088 2333 1205 2367 dictam
1237 2335 1492 2379 praeposituram
1521 2335 1642 2369 mensis
1665 2333 1833 2376 februarii,

1088 2394 1170 2426 quae
1200 2383 1276 2417 inibi
1302 2384 1497 2418 beneficium
1520 2394 1578 2417 seu
1597 2383 1742 2417 officium
1759 2382 1836 2417 sim-

1089 2432 1171 2475 plex,
1192 2437 1446 2477 autpersonatus
1456 2433 1505 2466 vel
1521 2432 1757 2466 administratio
1771 2430 1836 2466 exi-

1088 2480 1151 2520 stit,
1175 2487 1203 2513 et
1231 2482 1433 2525 personalem
1465 2481 1672 2515 residentiam
1695 2490 1762 2514 non
1785 2490 1836 2514 re-

302 2537 388 2570 tibus
408 2544 437 2571 et
460 2541 668 2582 proventibus
688 2541 732 2575 eis
751 2543 920 2576 reservatis
938 2543 1049 2577 huius-
1089 2528 1267 2571 quisilssil'ss
1280 2529 1457 2575 Praemisso
1467 2529 1836 2575 Sivealioquol'ismo‘h'

303 2586 402 2627 modi,
425 2589 534 2630 quovis
555 2589 649 2623 etiam
670 2591 898 2625 alimentorum
909 2593 956 2626 vel
974 2581 1069 2641 con-l
1125 2602 1136 2628 1
1156 2600 1278 2629 Cherub.
1299 2600 1374 2629 addit
1386 2601 1429 2630 vel
1439 2601 1656 2637 praesentatione
1668 2601 1707 2637 (n.
1727 2599 1779 2637 τι).

1840 209 1889 237 An.
1903 208 1934 237 C.
1947 205 2017 279 Ἀξῧ
