2059 3228
35 350 69 370 tie.
82 352 115 368 xv.

33 590 66 612 iic.
80 593 122 609 ni.

34 778 60 800 te.
73 782 117 800 xm

34 2454 118 2479 aritium»

47 239 74 267 C.
89 236 156 269 iz75

41 1993 149 2013 amentum.

773 226 948 255 vasconius
966 226 1021 251 Xlll
1040 226 1087 250 Μ’.

211 284 293 329 §45
308 283 501 319 Firmissime
518 280 907 325 asseroimaginesClnisti

166 345 204 369 ac
227 334 380 378 Deiparae
405 343 532 377 sseiiipcr
560 332 695 375 Virginis
729 340 853 363 necnon
874 340 907 362 a-

166 383 283 416 liorum
311 387 494 415 sanctorum
520 381 683 413 habendas
708 385 738 412 et
767 379 907 411 rotinen-

164 432 219 465 das
239 442 322 472 esse,
343 436 438 473 atque
464 430 509 462 eis
527 429 671 463 debitum
692 429 846 462 honorem
871 436 907 458 ac

162 480 398 514 venerationem
422 477 691 522 impartiendam.

207 529 222 573 ἓ
241 529 294 562 16.
316 528 590 570 Indulgentiarum
608 527 702 559 etiam
718 529 904 568 potestatem

162 588 180 610 a
208 577 331 611 Christo
360 577 391 609 in
423 577 563 609 livclcsia
600 575 743 608 relictam
796 574 904 614 fuisse,

162 622 354 669 illarumque
379 635 473 658 usum
495 622 667 657 christiano
691 622 812 666 populo
840 634 906 655 ma-

161 671 244 707 xime
268 674 439 707 salutarem
461 683 528 706 esse
549 672 685 704 affirmo.

204 722 288 766 §17.
312 722 461 755 Sanctam
484 719 672 754 catholicam
700 724 730 751 et
750 719 908 762 Apostoli-

162 781 231 805 cam
247 771 422 804 Romanam
446 769 619 803 Ecclesiam
638 768 784 801 omnium
805 769 907 801 eccle-

160 820 281 854 siarum
314 825 446 852 matrem
481 825 511 850 et.
538 817 722 859 magistram
754 827 904 858 agnosco,

161 869 369 912 Romanoque
379 866 534 900 Pontifici.
546 867 580 899 Β.
593 866 674 898 Petri
686 866 906 909 apostolorum

160 916 315 961 principis
344 915 522 949 successori
554 925 590 947 ac
619 915 688 947 lesu
722 914 837 947 Christi
862 914 906 946 vi-

161 965 260 1005 cario,
272 975 376 998 veram
391 963 605 997 obedientiam
617 963 760 1006 spondeo
770 974 807 995 ac
820 962 903 996 iuro.

205 1015 220 1058 ξ
239 1014 292 1048 18.
311 1013 421 1047 Cetera
441 1013 514 1046 item
535 1012 642 1045 omnia
659 1023 677 1045 a
696 1012 795 1044 saeris
811 1023 907 1045 cano-

123 1085 128 1091 ·
160 1063 293 1096 nibuset
302 1061 516 1096 oecumenicis
527 1061 682 1100 conciliis
693 1072 729 1093 ae
744 1060 906 1104 priocipue

161 1121 179 1143 a
198 1115 399 1144 sacrosancta
419 1109 603 1142 Tridentina
622 1109 760 1151 synodo,
777 1109 903 1149 tradita,

161 1156 291 1192 definita
310 1164 341 1192 et
359 1159 519 1192 declarata
546 1157 765 1191 indubitanter
784 1158 906 1201 recipio

159 1212 254 1252 atque
268 1208 433 1251 profiteor;
449 1207 609 1250 simulque
628 1204 788 1239 contraria
798 1206 906 1238 onmia

160 1263 191 1291 et
210 1257 382 1290 schismata
399 1262 494 1299 atque
511 1256 658 1288 haereses
684 1266 906 1298 quascumque

160 1306 200 1340 ab
223 1305 364 1339 Ecclesia
384 1305 549 1338 damnatas
574 1310 605 1337 et
625 1306 758 1337 reiectas
779 1309 808 1336 et
828 1315 906 1336 ana-

159 1348 377 1388 thematizatas
387 1365 444 1397 ego
460 1354 580 1397 pariter
588 1354 718 1394 damno,
732 1351 855 1393 reiicio,
872 1364 906 1386 a-

159 1402 373 1437 nathematizo
394 1408 424 1435 et
445 1402 569 1435 abiuro.

196 1452 271 1495 §ia
282 1452 370 1484 Hanc
379 1461 484 1484 veram
496 1450 687 1483 catholicam
698 1450 806 1489 sideni,
820 1455 907 1483 extra

142 1524 147 1530 .
161 1511 257 1544 quam
265 1510 359 1533 nemo
370 1500 474 1533 salvus
483 1510 550 1532 esse
560 1504 673 1543 potest,
682 1510 778 1542 quam
787 1499 818 1531 in
828 1509 906 1542 prie-

161 1548 242 1582 senti
262 1554 375 1592 sponte
398 1548 553 1592 profiteor
575 1553 605 1581 et
623 1547 778 1581 veraciter
798 1553 904 1588 teneo,

161 1597 305 1631 eamdem
327 1597 482 1640 integram
498 1602 528 1629 et
548 1596 730 1629 inviolatam
751 1607 852 1640 usque
868 1597 906 1629 ad

161 1652 339 1679 extremum
358 1646 440 1679 vitae
464 1645 611 1689 spiritum
637 1645 904 1686 constantissime,

159 1694 224 1728 Deo
244 1694 424 1735 adiuvante,
434 1695 576 1727 retinere
591 1699 620 1727 et
640 1693 798 1733 confiteri,
810 1699 907 1736 atque

161 1753 179 1776 a
203 1743 282 1776 meis
302 1743 436 1776 subditis
451 1743 500 1776 vel
520 1741 594 1783 illis,
617 1753 756 1786 qnorum
777 1753 851 1774 cura
868 1743 907 1775 ad

161 1802 212 1824 nie
230 1791 264 1824 in
284 1797 420 1825 munere'
438 1802 509 1825 meo
534 1791 701 1835 spectabit,
724 1791 836 1831 teneri,
851 1791 907 1824 do-

162 1839 227 1873 ceri
249 1845 280 1873 et
304 1840 494 1884 praedicari,
521 1846 677 1883 quantuni
709 1840 741 1872 in
761 1850 813 1872 nie
834 1840 905 1879 erit,

162 1895 364 1930 curaturum,
387 1900 445 1932 ego
469 1889 554 1922 idem
579 1889 614 1921 N.
643 1889 789 1932 spondeo

206 1938 221 1981 ἓ
240 1938 293 1972 20.
316 1936 417 1971 Voveo
442 1949 478 1971 ac
498 1939 580 1971 iuro.
605 1937 656 1971 Sic
677 1948 728 1970 me
751 1937 833 1970 Deus
854 1938 908 1970 ad-

164 1986 248 2020 iuvet
271 1992 302 2020 et
320 1988 400 2021 haec
420 1994 528 2020 sancta
543 1986 599 2020 Dei
619 1986 799 2030 Evangelia.

502 2088 564 2121 LlI.

167 2144 256 2184 Quod
278 2145 371 2178 liceat
395 2146 553 2188 fratribus
578 2149 606 2177 et
637 2145 833 2178 vizonialibus
855 2144 911 2178 Or-

209 2193 296 2225 dinis
311 2193 429 2226 Beatae
443 2194 568 2226 Mariae
586 2194 622 2227 de
641 2194 748 2226 Monte
765 2192 911 2226 Carmelo

209 2241 292 2273 bona
310 2241 409 2274 etiam
422 2242 566 2283 stabilia,
586 2252 644 2285 pro
665 2242 850 2274 necessitate
865 2241 912 2274 rel

208 2290 353 2322 utilitate
371 2292 650 2330 monasteriorum,
672 2291 816 2323 alienare
831 2289 856 2322 ¹.

166 2359 311 2395 Gregorius
325 2359 395 2394 Papa
402 2359 470 2391 xlii.
479 2360 512 2387 ad
524 2361 681 2396 pei-petuam
692 2361 732 2389 rei
744 2361 912 2389 memoriam.

212 2413 254 2449 Ex
281 2416 478 2449 incumbenti
496 2416 588 2449 nobis
600 2418 794 2460 apostolicae
814 2417 911 2451 servi-

169 2465 244 2498 tutis
263 2465 381 2505 officio,
411 2464 449 2497 ad
471 2475 508 2497 ea
531 2464 668 2499 libenter
691 2467 832 2499 animum
855 2478 912 2499 no-

206 2524 216 2550 l
235 2523 303 2557 Alia,
325 2530 397 2558 quae
413 2523 488 2549 hunc
505 2522 639 2550 Ordinem
655 2524 819 2557 respiciunt,
846 2524 913 2550 insli-

1586 213 1649 246 >1:35

949 284 1050 312 strum
1069 276 1295 318 convertimus,
1322 288 1379 322 per
1403 287 1486 321 quae
1510 275 1690 317 religiosam

948 331 1042 363 vitam
1063 330 1254 363 ducentibus
1274 331 1429 373 personis,
1452 339 1534 373 quae
1549 327 1693 361 assiduos

948 384 1073 417 labores
1083 394 1140 427 pro
1150 384 1211 415 tide
1222 384 1376 416 catholica
1386 387 1567 417 constanter
1576 381 1693 415 tuenda

948 443 979 470 ct
1012 437 1213 469 defendenda
1237 437 1404 477 sustinent,
1441 437 1523 469 inter
1546 446 1625 479 quas
1647 435 1691 467 sa-

948 490 1038 522 milia
1057 490 1189 522 fratrum
1214 488 1343 521 Ordinis
1368 489 1616 531 gloriosissimae
1638 487 1691 521 Dei

948 542 1118 575 Geiiitricis
1137 552 1329 586 semperque
1353 542 1482 584 virginis
1506 541 1623 574 Mariae
1654 541 1693 574 dc

947 596 1052 629 Monte
1084 595 1231 629 Carmelo
1265 594 1334 627 iure
1368 595 1549 628 enumerari
1576 599 1687 637 potest,

948 648 1127 682 commodis
1160 653 1190 682 et
1213 648 1342 681 utilitati
1374 654 1554 691 opportune
1579 657 1692 680 consu-

948 702 1044 734 latur.

992 755 1007 797 g
1031 755 1062 787 ‘l.
1086 753 1208 798 Exponi
1228 753 1385 797 siquidem
1407 753 1498 786 nobis
1528 765 1631 798 nuper
1646 761 1690 787 to-

948 813 1061 840 cerunt
1081 809 1192 840 frati-es
1212 807 1289 839 dicti
1323 806 1451 839 Ordinis
1471 807 1557 849 quod
1583 819 1692 851 saepe-

948 871 1084 893 numero
1105 860 1221 893 accidit
1241 866 1276 892 ut
1296 870 1354 904 pro
1379 860 1487 902 aliqua
1503 861 1692 903 urgoiitine-

948 913 1093 946 cessitate
1113 914 1160 945 vel
1182 913 1315 946 utilitate
1336 913 1615 953 monasteriorum,
1637 915 1691 946 ‹lo⁴

948 976 1074 999 morum
1096 971 1127 999 et
1150 967 1296 999 locorum
1317 966 1392 999 dicti
1413 966 1551 1006 Ordinis,
1571 971 1633 999 tam
1648 967 1691 999 vi-

948 1029 1059 1051 rorum
1096 1030 1193 1062 quain
1229 1019 1416 1058 mulierum,
1442 1019 1571 1051 illorum
1609 1019 1693 1053 hona

948 1072 1087 1105 alienare
1103 1073 1149 1105 vel
1164 1079 1348 1116 permutare
1360 1072 1532 1116 expediret,
1545 1084 1581 1105 ac
1593 1084 1694 1116 qnan-

947 1126 1053 1168 doque
1073 1125 1230 1168 contingit
1249 1131 1284 1158 ut
1303 1125 1444 1158 conditio
1460 1126 1557 1158 semel
1574 1126 1691 1166 oblatu,

949 1178 973 1211 si
984 1178 1270 1221 praetermittatur,
1288 1178 1457 1210 maximam
1475 1178 1586 1211 afferat
1597 1178 1692 1211 iactu-

947 1242 1028 1270 ram,
1039 1231 1362 1275 praeterquamquod
1377 1231 1506 1264 difficile
1521 1229 1688 1264 admodum

948 1285 1063 1325 existit,
1098 1296 1156 1328 pro
1181 1284 1314 1327 singulis
1350 1284 1504 1317 faciendis
1529 1290 1693 1328 permuta-

948 1338 1090 1370 tionibus
1118 1343 1148 1371 et
1168 1338 1238 1371 aliis
1263 1337 1493 1377 contractibus,
1520 1338 1559 1370 ad
1579 1338 1694 1370 Sedein

947 1391 1161 1434 Apostolicam
1200 1401 1382 1430 recurrere,
1418 1401 1454 1422 ac
1485 1391 1515 1422 id
1543 1401 1607 1423 non
1627 1392 1694 1424 sine

947 1443 1081 1476 fratrum
1103 1443 1202 1487 ipsius
1226 1443 1354 1477 Ordinis
1375 1444 1520 1476 molestia
1545 1443 1614 1475 lieri
1636 1455 1693 1486 po-

947 1502 1017 1530 test.
1039 1497 1142 1536 Quare
1163 1497 1258 1529 iidem
1281 1497 1392 1530 frati-«tes
1419 1496 1509 1529 nobis
1529 1496 1695 1529 humiliter

947 1551 1129 1593 supplicare
1150 1551 1294 1583 fecerunt
1314 1555 1349 1582 nt
1366 1550 1398 1582 iii
1419 1549 1603 1593 praemissis
1621 1560 1692 1592 pro-

948 1603 1056 1636 videre
1081 1603 1119 1636 de
1143 1602 1337 1646 benignitate
1371 1603 1546 1647 apostolica
1584 1603 1694 1645 digna-

948 1667 1067 1689 remim

993 1711 1007 1752 ἓ
1027 1710 1058 1742 2.
1073 1709 1146 1748 Nos,
1169 1709 1254 1752 ipsos
1271 1710 1384 1742 fratres
1403 1714 1558 1741 eteorum
1579 1719 1691 1752 queni-

948 1763 1025 1795 libet
1045 1774 1061 1794 a
1078 1762 1242 1805 quibusvis
1258 1761 1611 1799 excommunicationis,
1627 1773 1692 1793 sus-

950 1815 1112 1859 pensionis
1133 1821 1163 1847 et
1190 1814 1350 1847 interdicti
1383 1815 1519 1857 aliisque
1546 1814 1693 1847 ecclesia-

949 1868 1037 1901 sticis
1057 1868 1232 1907 sententiis,
1255 1868 1398 1900 censuris
1410 1874 1437 1900 et
1453 1868 1575 1910 poenis,
1590 1879 1605 1898 a
1624 1868 1692 1899 iure

949 1922 996 1954 vel
1014 1922 1053 1954 ab
1067 1921 1210 1961 lioinine,
1222 1921 1330 1964 quavis
1342 1920 1511 1953 occasione
1523 1920 1568 1952 vel
1585 1930 1691 1959 causa,

950 1975 1032 2015 latis,
1055 1974 1079 2007 si
1100 1973 1218 2017 quibus
1237 1973 1479 2016 quomodolibet
1500 1972 1640 2004 innodati
1663 1984 1693 2004 e-

950 2028 1080 2067 xistum,
1101 2027 1138 2059 ad
1160 2027 1307 2060 effectum
1336 2025 1549 2068 praesentium
1569 2025 1693 2057 (lunila-

950 2087 1002 2113 xat
1013 2080 1288 2123 consequendum,
1307 2079 1420 2110 liariim
1435 2078 1514 2110 serie
1532 2077 1695 2110 absolven-

951 2138 996 2167 tes
1006 2134 1211 2166 etabsolutos
1225 2133 1291 2165 sore
1311 2136 1490 2170 censemus,
1511 2130 1694 2163 iiiiiiisiimti

952 2187 1240 2231 supplicationibus
1252 2184 1404 2223 inclinati,
1418 2184 1534 2216 eisdem
1546 2184 1651 2216 sratril
1660 2195 1694 2217 us

952 2246 986 2273 ut
1012 2251 1048 2273 ex
1071 2251 1157 2272 nunc
1177 2240 1214 2271 (le
1249 2244 1368 2275 cetero,
1392 2237 1554 2279 perpetuis
1582 2237 1694 2269 suturis

952 2293 1165 2337 temporibus,
1189 2293 1300 2324 fratres
1325 2295 1355 2322 rt.
1375 2289 1531 2322 moniales
1550 2289 1626 2322 dicii
1659 2302 1693 2322 o—

952 2347 1015 2379 tius
1047 2345 1172 2378 Ordinis
1210 2344 1465 2382 Cai‘iiitj¹lil.‘11‘tliii‚
1492 2342 1636 2375 oninium
1664 2349 1694 2375 «tt

953 2408 1236 2443 quorumcumque
1248 2396 1513 2427 rnonast111riorum
1525 2396 1693 2428 domorum

953 2454 984 2481 et
1020 2449 1165 2480 locorum
1200 2445 1341 2478 eiusdem
1381 2443 1528 2484 Ordinis,
1562 2444 1696 2476 ubilibet

954 2507 1039 2529 nunc
1060 2501 1090 2527 ei,
1121 2505 1178 2537 pro
1204 2500 1346 2535 tempore
1383 2493 1637 2533 consistentium,
1656 2493 1694 2524 li-

1709 218 1754 244 An.
1775 216 1802 243 C.
1824 214 1888 242 1570

1723 759 1778 780 Ouio
1793 759 1891 780 Carmeli-

1707 793 1771 810 tarum
1787 791 1890 817 supplicat.

1706 820 1774 847 Papae
1787 828 1823 848 pro
1840 828 1890 847 pro-

1706 852 1787 872 visione
1797 851 1891 871 alienan-

1706 884 1724 902 di
1736 889 1773 902 sua
1783 882 1844 906 bona.
1857 888 1891 902 ονε

1705 916 1805 933 curi-ente
1822 914 1891 939 aliqua

1706 947 1834 965 listet‘SSilalt'.
1856 943 1892 964 vel

1706 976 1803 996 utilitate.

1732 1711 1769 1734 llic
1780 1715 1826 1734 ideo
1838 1714 1890 1735 Pon·

1707 1745 1754 1765 (ilex
1770 1746 1803 1765 dat
1818 1745 1891 1766 (nituit

1707 1776 1825 1796 facultatem
1836 1777 1891 1796 alic·-

1707 1808 1768 1826 naiidi
1784 1806 1845 1831 buna,
1870 1812 1890 1827 e<

1707 1841 1755 1857 tiam
1765 1837 1854 1861 stabiliay
1865 1838 1890 1856 si-

1708 1873 1734 1887 nc
1751 1867 1819 1893 aliqua
1829 1867 1890 1886 Sedis

1709 1899 1781 1924 Apost.
1804 1898 1835 1916 vel
1864 1899 1890 1915 il>

1709 1930 1774 1950 teiius
1797 1928 1891 1952 licenti-2,

954 2544 1027 2576 bere
1049 2550 1074 2576 et
1100 2544 1181 2575 iim·
1203 2541 1323 2585 possint
1343 2546 1371 2573 i'fft
1387 2541 1510 2574 valeant
1524 2551 1695 2584 quaecum-

172 2562 230 2590 cavi
245 2562 292 2590 tibi
307 2563 334 2590 in
354 2563 469 2590 Honorii
494 2562 528 2589 iii
550 2562 659 2590 constit.
683 2570 798 2597 Lxxvni,
820 2563 850 2590 U
877 2567 914 2589 rt-
1212 2590 1216 2594 ,
1237 2590 1241 2594 ,
1333 2589 1338 2593 ,
1456 2589 1460 2594 ,
1481 2589 1485 2594 ,
1687 2587 1694 2591 ,

931 2603 1014 2637 ‚que
1035 2593 1117 2625 lic-nr.
1140 2591 1262 2622 :labilia
1284 2595 1312 2622 et
1332 2589 1507 2623 immobilia
1527 2600 1582 2623 seu
1605 2599 1695 2632 quasi

173 2601 260 2636 tendi,
277 2602 342 2630 toln⁴
359 2609 399 2636 iii,
417 2610 478 2636 pag.
496 2602 556 2629 415.
