2059 3228
77 700 169 724 clausula

8 1233 9 1237 ¹
41 1219 111 1262 nihl}
123 1238 171 1255 exe·

46 1269 96 1287 on!-

89 1299 98 1309 0

836 213 938 238 sthUs
964 215 978 237 V
1001 213 1049 237 1⁸1⁸.

187 266 357 300 admittere
377 271 497 300 temere
518 267 802 311 praesumpserint,
826 267 935 306 sineu-

186 320 233 354 los
254 330 390 364 poenam
421 320 606 364 privationis
627 320 771 353 omnium
794 325 824 353 et
853 330 933 363 quo-

186 383 401 416 rumcumque
418 374 620 415 dignitatum,
638 373 818 406 ciliciorum
838 379 867 405 et.
882 373 935 405 be-

186 424 375 459 neficiorum
394 427 689 460 ecclesiastieorum
712 438 769 470 per
783 438 836 459 eos
852 438 934 469 quo-

185 480 588 519 rnodolibetobtentorum,
608 480 882 523 inliabilitatisque
896 479 933 512 ad

181 524 290 566 'illa‘et
309 533 371 566 alia
392 534 422 566 in
444 539 608 577 posterum
632 533 805 566 obtinenda
816 533 934 576 eoipso

183 584 363 619 incurrere.
592 593 594 596 ·

225 639 240 683 g
264 639 295 672 [ι’.
324 640 453 683 Sic-que,
478 640 510 672 in
532 639 716 684 praemissis
738 640 887 672 omnibus
905 646 934 672 et

181 693 328 736 singulis,
349 705 406 738 per
426 704 649 737 quoscumque
671 694 793 727 iudices
808 699 835 726 et
850 704 934 726 eom-

183 746 356 788 missarios,
394 748 489 780 etiam
522 758 691 780 causarum
718 747 829 780 Palatii
849 750 933 791 Apo-

182 799 284 834 stolici
304 801 479 841 auditores
506 812 543 834 ac
569 802 599 833 S.
625 802 658 833 n.
682 801 716 833 E.
744 801 933 842 cardinales,

182 854 308 887 sublata
327 854 372 887 eis
392 860 423 887 et
443 865 554 887 eorum
581 855 713 887 cuilibet
736 855 847 897 quavis
875 856 932 887 ali-

182 911 231 941 ter
250 907 413 941 iudicandi
436 913 466 940 et
486 907 719 951 interpretandi
740 909 889 942 facultate
905 915 932 941 et

176 961 385 1009 ¹auctoritate,
416 962 552 994 iudicari
587 967 618 995 et
645 962 773 994 definiri
795 963 931 1003 debere-3

182 1013 310 1047 irritum
331 1025 461 1059 quoque
483 1021 513 1048 et
539 1015 645 1055 inane,
668 1016 693 1049 si
721 1026 813 1049 secus
837 1027 935 1060 super

183 1067 233 1101 his
253 1078 270 1101 a
290 1078 469 1112 quoquam,
491 1069 601 1112 quavis
612 1069 813 1110 auctoritate,
834 1071 934 1103 seien-

183 1125 232 1154 ter
242 1120 290 1154 vel
305 1121 500 1164 ignoranter,
522 1122 694 1165 contigua-it
714 1124 876 1156 attentari.

228 1174 242 1218 ἓ
266 1174 298 1208 5.
324 1170 483 1213 Quocirca
517 1175 754 1209 venerabilibus
782 1177 933 1210 fratribus

183 1228 302 1261 nostris
310 1228 558 1273 archiepiscopo
570 1229 736 1271 Bai-gensi,
744 1235 773 1263 et
783 1233 934 1274 episcopo

184 1281 422 1324 Calaguritano,
442 1293 479 1315 ac
500 1283 656 1316 moderno
669 1288 699 1316 et
717 1295 774 1327 pro
789 1289 934 1328 tempore

185 1334 329 1369 existenti
352 1335 384 1368 in
404 1336 512 1379 regnis
531 1336 760 1380 Hispaniarum
783 1345 891 1371 nostro
906 1345 935 1372 et

185 1388 289 1422 dictae
309 1388 399 1423 Sedis
418 1390 539 1423 nuncio
564 1401 621 1434 per
641 1397 824 1434 praesentes
845 1403 933 1425 com-

185 1441 342 1476 mittimus
359 1448 390 1476 et
411 1444 602 1477 mandamus
623 1450 786 1487 quatenus
804 1445 862 1489 ipsi
887 1446 935 1478 vet

185 1495 248 1529 duo
268 1501 418 1530 :tutunus
430 1507 556 1543 eorum,
575 1509 632 1541 per
651 1509 683 1531 se
704 1499 751 1531 vel
769 1499 935 1532 aliumseu

185 1549 277 1590 alios,
294 1556 479 1594 praesentes
491 1550 612 1583 litteras
628 1557 659 1584 et
680 1551 711 1584 in
729 1552 773 1585 eis
786 1558 936 1586 contenta

185 1613 422 1647 quaecumque,
446 1604 500 1637 ubi
521 1610 552 1637 et
576 1605 705 1648 quando
725 1615 806 1649 opus
828 1606 934 1646 t'uerit,

185 1668 222 1690 ac
245 1657 372 1701 quotics
392 1668 450 1701 pro
477 1663 565 1701 parte
587 1670 711 1698 eorum,
732 1670 871 1701 quorum
892 1660 936 1691 in-

186 1710 307 1750 tererit,
326 1711 611 1754 suerintrequisiti,
630 1712 936 1756 solemniterpubli-

185 1769 306 1802 cantes,
334 1764 446 1807 eisque
471 1765 609 1797 efficacis
630 1764 825 1799 defensionis
846 1777 938 1809 prae-

184 1816 264 1850 sidio
285 1817 317 1850 in
338 1817 522 1861 praemissis
538 1818 731 1858 assistentes,
746 1819 864 1852 saciant
878 1826 938 1853 sta—

1616 202 1677 238 757

976 266 1021 298 vel
1053 264 1220 305 indirecte,
1243 265 1486 309 quomodolibet
1510 275 1718 311 praestantes,

976 329 1033 362 per
1053 328 1204 351 censuras
1218 325 1246 352 et
1266 330 1383 362 poenas
1399 321 1630 355 ecclesiasticas
1648 324 1721 356 alia-

975 382 1036 414 que
1057 378 1241 415 opportuna
1262 373 1339 405 iuris
1360 379 1391 406 et
1410 374 1482 407 sacti
1501 375 1653 417 remedia,
1667 388 1723 420 apb

976 425 1149 467 pellatione
1170 426 1357 469 postposita,
1380 429 1627 471 compescendo3
1641 430 1719 470 legi-

975 477 1123 521 timisque
1143 490 1240 522 super
1257 480 1304 512 liis
1326 481 1481 513 habendis
1501 481 1630 515 servatis
1649 494 1721 526 pro-

974 532 1128 572 cessibus,
1151 544 1302 566 censuras
1322 540 1352 567 et
1372 546 1490 578 poenas
1514 534 1598 578 ipsas
1627 536 1719 569 etiam

974 585 1094 618 iteratis
1121 586 1240 620 vicibus
1272 589 1483 629 aggraramlo,
1516 589 1661 623 invocato
1686 602 1720 623 e-

974 638 1048 670 tiam
1070 639 1109 671 ad
1135 640 1208 680 boc,
1229 640 1253 673 si
1274 651 1355 684 opus
1375 642 1482 682 suerit,
1505 643 1623 676 auxilio
1646 644 1719 676 bra-

973 691 1036 724 eliii
1057 693 1241 726 saecularis.

1016 746 1030 788 ἓ
1056 746 1086 779 6.
1114 747 1182 779 Non
1208 748 1408 782 obstantibus
1437 750 1721 784 constitutionilms

973 804 1004 832 et
1021 800 1279 833 ordinationibus
1299 802 1494 845 apostolicis,
1518 815 1554 836 ac
1576 804 1607 836 in
1627 816 1721 847 gene-

973 853 1104 894 ralibus,
1128 855 1378 898 provincialibus
1389 861 1419 888 et
1430 857 1635 899 synodalibus
1644 870 1720 891 con-

973 907 1053 940 ciliis
1074 907 1178 948 editis3
1196 913 1226 941 et
1238 909 1332 941 etiam
1349 910 1607 944 ordinationibus
1623 913 1722 945 eecle-

972 960 1107 1002 siarum,
1129 973 1371 1006 quasnumeros
1385 965 1563 1008 appellant,
1579 965 1722 998 demodo

974 1021 1003 1047 et
1029 1016 1131 1048 l'orma
1151 1016 1341 1060 providendi
1363 1017 1401 1049 de
1422 1017 1597 1058 beneficiis,
1628 1030 1664 1052 ac
1684 1020 1722 1052 de

974 1069 1182 1111 providendo,
1196 1076 1230 1102 ut
1251 1070 1381 1111 dicitur,
1401 1082 1457 1114 per
1473 1078 1722 1112 cantamentum,

973 1122 1067 1155 etiam
1090 1124 1265 1166 apostolica
1290 1125 1479 1157 auctoritate
1505 1127 1720 1165 coi‘ifit·1mitis;

973 1187 1099 1209 necnon
1111 1176 1269 1210 dictarum
1290 1183 1321 1210 et
1340 1178 1474 1211 aliarum
1492 1190 1723 1222 quarumcum-

974 1241 1036 1274 que
1066 1231 1290 1271 ecclesiarum,
1322 1231 1518 1273 iuramento,
1550 1234 1723 1266 confirma-

974 1284 1059 1317 tione
1084 1284 1260 1327 apostolica
1280 1285 1329 1317 vel
1354 1285 1465 1328 quavis
1486 1286 1636 1320 firmitate
1661 1287 1720 1320 alia

976 1337 1144 1379 roboratis,
1164 1338 1291 1371 statutis
1311 1343 1342 1372 et
1362 1340 1662 1380 consuetudinibus,
1690 1352 1723 1373 e-

976 1390 1049 1425 tiam
1076 1391 1116 1424 ab
1140 1391 1390 1425 immemorabili
1419 1398 1563 1437 tempore
1590 1394 1722 1438 pacifice

975 1445 1357 1489 observatis3privilegiis
1376 1457 1518 1489 quoque,
1541 1447 1673 1481 indultis
1694 1454 1719 1480 et

976 1498 1088 1531 litteris
1104 1498 1288 1542 apostolicis
1309 1499 1428 1532 eisdem
1452 1500 1605 1540 eeclesiis,
1630 1502 1724 1533 bene-

975 1552 1101 1591 lieiatis,
1124 1562 1252 1585 necnon
1273 1552 1573 1592 communitatibus,
1600 1554 1724 1586 univer-

975 1605 1121 1638 sitatibus
1146 1611 1176 1638 et
1201 1605 1387 1639 hominibus
1412 1606 1552 1650 ipsisque
1573 1607 1645 1640 siliis
1667 1619 1721 1651 pa-

979 1658 1216 1692 trimonialibus
1236 1658 1267 1692 e't
1283 1659 1487 1693 naturalibus
1505 1666 1560 1693 aut
1582 1661 1725 1705 personis

976 1713 1186 1757 quibuslibet,
1210 1713 1268 1746 sub
1289 1714 1724 1758 quibuscumquetenoribus

977 1773 1008 1799 et
1025 1766 1148 1806 formis,
1170 1778 1206 1799 ac
1227 1777 1300 1799 eum
1318 1767 1495 1810 quibusvis,
1518 1768 1612 1801 etiam
1630 1769 1723 1801 dero-

976 1820 1215 1863 goratoriarum
1247 1820 1458 1863 derogatoriis
1485 1821 1620 1864 aliisque
1658 1822 1725 1854 etli—

186 1874 305 1912 tutum,
328 1870 567 1904 ordinationem
590 1876 620 1903 et
636 1871 804 1904 decretum
818 1878 939 1906 cetera-
955 1861 959 1929 ΙΙ
978 1874 1160 1907 cacioribus
1180 1880 1210 1907 et
1230 1874 1379 1913 insolitis,
1398 1875 1562 1914 clausulis,
1575 1875 1728 1908 irritanti-

185 1933 249 1973 quc
269 1923 421 1968 superius
446 1924 600 1968 disposita
622 1935 679 1968 per
699 1935 765 1965 eos,
797 1926 836 1958 ad
858 1937 939 1969 qnos
955 1932 959 1971 ‚⁴
978 1927 1102 1970 busque
1130 1934 1160 1960 et
1191 1928 1260 1960 aliis
1290 1928 1438 1968 decretis,
1466 1929 1505 1961 ad
1542 1929 1723 1963 instantiam

185 1981 309 2020 spectat
329 1981 360 2010 et
380 1978 536 2020 spectabit
549 1978 793 2020 quomodolibet
809 1979 840 2011 in
855 1980 938 2012 sutu-

180 2040 273 2070 rum,
295 2036 453 2074 perpetuo
486 2031 621 2063 firmiter
651 2036 681 2063 et
714 2031 939 2066 inviolabiliter

187 2083 372 2125 observari,
401 2094 466 2117 non
492 2085 712 2128 permittentes
742 2097 937 2129 quemquam

188 2141 300 2170 contra
329 2138 519 2170 earumdem
544 2138 763 2181 praesentium
794 2145 937 2172 tenorem

188 2189 222 2222 in
247 2190 419 2234 praedictis
436 2191 580 2224 ecclesiis
598 2192 700 2224 autad
717 2192 940 2226 benetieialm*

188 2242 327 2276 insmodi
345 2254 476 2287 quoquo
504 2244 600 2277 modo
632 2251 687 2277 aut
717 2245 827 2288 quovis
848 2257 939 2289 prae-

189 2302 276 2330 textu
294 2297 394 2341 recipi
415 2303 445 2330 et
465 2298 603 2337 admitti,
626 2304 772 2341 receptos
792 2310 866 2332 vero
884 2310 940 2333 seu

189 2350 358 2387 admissos,
382 2356 543 2394 tamquam
563 2357 682 2384 temere
703 2359 734 2385 et
749 2352 882 2386 del‘acto
897 2354 941 2385 in-

190 2404 299 2432 trusos
324 2410 361 2432 ae
381 2399 509 2433 illicitos
534 2401 728 2439 detentores,
758 2412 853 2444 quam
875 2403 941 2445 pri-

193 2458 283 2480 mum
305 2447 377 2480 inde
393 2448 523 2481 realiter
542 2449 657 2492 expelli
675 2456 705 2482 et
724 2451 864 2483 amoveri
886 2462 941 2484 eu-

193 2502 282 2535 rent,
307 2497 560 2529 contradictores
581 2498 742 2540 quoslibet.
758 2505 788 2531 et
809 2500 943 2532 rebelles

183 2541 228 2578 ‘ac
250 2545 436 2589 praemissis
457 2556 521 2578 non
551 2553 713 2589 parentes,
745 2547 856 2590 eisque
884 2558 942 2580 au-

192 2593 319 2635 xilium,
349 2595 520 2629 consilium
557 2596 602 2628 vel
629 2596 786 2636 savorem,
820 2597 942 2630 directe

959 1980 1195 2024 ¹imperatoris,
1226 1992 1351 2024 regum,
1389 1982 1584 2024 reginarum,
1607 1983 1726 2015 dueum

979 2034 1027 2066 vel
1054 2034 1191 2067 aliorum
1223 2045 1507 2077 quorumcumque
1532 2035 1726 2079 principum,

980 2088 1074 2120 etiam
1095 2099 1152 2130 per
1173 2088 1303 2120 modum
1330 2088 1437 2120 statuti
1459 2089 1606 2132 perpetui
1628 2095 1654 2122 et
1677 2089 1728 2121 sti-

981 2140 1081 2184 pulati
1103 2146 1286 2173 contractus
1304 2142 1729 2175 autconcordatoiaiminter

981 2194 1127 2227 homines
1143 2194 1300 2227 dictarum
1315 2194 1476 2227 civitatum
1493 2200 1523 2228 et
1544 2196 1726 2229 dioecesum

981 2247 1161 2291 Sedemque
1218 2248 1431 2291 Apostolicam
1480 2248 1651 2286 initorum,
1681 2250 1728 2282 vel

982 2302 1075 2334 etiam
1098 2306 1185 2334 motu
1215 2301 1311 2333 simili
1345 2307 1375 2334 et
1400 2302 1665 2348 consistorialiter
1693 2315 1728 2336 ae

982 2355 1059 2388 alias
1073 2366 1129 2398 per
1140 2365 1363 2398 quoscumque
1380 2356 1540 2389 Romanos
1560 2357 1729 2389 Pontifices

984 2404 1247 2447 praedecessores
1271 2410 1396 2437 nostros
1423 2415 1460 2437 ae
1489 2415 1546 2437 nos
1566 2411 1594 2437 et
1614 2405 1727 2438 Sedem

983 2452 1179 2496 praeductam
1202 2453 1359 2485 concessis
1380 2458 1410 2486 et
1427 2455 1553 2497 saepius
1569 2454 1728 2498 approba-

985 2501 1022 2534 tis
1042 2506 1069 2533 et
1099 2501 1265 2541 innovatis,
1289 2501 1407 2544 quibus
1427 2502 1588 2542 omnibus,
1607 2502 1728 2536 etiamsi

985 2549 1015 2581 in
1036 2550 1081 2582 eis
1102 2556 1250 2583 caveatur
1269 2561 1416 2594 expresse
1437 2552 1524 2594 quod
1549 2551 1609 2585 illis
1636 2552 1729 2585 dero-

984 2598 1050 2641 gari
1078 2609 1141 2632 non
1163 2599 1273 2642 possit.
1296 2600 1354 2633 nisi
1376 2611 1489 2634 eorum
1515 2601 1589 2634 totis
1609 2601 1729 2635 tenori-

1737 210 1789 237 An.
1809 210 1837 237 (Σ,
1854 211 1920 238 1581}

1817 757 1916 776 mimmii
