2059 3228
128 247 179 275 An.
193 247 220 277 C.
240 249 308 277 1586
368 239 431 272 7102

323 301 481 334 stentibns
503 300 533 331 in
555 301 665 342 pratis,
690 299 825 331 vallibus
845 304 900 332 aut
919 299 1066 339 collibus,

322 354 353 386 in
373 354 491 397 quibus
511 354 708 385 frumentum
729 352 791 385 seri
806 362 871 386 non
891 353 983 385 solet.

364 407 378 449 ξ
402 407 433 438 lt.
461 406 503 439 De
534 416 670 450 quarum
691 406 821 450 quidem
847 407 998 439 arborum
1025 406 1069 437 fo-

141 469 169 490 ne
188 471 304 492 huiusmodi
320 459 370 491 liis
385 459 603 503 producendis
624 460 691 503 ipsa
702 460 834 493 Gamera
844 460 968 492 nullum
982 469 1068 491 com-

122 502 230 522 arborilms
264 502 304 522 Ca-

121 538 179 552 me„
208 533 303 559 ΛΜΝ.
319 512 451 545 modum
478 513 595 546 sentire
620 513 746 553 debeat,
768 513 822 546 sed
844 523 941 557 super
965 512 1066 545 serico

120 562 441 620 ssssiifiss¹esfss''⁰i1⁰0¹¹s‘amum
471 566 680 599 commodum
712 566 886 611 percipiat,
916 566 1066 609 ipsasque

120 628 162 649 ⁰2¹»
177 626 300 667 fimum,
317 618 447 652 arbores
460 619 591 652 insimul
613 620 645 653 in
665 631 731 653 uno
748 620 968 660 arborem,vel
985 619 1065 651 divi-

120 655 144 675 de
160 661 238 676 ⁵⁹¹¹&
316 672 387 712 sim,
404 678 500 715 prout
512 672 575 706 illis
587 673 688 716 magis
704 673 873 717 placuerit,
887 672 1065 705 dummodo

314 726 578 769 praeordinatum
600 737 774 760 numerum
801 727 1008 765 constituant,
1035 731 1065 758 et

313 779 346 811 in
366 779 457 820 locis,
479 781 535 823 qui
556 780 724 814 commode
744 791 800 813 seu
821 780 993 813 artificiose
1007 780 1064 812 sal-

313 837 375 865 tem
394 838 510 876 quater
533 833 566 866 in
591 845 688 875 anno,
711 839 871 878 quatenus
891 844 973 877 opus
997 834 1064 866 fue-

313 884 374 925 rit,
405 886 497 928 aquis
530 887 658 935 irrigari
689 887 822 932 possint,
845 892 876 919 et
900 897 958 930 per
982 897 1063 930 qua-

312 939 458 982 draginta
496 941 622 984 palmos
655 940 695 973 ab
734 940 870 973 invicem
909 939 1063 972 distantes

311 993 519 1035 plantentur,
547 993 609 1027 sive
638 994 711 1038 plus
743 994 791 1026 vel
812 993 929 1032 minus,
953 992 1062 1025 habito

312 1052 460 1089 respectu
480 1052 511 1080 et
531 1047 789 1080 consideratione
815 1046 978 1090 qualitatis
998 1051 1062 1079 ter-

311 1100 393 1133 reni.

355 1154 369 1195 §
394 1154 424 1187 5.
452 1154 489 1187 Et
517 1155 674 1198 quamdiu
708 1154 896 1188 huiusmodi
931 1153 1061 1186 arbores

156 1214 217 1236 Tales
233 1216 295 1251 arpq-
312 1217 425 1250 parvae
446 1208 576 1250 suerint,
592 1214 620 1242 et
635 1209 716 1252 ignis
732 1220 768 1241 ac
782 1207 971 1241 animalium
987 1217 1062 1240 nee-

112 1251 192 1297 {2221}
208 1248 296 1298 ‘¹223ss
312 1272 374 1293 non
404 1262 555 1295 siccitatis
579 1268 609 1295 et
630 1262 789 1295 ariditatis
808 1267 993 1305 temporum
1024 1272 1060 1294 ac

112 1308 210 1330 mmm·
311 1315 456 1348 locorum
491 1316 626 1359 aliisque
661 1315 815 1359 periculis
848 1319 1059 1359 exponentur,

310 1368 432 1401 domini
470 1369 649 1409 vinearum,
685 1369 937 1413 possessionum,
971 1378 1059 1401 casa-

310 1422 400 1462 lium,
430 1423 637 1465 praediorum
659 1428 687 1456 et
708 1423 845 1455 aliorum
880 1422 1060 1465 praedicto-

311 1486 380 1507 rum
403 1475 474 1508 illas
494 1475 656 1509 custodire
676 1476 827 1519 vepribus
848 1481 879 1508 et
900 1474 1000 1519 spinis
1024 1485 1060 1507 ac

309 1528 459 1572 saepibus
487 1529 689 1563 circumdare
725 1534 756 1562 et
785 1529 923 1569 vallare,
955 1539 991 1561 ac
1021 1529 1059 1561 ab

309 1581 460 1615 omnibus
480 1582 632 1626 periculis
659 1587 808 1616 accurate
827 1582 999 1615 defendere
1017 1587 1060 1615 te-

308 1640 459 1668 neantur.

353 1689 368 1732 §
393 1688 424 1722 6.
451 1689 620 1733 Quodque,
635 1700 694 1734 pro
714 1689 873 1723 beneficio
893 1689 1056 1729 Gamerae,

138 1756 153 1789 ii
180 1756 295 1776 communi-
309 1752 436 1776 necnon
457 1743 729 1777 communitatum
752 1748 783 1776 et
811 1743 1058 1776 universitatum

111 1787 346 1842 fflbffi'ffissfgfjac
375 1797 622 1830 domicellorum
648 1801 679 1830 et
702 1796 877 1841 praecipue
911 1797 1059 1829 locorum

112 1847 296 1906 ffigs‘ffl-Ub‘lourffg‘g
310 1850 440 1894 piorum
465 1856 495 1883 et
510 1851 672 1883 bonorum
701 1850 1004 1890 ecclesiasticorum,
1028 1849 1059 1881 in

111 1911 237 1946 plantandae
260 1919 296 1938 pro
311 1903 462 1936 omnibus
493 1902 673 1943 casalibus,
702 1902 806 1947 sylvis,
833 1902 1060 1936 communibus

112 1943 200 1994 {iiiiii
225 1943 287 1964 ΝΜΟ
310 1961 341 1989 et
356 1957 494 1990 terrenis
510 1956 676 1996 Gamerae,
690 1956 973 1996 communitatum,
990 1956 1061 1988 uni-

309 2011 497 2044 versitatum
522 2010 727 2054 aliorumque
756 2010 924 2043 hominum
947 2020 1060 2054 supra-

310 2064 470 2097 dictorum
488 2063 626 2107 plantari
647 2063 784 2096 debeant
803 2074 940 2096 numero
965 2063 1060 2105 quin-

310 2128 373 2162 que
393 2117 526 2150 arbores
546 2117 622 2150 celsi
642 2127 698 2150 seu
725 2116 819 2157 mori,
850 2127 908 2159 pro
933 2117 1060 2159 singulo

311 2171 410 2204 rubro
444 2177 570 2212 terrae3
602 2170 735 2214 ipsaque
762 2169 913 2210 Gamera,
945 2170 1061 2203 ceteris

310 2224 484 2269 praedictis
504 2225 650 2267 exemplo
671 2224 820 2263 existens,
834 2223 970 2267 primam
985 2222 1061 2256 huic

312 2278 402 2321 operi
424 2287 554 2310 manum
566 2287 728 2320 apponere
741 2277 866 2315 debeat,
878 2275 996 2320 quibus
1008 2287 1061 2309 ac-

313 2331 428 2364 cedere
459 2335 628 2364 teneantur
655 2340 767 2363 omnes
792 2329 1059 2373 supranominati,

314 2384 512 2417 coniunctim
532 2380 581 2417 vel
601 2383 739 2423 divisim,
762 2382 856 2416 sicuti
881 2383 981 2425 magis
1008 2393 1061 2415 ex-

314 2433 424 2476 pedire
446 2433 666 2470 iudicaverint,
689 2432 791 2465 sedin
814 2432 942 2465 doliana
961 2431 1062 2464 Patri-

316 2482 415 2514 monii
443 2481 580 2525 plantari
606 2481 742 2514 debeant
769 2482 808 2513 de
833 2490 1004 2518 consensu,
1032 2485 1062 2512 et

316 2531 371 2563 ubi
392 2531 561 2564 doliancrii
583 2541 640 2573 pro
662 2536 807 2574 tempore
831 2529 1019 2563 indicabunt
1033 2534 1063 2561 et

317 2578 362 2611 eis
382 2579 566 2611 benevisum
588 2579 694 2612 suerit.

360 2627 375 2670 ξ
400 2627 432 2660 7.
459 2627 592 2672 Insuper
608 2627 832 2661 constituimus
853 2627 998 2670 quinque
1010 2637 1060 2659 ar-

914 246 1092 270 numnam
1113 246 1263 270 ROMANUM

1112 298 1206 331 bores
1225 298 1413 342 plantandas
1429 300 1496 333 sore
1515 311 1574 344 pro
1594 302 1738 345 quolibet
1757 303 1858 336 rubro
1899 307 1952 345 Ani·

1111 351 1257 384 omnium
1289 352 1505 395 quantitatum
1533 359 1692 388 terrarum
1713 361 1743 389 et
1762 357 1860 400 sylva·
1872 338 2028 397 1²3¹*ssssssss
2036 346 2053 378 ⁴(

1110 415 1182 437 rum
1195 405 1418 438 communium
1431 417 1519 439 nunc
1532 407 1746 450 existentium,
1760 419 1856 452 quae,
1873 367 2051 457 {Jfiffifflfmffffi

1111 458 1171 490 nisi
1198 464 1400 492 mensuratae
1434 460 1565 500 suerint,
1588 471 1641 494 eas
1673 472 1858 495 mensurare
1873 463 1949 499 distetis
1979 458 1982 459 ⁷
2036 449 2051 471 Ἡ

1109 511 1226 544 saciant
1251 512 1332 544 iuste
1362 517 1392 544 et
1411 512 1566 553 fideliter;
1594 524 1630 546 ac
1650 513 1734 557 ipsas
1757 516 1860 549 celsos
1874 494 1997 522 ”¹¹³Ubu⁸³'

1109 570 1139 597 ct
1159 575 1279 608 moros,
1301 566 1444 608 quinque
1463 566 1611 601 videlicet
1631 577 1689 610 pro
1716 568 1860 610 quolibet

1108 619 1207 651 rubro
1219 624 1324 652 terrae
1340 619 1542 660 huiusmodi,
1564 620 1721 664 plantatas
1736 631 1754 654 a
1773 631 1859 655 com-

1108 671 1319 706 munitatibus
1331 678 1361 706 et
1374 672 1635 706 universitatibus
1644 673 1778 717 aliisque
1787 685 1859 719 per—

1106 725 1196 758 sonis
1217 726 1442 759 ecclesiasticis
1464 726 1647 770 praedictis,
1669 727 1794 760 etiamsi
1809 738 1859 771 ar:

1106 778 1321 823 chiepiscopi,
1348 779 1503 823 episcopi,
1528 779 1669 820 abbates,
1689 790 1856 813 commen-

1105 833 1231 873 datarii,
1254 833 1429 877 praepositi
1450 833 1618 867 Soeietatis
1637 834 1720 875 lesu,
1733 845 1789 868 seu
1802 834 1856 867 ab·

1105 885 1241 919 batissae
1266 893 1297 920 et
1316 887 1449 930 quaevis
1473 887 1555 921 aliae
1583 898 1743 931 personae
1760 888 1855 921 titulo

1104 938 1278 982 Religionis
1298 939 1470 982 insignitae
1490 940 1621 982 suerint,
1643 941 1683 974 ad
1709 951 1855 975 commu-

1103 991 1215 1026 nitates
1239 998 1268 1026 et
1290 993 1515 1027 universitates
1539 1004 1664 1027 necnon
1689 994 1851 1039 archiepi-

1101 1052 1255 1089 scoposet
1270 1046 1452 1091 episcopos,
1476 1047 1619 1088 abbates,
1642 1048 1850 1081 commenda-

1102 1099 1209 1141 tarios,
1231 1110 1359 1133 necnon
1380 1101 1449 1134 loca
1470 1101 1522 1145 pia
1542 1101 1750 1145 singulasque
1774 1102 1851 1135 alias

1101 1163 1254 1196 personas
1285 1153 1517 1187 ecclesiasticas
1544 1154 1731 1188 huiusmodi
1750 1155 1850 1199 perti-

1101 1216 1197 1247 nere,
1220 1206 1409 1241 domicellos
1428 1213 1536 1240 autem
1557 1213 1588 1241 et
1607 1208 1745 1242 barones
1755 1219 1850 1252 prae-

1101 1260 1203 1293 dictos
1223 1261 1345 1293 nullam
1377 1261 1520 1305 ipsarum
1547 1261 1701 1294 arborum
1725 1268 1849 1306 partem

1100 1313 1205 1346 eidem
1225 1313 1376 1347 Gamerae
1396 1320 1560 1357 praestare
1580 1314 1683 1347 teneri
1702 1314 1848 1348 declara-

1101 1377 1182 1405 mus;
1198 1367 1297 1400 immo
1313 1378 1388 1401 vero
1409 1368 1484 1408 illis,
1504 1378 1630 1401 necnon
1642 1367 1781 1402 senatori
1791 1379 1849 1413 po-

1101 1421 1242 1464 puloque
1250 1421 1405 1461 Romano,
1418 1432 1454 1454 ac
1462 1421 1685 1454 communitati
1695 1427 1725 1455 et
1740 1421 1847 1455 homi—

1101 1474 1194 1511 nihus
1205 1474 1337 1507 civitatis
1345 1480 1471 1507 nostrae
1481 1474 1848 1515 Sabinensis,necnonn—

1101 1527 1337 1561 niversitatibus
1348 1528 1483 1569 Ghorae,
1499 1527 1696 1561 Vitorehiani
1716 1539 1754 1562 ac
1772 1528 1848 1562 Bar-

1101 1581 1210 1614 barani
1242 1587 1272 1614 et
1297 1581 1443 1614 Malleani
1474 1587 1654 1614 castrorum
1679 1592 1737 1615 seu
1756 1581 1847 1626 oppi-

1100 1634 1227 1675 dorum,
1251 1634 1435 1668 Sabinensis
1448 1635 1623 1668 etaliarum
1648 1634 1844 1674 dioecesum,

1102 1698 1196 1721 unam
1218 1699 1329 1721 earum
1358 1688 1510 1721 arborum
1532 1688 1564 1720 in
1588 1689 1679 1732 sylvis
1698 1692 1729 1721 et
1752 1688 1846 1721 terri-

1101 1742 1189 1774 toriis
1210 1742 1277 1775 suis
1296 1753 1423 1775 necnon
1443 1743 1575 1775 alteram
1592 1741 1779 1775 earumdem
1794 1752 1846 1774 ar-

1101 1796 1215 1827 borum
1235 1795 1432 1835 medietates,
1445 1806 1505 1839 per
1525 1806 1637 1829 eorum
1658 1795 1801 1828 subditos
1817 1800 1848 1828 et

1101 1849 1249 1881 vassallos
1275 1849 1523 1892 plantandarum
1548 1848 1580 1881 in
1606 1848 1700 1882 terris
1719 1853 1750 1882 et
1767 1847 1847 1881 locis

1101 1902 1139 1934 ab
1160 1902 1235 1945 ipsis
1259 1902 1299 1935 ad
1320 1902 1446 1935 firmam
1467 1913 1523 1935 seu
1549 1902 1580 1935 in
1600 1901 1770 1935 arrendam
1790 1911 1847 1934 seu

1102 1954 1243 1996 quamvis
1263 1955 1357 1988 aliam
1374 1955 1567 1988 locationem
1583 1954 1762 1994 conductis,
1775 1955 1847 1988 loco

1102 2020 1137 2042 :ic
1157 2009 1187 2041 in
1209 2019 1452 2052 recompensam
1473 2014 1632 2041 terrarum
1649 2019 1707 2052 per
1721 2018 1776 2042 eos
1787 2017 1847 2052 pro

1103 2062 1284 2106 praemissis
1305 2062 1599 2103 comedendarum,
1622 2067 1722 2105 utque
1750 2062 1848 2095 soler-

1102 2121 1146 2149 tes
1171 2127 1207 2148 ac
1239 2115 1409 2159 pervigiles
1438 2115 1511 2156 sint,
1534 2115 1622 2159 quod
1641 2125 1754 2148 eorum
1777 2125 1849 2148 vas—

1102 2169 1171 2201 salli
1185 2174 1215 2202 et
1226 2168 1344 2201 subditi
1363 2168 1503 2211 praefativ
1513 2169 1645 2201 arbores
1662 2167 1850 2202 huiusmodi

1103 2222 1273 2265 diligenter
1292 2222 1450 2266 plantent,
1474 2221 1694 2254 concedimus.
1996 2255 1998 2257 .

1146 2276 1160 2318 ἓ
1184 2276 1216 2308 8.
1243 2275 1275 2308 Si
1296 2285 1370 2308 vero
1391 2274 1474 2307 infra
1494 2274 1743 2318 quadriennium
1775 2283 1853 2317 pro·
1904 2285 1925 2307 si
1960 2284 2009 2312 arno
2031 2296 2035 2323 i

1102 2329 1236 2368 ximum,
1250 2339 1266 2361 a
1281 2327 1332 2361 die
1349 2327 1512 2360 constituti
1532 2327 1695 2361 seminarii
1716 2332 1746 2360 et
1762 2327 1852 2371 plan·
1867 2317 1977 2370 &2ss:¹⁶
1989 2322 2016 2350 *¹¹
2032 2339 2033 2349 ¹

1102 2381 1232 2415 tumarii
1252 2381 1439 2414 huiusmodi
1452 2381 1718 2425 computandum,
1731 2380 1763 2413 in
1780 2390 1851 2414 om—
1868 2380 2013 2433 inuiissi'ssnh
2031 2406 2033 2413 .

1103 2432 1198 2464 nibus
1218 2431 1411 2470 civitatibus,
1433 2430 1608 2474 provinciis
1618 2434 1649 2462 et
1663 2429 1742 2462 locis
1757 2439 1850 2472 prae·
1867 2445 1975 2468 summ„
1991 2437 1997 2467 J
2030 2458 2033 2473 :

1103 2481 1207 2520 dictis,
1229 2480 1324 2512 etiam
1344 2479 1499 2522 episcopi,
1522 2488 1647 2512 necnon
1668 2477 1850 2511 communi·
1867 2472 2033 2535 2²:223*ssst

1104 2535 1183 2562 tates
1206 2534 1237 2562 et
1268 2527 1491 2561 universitates
1523 2537 1560 2560 ac
1589 2526 1669 2559 aliae
1693 2536 1850 2570 personae
1867 2525 2011 2570 earnem&

1105 2579 1256 2622 privatae,
1282 2583 1347 2610 tam
1367 2576 1603 2610 ecclesiasticae
1623 2585 1720 2619 quam
1739 2584 1851 2608 saecu·
1869 2565 1942 2586 ΜΗ·
1985 2573 1996 2607 ;“’

1103 2627 1208 2668 lares,
1239 2626 1423 2671 praedictae
1451 2636 1516 2659 non
1550 2623 1764 2669 plantaverint
1793 2633 1850 2656 seu

1991 1723 2010 1730 ζ
1998 1682 2011 1713 -ι,
1988 1297 2018 1673 »azan-qnussas-uw‘
1995 1364 1998 1369 ·
1988 630 2018 1294 ,ημέμέμαπκμῑω-ιὰ-ΜΜΜ”
1966 433 2029 630 norff-e&

1998 2229 2009 2239 -,
1987 2113 2009 2218 ,τιτι-ιε
1983 2042 2005 2102 νυ*

1956 3171 1989 3228 in,
1961 3088 1988 3126 Q
