2059 3228
68 0 101 147 ’ἶὲ

51 243 153 294 Αἵεις)
1594 266 1651 300 ⁶281

954 315 1124 350 lleuricuin
1147 329 1264 361 rcgmn,
1281 327 1354 354 tuns·
1374 326 1567 368 praesulem,
1587 340 1641 361 seu
1659 330 1699 361 ab

771 262 948 286 urimenus
968 264 1021 287 vlt
1042 265 1087 288 ΓΡ.
1705 278 1753 304 An.
1774 279 1802 306 C.
1829 281 1895 308 1570

164 310 355 346 cassavimus
369 318 397 346 et
415 314 667 355 annuum-inin&
687 325 722 347 ac
741 315 811 347 lot-0
825 327 909 347 suui-

162 375 234 400 mae
265 365 353 399 mille
378 373 409 399 et
434 367 684 410 quingentorum
715 369 905 402 ducatorum
951 378 988 401 co
1009 370 1198 414 deputatum
1229 375 1274 406 vel
1303 376 1521 418 ‹lt—putandum
1551 382 1697 424 partitio-

160 419 358 460 huiusmodi,
385 431 609 465 quaecumque
635 422 769 462 fructus,
799 422 905 455 reddi·
949 432 1035 463 nem,
1057 423 1537 466 divisioncmctordinationem
1556 434 1696 479 desuper

160 477 224 513 tus,
246 479 432 518 proventus,
460 474 542 514 iura,
566 474 784 515 obventiones,
816 486 904 508 emo—
948 476 1139 518 faciendam,
1161 479 1308 513 similiter
1335 491 1490 526 perpetuo
1519 488 1694 531 applicavi-

160 526 313 567 lumenta,
342 527 558 570 possessiones
585 533 615 560 et
635 527 848 571 proprietates
871 528 902 560 in
947 540 1017 563 mus
1037 537 1065 563 ct
1087 534 1378 575 appropriarimus3
1400 549 1436 570 ac
1458 544 1533 572 tunc
1555 541 1694 575 existen-

157 579 278 625 oppido
299 580 338 613 de
372 580 519 614 Struma:
540 581 721 614 Elborensis
747 580 903 614 dioecesis
945 582 1028 615 tibus
1048 585 1254 627 portionariis
1275 598 1329 619 scu
1350 592 1545 633 cappellanis
1566 595 1691 637 praedi-

56 1659 66 1663 ¹
55 1547 79 1647 *W*-
55 1443 92 1527 ‘'kt'’
61 1426 70 1433 ι

60 1885 65 1895 “
57 1855 60 1857 “
56 1823 75 1840 ιζ
52 1705 80 1810 (Nau

156 633 375 673 consistentia,
401 634 440 666 ad
469 634 584 666 dictam
606 645 747 667 mensam
775 635 900 668 archie-

153 688 351 732 piscopalem
381 687 556 731 spectantia
576 694 605 720 et
631 687 838 731 pertinentia,
860 689 899 721 ab

152 741 222 786 ipsa
245 751 354 774 mensa
389 741 655 785 archiepiscopali
681 742 899 784 separavimus

152 801 184 830 et
209 796 524 836 dismemhrariinus,
543 806 579 828 ac
604 806 704 827 uuam
729 795 760 828 in
790 796 896 829 Sancti

148 849 277 884 loannis
295 850 465 893 Baptistae,
489 859 545 892 pro
565 847 674 890 viginti
695 854 836 891 quatuor
857 849 895 881 de

147 903 299 938 sexennio
329 903 362 936 in
381 902 581 941 sexennium,
607 907 638 935 et
662 903 796 934 alteram
817 913 893 945 cap-

146 957 304 1002 pellanias
338 957 369 989 in
393 956 491 989 Vei-ae
511 955 620 988 Crucis
645 956 800 999 cappellis
824 956 893 989 sitis

145 1009 179 1044 in
202 1010 287 1044 dicta
309 1010 444 1044 ecclesia
470 1009 649 1049 Elborcnsi,
675 1019 734 1052 pro
758 1009 828 1041 aliis
847 1009 891 1041 vi-

144 1063 224 1107 ginti
247 1070 318 1098 octo
342 1065 381 1097 de
412 1064 541 1097 biennio
571 1063 602 1095 in
631 1063 798 1096 biennium
833 1064 890 1096 eli-

142 1117 256 1160 gendis
278 1118 475 1162 cappellanis
500 1128 556 1150 scu
583 1116 802 1161 portionariis,
833 1117 888 1160 qui

142 1170 177 1204 in
196 1171 350 1215 cappellis
371 1182 428 1204 seu
457 1171 592 1214 collegio
613 1171 721 1204 Sancti
750 1171 889 1214 Spiritus

140 1229 198 1258 aut
215 1225 350 1258 ecclesia
363 1226 535 1270 praedictis
555 1231 657 1258 certas
678 1225 790 1258 missas
807 1236 887 1268 qua-

141 1277 218 1312 libet
254 1273 456 1311 hebdomada
495 1279 658 1312 celebrare
674 1307 681 1320 ‚
717 1290 753 1312 ac
795 1278 886 1321 pueri

138 1331 287 1365 videlicet
307 1332 444 1375 logicam
465 1338 494 1365 et
524 1332 762 1376 philosophiam
789 1338 885 1376 atque

138 1385 333 1430 theologiam
357 1397 416 1430 per
452 1387 654 1427 sexennium,
689 1386 886 1430 posteriores

135 1448 211 1472 vero
244 1439 425 1483 cappellani
456 1440 642 1473 huiusmodi
679 1451 772 1472 casus
805 1450 883 1472 con-

136 1491 277 1526 scientiae
302 1492 334 1525 in
356 1493 440 1526 dicto
465 1493 600 1535 collegio
616 1494 647 1526 S.
670 1493 809 1536 Spiritus
830 1493 884 1526 do-

136 1545 202 1578 ceri
225 1551 256 1579 et
279 1546 483 1591 interpretari
503 1547 614 1579 solitos
635 1557 693 1590 pcr
714 1546 882 1579 biennium

133 1598 334 1642 praedictum
345 1599 458 1633 audire
470 1606 500 1633 et
519 1600 663 1633 ediscere
675 1599 880 1640 tenebantur;

132 1661 171 1685 ac
193 1662 252 1695 pro
271 1663 384 1686 eorum
401 1653 644 1686 sustentationis
669 1654 880 1687 subventione

133 1710 235 1738 cei-tas
272 1712 378 1750 partes
406 1717 463 1739 seu
495 1706 672 1750 portiones
692 1707 877 1747 fructuum,

131 1758 317 1792 reddituum
327 1765 358 1792 et
369 1765 582 1804 proventuum
595 1771 612 1792 a
631 1770 739 1792 mensa
752 1760 879 1793 archie—

129 1811 298 1856 piscopali,
320 1823 357 1846 ac
376 1823 442 1846 uno
462 1818 567 1845 etuna
583 1824 619 1845 ex
637 1813 880 1847 canonicatibus

131 1871 164 1898 et
181 1865 373 1910 praebendis
393 1865 546 1899 ecclesiae
564 1867 748 1900 Elborensis
765 1867 878 1901 huius-

124 1919 216 1953 'modi
237 1920 362 1964 pridem
382 1920 620 1953 dismembratis
635 1947 643 1961 ,
666 1925 697 1953 et
722 1920 767 1954 eis
786 1922 825 1954 ad
846 1922 878 1954 id

130 1972 308 2016 assignatis,
329 1984 386 2006 seu
406 1973 499 2006 dietis
526 1973 738 2017 cappellaniis
767 1985 876 2018 respe-

130 2025 212 2060 ctive
231 2027 400 2071 applicatis
420 2027 589 2071 percipere
605 2027 689 2059 soliti
714 2033 816 2067 erant,
839 2040 876 2061 ac

128 2079 206 2113 alias
221 2081 281 2114 sub
299 2081 395 2114 certis
410 2081 507 2113 modo
527 2086 558 2114 et
578 2081 681 2113 forma
701 2082 740 2113 ab
760 2081 873 2114 eodem

127 2132 267 2167 Henrico
289 2145 376 2177 rege,
402 2140 480 2167 tunc
505 2135 665 2178 praesule,
688 2135 764 2167 olim
785 2134 876 2167 insti-

128 2191 226 2228 tutas,
246 2192 404 2232 perpetuo
423 2188 661 2231 suppressimus
685 2193 716 2220 et
742 2188 875 2221 extinxi-

127 2250 220 2280 mus;
242 2240 436 2284 illarumque
456 2241 501 2274 sic
521 2252 768 2285 suppressarum
780 2247 874 2275 etex—

126 2293 313 2335 tinctarum,
338 2304 465 2327 necnon
485 2305 503 2326 a
523 2305 632 2327 mensa
652 2296 871 2339 archiepisco-

126 2347 191 2390 pali
224 2358 283 2391 per
312 2347 506 2390 posteriores
542 2349 664 2381 litteras
683 2349 870 2382 huiusmodi

125 2406 272 2444 separata
282 2406 313 2434 et
325 2401 554 2434 dismembrata
565 2402 700 2443 fructus,
714 2403 869 2443 redditus,

124 2459 320 2495 proventus,
356 2454 427 2487 iura
441 2481 449 2494 ,
488 2455 708 2494 obventiones,
743 2456 868 2488 emolu-

125 2507 244 2543 menta,
256 2503 471 2547 proprietates
483 2509 514 2536 et
525 2504 866 2546 possessiones‚Sancti

127 2548 266 2593 Spiritus
277 2563 312 2585 ex
326 2558 402 2585 tunc.
422 2559 452 2585 et
466 2552 537 2585 aliis
547 2553 710 2595 erigendis
722 2554 867 2596 collegiis

124 2607 162 2630 ae
178 2597 329 2644 hospitali
348 2601 546 2641 huiusmodi,
568 2606 739 2645 postquam
760 2611 867 2637 erecta

121 2644 239 2688 forent,
252 2649 338 2684 iuxta
350 2652 517 2694 providam
533 2651 671 2695 desuper
682 2662 739 2695 per
759 2651 864 2693 ipsum

202 2708 276 2739 Bull.
297 2711 376 2742 Rom.
414 2711 468 2740 Vol.
488 2709 559 2739 wll.
739 2706 776 2735 3ss

943 636 999 668 ctis
1020 637 1126 670 locum
1150 644 1180 671 et
1200 639 1431 675 liabitationffl‘u
1454 644 1485 676 in
1507 646 1599 679 dictis
1625 649 1690 680 col-

941 690 1032 732 legiis
1060 702 1116 724 seu
1147 703 1260 725 corum
1290 694 1414 737 aliquo,
1449 705 1542 739 prout
1582 700 1686 733 cidem

939 743 1077 777 chrico
1097 746 1177 788 regi,
1192 752 1268 779 tuuc
1284 750 1436 791 praesuli,
1455 752 1553 793 magis
1570 764 1685 787 convc-

938 796 1006 829 nirc
1026 798 1127 831 visum
1149 800 1242 840 soret,
1263 803 1481 836 concessimus
1499 811 1527 837 et
1548 807 1684 848 assigna-

936 847 1051 883 vimus.
1074 852 1148 885 Post
1168 854 1364 897 completum
1386 862 1492 889 autem
1510 859 1557 890 sui
1574 859 1681 891 euius-

935 914 999 946 que
1024 905 1119 937 studii
1147 917 1298 947 cursum,
1324 909 1371 941 vel
1406 909 1483 942 alias
1508 910 1582 953 ipsis
1608 913 1681 945 ind:

934 958 1171 999 recedentibus,
1194 959 1325 993 illorum
1351 962 1422 995 loco
1445 968 1489 995 tot
1506 964 1585 997 alios
1605 976 1680 1008 cap-

933 1010 1088 1052 pellanus,
1107 1017 1187 1055 quot
1206 1013 1309 1046 eidem
1331 1015 1470 1048 Heni-ico
1491 1017 1571 1059 regi,
1604 1026 1680 1050 tun:

931 1064 1086 1106 praesuli,
1108 1065 1211 1098 visum
1237 1066 1331 1106 foret,
1364 1068 1394 1100 in
1416 1069 1508 1101 dictis
1535 1071 1678 1113 collegiis

930 1126 987 1149 scu
1008 1128 1119 1150 corum
1141 1119 1262 1162 aliquo,
1285 1120 1373 1153 iuxta
1394 1121 1481 1154 illius
1501 1123 1676 1155 ordinatio-

929 1180 1003 1202 nem
1029 1176 1059 1203 ct
1092 1171 1362 1215 dispositionem,
1390 1175 1611 1219 subrogandos
1640 1188 1676 1209 ac

930 1226 1185 1258 inanutcnendos
1221 1227 1289 1260 fore
1315 1234 1343 1260 ct
1385 1239 1452 1261 esse
1483 1230 1674 1269 statuimus,

927 1283 1024 1319 prout
1043 1277 1075 1310 in
1092 1278 1225 1321 singulis
1240 1281 1358 1313 nostris
1373 1281 1487 1314 litteris
1502 1283 1675 1325 praedictis

926 1330 1054 1373 plenius
1075 1332 1272 1366 continetur.

968 1384 983 1427 ξ
1003 1384 1034 1417 3.
1057 1385 1135 1418 Cum
1157 1392 1277 1425 autem,
1299 1387 1380 1420 sicut
1398 1388 1501 1421 dictus
1517 1389 1674 1422 Ilenricus
1721 1405 1789 1424 enm
1814 1413 1872 1430 prae.

925 1448 979 1470 rex
1004 1439 1097 1472 nobis
1120 1450 1227 1483 nuper
1250 1441 1367 1484 exponi
1393 1442 1478 1483 fecit,
1512 1443 1600 1486 ipse,
1627 1432 1872 1479 vi-fssffitissfw‘mu'

923 1501 1000 1533 gere
1017 1492 1176 1525 dictarum
1188 1493 1382 1533 litterarum,
1406 1495 1436 1527 in
1449 1495 1534 1528 dicta
1547 1497 1672 1530 civitate

924 1555 1024 1588 prope
1049 1546 1221 1589 collegium
1252 1546 1283 1580 S.
1314 1547 1451 1590 Spiritus
1486 1549 1672 1583 huiusmodi

923 1598 1011 1630 aliud
1041 1600 1213 1642 collegium
1240 1600 1299 1633 sub
1325 1601 1526 1634 invocatione
1553 1603 1670 1636 Purifi-

922 1652 1056 1685 cationis
1080 1653 1194 1686 Beatae
1217 1653 1321 1686 Mariae
1342 1654 1478 1697 Virginis
1498 1666 1557 1699 pro
1577 1656 1671 1689 dictis

922 1706 1119 1749 cappellanis
1139 1712 1170 1740 et
1185 1708 1280 1740 certis
1293 1708 1364 1741 aliis
1381 1709 1614 1751 collegialibus,
1633 1721 1670 1743 ae

921 1769 1021 1791 unum
1044 1760 1214 1804 hospitale,
1238 1762 1270 1794 in
1291 1773 1355 1805 quo
1383 1769 1447 1795 tam
1483 1763 1667 1805 collegialcs

920 1823 1018 1855 quam
1055 1824 1213 1857 pauperes
1250 1815 1413 1848 scholares
1447 1815 1666 1848 Universitatis

919 1866 1117 1907 huiusmodi,
1139 1868 1386 1900 occurrentibus
1402 1879 1513 1901 eorum
1532 1868 1666 1900 intirmi-

919 1920 1047 1958 tatibus,
1070 1921 1168 1964 recipi
1191 1927 1220 1954 et
1241 1921 1348 1954 curari
1367 1922 1514 1961 debeant,
1529 1923 1666 1955 erexerit

918 1979 948 2006 ct
968 1974 1155 2014 instituerit;
1171 1986 1207 2007 ac
1225 1981 1286 2007 tam
1303 1974 1576 2018 cappellaniarum
1589 1986 1664 2018 sup-

918 2038 1113 2070 pressarum,
1135 2039 1233 2072 quam
1253 2040 1271 2061 a
1291 2028 1413 2060 fabrica
1434 2033 1464 2060 et
1485 2037 1594 2060 mensa
1614 2038 1663 2060 ar-

917 2080 1146 2124 chiepiscopali
1183 2088 1329 2124 separata
1373 2086 1403 2113 ct
1435 2080 1663 2114 dismembrata

916 2135 1051 2174 fructus,
1079 2135 1236 2173 reddum,
1264 2139 1458 2176 ploxenum,
1486 2133 1574 2172 iura,
1601 2133 1660 2166 ob-

915 2188 1091 2228 ventiones,
1123 2187 1354 2231 possessiones,
1384 2185 1597 2229 proprietates
1631 2192 1662 2219 et

914 2242 1130 2274 emolumenta
1151 2240 1315 2284 praedicta
1335 2239 1418 2271 inter
1435 2239 1570 2281 collegia
1583 2238 1661 2272 San-

914 2294 955 2327 cti
975 2294 1113 2338 Spiritus
1134 2300 1162 2325 ct
1185 2291 1421 2325 purificationis
1444 2302 1481 2324 ac
1500 2291 1659 2334 hospital}

912 2348 1110 2387 huiusmodi,
1133 2357 1245 2379 cerum
1272 2345 1401 2377 cuilibet
1432 2355 1522 2377 suam
1556 2351 1658 2377 ratam

913 2408 1034 2445 partem
1048 2399 1251 2442 assignando,
1267 2398 1406 2430 dividere
1424 2403 1454 2430 et
1469 2398 1657 2441 compartiri

911 2455 1065 2492 intendat,
1087 2466 1141 2485 seu
1158 2454 1264 2485 forsan
1278 2457 1348 2495 post
1370 2452 1485 2484 factam
1504 2462 1563 2495 per
1582 2462 1656 2484 eum

910 2505 1097 2537 divisionem
1117 2509 1144 2535 ct
1161 2501 1440 2545 compartitionem
1453 2500 1655 2540 huiusmodi,

909 2565 943 2587 re
980 2553 1137 2585 maturius
1167 2560 1345 2594 perpensa,
1373 2549 1653 2588 animadverteret,

907 2613 1005 2646 super
1025 2601 1192 2644 regimine,
1215 2598 1373 2643 gubernio
1394 2604 1425 2630 et
1453 2598 1656 2631 administra-

908 2653 993 2686 tione
1013 2651 1139 2694 collegii
1164 2648 1402 2683 Purificationis
1427 2653 1458 2680 et
1485 2646 1656 2692 hospitalis
