2059 3228
873 230 1052 256 nULLAmUM
1070 230 1221 256 ROMANIJM

1069 281 1229 316 eiusmodi
1257 281 1487 326 expeditiones,
1514 280 1606 315 aliter
1633 291 1729 326 quam
1756 281 1816 316 sub

1068 335 1199 369 nomine
1223 340 1253 369 et
1281 334 1386 379 sigillo
1413 333 1595 374 camerarii,
1623 335 1728 368 facere
1760 339 1817 369 aut

1068 389 1271 423 subscribere
1296 388 1446 429 audeant,
1468 397 1573 432 neque
1592 386 1655 421 alia
1673 387 1815 422 subscri·

1070 444 1180 487 ptione
1200 443 1246 475 uti
1267 452 1363 486 quam
1397 441 1472 474 Visa
1498 446 1576 483 etc.,
1597 451 1703 485 neque
1723 452 1817 486 expe-

1067 496 1206 529 ditiones
1229 495 1305 529 alibi
1329 505 1426 539 quam
1445 494 1478 528 in
1502 494 1634 529 Camere
1652 493 1817 538 registrari

82 235 133 261 An.
153 233 265 262 (ῑ.1534
327 224 390 259 498

82 295 267 316 confirmanda-tas
283 295 393 317 rerum
413 282 666 327 perturbationis
686 293 703 316 a
723 281 817 316 dictis
840 282 965 316 clericis
989 283 1028 316 ad

83 329 519 376 1523.{¹'1¹i¹1¹'2¹1¹i{.excusationem
562 336 813 380 propositarum,
858 336 1027 380 indignum

82 386 266 438 :}2;2¹2e}2e¹¹21'gj
282 390 461 422 iudicantes
478 389 560 422 iusta
579 400 617 422 ac
636 389 778 432 legitima
797 389 931 423 Romani
945 391 1027 424 Pon-

85 448 155 488 cergnit
179 448 264 482 praedi-
281 442 374 474 tilicis
398 442 527 475 decreta
551 441 706 486 perfringi
732 442 851 486 privata
880 443 1025 484 licentia,

83 481 128 529 iffi
149 479 266 530 Ϋῗῗέξέὲῗξ
280 505 383 537 neque
401 505 494 527 suum
516 495 695 528 camerario
720 495 770 529 ius
798 502 893 540 atque
924 497 1026 530 hono-

103 1945 259 1973 praecepitque

77 1978 160 1998 eisdem
175 1978 259 1998 clericis

76 2012 98 2029 ut
115 2015 186 2030 munes
197 2015 259 2036 expe-

77 2039 169 2060 ditiones
177 2041 213 2060 sub
223 2046 260 2060 no-

76 2071 132 2090 mine
149 2073 169 2090 et
191 2070 271 2096 sigillo'

77 2102 188 2122 camerarii
230 2103 261 2122 si—

76 2135 149 2157 gnent,
175 2136 258 2153 etcum

78 2163 124 2182 sola
152 2163 260 2190 subscrip-

79 2195 136 2214 tione
150 2194 198 2214 Visa
209 2198 258 2219 ete,

78 2226 172 2251 exceptis
192 2227 261 2246 causis

79 2256 173 2276 datorum
220 2257 261 2277 illis

79 2286 235 2313 guberniorum3

80 540 198 565 ¹⁴⁰⁵e²¹d⁴³³
235 554 242 558 ’
279 558 360 586 rem,
386 548 425 581 ab
450 548 500 581 his
523 549 714 592 praesertim
734 559 873 593 quorum
895 550 960 594 ipse
982 555 1028 584 est

279 594 394 644 caput]
409 601 548 645 relinqui
577 606 607 635 et
638 603 833 644 conservari,
864 603 1026 647 istumque

278 654 473 687 clericorum
494 655 685 698 expediendi
700 656 831 689 modum
846 662 957 690 contra
972 668 1027 690 an-

276 707 381 751 tiquas
402 708 623 752 expeditiones
643 714 674 742 et
693 710 1025 754 constitutionesapo-

276 761 405 795 stolicas
429 772 497 796 esse
522 762 750 808 intelligentes,
778 768 868 797 motu
893 764 1025 808 proprio

275 820 305 847 et
325 826 362 848 er.
382 822 471 849 certa
489 816 623 850 scientia
642 823 762 858 nostra,
778 817 883 861 deque
897 824 1025 861 aposto-

274 869 355 903 licae
366 870 532 914 potestatis
542 870 756 915 plenitudine,
766 871 825 904 hac
834 876 943 905 nostra
954 875 1027 915 per-

274 929 372 966 petua
410 924 656 966 constitutione,
682 925 882 969 supradictas
906 925 1025 959 Roma-

274 987 392 1010 norum
422 977 616 1011 Pontificum
645 979 934 1023 praedecessorum
968 990 1025 1012 no-

273 1035 416 1064 strorum
440 1031 696 1073 constitutiones,
732 1032 965 1066 declarationes
995 1038 1026 1066 et

274 1084 404 1117 decreta
424 1085 544 1126 omnia,
567 1085 759 1118 auctoritate
779 1085 965 1130 apostolica,
980 1091 1026 1119 te-

273 1147 353 1170 nore
376 1138 610 1182 praesentium,
637 1138 856 1183 approbamus
888 1143 918 1172 et
945 1149 1024 1172 con-

273 1190 442 1225 firmamus
461 1198 510 1233 et,
537 1197 697 1236 quatenus
720 1203 801 1236 opus
830 1192 880 1233 sit,
911 1193 1024 1226 eadem

273 1245 383 1278 omnia
415 1245 453 1279 de
481 1253 563 1279 novo
601 1246 828 1287 decernimus;
858 1246 1024 1290 dictasque

274 1298 469 1332 clericorum
493 1299 714 1343 expeditiones
738 1310 861 1341 omnes,
897 1309 1025 1333 necnon

272 1351 391 1392 banna,
414 1352 531 1394 edicta,
553 1363 724 1386 causarum
745 1363 763 1385 a
787 1353 965 1386 camerario
989 1364 1024 1387 a-

272 1406 456 1439 vocationes
479 1411 511 1439 et
534 1406 746 1439 inhibitiones
770 1406 810 1440 de
840 1412 946 1440 cetero
976 1407 1024 1440 sa-

274 1457 416 1500 ciendas‚
449 1459 566 1500 nullas,
601 1459 709 1493 irritas
746 1465 777 1493 et
799 1460 955 1494 invalidas
987 1471 1025 1494 ex

272 1522 361 1545 nunc
380 1523 448 1546 esse
468 1513 682 1555 declaramus,
705 1523 882 1559 omnesque
902 1514 1025 1548 adictis

273 1565 412 1608 clericis,
445 1566 490 1600 ita
518 1572 553 1600 ut
581 1567 702 1601 dictum
742 1573 801 1610 est,
827 1568 867 1604 ad
889 1568 1024 1612 quaevis

272 1619 390 1660 officia,
412 1620 575 1661 exercitia,
599 1621 794 1663 curationes,
821 1621 1024 1656 administra-

272 1672 376 1706 tiones
404 1674 574 1717 deputatos
602 1685 802 1716 revocamus,
829 1686 909 1709 neve
933 1686 966 1710 se
990 1675 1024 1709 in

273 1725 318 1759 eis
334 1727 474 1771 amplius
497 1727 644 1771 ingerere
670 1728 804 1772 possint,
827 1729 887 1762 sub
910 1729 1024 1773 poenis

272 1781 384 1813 nostro
403 1786 434 1814 et
453 1781 589 1814 Romani
613 1781 778 1815 Pontificis
798 1782 857 1826 pro
877 1787 1024 1826 tempore

274 1833 438 1867 existentis
448 1834 581 1868 arbitrio
594 1835 782 1877 statuendis,
798 1835 1020 1879 prohibemus.

318 1887 333 1930 ἓ
358 1888 388 1921 5.
416 1887 545 1921 Eisdem
569 1899 700 1933 quoque
725 1889 848 1922 decano
873 1895 904 1923 et
927 1890 1023 1923 cleri-

275 1940 319 1974 cis
339 1941 499 1975 universis
519 1946 549 1975 et
568 1942 714 1986 singulis,
727 1953 815 1976 nunc
827 1948 857 1976 et
869 1943 928 1987 prb
941 1949 1023 1976 tem-

274 2005 352 2038 pore
386 1995 605 2036 existentibus,
635 1996 693 2029 sub
720 1996 870 2030 omnibus
897 1997 1022 2040 poenis,

274 2058 358 2091 quae
378 2059 436 2092 per
451 2049 654 2092 supradictas
673 2050 918 2084 constitutiones
942 2051 1026 2084 irro-

275 2107 403 2143 gantur,
422 2102 491 2145 ipso
511 2103 594 2136 facto
618 2102 836 2144 incurrendis,
862 2104 1024 2148 praecipi-

276 2164 346 2187 mus
363 2159 394 2187 ct
414 2155 604 2189 mandamus
624 2166 664 2189 ne
683 2157 750 2189 ullo
769 2167 922 2199 umquam
944 2162 1024 2190 tem-

277 2217 365 2250 pore,
386 2208 450 2241 sive
476 2209 624 2243 universe
644 2209 708 2243 sive
732 2209 879 2253 privatim
904 2215 935 2243 et
958 2210 1025 2243 sin-

275 2261 443 2303 gulariter,
478 2262 665 2306 quicquam,
692 2262 789 2296 etiam
813 2263 920 2307 vigore
944 2274 1024 2307 quo-

276 2324 492 2358 rumcumque
512 2316 705 2357 officiorum,
727 2317 1025 2360 praesidentatuum

277 2372 305 2399 et
332 2368 609 2409 praefecturarum
644 2380 701 2403 seu
729 2370 963 2414 rescriptorum
995 2375 1026 2403 et

278 2416 553 2459 commissionum,
594 2417 689 2450 etiam
719 2428 817 2451 manu
847 2424 955 2452 nostra
977 2419 1026 2452 vel

277 2474 499 2499 successorum
520 2473 703 2500 nostrorum
725 2468 933 2510 signatarum,
950 2467 1026 2512 ipsis

278 2512 403 2546 clericis
419 2519 449 2546 et
467 2514 661 2560 cuicumque
682 2527 794 2550 eorum
815 2517 1023 2557 directarum,

278 2561 430 2604 expedire
462 2563 596 2606 possint,
630 2575 690 2598 nec
720 2575 942 2610 quascumque
967 2576 1025 2609 pa-

278 2614 380 2644 tentes
409 2610 530 2646 litteras
566 2623 603 2646 ac
645 2614 847 2659 supradictas
882 2614 1026 2660 aliasque

1067 550 1248 594 patiantur,
1280 550 1425 592 haecque
1449 547 1482 581 in
1506 548 1657 581 omnibus
1675 547 1815 594 expedi-

1066 604 1208 637 tionibus
1231 614 1290 648 per
1310 603 1446 636 clericos
1470 601 1670 646 supradictos
1695 600 1817 636 facien-

1066 658 1114 691 dis
1133 657 1305 701 diligenter
1320 656 1439 690 servari
1459 656 1610 690 volumus
1634 660 1666 689 et
1683 655 1818 688 manda-

1067 722 1150 752 mus,
1173 710 1313 754 exceptis
1333 710 1500 743 dumtaxat
1518 715 1549 743 et
1568 708 1738 743 reservatis
1756 719 1817 752 gu-

1066 765 1186 798 berniis
1207 764 1347 797 Civitatis
1366 763 1502 804 Veteris,
1522 763 1680 807 Tulphae,
1705 762 1818 796 Caesa-

1066 829 1139 851 rum
1167 824 1198 851 et
1222 824 1383 851 terrarum
1402 816 1659 861 Amulphorum,
1685 815 1720 850 in
1743 814 1816 860 qui-

1066 873 1126 906 bus
1146 873 1186 906 de
1204 882 1294 905 more
1309 871 1460 916 expedire
1479 870 1616 914 possint.

1111 925 1126 969 ἓ
1146 925 1177 959 6.
1200 925 1265 959 Sub
1285 925 1407 958 eisdem
1428 931 1558 969 quoque
1577 922 1691 967 poenis
1710 922 1816 957 omni·
1865 932 1980 970 *inhibet*

1065 979 1127 1012 bus
1147 978 1291 1012 eiusdem
1311 978 1464 1012 Gamerae
1479 977 1614 1011 notariis
1633 976 1818 1010 inhibemus
1831 967 1933 1019 ξῖἷξζζζζο
1947 969 1960 986 ⁶

1066 1043 1106 1066 ne
1126 1033 1158 1066 in
1178 1038 1344 1077 posterum
1364 1031 1546 1077 praedictas
1564 1041 1625 1065 nec
1639 1031 1723 1065 ullas
1737 1030 1817 1064 alias
1830 1027 1932 1055 ⁵⁰¹¹b⁸¹¹⁸⁵

1066 1087 1294 1131 expeditiones,
1315 1096 1524 1130 quocumque
1547 1084 1680 1119 nomine
1704 1084 1817 1129 appel-

1065 1141 1155 1181 tatas,
1175 1140 1311 1184 gratiam
1330 1141 1378 1174 vel
1402 1140 1557 1173 iustitiam
1582 1145 1817 1173 concernentes

1065 1199 1121 1227 aut
1140 1194 1267 1234 mixtas,
1289 1199 1354 1226 tam
1374 1193 1406 1226 in
1430 1193 1576 1226 Romana
1598 1192 1695 1226 Curia
1718 1201 1815 1235 quam

1066 1252 1153 1281 extra
1173 1258 1256 1288 eam,
1286 1247 1380 1280 aliter
1405 1257 1503 1291 quam
1536 1245 1596 1280 sub
1623 1245 1756 1279 nomine
1785 1249 1817 1279 et

1066 1301 1176 1345 sigillis
1196 1311 1255 1345 pro
1279 1306 1425 1344 tempore
1444 1299 1606 1333 existentis
1626 1298 1814 1340 camerarii,

1066 1356 1217 1396 scribere,
1229 1354 1432 1388 subscribere
1440 1359 1495 1387 aut
1502 1353 1652 1398 expedire
1660 1352 1811 1386 audeant.

1108 1409 1125 1453 ξ
1145 1409 1176 1442 7.
1198 1409 1312 1442 Itidem
1331 1418 1461 1452 quoque
1478 1412 1509 1441 et
1524 1407 1582 1441 sub
1596 1407 1718 1440 eisdem
1734 1415 1813 1450 poe·
1852 1419 1913 1457 napae
1942 1417 1970 1446 ιιι

1065 1462 1126 1504 nis,
1148 1461 1246 1496 simili
1265 1463 1361 1496 modo
1386 1461 1603 1501 incurrendis,
1629 1459 1814 1493 inhibemus
1827 1452 1983 1505 ξξξξζξζζξω,

1065 1517 1226 1550 dictorum
1264 1515 1458 1550 clericorum
1489 1513 1672 1548 secretariis
1700 1517 1731 1546 et
1754 1523 1812 1546 au·
1826 1512 1953 1542 n⁰e¹r0⁶¹¹¹
1981 1544 1986 1545 ⁷

1065 1570 1224 1604 ditoribus
1240 1575 1271 1603 et
1289 1569 1360 1602 aliis
1379 1568 1641 1613 quibuscumque
1652 1572 1740 1600 extra
1753 1566 1813 1600 Ca·
1827 1543 1968 1599 differri-iim

1064 1635 1187 1658 meram
1207 1623 1428 1663 existentibus,
1448 1633 1490 1656 ne
1508 1623 1591 1656 ullas
1610 1621 1744 1655 omnino
1764 1630 1815 1654 ex·
1827 1609 1944 1667 ζ’,ζζῖζζᾞ
1977 1643 1979 1645 ·

1064 1678 1244 1723 peditiones
1264 1687 1301 1710 ex
1320 1675 1524 1721 supradictis,
1545 1686 1606 1709 nec
1625 1674 1702 1708 alias
1720 1683 1816 1718 quas-

1065 1742 1205 1775 cumque
1223 1741 1320 1776 super
1339 1730 1435 1763 rebus
1451 1729 1491 1762 ad
1510 1729 1628 1762 dictam
1647 1728 1814 1762 Cameram

1064 1785 1301 1830 pertinentibus
1328 1784 1376 1817 vel
1409 1783 1449 1816 ab
1479 1782 1525 1816 eis
1557 1779 1816 1825 dependentibus

1063 1839 1171 1872 facere
1196 1843 1251 1872 aut
1274 1836 1489 1877 subscribere,
1515 1846 1572 1869 seu
1591 1834 1625 1867 in
1645 1834 1691 1867 eis
1710 1844 1744 1867 se
1763 1833 1813 1866 in-

1064 1904 1177 1938 gerere
1201 1902 1409 1938 quocumque
1432 1895 1601 1936 praetextu
1625 1900 1681 1923 seu
1705 1889 1815 1922 colore

1064 1947 1216 1981 audeant.

1109 2001 1124 2044 g
1148 2000 1178 2033 8.
1202 1996 1319 2033 Omnes
1338 2003 1446 2032 autem
1467 1997 1669 2042 supradictas
1688 2001 1719 2029 et
1737 1995 1814 2028 alias
1854 2008 1984 2045 eonem?

1065 2053 1242 2088 cameralcs
1277 2052 1506 2096 expeditiones,
1541 2060 1669 2084 necnon
1698 2055 1814 2083 tractas
1828 2041 1958 2097 ffifflgss'
1976 2069 1978 2071 -
1995 2060 2004 2088 -2

1065 2106 1163 2140 tritici
1188 2111 1220 2139 et
1247 2105 1385 2138 aliarum
1416 2110 1573 2148 segetum,
1603 2103 1699 2137 etiam
1728 2108 1816 2137 extra
1829 2104 1896 2154 geatam
1910 2104 1961 2153 {¹:⁰¹⁰

1066 2160 1191 2194 Statum
1202 2158 1475 2199 Ecclesiasficum,
1489 2167 1667 2201 earumque
1687 2156 1816 2200 expedi·
1828 2164 1888 2186 rium-

1066 2214 1182 2254 tiones,
1209 2213 1249 2246 ad
1274 2212 1486 2246 camerarium
1512 2212 1617 2245 solum
1638 2216 1668 2244 et
1691 2221 1758 2244 non
1775 2210 1816 2244 ad
1968 2243 1971 2246 ,

1066 2267 1166 2301 alium
1191 2272 1336 2310 spectare
1361 2270 1391 2299 et
1413 2265 1576 2310 pertinere
1596 2264 1813 2298 decernimus.

1108 2321 1125 2364 ἓ
1145 2320 1176 2354 9.
1200 2320 1239 2354 Et
1257 2330 1337 2364 quas
1357 2324 1467 2353 contra
1486 2319 1622 2353 formam
1642 2317 1741 2352 huius
1758 2327 1816 2351 no-

1067 2380 1151 2408 strae
1177 2373 1413 2408 constitutionis
1436 2372 1469 2406 in
1493 2377 1595 2406 totum
1616 2373 1664 2406 vel
1688 2371 1721 2405 in
1740 2382 1814 2416 par·
1967 2371 1972 2376 '

1066 2429 1131 2457 tem
1152 2423 1185 2456 in
1209 2424 1354 2456 futurum
1379 2422 1449 2456 fieri
1474 2422 1656 2465 contigerit,
1683 2420 1814 2454 omnino

1068 2473 1173 2505 nullas
1193 2477 1287 2516 atque
1307 2472 1413 2505 irritas
1432 2482 1501 2505 esse
1517 2471 1731 2504 declaramus.
1745 2469 1814 2503 Sic·
1966 2467 1988 2491 ’Ἀ

1067 2532 1130 2564 que
1155 2531 1214 2565 per
1236 2531 1458 2565 quoscumque
1490 2519 1611 2554 iudices
1636 2517 1814 2552 ordinarios

1068 2575 1098 2602 et
1117 2569 1291 2612 delegatos,
1310 2568 1406 2603 etiam
1420 2578 1590 2602 causarum
1606 2567 1716 2601 Palatii
1732 2567 1814 2610 Apo-

1067 2617 1170 2652 stolici
1195 2618 1360 2653 auditores
1383 2623 1414 2652 et
1436 2617 1468 2652 S.
1495 2617 1532 2651 R.
1558 2617 1594 2650 E.
1621 2615 1811 2655 cardinales,

1958 888 1961 890 .
1947 432 1957 443 ο

1976 1878 2001 1982 {i

1978 1963 1983 1979 l

1895 2259 2004 2386 Beer}

1830 2354 1924 2376 irritans.

1974 2427 1981 2437 v

1979 2164 1995 2198 ὅ.

1980 2201 1996 2226 ‘t

1980 2233 1995 2255 ει

1979 2386 1993 2428 'f

1980 2429 1988 2463 ἓ
