2059 3228
14 501 118 948 {-

67 272 75 281 ,
91 227 169 267 ,4586

481 282 616 316 CLXXII.

179 358 335 404 Deposita
346 361 560 404 pecuniarum
572 359 717 393 actualia
727 369 826 403 supra
838 368 926 392 sum-

223 423 314 446 mam
343 417 501 446 scutorum
526 415 678 458 quinque,
697 412 859 445 occasione
885 411 925 443 li-

225 466 308 499 tium
317 467 352 499 in
367 467 452 499 alma
469 467 549 499 Urbe
560 467 680 509 fienda,
693 464 927 510 apmlitlontem

223 519 364 553 Pietatis
383 520 421 553 dc
437 525 537 553 cetero
556 521 651 563 fiant.

163 585 166 632 J
210 589 357 627 Gregorius
379 591 532 627 episcopus.
552 598 648 620 servus
673 596 812 620 servorum
835 590 893 624 Dei,

320 646 353 674 ad
372 647 532 681 perpetuam
549 645 591 674 rei
612 645 780 674 memoriam.

220 715 308 750 Inter
334 717 530 762 multiplices
563 717 663 751 animi
686 716 787 750 nostri
817 727 923 758 curas,

177 779 258 814 quas
276 780 337 814 pro
365 771 516 815 pastorali
554 771 660 804 officio
683 771 778 804 nobis
803 771 927 804 incum-

176 823 270 865 hunt,
292 824 348 858 illa
366 824 540 869 praecipue
560 830 672 868 pectus
691 831 838 858 nostrum
855 826 927 869 pul-

177 882 236 918 sat,
257 883 294 911 ut
312 877 448 922 quilibet
467 878 527 911 sibi
550 878 692 921 legitime
712 878 856 912 debiturn
881 880 927 912 sa-

173 930 239 968 vcile
262 936 489 974 consequatur,
526 936 557 965 et
589 936 625 964 ut
653 931 780 975 pietatis
811 943 923 976 opera,

175 983 309 1028 quaein
332 984 416 1018 Urbe
446 991 556 1019 nostra
589 991 790 1027 exercentur,
822 986 924 1020 conti-

176 1047 280 1071 nuum
300 1038 477 1082 suscipiant
497 1039 747 1072 incrementum.

219 1092 235 1136 5
265 1091 296 1125 1.
323 1092 418 1134 Sane,
458 1103 568 1126 rerum
589 1093 787 1138 experientia
807 1093 923 1135 edocti,

129 1150 135 1156 '
175 1145 396 1189 comperimus
415 1146 600 1190 saepissime
632 1147 665 1179 in
695 1148 810 1188 causis,
844 1159 927 1191 quae

177 1199 211 1233 in
227 1199 385 1233 universis
396 1200 559 1233 Romanae
573 1201 686 1234 Curiae
701 1201 926 1241 tribunalibus,

176 1257 274 1297 atque
295 1253 392 1287 etiam
411 1253 444 1286 in
464 1254 534 1297 ipso
554 1253 654 1287 Rotae
675 1254 928 1288 Auditorioven-

177 1306 323 1347 tilantur‚
364 1306 434 1340 fieri
468 1307 607 1340 actualia
642 1307 797 1351 deposita*
828 1319 927 1352 pecu-

178 1359 307 1394 niarum
324 1370 425 1404 penes
435 1360 576 1394 notarios
596 1360 767 1401 actuarios,
790 1372 928 1405 quorum

127 1430 133 1436 ·
179 1413 431 1458 consignationis
450 1425 524 1447 cum
554 1414 683 1447 tandem
704 1415 772 1448 dies
795 1415 929 1448 advene-

179 1468 233 1510 rit,
254 1479 372 1502 novum
392 1468 470 1513 ipsis
485 1468 928 1502 creditoribusinchoandum

180 1532 249 1556 esse
266 1521 424 1556 iudicium
444 1532 503 1566 pro
528 1522 629 1566 ipsius
650 1523 787 1565 depositi
823 1523 929 1555 consi-

180 1575 343 1619 gnatione,
368 1586 442 1608 cum
467 1575 516 1608 vel
543 1585 581 1608 ex
609 1581 711 1608 morte
738 1576 855 1608 notarii
882 1577 930 1609 vel

181 1629 245 1663 alia
262 1624 374 1673 quavis
396 1629 565 1662 occasione
598 1629 803 1662 difficultates
833 1630 930 1663 innu-

181 1693 298 1718 merae,
319 1682 477 1716 oriantur.
510 1682 742 1726 Conspeximus
771 1683 866 1716 etiam
896 1683 931 1716 li-

182 1736 280 1781 quido
299 1736 496 1780 quandoque
515 1736 688 1777 debitores,
708 1747 782 1769 cum
802 1737 864 1769 alia
883 1737 933 1770 via

183 1790 380 1824 solutionem
400 1791 536 1823 ulterius
557 1790 698 1833 effugere
718 1800 782 1823 non
797 1791 932 1829 valeant,

185 1855 300 1878 curare
331 1844 423 1877 utin
455 1854 569 1878 eorum
603 1844 753 1877 manibus
777 1845 933 1889 pecuniae

179 1903 439 1942 sequestrentur,
456 1903 491 1930 ut
501 1897 643 1931 creditor
659 1898 854 1941 quandoque
870 1909 934 1931 non

185 1951 230 1985 ita
239 1951 346 1985 subito
361 1962 474 1985 cavere
488 1952 600 1991 valeat,
615 1958 669 1984 aut
686 1953 934 1985 controversiam

185 2004 311 2049 patiens
325 2004 524 2038 diutiusiure
537 2015 595 2038 suo
611 2006 795 2045 frustretur,
813 2010 844 2039 et
857 2016 937 2038 nova

176 2058 226 2096 ,lis
241 2058 416 2099 exoriatur,
439 2059 532 2092 cuius
551 2058 698 2102 periculo
716 2058 748 2090 id
773 2058 811 2091 sit
833 2069 937 2092 cessu-

187 2121 274 2153 rum;
295 2122 333 2145 ac-
353 2112 448 2145 etiam
468 2112 724 2145 cavillationibus
757 2112 937 2156 impediunt

189 2175 255 2209 quo
274 2165 382 2198 minus
401 2165 460 2198 sibi
481 2165 620 2198 debitam
642 2165 813 2209 pecuniam
831 2176 940 2199 conse-

192 2224 322 2262 quatur.
356 2213 458 2262 Saepe
489 2219 586 2251 etiam
615 2219 784 2261 pecuniae,
816 2218 940 2251 discus-

154 2284 156 2289 ·
193 2271 323 2309 stonum
342 2271 524 2312 occasione,
561 2271 680 2304 otiosae
714 2272 832 2311 iacent,
863 2283 943 2315 quas

193 2325 227 2358 in
247 2323 429 2368 pauperum
448 2325 618 2358 utilitatem
639 2325 768 2359 interim
794 2331 943 2358 mutuare

195 2378 291 2421 longe
324 2383 511 2421 praestaret.
547 2378 778 2422 Conspeximus
815 2389 943 2422 quoque

187 2437 351 2471 magnum
389 2427 615 2466 commodum,
655 2427 741 2470 quod
771 2437 809 2459 ex
840 2427 944 2459 Monte

150 2477 155 2484 ‘
197 2475 327 2509 Pietatis
354 2476 506 2509 omnibus
528 2476 621 2508 [rhis-
656 2476 770 2509 incolis
802 2476 945 2515 resultat,

775 223 950 253 enzeonms
971 224 1028 251 ΧΠῘ
1049 225 1098 252 PP-

1605 217 1663 251 491

968 285 1040 324 pter
1059 279 1160 323 ipsius
1179 280 1291 313 Montis
1314 285 1426 314 tenues
1450 280 1627 321 facultates,
1649 290 1714 314 non

968 343 1061 376 posse
1079 333 1270 376 calargitate
1283 334 1431 367 omnibus
1442 333 1616 375 subveniri,
1630 344 1714 377 quac

968 387 999 419 in
1022 393 1084 418 tam
1107 397 1221 429 magna
1242 387 1365 421 civitate
1387 394 1417 421 et
1435 398 1615 433 pauperum
1634 388 1716 421 rnul-

967 440 1106 474 titudine
1126 441 1307 484 expedirct3
1327 441 1713 485 ct1⁷·onsidcrantesquam

967 499 1034 527 tute
1058 494 1092 527 in
1113 505 1150 528 eo
1180 494 1284 528 Monte
1317 495 1472 539 pecuniae
1501 496 1712 534 collocentur,

968 558 1043 581 curn
1066 548 1187 582 ibidem
1207 559 1271 582 non
1293 548 1350 581 uisi
1372 549 1558 592 pignoribus
1579 548 1715 581 credun-

1728 231 1780 262 ΑΗ.
1799 230 1826 258 ΕΔ
1845 228 1906 256 1584

968 606 1032 637 tur.
1055 601 1213 644 optimum
1235 602 1303 634 fore
1324 602 1520 641 censuimus,
1549 601 1574 633 si
1600 601 1714 634 codem
1745 632 1748 637 .

968 662 1125 699 tempore,
1143 662 1173 688 et
1184 656 1303 688 abusus
1331 665 1367 688 ac
1394 655 1610 696 difficultates,
1631 665 1714 698 quac

967 709 1055 742 circa
1078 709 1149 752 ipsa
1172 709 1316 753 deposita
1337 715 1367 742 et
1387 709 1516 741 illarum
1545 708 1714 752 consigna-

967 762 1070 797 tiones
1094 763 1295 803 exoriuntur,
1320 762 1517 802 tolleremus,
1540 768 1570 795 ct
1596 766 1631 794 ut
1663 772 1716 806 pe-

968 817 1083 851 cuniae
1094 817 1348 851 abundantiores
1359 816 1391 848 in
1402 816 1515 849 eodem
1526 815 1631 849 Monte
1642 825 1716 848 con-

967 873 1104 906 fluerent
1126 871 1153 912 1,
1175 877 1205 904 et
1226 880 1400 904 usurarum
1423 869 1548 903 occasio
1568 874 1716 902 arceatur

968 927 1223 961 consuleremus.

1011 983 1026 1026 ξ
1050 982 1080 1014 2.
1107 981 1230 1023 Itaque,
1261 978 1311 1011 his
1341 982 1372 1011 et
1402 977 1473 1010 aliis
1493 976 1636 1009 animum
1656 986 1715 1009 no-

969 1042 1070 1070 strum
1084 1035 1178 1078 digne
1199 1032 1401 1066 moventibus
1412 1029 1623 1064 rationalibus
1644 1041 1717 1063 cau-

969 1091 1023 1131 sis,
1045 1095 1134 1122 motu
1156 1087 1288 1131 proprio
1310 1092 1387 1119 etex
1398 1084 1716 1118 certanostrascien-

968 1144 1024 1183 tia,
1041 1142 1193 1177 omnibu-s
1213 1147 1245 1174 et
1265 1140 1399 1182 singulis
1418 1139 1582 1171 Romanae
1604 1137 1718 1170 Curiae

969 1193 1141 1228 iudicibus,
1162 1198 1225 1223 tarn
1246 1187 1469 1223 ecclesiasticis
1489 1197 1586 1230 quam
1608 1197 1719 1219 saecu-

969 1243 1103 1283 laribus,
1127 1241 1224 1274 etiam
1245 1238 1327 1272 sacri
1348 1235 1646 1280 PalatiiApostolici
1665 1245 1721 1267 au-

970 1291 1142 1331 ditoribus,
1170 1300 1207 1322 ac
1232 1289 1328 1322 etiam
1347 1288 1377 1321 S.
1409 1287 1446 1319 R.
1475 1286 1510 1319 E.
1547 1284 1719 1318 cardinali-

969 1342 1041 1381 bus,
1062 1340 1095 1372 in
1115 1340 1233 1373 virtute
1258 1342 1386 1370 sanctae
1407 1334 1612 1369 obedientiae
1624 1344 1720 1378 prae-

971 1390 1110 1434 cipimus
1130 1395 1161 1421 et
1181 1384 1633 1428 mandamusutinquibusvis
1644 1394 1721 1416 cau-

971 1440 1025 1480 sis,
1048 1439 1145 1472 etiam
1171 1437 1406 1475 criminalibus,
1440 1445 1548 1468 coram
1570 1434 1615 1466 eis
1641 1444 1720 1477 pen-

972 1489 1132 1527 dentibus,
1156 1487 1189 1519 in
1218 1486 1326 1530 quavis
1355 1484 1517 1524 instantia,
1541 1488 1572 1516 et
1591 1494 1670 1526 quas
1690 1482 1722 1514 in

971 1540 1117 1571 futurum.
1134 1542 1290 1581 perpetuo
1313 1535 1454 1578 pendere
1475 1531 1721 1575 contigerit,ubi

972 1587 1089 1621 actuali
1109 1586 1322 1631 pecuniarum
1343 1583 1488 1627 deposito
1514 1592 1611 1624 supra
1638 1590 1723 1632 surn-

974 1648 1057 1670 mam
1079 1641 1244 1669 scutorum
1276 1633 1421 1677 quinque
1451 1631 1529 1663 alias
1556 1630 1645 1661 locus
1671 1634 1720 1668 sit,

974 1687 1059 1719 iuxta
1079 1685 1208 1718 decreta
1227 1694 1285 1727 pcr
1310 1682 1396 1726 ipsos
1422 1680 1543 1713 indict->1
1564 1677 1719 1716 facienda,

975 1736 1052 1768 illud
1073 1745 1139 1768 non
1158 1733 1403 1777 ampliuspencs
1419 1729 1571 1767 notarios,
1591 1733 1625 1759 ut
1646 1727 1722 1759 liac-

976 1790 1078 1824 tcnus‚
1095 1783 1162 1823 sed,
1178 1782 1247 1815 sine
1264 1781 1408 1824 ipsorum
1426 1777 1724 1818 notariorumprac-

976 1833 1107 1875 iudicio,
1125 1842 1224 1876 penes
1242 1831 1346 1874 ipsum
1368 1829 1506 1861 Montem
1525 1824 1652 1858 Pietatis
1668 1835 1724 1856 seu

976 1882 1063 1915 illius
1079 1891 1138 1925 pro
1157 1886 1303 1923 tempore
1326 1875 1568 1922 depositarium,
1591 1873 1644 1915 qui
1661 1873 1724 1905 sule

978 1936 1007 1964 et
1028 1930 1234 1964 facultatibus
1254 1928 1387 1971 insignis
1409 1926 1459 1965 sit,
1481 1924 1551 1957 ficri
1565 1929 1593 1956 et
1605 1921 1725 1966 deponi

978 1981 1143 2013 mandent.

1023 2031 1037 2073 ξ
1061 2029 1091 2062 3.
1119 2028 1217 2061 Cuius
1237 2025 1371 2070 ‹lepoffli
1385 2022 1584 2067 consignatio
1604 2021 1655 2054 fiat
1668 2030 1726 2064 per

980 2079 1164 2111 mandatum
1187 2076 1314 2110 iudicis,
1352 2075 1470 2116 alisque
1496 2072 1556 2104 alia
1588 2080 1726 2114 expensa

981 2139 1077 2172 [luam
1099 2138 1134 2160 ea
1155 2137 1236 2169 quac
1257 2123 1459 2167 ripula-ritca:
1492 2121 1578 2153 iuxta
1611 2120 1727 2164 stylum

982 2177 1139 2219 cuiusque
1177 2173 1358 2212 tribunalis,
1401 2181 1460 2214 pro
1497 2170 1583 2202 illius
1622 2168 1728 2202 consi-

983 2225 1133 2268 gnatione
1166 2225 1322 2256 hactenus
1342 2231 1440 2265 penes
1468 2219 1631 2252 notarium
1657 2218 1728 2251 fieri

984 2268 1205 2313 consueverat,
1231 2272 1333 2304 cidem
1361 2269 1486 2302 notario
1511 2273 1636 2301 tantum
1663 2267 1728 2301 sol-

984 2324 1096 2357 venda.
1650 2329 1668 2366 *¹

1029 2374 1044 2415 ξ
1068 2373 1100 2405 4.
1123 2366 1626 2404 Saneusumetconsuctudinem
1636 2365 1732 2399 cedu-

986 2424 1089 2456 larum
1098 2419 1322 2453 'nancariarum
1333 2422 1363 2449 ct
1373 2416 1559 2449 cautionum
1570 2427 1606 2448 ac
1619 2416 1732 2460 pigno-

987 2482 1071 2509 rum,
1094 2471 1170 2503 dum
1191 2479 1240 2500 res
1261 2473 1305 2500 est
1324 2466 1420 2499 dubia
1442 2471 1473 2499 et
1505 2475 1601 2509 super
1631 2475 1668 2498 ea
1694 2464 1733 2497 lis

199 2535 285 2566 cum,
304 2526 364 2558 sub
385 2525 517 2558 minima
538 2525 685 2558 mercede
705 2530 735 2557 et
750 2535 787 2557 ea
804 2535 948 2557 necessa—
988 2520 1117 2564 pendet,
1140 2527 1342 2560 nequaquam
1368 2515 1521 2548 tollimus-

199 2573 248 2606 ria
265 2574 397 2618 quidem
417 2574 450 2607 in
474 2580 621 2618 sumptus
641 2573 729 2617 operi
756 2573 947 2606 incumben-

1027 2590 1035 2614 1
1056 2585 1178 2614 Cherub.
1196 2585 1280 2612 addit:
1298 2591 1350 2618 quo
1367 2583 1469 2617 Iuratus
1484 2585 1507 2609 et
1524 2581 1639 2616 (anplius
1651 2588 1735 2608 neccs-

201 2626 260 2665 tes,
290 2623 443 2661 omnibus
473 2629 691 2656 succurratur.
720 2622 856 2663 Verum,
876 2632 949 2666 pro-
990 2629 1266 2665 atacemuiuentibus
1286 2629 1520 2660 sumu-ranam.
1537 2625 1586 2660 T.).

1751 996 1834 1019 ludices
1843 997 1911 1019 almae

1731 1028 1792 1049 L'rtus
1821 1034 1912 1049 summas

1732 1061 1868 1086 pecuniarum
1877 1059 1914 1080 de-

1731 1090 1839 1116 ponendas
1847 1091 1914 1117 depo-

1731 1122 1750 1141 ni
1761 1121 1913 1147 taciantpenes

1734 1152 1825 1174 §iontem
1842 1151 1914 1173 Pieta-

1733 1184 1768 1204 us.

1772 2044 1924 2073 nepesinam-

1743 2078 1833 2103 signati.»
1875 2076 1922 2100 liat,

1743 2109 1798 2129 null-1
1815 2109 1876 2128 ..ueta
1884 2110 1925 2128 08-

1743 2144 1815 2166 pensa.

1745 2377 1800 2399 usus
1808 2376 1927 2399 cedntarum

1747 2418 1770 2430 uc
1821 2410 1929 2435 pignorum

1748 2446 1790 2462 non
1805 2439 1896 2465 tolum,
