2059 3228
46 247 131 280 '157⁸

138 311 198 346 hus
235 310 280 344 vel
311 310 386 344 locis
409 310 573 344 extrahere
609 309 655 342 vel
687 310 858 341 transferre
875 335 882 348 ,

139 370 194 399 aut
224 365 290 398 illos
329 365 453 397 mittere
491 364 530 396 ad
569 372 784 406 quascumque
807 360 883 394 alias

139 421 243 462 partes
271 418 318 450 vel
356 417 553 460 provincias,
578 417 674 449 etiam
698 415 857 448 ludiarum
875 441 882 454 ,

139 470 235 504 etiam
261 480 318 513 pro
342 470 485 502 custodia
503 469 608 502 Sancti
622 467 765 511 Gregorii
784 467 815 499 in
832 467 881 500 ln-

142 521 204 555 diis
228 521 426 565 Philippiuis,
445 522 497 553 ubi
516 522 630 554 domus
653 531 707 554 seu
724 523 882 552 monaste-

141 575 190 608 ria
214 574 356 618 ipsorum
390 575 523 607 fratrum
562 574 824 607 Discalceatorum
849 571 881 603 in

142 632 305 671 posterum
330 628 483 660 canonice
508 632 634 670 recepta
657 625 795 666 suerint,
820 625 879 657 nisi

138 690 202 720 eos,
226 680 280 723 qui
305 690 324 712 a
346 680 491 722 patribus
522 680 552 712 in
578 679 716 722 capitulo
740 678 880 711 eiusdem

139 733 321 778 provinciae
338 733 441 766 Sancti
463 732 585 775 Ioseplii
610 731 787 774 specialiter
804 731 881 763 assi-

141 785 229 829 gnati
254 785 382 827 suerint,
408 787 452 818 vel
476 786 552 818 alias
569 785 601 817 in
618 785 729 818 eodem
745 785 881 828 capitulo

141 837 236 872 fuerit
282 838 463 871 ordinatum
483 849 489 877 ;
546 838 694 881 quodque
740 837 881 871 custodia

139 890 245 924 Sancti
283 891 426 934 Gregorii
467 891 629 934 praedicta
667 891 771 924 eidem
810 902 882 935 pro-

138 943 261 977 vinciae
285 944 389 977 Sancti
413 944 534 987 loseplii
559 944 700 977 subiecta
723 949 751 977 et
778 944 883 977 incor-

138 1001 250 1039 porata
272 996 392 1036 existat,
417 1001 510 1039 prout
528 1007 584 1029 nos
601 996 686 1029 illam
703 997 818 1029 harum
835 1008 883 1030 se-

138 1049 188 1082 rie
212 1048 399 1082 subiieimus
423 1054 451 1082 et
479 1049 741 1092 incorporamus,
782 1051 882 1083 donec

138 1111 176 1134 ea
200 1101 232 1134 in
255 1101 451 1145 provinciam
478 1101 563 1135 iuxta
587 1102 714 1135 Ordinis
738 1103 881 1136 instituta

139 1153 234 1187 suerit
257 1159 373 1192 erecta:
396 1165 432 1187 ac
455 1155 539 1197 quod
562 1155 764 1198 provincialis
780 1156 881 1188 dictae

138 1206 320 1250 provinciae
336 1207 440 1240 Sancti
458 1208 581 1252 Iosephi
605 1209 704 1252 possit
728 1215 758 1243 et
782 1212 880 1243 valeat

137 1258 250 1292 fratres
272 1258 412 1293 eiusdem
438 1260 618 1302 provinciae
644 1261 683 1294 ad
707 1263 881 1296 custodiam

137 1311 333 1354 praedictam
357 1313 594 1354 transmittere,
634 1324 670 1346 ac
698 1315 882 1348 commissa-

137 1363 222 1396 rium
245 1364 285 1397 ad
309 1364 393 1397 illam
418 1365 674 1407 ministrandam,
700 1366 809 1410 ibique
832 1379 884 1401 ca-

137 1415 236 1460 pitula
259 1416 440 1450 habendum
473 1417 557 1451 iuxta
594 1418 720 1452 Ordinis
758 1420 884 1453 institu-

137 1472 216 1509 tum,
240 1469 294 1501 ubi
320 1475 351 1503 ct
374 1471 502 1513 quando
526 1481 606 1514 opus
641 1472 738 1506 suerit
762 1480 793 1506 et
824 1475 883 1508 sibi

142 1522 311 1556 videbitur.

181 1576 198 1619 5
220 1575 251 1610 6.
275 1576 419 1610 Volentes
459 1577 668 1612 nihilominus
692 1584 753 1620 ut,
792 1580 884 1614 salvis

41 1629 340 1683 unffi-supradictis,
371 1629 404 1662 in
428 1630 558 1673 reliquis
582 1630 656 1663 dieti
682 1631 795 1664 fratres
818 1633 884 1665 Dis-

66 1683 268 1735 ¹¹¹¹¹4¹3tzalceati
293 1683 426 1716 subiecti
452 1689 639 1717 remaneant
666 1684 883 1718 iurisdictioni

41 1740 92 1764 ¹¹⁸¹·-
141 1735 280 1769 ministri
304 1736 488 1769 eorumdem
505 1737 639 1770 fratrum
656 1738 695 1771 de
712 1738 885 1771 Observan-

140 1788 184 1822 tia
207 1789 373 1831 generalis,
397 1789 482 1832 quod
505 1790 572 1832 ipse
590 1790 746 1831 minister,
764 1801 821 1833 per
837 1802 884 1824 se-

140 1840 245 1884 ipsum
269 1842 317 1874 vel
340 1841 438 1874 alium
462 1853 517 1875 seu
541 1842 618 1875 alios
636 1843 778 1876 eiusdem
795 1844 884 1877 Ordi—

138 1893 189 1927 nis
211 1893 476 1928 Discalceatorum
490 1900 626 1936 tantum,
643 1896 739 1939 possit
758 1898 883 1931 eosdem

135 1945 248 1980 fratres
270 1947 480 1980 Discalceatos
504 1949 676 1991 corrigere,
701 1950 829 1993 visitare
848 1963 883 1985 ac

136 1997 171 2031 in
192 2008 247 2032 eos
271 1999 525 2033 iurisdictionem
548 2012 704 2036 exercere.

181 2052 197 2096 ς
228 2051 258 2086 7.
297 2053 506 2087 Decernentes
545 2061 727 2098 praesentes
763 2058 882 2092 litteras

51 2105 224 2152 *pne-nullo
263 2116 404 2149 unquam
431 2112 572 2150 tempore
605 2109 642 2142 de
666 2110 882 2154 subreptionis

136 2157 184 2189 vel
208 2156 402 2200 obreptionis
428 2159 513 2200 vitio,
539 2171 593 2194 seu
618 2161 805 2196 intentionis
827 2175 882 2197 no-

137 2215 221 2243 strae
244 2210 388 2253 defectu,
412 2213 507 2245 etiam
532 2224 567 2246 ex
603 2225 640 2247 eo
665 2216 749 2258 quod
773 2227 882 2250 omnes

137 2262 292 2297 interesse
316 2263 469 2298 habentes
492 2267 539 2298 vel
563 2266 676 2300 fratres
708 2269 746 2301 de
771 2268 882 2302 Obser-

136 2315 245 2349 vantia
267 2316 433 2360 praedicti,
458 2323 512 2350 aut
536 2319 728 2363 quicumque
753 2321 806 2353 alii
831 2332 882 2353 vo-

135 2368 197 2402 cati
223 2378 288 2402 non
312 2369 440 2409 suerint,
465 2371 579 2411 notari,
597 2376 689 2415 argui
707 2384 762 2406 seu
779 2374 883 2417 impu-

135 2423 238 2465 gnari,
262 2428 317 2456 aut
341 2424 399 2456 sub
423 2424 587 2466 quibusvis
611 2426 881 2467 revocationibus,

135 2477 418 2520 suspensionibus,
456 2477 698 2511 limitationibus
737 2485 791 2511 aut
815 2480 883 2512 aliis

135 2529 306 2562 contrariis
338 2529 622 2571 dispositionibus,
648 2530 744 2562 etiam
770 2531 809 2562 ab
833 2541 882 2563 ea-

137 2581 208 2614 dem
232 2581 310 2614 Sede
323 2581 500 2623 Apostolica
513 2581 671 2614 emanatis
687 2587 716 2614 et
734 2583 767 2614 in
781 2588 884 2626 poste-

206 2706 283 2732 Ball.
305 2706 378 2732 Rom.
404 2706 459 2730 Vol.
485 2705 558 2730 ῘἼΠ.
769 2706 801 2731 32

765 254 943 279 ont-:comus
960 254 1015 278 xni
1036 253 1083 277 PP.

136 2645 207 2668 rum
230 2637 427 2677 emanandis,
452 2635 677 2680 comprehendi
694 2646 758 2669 non
782 2639 899 2681 posse‚l

1550 244 1612 277 aliti

912 308 966 341 sed
991 308 1058 340 illas
1081 316 1205 350 semper
1231 308 1344 340 validas
1368 313 1396 341 et
1412 307 1562 341 *efficaces
1593 308 1655 341 exi-

912 366 1003 402 stere,
1027 372 1162 403 suosque
1187 362 1342 403 plenarios
1366 367 1396 394 et
1420 362 1560 403 integros
1583 362 1656 394 effe-

911 419 980 447 ctus
1004 414 1110 447 sortiri
1136 414 1260 451 debet-433
1285 415 1392 457 sieque
1418 425 1473 458 per
1489 425 1655 457 quoscum—

911 478 972 510 que
997 466 1117 499 iudices
1142 472 1173 499 et.
1197 466 1442 506 commissarios,
1467 466 1576 509 quavis
1599 477 1654 499 au-

912 520 1060 553 ctoritate
1086 520 1262 563 fungentes,
1287 520 1380 552 etiam
1407 530 1573 552 causarum
1598 520 1654 551 Pa-

911 574 977 607 latii
1002 573 1170 617 Apostolici
1195 572 1355 605 auditores
1371 578 1398 604 et
1425 574 1453 605 S.
1478 573 1512 604 lt.
1538 572 1569 604 E.
1587 582 1655 604 car-

910 627 1041 667 dinales,
1059 626 1181 659 sublata
1205 626 1250 658 eis
1263 631 1290 657 et
1309 636 1418 657 corum
1436 625 1562 657 cuilibet
1579 634 1655 666 qua-

912 679 957 712 vis
981 679 1071 712 alitcr
1111 677 1273 711 iudicandi
1298 683 1324 710 et
1359 678 1585 720 interpretandi
1612 677 1657 709 sa-

910 733 1025 765 cultate
1048 737 1078 764 et
1102 732 1301 771 auctoritate,
1327 732 1444 774 ubique
1470 732 1604 764 indicari
1620 736 1652 763 et

911 784 1045 817 diffiniri
1070 784 1196 824 debere,
1214 794 1337 817 necnon
1356 784 1481 816 irritum
1499 790 1526 816 et
1547 784 1650 821 inane,

911 838 937 870 si
961 848 1051 870 secus
1076 848 1171 880 super
1210 837 1259 869 his
1298 848 1316 869 a
1341 847 1498 880 quoquam
1514 864 1521 874 ,
1545 836 1655 879 quavis

912 892 1110 931 auctoritate,
1135 891 1270 924 scienter
1294 890 1340 923 vel
1365 889 1556 931 ignoranter,
1581 899 1654 921 eon-

912 944 1022 986 tigerit
1046 943 1205 976 attentari.

955 998 970 1041 g
993 997 1022 1031 8.
1046 997 1198 1036 Quocirca
1237 995 1470 1028 venerabilibus
1502 994 1652 1027 fratribus

911 1051 1069 1084 Mexicano
1093 1055 1124 1082 et
1147 1050 1297 1082 Toletano
1329 1047 1573 1090 archiepiscopis
1592 1074 1599 1087 ,
1623 1052 1654 1079 et

911 1102 1058 1147 episcopo
1093 1101 1262 1141 Alcitensi,
1293 1111 1415 1136 necnon
1439 1100 1559 1132 dilectis
1584 1100 1656 1133 filiis

911 1156 1023 1189 Curiae
1061 1165 1230 1188 causarum
1277 1154 1425 1187 Gamerae
1461 1152 1656 1196 Apostolieae

913 1208 1051 1242 auditori
1091 1207 1253 1251 generali,
1293 1217 1329 1239 ae
1353 1206 1472 1238 decano
1509 1205 1658 1238 ecclesiae

912 1262 1087 1295 Mexieanae
1111 1271 1168 1304 per
1184 1266 1365 1303 praesentes
1379 1259 1564 1291 mandamus
1581 1268 1657 1300 qua-

915 1322 1009 1349 tenus
1032 1314 1091 1358 ipsi
1117 1315 1162 1347 vel
1186 1314 1249 1346 duo
1273 1318 1324 1345 aut
1351 1323 1433 1345 unus
1456 1322 1576 1351 eorum,
1604 1321 1658 1354 per

914 1380 946 1402 se
969 1369 1017 1402 vel
1041 1368 1136 1401 alium
1162 1378 1215 1400 seu
1239 1366 1327 1407 alios,
1346 1371 1527 1409 praesentes
1540 1365 1659 1397 litteras

914 1427 943 1456 et
967 1422 1000 1454 in
1024 1422 1068 1454 eis
1092 1425 1239 1454 contenta
1278 1429 1496 1462 quaecumque
1515 1445 1522 1458 ,
1548 1417 1600 1451 ubi
1627 1422 1658 1450 et

914 1475 1041 1518 quando
1065 1485 1144 1517 opus
1168 1473 1272 1513 fuerit,
1298 1484 1334 1504 ac
1359 1472 1481 1515 quoties
1495 1481 1551 1513 pro
1569 1476 1658 1514 parte

913 1529 1049 1562 fratrum
1073 1528 1334 1561 Discaleeatorum
1354 1524 1588 1568 [uaedictorum
1606 1523 1658 1555 de-

914 1593 1009 1625 super
1033 1581 1150 1614 suerint
1176 1579 1332 1622 requisiti,
1357 1576 1541 1610 solemniter
1558 1575 1661 1618 publi-

913 1639 1045 1674 cantes,
1084 1633 1206 1676 illisque
1247 1632 1280 1664 in
1313 1630 1494 1675 praemissis
1524 1628 1659 1661 efficacis

915 1686 1107 1720 defensionis
1132 1685 1291 1729 praesidio
1316 1684 1495 1716 assistentes
1513 1710 1520 1722 ,
1544 1681 1661 1714 faciant

914 1739 1101 1773 auctoritate
1126 1744 1233 1770 nostra
1250 1747 1303 1769 eos
1316 1735 1497 1779 praemissis
1511 1734 1658 1766 omnibus

916 1797 946 1825 et.
971 1791 1124 1834 singulis,
1150 1790 1235 1822 iuxta
1260 1788 1472 1832 praesentium
1497 1786 1660 1819 eontinen-

913 1844 989 1877 tiam
1014 1849 1041 1876 et
1059 1849 1214 1881 tenorem,
1232 1841 1363 1884 pacifice
1378 1840 1437 1872 frui
1457 1845 1485 1871 et
1504 1839 1654 1881 «gaudere,

914 1907 978 1929 non
1004 1896 1224 1939 permittentes
1249 1905 1302 1926 eos
1327 1894 1461 1936 desuper
1485 1903 1540 1935 per
1565 1892 1658 1923 mini-

913 1956 1012 1983 strum
1032 1949 1210 1991 generalem
1229 1948 1369 1989 aliosque
1387 1946 1562 1988 praedictos
1579 1955 1658 1987 quo-

913 2003 1080 2036 modolibet
1123 2001 1263 2034 indebite
1300 1998 1469 2031 molestari.
1494 1996 1655 2029 Contradi-

913 2061 1014 2089 ctores
1039 2054 1194 2100 quoslibet
1234 2064 1269 2085 ac
1294 2052 1424 2084 rebelles
1448 2055 1474 2082 ct
1501 2048 1654 2091 praemis-

913 2109 955 2142 sis
980 2118 1044 2141 non
1061 2112 1219 2151 parentes,
1236 2116 1292 2148 per
1309 2103 1490 2141 sententias,
1508 2110 1656 2133 censuras

912 2167 942 2194 et
965 2171 1083 2204 poenas
1096 2158 1321 2192 ecclesiasticas
1339 2156 1461 2197 aliaque
1479 2159 1657 2196 opportuna

912 2215 992 2247 iuris
1016 2219 1046 2246 et
1070 2212 1139 2245 sacti
1168 2210 1317 2248 remedia,
1343 2206 1551 2250 appellatione
1568 2210 1654 2248 post-

914 2267 1026 2310 posita,
1052 2262 1299 2306 compescendo;
1339 2269 1460 2292 necnon
1476 2285 1483 2298 ,
1508 2257 1659 2299 legitimis

914 2330 1008 2362 super
1033 2318 1082 2350 his
1108 2315 1262 2349 habendis
1287 2313 1415 2346 servatis
1447 2311 1656 2355 processibus,

912 2373 980 2405 illos
1004 2369 1183 2407 sententias,
1208 2377 1356 2400 censuras
1380 2371 1410 2397 et
1428 2375 1542 2408 poenas
1566 2374 1655 2407 prae-

915 2426 1016 2458 dictas
1041 2422 1209 2455 incurrisse
1234 2419 1421 2452 declarando
1437 2445 1445 2458 ,
1471 2417 1599 2460 illasque
1624 2427 1657 2449 e-

914 2478 988 2510 tiam
1013 2475 1133 2508 iteratis
1158 2473 1277 2505 vicibus
1294 2471 1507 2514 aggravando,
1531 2470 1656 2502 invoca-

913 2536 943 2564 to
968 2530 1062 2563 etiam
1087 2527 1124 2559 ad
1151 2527 1218 2565 boc,
1244 2525 1267 2556 si
1293 2535 1372 2567 opus
1396 2523 1515 2564 suerit,
1538 2522 1656 2556 auxilio

912 2583 1035 2617 brachii
1061 2580 1240 2614 saecularis.

956 2637 972 2680 ξ
994 2636 1023 2669 9.
1049 2636 1115 2668 Non
1141 2632 1340 2666 obstantibus
1379 2631 1475 2664 felicis
1508 2629 1656 2664 recorda-

1667 246 1718 271 An.
1738 245 1766 272 C.
1790 248 1857 276 1578

1688 1001 1825 1021 Exeeutores.
