2059 3228
148 241 202 269 Au.
221 240 252 270 c.
271 242 339 270 15⁷9
392 241 456 276 286
927 249 1111 277 nunnanmu
1126 247 1280 275 Romnum

1164 301 1232 344 §4
1266 300 1393 334 Necnon
1427 297 1599 343 quemlibet
1632 296 1735 332 dictae
1768 294 1864 331 Urbis
1876 299 1998 351 3¹:3⁸⁸*

1875 351 1954 372 oenu-

1876 378 1900 398 dt
1912 379 1993 400 murt

1122 411 1208 439 creta
1231 405 1402 446 dicuntur,
1425 404 1487 438 nisi
1514 404 1671 448 permissu
1698 402 1838 436 iudicum
1854 405 2004 441 ‚mu-ruma

150 307 249 353 Pmffiex
259 308 340 354 (ἓξὲξ
349 304 438 343 votis,
456 312 514 346 per
529 312 610 346 quae
625 311 723 345 opera
738 301 866 347 pietatis
881 307 912 336 et
927 302 1092 336 charitatis

148 354 530 407 *gggffifflffiffluiusmodi
568 355 603 388 in
626 355 715 397 dies,
742 355 859 389 nostris
892 356 1091 400 potissimum

149 414 216 432 mem
231 413 304 438 unga,
349 407 555 451 temporibus,
578 407 812 442 incrementum
841 407 1039 452 suscipiant,
1062 412 1093 440 et

347 461 388 494 ad
411 465 532 494 ceteras
554 460 700 494 nationes
715 460 897 494 huiusmodi
911 460 1092 499 dilatentur,

347 514 483 547 libenter
505 512 688 554 annuimus,
711 523 812 557 eaque
835 513 993 546 favoribus
1020 521 1093 554 pro-

349 566 515 610 sequimur
549 564 738 609 opportunis
755 591 763 606 ,
797 565 886 608 pium
910 569 1094 606 rectumque

349 618 534 652 eorumdem
556 617 812 651 christifidelium
836 616 979 650 animum
996 621 1026 649 et
1042 625 1095 648 vo-

347 672 503 704 luntatem
541 670 574 703 in
613 676 678 704 tam
717 670 867 704 laudabili
907 668 1093 712 proposito,

348 729 495 768 quantun
530 734 603 757 cum
626 724 688 757 Deo
713 733 901 767 possumus,
930 721 1094 754 confovere

347 782 377 810 et
401 776 551 810 adiuvare
573 777 724 817 volentes,
742 774 922 809 huiusmodi
940 773 1095 817 supplica-

346 829 488 863 tionibus
504 828 660 869 inclinati,
677 828 710 861 in
727 829 809 861 dicta
826 827 909 861 Urbe
930 825 1094 859 arcbicon-

347 882 577 922 fraternitatem
594 880 723 914 Pietatis
735 881 974 914 Carceratorum
987 877 1094 910 huius-

349 934 435 968 modi
460 935 500 967 ad
516 945 649 968 munera
674 933 835 977 praedicta
859 937 889 965 et
905 931 965 964 alia
981 933 1095 964 carita-

348 987 390 1020 tis
406 992 435 1020 et
453 986 690 1020 misericordiae
706 985 809 1019 officia
825 995 901 1027 erga
917 984 1016 1016 dictos
1028 993 1095 1015 car-

348 1045 472 1073 ceratos
495 1040 678 1079 exercenda,
702 1037 875 1081 apostolica
898 1035 1095 1076 auctoritate,

348 1097 460 1125 tenore
483 1092 710 1135 praesentium,
736 1091 804 1124 sine
820 1089 956 1123 alicuius
971 1088 1097 1132 praeiu-

349 1144 433 1177 dicio
451 1171 459 1185 ,
482 1144 637 1186 erigimus
660 1148 690 1177 et
714 1142 911 1176 instituimus
927 1169 935 1183 ,
964 1152 1097 1186 eamque

350 1197 736 1231 archiconsraternitatem
764 1195 895 1229 Pietatis
917 1195 1097 1228 Cat-cerato-

352 1262 424 1284 rum
449 1249 649 1283 denominari
674 1250 828 1282 volumus.
844 1250 886 1281 Ac
903 1247 947 1281 illi
963 1247 1008 1281 sic
1031 1257 1097 1280 ere-

352 1309 421 1336 ctae
438 1308 469 1336 et
485 1302 647 1335 institutae
663 1311 882 1345 quaecumque
899 1300 980 1333 bona
997 1299 1098 1333 mobi-

352 1356 394 1388 lia
418 1360 449 1388 et
473 1354 671 1395 immobilia,
695 1355 811 1397 legata,
847 1354 956 1387 relicta
983 1359 1014 1386 et
1037 1352 1097 1386 alia

351 1408 424 1441 iura
447 1408 549 1442 eidem
575 1407 930 1448 archiconsraternitati,
954 1412 1018 1439 tam
1041 1416 1099 1450 per

351 1460 436 1494 illius
459 1461 633 1494 confratres
656 1471 715 1505 pro
737 1466 880 1505 tempore
909 1461 1096 1501 existentes,

352 1523 448 1556 quarn
473 1513 551 1547 alias
574 1506 790 1557 quascumque
814 1524 976 1557 pe1sonas‚
994 1513 1097 1547 cuius-

351 1575 488 1608 cumque
511 1571 621 1607 status,
645 1567 774 1609 gradus,
797 1567 920 1600 ordinis
943 1572 972 1600 et
989 1565 1096 1600 condi—

351 1618 447 1651 tionis
471 1619 647 1660 existentes,
671 1630 729 1663 pro
753 1625 895 1663 tempore
924 1619 1096 1662 quomodo·

349 1670 427 1704 libet
447 1672 638 1715 elargienda,
666 1673 814 1706 donanda
830 1677 859 1705 et
878 1671 1095 1715 relinquenda,

348 1725 538 1758 auctoritate
561 1731 591 1758 et
609 1731 716 1759 tenore
739 1725 918 1769 praedictis,
943 1730 1095 1768 perpetuo

349 1777 545 1821 applicamus
567 1784 599 1811 et
622 1778 875 1821 appropriamus.

391 1831 409 1875 ἓ
431 1830 461 1865 3.
486 1832 614 1865 Necnon
653 1832 771 1864 eisdem
801 1830 1014 1864 confratribus
1037 1841 1094 1874 pro

147 1891 338 1938 mudffiguggffl
349 1888 494 1927 tempore
508 1883 714 1917 existentibus
738 1893 956 1926 quaecumque
979 1888 1093 1916 statuta

147 1947 214 1965 mem
228 1946 337 1969 concedit:
350 1942 382 1970 et
404 1936 633 1977 ordinationes,
656 1935 726 1968 felix
750 1935 894 1978 regimen
918 1941 948 1968 et
965 1945 1094 1979 prospe-

350 2000 423 2022 rum
447 1994 564 2022 statum
588 1987 958 2028 archiconfraternitatis,
983 1998 1018 2020 ac
1041 1987 1093 2031 pia

350 2053 446 2086 opera
464 2041 647 2074 huiusmodi
663 2040 748 2073 circa
764 2040 889 2073 eosdem
907 2046 1093 2081 carceratos,

348 2101 382 2128 ut
421 2095 624 2138 praefertur,
661 2094 832 2128 exercenda
871 2093 1093 2126 concernentia

348 2148 459 2190 (sacris
483 2153 589 2180 tamen
613 2147 789 2180 canonibus
805 2146 1002 2189 decretisque
1019 2157 1092 2179 con·

347 2200 411 2232 ciiii
448 2200 624 2233 Tridentini
659 2199 790 2232 minime
825 2198 984 2232 contraria
1002 2227 1009 2239 ,
1034 2209 1091 2232 nec

345 2252 597 2285 iurisdictionem
616 2279 624 2293 ,
648 2251 786 2285 osticium
811 2257 842 2285 et
876 2252 1089 2285 executionem

349 2305 488 2338 iudicum
525 2306 698 2338 aliorumve
733 2305 952 2338 ministrorum
987 2305 1090 2339 dietae

346 2357 439 2390 Urbis
463 2358 547 2391 circa
572 2358 656 2402 ipsos
679 2364 855 2392 carceratos
872 2359 1088 2402 impedientia,

347 2416 374 2442 et
402 2421 456 2452 per
480 2411 580 2444 dictae
605 2411 697 2443 Urbis
714 2411 866 2444 vicarium
884 2411 965 2444 dicta
982 2417 1088 2445 aucto-

347 2463 449 2501 ritate,
475 2464 704 2506 approbanda),
723 2464 877 2497 condendi
895 2469 926 2497 et
942 2464 1087 2505 faciendi,

348 2524 383 2546 ac
406 2515 542 2554 condita,
558 2515 648 2548 toties
662 2516 785 2559 quotics
801 2527 880 2560 opus
896 2516 1002 2557 suerit,
1018 2527 1087 2550 cor-

347 2567 481 2608 rigendi,
499 2568 815 2608 mutandi,alterandi
833 2574 864 2602 et
880 2569 940 2602 alia
956 2568 995 2602 de
1007 2578 1087 2603 novo

346 2621 492 2654 faciendi.

1121 363 1291 394 carcerem,
1315 362 1378 385 non
1401 357 1507 386 tamen
1529 352 1598 385 eius
1620 352 1699 393 loca,
1719 360 1801 394 quae
1815 359 1865 384 se-

1124 457 1215 491 toties
1241 457 1364 501 quoties
1387 456 1432 489 eis
1448 460 1480 489 et.
1495 466 1605 489 eorum
1619 454 1748 489 cuilibet
1762 453 1866 488 visum

1124 512 1217 545 fuerit
1233 538 1242 553 ‚
1266 512 1305 545 ad
1329 511 1476 544 effectum
1499 510 1708 554 praemissum
1726 536 1734 550 ,
1761 507 1867 554 ingre·—

1123 564 1229 597 diendi
1245 591 1253 605 ,
1276 569 1308 597 et
1342 564 1375 596 in
1399 573 1436 596 eo
1459 563 1499 596 ad
1528 568 1651 606 tempus
1683 561 1881 595 benevisum·

1124 617 1295 660 praemissa
1320 626 1417 660 opera
1440 615 1614 649 exercendo
1638 613 1868 655 commorandi,

1126 668 1304 710 licentiam,
1332 668 1450 701 eisdem
1474 668 1663 702 auctoritate
1689 672 1720 701 et
1747 672 1868 706 tenore,

1125 721 1221 754 etiam
1260 726 1413 764 perpetuo
1447 719 1658 754 concedimus.
1691 718 1870 753 Districtius

1126 774 1356 818 praecipientes
1369 779 1397 806 et
1415 773 1604 806 mandantes
1617 771 1754 805 cuiusvis
1769 771 1871 804 dictae

1126 828 1219 861 Urbis
1243 827 1378 861 carceris
1402 826 1524 875 custodi
1562 830 1592 858 et
1619 824 1871 868 quibuscumque

1125 880 1197 914 aliis
1220 880 1385 924 personis,
1409 879 1638 921 cuiuscumque
1665 881 1774 916 status,
1801 885 1873 918 gra-

1126 934 1195 975 dus,
1213 932 1404 967 conditionis
1420 937 1449 965 et
1465 929 1723 975 praeeminentiae
1739 928 1873 962 existen—

1125 985 1221 1025 tibus,
1254 990 1290 1018 ut
1313 984 1432 1018 eisdem
1460 983 1675 1017 confratribus
1701 986 1733 1015 et
1763 981 1804 1014 ab
1826 980 1871 1014 eis

1125 1037 1305 1070 constitutis
1329 1037 1471 1080 quemvis
1498 1037 1600 1069 dictae
1617 1035 1711 1069 Urbis
1737 1039 1768 1068 et
1787 1033 1871 1067 illius

1127 1089 1219 1132 burgi
1237 1100 1406 1130 carcerem,
1423 1099 1486 1122 non
1511 1094 1616 1122 tamen
1633 1091 1798 1128 secretum,
1821 1091 1869 1120 to-

1127 1142 1184 1175 ties
1207 1142 1331 1186 quoties
1353 1142 1446 1175 fuerit
1465 1142 1645 1186 requisitus,
1662 1140 1784 1184 ingredi
1796 1149 1870 1184 per-

1127 1201 1240 1228 mittat.

1169 1249 1184 1292 ἓ
1207 1249 1238 1282 5.
1262 1249 1300 1283 Et
1322 1249 1452 1293 insuper
1474 1248 1637 1293 cupientes
1659 1252 1693 1281 ut
1720 1246 1977 1314 christifi-ffiw

1127 1302 1209 1335 deles
1231 1313 1270 1336 eo
1293 1301 1443 1336 libentius
1467 1302 1582 1335 dictam
1606 1300 1870 1334 archiconfrater-

1127 1357 1258 1389 nitatem
1275 1355 1504 1399 ingrediantur,
1520 1361 1552 1388 et
1567 1354 1628 1398 piis
1640 1353 1790 1398 operibus
1811 1354 1871 1387 hu—

1129 1408 1263 1441 iusmodi
1287 1407 1464 1449 intendant,
1487 1417 1551 1451 quo
1573 1417 1610 1440 ex
1625 1406 1687 1440 hoc
1702 1406 1785 1440 dono
1800 1416 1870 1440 coe-

1127 1461 1211 1494 lestis
1227 1463 1349 1504 gratiae
1365 1470 1398 1493 se
1413 1459 1544 1493 uberius
1574 1459 1706 1492 refectos
1729 1468 1796 1492 esse
1818 1468 1870 1492 co-

1126 1514 1304 1557 gnoverint,
1328 1514 1366 1547 de
1382 1512 1609 1557 omnipotentis
1623 1511 1678 1545 Dei
1691 1511 1870 1546 misericor-

1126 1569 1188 1609 dia,
1213 1579 1249 1601 ac
1272 1567 1438 1601 beatorum
1462 1566 1544 1599 Petri
1569 1570 1599 1598 et
1622 1565 1709 1598 Pauli
1743 1570 1869 1608 aposto-

1127 1625 1227 1656 lorum
1252 1622 1320 1655 eius
1343 1619 1531 1654 auctoritate
1553 1617 1686 1659 confisi,
1723 1617 1870 1651 omnibus

1125 1682 1153 1708 et
1167 1674 1300 1717 singulis
1312 1672 1478 1715 utriusque
1495 1681 1584 1705 sexus
1600 1670 1869 1712 christifidelibus,

1125 1727 1177 1772 qui
1226 1727 1342 1760 dictam
1383 1723 1764 1758 archiconfraternitatem
1809 1734 1868 1767 pro

1125 1788 1267 1825 tempore
1291 1779 1522 1823 ingredientur,
1545 1778 1596 1811 die
1619 1787 1729 1810 eorum
1747 1776 1868 1820 ingres-

1124 1845 1187 1874 sus,
1211 1833 1236 1867 si
1261 1839 1337 1867 tunc
1360 1843 1432 1866 vere
1457 1832 1654 1876 poenitentes
1675 1836 1707 1863 et
1734 1831 1867 1865 confessi

1124 1887 1356 1921 sanctissimum
1384 1885 1602 1919 Eucharistiae
1628 1884 1867 1918 Sacramentum

1123 1939 1326 1982 sumpserint,
1350 1950 1387 1972 ac
1411 1938 1443 1971 in
1467 1937 1634 1971 cuiuslibet
1656 1948 1765 1971 eorum
1782 1949 1868 1972 mor-

1125 1993 1163 2026 tis
1187 1993 1332 2033 articulo,
1357 1991 1383 2025 si
1408 1991 1504 2024 etiam
1527 2001 1599 2024 vere
1622 1990 1820 2034 poenitentes
1835 1996 1868 2025 et

1123 2045 1254 2078 confessi
1294 2043 1528 2078 sanctissimum
1567 2054 1683 2076 nornen
1717 2042 1786 2077 Iesu
1808 2054 1864 2078 ore

1122 2099 1167 2132 vel
1202 2098 1295 2131 corde
1320 2096 1552 2136 invocaverint;
1584 2106 1707 2129 necnon
1745 2096 1864 2130 eisdem

1121 2148 1332 2184 confratribus
1355 2149 1500 2182 similiter
1527 2158 1600 2181 vere
1627 2147 1864 2191 poenitentibus

1120 2209 1149 2237 et
1173 2202 1332 2243 confessis,
1358 2202 1412 2245 qui
1436 2201 1538 2245 prima
1555 2209 1680 2244 quaque
1697 2200 1746 2233 die
1763 2200 1865 2234 domi-

1121 2249 1189 2289 nica
1225 2254 1343 2289 mensis
1380 2254 1612 2287 sanctissimum
1648 2253 1864 2286 Eucharistiae

1119 2308 1356 2341 Sacramentum
1381 2305 1562 2339 huiusmodi
1581 2305 1782 2350 sumpserint,
1798 2305 1865 2348 ple-

1119 2360 1243 2393 nariam
1278 2359 1421 2392 omnium
1445 2363 1644 2402 peccatorum
1671 2368 1798 2391 suorum
1816 2358 1865 2390 in-

1117 2412 1314 2455 dulgentiam
1350 2417 1379 2444 et
1405 2411 1642 2450 remissionem,
1678 2410 1864 2443 auctoritate

1117 2471 1145 2498 et
1172 2470 1282 2498 tenore
1318 2463 1515 2507 praedictis,
1551 2461 1798 2496 misericorditer
1828 2461 1862 2494 in

1116 2518 1250 2551 Domino
1289 2516 1501 2550 concedimus.
1540 2516 1702 2548 Praeterea
1741 2513 1859 2547 eisdem

1114 2570 1336 2610 confratribus,
1350 2568 1473 2613 quoties
1495 2579 1528 2601 se
1555 2567 1687 2602 invicem
1707 2575 1861 2609 aggrega-

1119 2623 1233 2664 verint,
1246 2623 1473 2665 eleemosynam
1486 2620 1608 2664 elargiti
1623 2619 1751 2659 fuerint,
1775 2619 1860 2663 ipsos

1872 212 1923 241 An.
1938 214 1974 242 G..
