2059 3228
134 291 186 319 Au.
205 290 233 319 C.
257 290 323 318 1578

382 281 445 315 ⁶210

382 343 396 384 ξ
416 344 446 375 5.
473 342 508 375 Et
529 346 694 385 praeterea
719 339 765 373 eis
791 342 947 383 perpetuo
971 349 1084 372 conce-

164 402 241 424 Lorum
287 410 324 430 pro
337 396 442 429 dimus
462 402 489 427 ct
512 394 711 437 assignamus
734 404 793 437 pro
813 404 924 426 eorum
958 392 1082 425 liabita-

137 435 240 460 collegio
257 441 325 456 ronco

135 465 174 491 dit,
189 468 242 491 etc„

335 448 420 480 tione
441 453 471 479 ct
493 458 551 480 usu
572 447 667 479 aedes
686 445 876 490 praedicta&
905 445 937 477 in
965 445 1083 489 quibus

336 501 515 544 cappellani
550 500 642 542 Angli
671 499 747 532 olim
776 499 973 538 habitabant,
994 509 1081 531 nunc

333 564 408 586 vero
428 552 505 585 «licii
525 553 707 585 :zeliolastici
732 552 819 585 iussu
848 558 958 584 nostro
989 551 1081 583 habi—

332 611 411 645 tant,
436 616 508 638 cum
525 606 652 639 duabus
667 605 818 638 domibus
835 605 919 637 dicto
931 603 1079 648 hospitali

332 658 494 701 contiguis
513 659 552 691 ad
572 658 734 691 sinistram
757 662 881 701 partem
904 667 1012 690 versus
1029 667 1079 690 cc-

330 712 461 745 clesiam
484 712 515 745 S.
539 711 685 754 Brigidae
708 710 899 749 Svetiorum,
923 715 954 742 et
977 720 1079 752 quae-

329 775 472 807 cumque
493 764 557 797 illis
577 763 831 797 circumcedunt.
850 764 893 795 Ac
908 772 967 806 pro
981 762 1079 795 divini

332 819 438 852 cultus
470 817 622 851 exercitio
656 817 824 850 ecclesiam
853 816 1079 849 Sanctissimae

329 870 496 904 Trinitatis
511 876 542 903 et
561 870 592 904 S.
612 870 754 903 Tliomae
784 868 930 913 martyris
962 868 1079 910 Anglo-

328 934 415 964 rum,
438 934 564 956 necnon
585 934 644 967 pro
672 923 746 956 dote
774 922 850 955 dicti
882 921 1009 963 collegii
1040 932 1078 954 ac

328 976 477 1017 rectoris,
500 976 769 1009 scholasticorum
799 980 831 1008 et
855 974 1078 1007 ministrorum

328 1029 571 1073 praedictorum
616 1028 858 1068 sustentatione,
904 1038 1015 1061 omnes
1047 1033 1079 1060 et

327 1093 551 1126 quascumque
576 1083 654 1114 alias
678 1082 802 1122 domos,
838 1081 987 1113 tabernas
1015 1079 1078 1114 sive

326 1136 515 1179 apothecas,
529 1136 665 1174 stabula,
679 1134 828 1178 hospitia,
837 1134 959 1175 hortos,
972 1145 1075 1175 arcas,

329 1189 554 1233 proprietates,
585 1199 711 1229 census,
740 1189 876 1228 fructus,
906 1193 1078 1231 ceteraque

327 1242 437 1275 omnia
456 1248 488 1275 et
506 1253 733 1285 quaecumque
746 1241 831 1274 hona
851 1241 994 1281 mobilia,
1017 1241 1078 1273 im-

329 1296 462 1329 mobilia
482 1301 513 1328 et
532 1295 737 1335 semoventia,
752 1305 877 1328 necnon
892 1304 955 1335 reS‚
978 1294 1079 1327 actio-

329 1360 387 1382 nes
407 1355 437 1382 et
456 1348 527 1382 iura
551 1348 628 1382 dicti
648 1347 827 1391 hospitalis,
849 1353 913 1380 tam
931 1347 964 1379 in
980 1347 1076 1388 Urbe,

331 1413 428 1446 quam
450 1408 538 1435 extra
558 1413 627 1435 eam
645 1402 844 1444 ubicumque
860 1401 1077 1441 consistentia,

330 1455 567 1498 cuiuscumque
587 1454 763 1497 qualitatis,
783 1454 913 1498 speciei,
931 1460 1077 1495 naturae,

332 1508 440 1552 pretii,
461 1507 648 1552 quantitatis
665 1519 702 1541 ac
722 1507 817 1541 etiam
842 1507 941 1540 annui
964 1507 1081 1540 valoris

331 1562 512 1602 existentia,
535 1572 618 1605 quae
639 1561 759 1602 omnia,
782 1571 962 1604 eorumque
981 1561 1081 1593 situa-

331 1614 448 1656 tiones,
471 1614 742 1659 nuncupationes,
760 1614 899 1647 confinia
918 1619 949 1647 et
967 1614 1078 1655 latera,

332 1678 371 1701 ac
391 1667 416 1700 si
439 1668 630 1701 nominatim
651 1673 681 1701 et
700 1668 733 1700 in
744 1667 851 1711 specie
862 1667 1082 1700 describeren-

333 1727 388 1754 tur
406 1721 641 1765 praesentibus,
661 1732 720 1766 pro
740 1721 896 1765 expressis
908 1720 1032 1761 haberi,
1051 1725 1083 1754 et

335 1775 430 1808 aedes
445 1786 482 1808 ae
498 1781 606 1809 cetera
625 1785 708 1819 quae
734 1775 852 1817 signari
879 1780 1024 1818 possunt,
1047 1779 1083 1807 ut

336 1839 354 1861 a
387 1828 503 1861 ceteris
535 1829 805 1869 internoscantur,
841 1828 1083 1871 quamprimum

337 1881 434 1914 armis
454 1887 485 1915 et
513 1882 611 1925 signis
643 1881 720 1915 dicti
746 1881 872 1923 collegii
907 1881 1085 1914 forinsecus

338 1935 442 1968 notari
461 1935 621 1976 volumus,
641 1945 743 1978 eaque
759 1934 868 1968 omnia
887 1945 904 1966 a
923 1934 1010 1967 dicto
1025 1934 1085 1967 ho-

338 1989 452 2032 spitale
473 1988 605 2021 omnino
626 1998 824 2032 separamus,
852 1994 882 2020 et
911 1987 949 2020 ad
979 1987 1085 2031 ipsum

339 2041 512 2084 collegium
526 2041 761 2081 transferimus,
774 2040 818 2073 ita
829 2046 866 2072 ut
878 2045 1042 2084 protector
1057 2044 1087 2073 et

340 2094 523 2127 scholastici
543 2093 698 2137 praedicti
718 2094 920 2137 corporalem
956 2092 1087 2126 illorum

341 2147 488 2180 omnium
521 2146 767 2191 possessionem,
790 2156 848 2190 per
868 2156 900 2178 se
920 2145 968 2178 vei
987 2145 1087 2178 alium

342 2211 398 2233 seu
419 2200 511 2240 alios,
533 2199 666 2244 propria
690 2200 881 2232 auctoritate
900 2198 1002 2231 libcre
1030 2210 1087 2242 ap-

344 2254 557 2296 prehendere,
590 2257 621 2286 et
648 2258 805 2297 perpetuo
838 2252 989 2292 retinere,
1016 2251 1090 2284 illo-

344 2317 483 2345 rumque
508 2306 644 2347 fructus,
677 2305 821 2339 redditus
847 2310 878 2338 et
903 2309 1089 2348 proventus,

345 2359 426 2398 iura,
447 2358 655 2391 obventiones
678 2369 715 2391 ac
740 2358 958 2391 emolumenta
983 2356 1092 2390 omnia

345 2411 527 2455 percipere,
549 2412 675 2454 exigere
687 2417 717 2444 et
727 2412 845 2451 levare,
871 2421 908 2443 ac
926 2410 958 2443 in
969 2420 1044 2442 suos
1063 2415 1094 2442 et

348 2460 424 2492 dicti
445 2460 570 2502 collegii
591 2471 780 2493 communes
807 2470 884 2492 usus
908 2464 939 2492 et
970 2458 1093 2491 utilita-

348 2514 413 2540 tem
439 2515 625 2542 convertere
656 2509 757 2542 libere
781 2514 813 2542 et
844 2508 932 2541 licite
955 2507 1092 2547 valeant,

348 2556 460 2589 vicarii
481 2557 573 2590 Urbis
592 2564 647 2590 :nit
666 2557 807 2590 cuiusvis
823 2556 1095 2590 alteriuslicentia

351 2604 491 2647 desuper
528 2606 661 2638 minime
696 2606 865 2649 requisita;
898 2616 1096 2638 oeconomus

352 2663 427 2686 vcro
452 2658 482 2686 et
507 2654 559 2686 alii
586 2654 722 2687 ministri
749 2666 784 2688 ac
820 2654 993 2688 servientes
1020 2654 1096 2687 dicti

942 285 1121 312 BULLARIUM
1143 285 1294 312 ROMANUM

1124 339 1263 383 collegii,
1286 337 1386 382 ipsius
1405 336 1522 373 rectori
1542 337 1676 379 subsint,
1699 342 1730 371 et
1749 335 1869 371 adeius

1124 392 1360 436 praescriptum
1381 396 1413 425 et
1435 391 1622 424 mandatum
1650 390 1784 424 omnino
1810 389 1869 423 ob-

1124 450 1312 488 sequantur,
1332 443 1479 488 nihilque
1503 449 1615 477 contra
1643 444 1730 477 illius
1751 443 1870 476 volun·-

1124 504 1221 532 tatem
1241 498 1359 530 saciant
1385 498 1434 530 vel
1458 503 1629 537 attentent;
1659 497 1792 541 ipseque
1815 507 1870 531 oe-

1122 562 1290 591 conomus,
1326 550 1501 594 protectori
1534 550 1609 583 dicti
1643 549 1772 592 collegii
1809 560 1869 594 pro

1122 610 1269 648 tempore
1293 603 1448 644 existenti,
1472 603 1521 636 vel
1544 603 1638 636 etiam
1665 603 1723 647 ipsi
1750 602 1866 636 rectori

1120 658 1239 691 volenti
1260 662 1290 690 et
1309 656 1499 700 requirenti,
1523 661 1579 690 aut
1596 657 1636 690 ab
1656 667 1768 690 eorum
1789 667 1870 700 quo·

1120 711 1198 744 libet
1216 711 1390 754 deputatis,
1417 710 1466 743 bis
1486 710 1518 743 in
1539 720 1636 750 anno,
1666 710 1868 752 velquoties-

1120 775 1259 807 cumque
1284 763 1312 796 ei
1349 763 1398 796 vel
1418 763 1463 797 eis
1486 763 1589 796 visum
1614 762 1685 804 erit,
1711 763 1868 797 rationem

1120 817 1254 850 reddere
1285 822 1443 850 teneatur.
1475 816 1554 850 Cum
1578 826 1617 849 eo
1644 822 1752 849 tamen
1781 815 1869 860 quod

1119 869 1144 903 si
1165 869 1276 914 aliquo
1296 875 1443 913 tempore
1462 869 1664 914 praedictum
1693 869 1868 912 collegium

1120 934 1157 956 ex
1177 934 1385 966 quacumque
1409 933 1508 956 causa
1531 922 1662 956 dissolvi
1688 922 1866 965 contingat,

1119 977 1225 1017 aedes,
1245 977 1393 1017 ecclesia,
1411 976 1539 1017 domus,
1561 986 1678 1009 census
1697 981 1869 1019 ceteraque

1119 1030 1228 1064 omnia
1247 1029 1411 1073 praedicta
1430 1029 1564 1073 perinde
1585 1029 1740 1073 praedicti
1760 1029 1870 1073 hospi-

1118 1082 1189 1116 talis
1208 1082 1283 1120 sint,
1313 1093 1349 1116 ac
1374 1082 1400 1116 si
1429 1082 1548 1115 erectio
1583 1082 1711 1125 collegii
1743 1087 1774 1115 et
1804 1082 1868 1115 alia

1118 1135 1318 1179 praescripta
1338 1145 1515 1178 numquam
1546 1142 1758 1176 emanassent,
1771 1141 1869 1181 prout

1119 1198 1178 1221 nos
1202 1199 1240 1221 ex
1259 1198 1347 1221 nunc
1367 1188 1399 1220 in
1428 1199 1504 1221 eum
1534 1194 1683 1221 eventum
1707 1189 1867 1233 hospitale

1119 1241 1236 1285 ipsum,
1259 1241 1366 1285 quoad
1391 1241 1445 1274 illa
1455 1241 1563 1274 omnia
1582 1241 1616 1274 in
1635 1241 1797 1284 integrum
1813 1253 1868 1276 re-

1119 1294 1295 1328 stituimus.

1163 1348 1178 1391 §
1192 1347 1224 1380 6.
1241 1347 1286 1380 Eo
1306 1348 1375 1391 ipso
1391 1347 1566 1381 districtius
1588 1347 1770 1381 inhibentes
1789 1359 1866 1393 cap-

1120 1400 1254 1445 pellanis
1273 1400 1456 1444 praedictis,
1475 1411 1602 1434 necnon
1622 1401 1697 1434 dicti
1722 1402 1866 1447 hospita-

1120 1453 1158 1487 lis
1178 1452 1450 1496 gubernatoribus
1480 1458 1511 1486 et
1529 1453 1844 1489 administratoribus
1856 1481 1864 1497 ‚

1122 1507 1357 1550 cuiuscumque
1387 1507 1528 1540 nominis
1558 1513 1590 1540 et
1616 1507 1802 1551 dignitatis,
1825 1519 1867 1543 ne

1122 1560 1273 1604 deinceps
1292 1560 1325 1593 in
1345 1560 1496 1600 aedibus,
1517 1560 1653 1594 eeclesia
1666 1587 1674 1602 ,
1692 1561 1843 1596 domibus
1856 1588 1864 1604 ,

1122 1613 1299 1657 apothecis,
1321 1614 1480 1654 censibus,
1501 1614 1657 1647 fructibus
1674 1615 1808 1659 aliisque
1819 1626 1869 1650 re-

1121 1668 1193 1708 bus,
1215 1667 1342 1700 iuribus
1360 1673 1392 1700 et
1411 1667 1595 1701 actionibus
1611 1668 1802 1711 praedictis,
1819 1669 1868 1702 di-

1123 1726 1210 1753 recte
1233 1720 1281 1752 vel
1307 1720 1474 1761 indirecte,
1503 1721 1614 1764 quovis
1642 1721 1787 1765 quaesito
1815 1732 1870 1756 co-

1123 1773 1192 1805 lore
1209 1799 1217 1813 ,
1239 1783 1308 1805 sese
1333 1772 1558 1816 interponere,
1588 1780 1644 1807 aut
1673 1774 1868 1818 collegium,

1123 1831 1296 1866 rectorem,
1317 1826 1524 1859 scholasticos
1537 1831 1568 1859 et
1583 1826 1758 1866 ministros,
1779 1836 1872 1870 prae-

1125 1885 1229 1912 sentes
1249 1884 1280 1912 et
1298 1879 1435 1920 futuros,
1457 1879 1629 1913 molestare
1655 1880 1795 1913 audeant
1821 1880 1872 1914 vel

1126 1932 1326 1975 perturbare.
1341 1933 1384 1965 Ac
1401 1932 1610 1966 decernentes
1629 1943 1667 1966 ex
1684 1943 1770 1966 nune
1795 1933 1872 1966 irri-

1125 1990 1194 2017 tum
1211 1990 1243 2018 et
1262 1985 1357 2018 inane
1375 1985 1531 2028 quicquid
1555 1991 1667 2018 contra
1697 1986 1873 2029 praemissa

1127 2038 1259 2072 etetiam
1269 2039 1490 2082 praesentibus
1501 2044 1661 2079 contenta,
1672 2050 1730 2082 per
1743 2039 1873 2073 eosdem

1128 2099 1183 2125 aut
1196 2092 1323 2136 quosvis
1347 2091 1438 2132 alim,
1455 2091 1594 2125 scienter
1607 2092 1656 2125 vel
1672 2092 1871 2136 ignoranter,

1129 2145 1298 2188 contigerit
1321 2146 1480 2178 attentari.

1173 2199 1188 2242 g
1209 2198 1238 2231 7.
1262 2199 1432 2231 Praeterea
1451 2197 1622 2241 collegium
1644 2208 1748 2243 ipsum
1762 2225 1772 2239 ‚
1791 2199 1876 2232 eius-

1130 2263 1193 2296 que
1221 2258 1398 2292 rectorem,
1420 2252 1628 2285 scholasticos
1658 2257 1689 2285 et
1712 2251 1875 2286 ministros

1131 2306 1164 2338 in
1190 2310 1409 2348 perpetuum,
1441 2316 1477 2338 ac
1508 2305 1671 2350 praedicta
1701 2311 1875 2349 ceteraque

1132 2358 1240 2391 omnia
1260 2368 1372 2391 eorum
1392 2358 1489 2398 bona,
1512 2358 1644 2391 mobilia
1668 2363 1699 2392 et
1722 2357 1874 2392 immobi-

1132 2411 1186 2451 lia,
1210 2411 1445 2454 cuiuseumque
1457 2411 1620 2455 qualitatis
1637 2417 1667 2444 et
1677 2411 1874 2455 quantitatis,

1134 2461 1167 2493 in
1191 2461 1275 2493 dicta
1295 2461 1377 2494 Urbe
1395 2467 1426 2494 et
1446 2467 1533 2493 extra
1551 2465 1581 2493 et
1599 2460 1662 2493 alio
1688 2460 1808 2504 ubique
1829 2462 1876 2493 lo-

1136 2520 1247 2542 corum
1273 2510 1489 2550 consistentia,
1509 2510 1568 2542 suh
1587 2515 1696 2542 nostra
1727 2509 1878 2552 beatique

1135 2558 1219 2590 Petri
1251 2564 1282 2591 et
1309 2558 1406 2591 liuius
1435 2558 1526 2591 Sedis
1552 2557 1749 2601 protectione
1779 2558 1879 2591 susci-

1137 2606 1271 2649 pientes,
1293 2618 1330 2639 ac
1349 2607 1442 2639 nobis
1465 2611 1496 2640 ct
1515 2606 1618 2639 cidem
1638 2606 1711 2639 Sedi
1732 2607 1879 2649 protinus

1138 2656 1353 2695 subiicientQS,
1377 2656 1431 2689 illa
1451 2655 1558 2689 omnia
1582 2655 1614 2687 in
1634 2655 1832 2695 universum,
1849 2661 1880 2688 et

1905 1331 2009 1361 Minium-{n

1892 1364 1905 1383 h
1909 1364 2004 1388 nspiulfi
2028 1373 2033 1394 ἰ

1892 1391 2007 1411 molestent

1891 1418 1974 1439 leffium
1993 1415 2014 1438 it
2029 1409 2034 1448 ε

1891 1449 1994 1468 persona
2017 1453 2019 1457 ⁴

1891 1471 2007 1495 praedict&
2016 1480 2019 1487 ¹

1892 1498 1946 1522 elptt
1954 1503 1960 1524 ς

2029 1461 2034 1482 2

1919 2176 2022 2202 Collum
2033 2194 2039 2215 ¹

1890 2205 1970 2224 tui-ind.
2002 2212 2003 2219 1
2017 2212 2019 2219 ·
2033 2222 2038 2235 ι

1892 2232 1978 2250 riorum
1987 2226 2010 2250 ἃ

1891 2261 2011 2285 rumoni-q

1894 2285 1968 2304 dicum
2018 2296 2021 2299 -

1987 3176 1995 3190 ⁴:

1974 3188 2000 3228 n

2033 2251 2039 2271 l

2032 2273 2038 2299 ¹l
