2059 3228
76 0 147 68 F

111 48 114 55 .

86 74 105 93 ‚3

71 205 121 263 2²0.
134 231 202 261 ¹586

212 345 294 376 mus,
318 336 469 379 illamque
495 347 620 369 necnon
640 341 778 378 quatuor
797 335 874 367 alias
886 345 957 378 par-

209 442 331 475 tidiano
352 443 514 475 secretarii
537 449 589 476 aut
611 453 787 487 personae,
808 448 841 475 ut
863 453 955 485 prae-

207 494 319 535 sei-tur,
342 497 380 528 :ul
402 503 552 529 curamet
570 496 756 529 exercitium
770 495 954 528 huiusmodi

207 547 421 591 deputandae,
445 560 480 582 ac
500 549 597 582 trium
615 549 846 582 stimulorumet
859 547 955 580 unius

206 600 422 644 equi,cisdcm
439 604 534 636 modo
549 608 578 635 et
596 604 710 641 forma,
730 601 847 644 quihus
864 611 954 644 prae-

206 653 268 687 t'ato
300 655 409 688 loanni
430 656 589 700 Baptistae
610 655 678 687 dari
699 655 855 687 hactenus
875 664 953 686 eon-

204 714 387 747 suevcrunt,
407 708 542 752 collegio
563 708 717 751 praefato,
741 718 798 750 pro
814 711 952 739 secreta-

203 758 250 792 rio
261 760 309 792 vel
325 771 462 804 persona
475 761 657 805 deputanda
670 760 868 799 huiusmodi,
881 770 953 803 per-

202 817 301 856 petuo
330 814 539 847 concedimus
559 821 590 848 ct
609 814 820 857 assignanms,
839 819 870 845 et
894 824 952 856 per

201 875 267 905 eos,
289 866 328 899 ad
352 878 432 911 quos
451 873 571 911 spectat
591 873 621 900 et
642 878 700 911 pro
720 873 864 910 tempore
878 878 950 910 spe-

201 919 309 960 ctabit,
331 920 413 961 dari,
429 921 582 965 praestari
596 927 628 954 et
639 921 793 964 assignari
803 921 950 953 volumus

201 978 231 1006 et
250 974 450 1008 mandamus.

243 1027 258 1070 ἓ
283 1026 313 1059 7.
340 1027 472 1061 Necnon
507 1028 712 1062 medietatem
740 1028 884 1061 omnium
920 1033 947 1061 et

48 1094 188 1120 Ιωοιιιω-
200 1078 402 1124 singulorum
449 1082 587 1115 aliorum
633 1083 946 1119 emolumentorum,

62 1126 188 1149 emtum„-
200 1143 283 1177 quae
302 1134 459 1168 hactenus
477 1137 638 1179 praefatus
656 1136 791 1168 Ioannes
811 1135 947 1178 Baptista

134 1164 187 1186 quae

46 1186 188 1243 &¹¹:⁶21
200 1187 361 1221 Canohius
392 1199 451 1232 pro
475 1200 508 1222 se
537 1195 569 1223 et
596 1189 665 1222 aliis
686 1189 813 1222 duobus
844 1200 948 1222 secre-

58 1244 84 1285 ἐΰς
97 1250 186 1278 conlegio
199 1241 289 1275 tariis
308 1242 493 1276 domesticis
510 1243 690 1287 percipere,
710 1243 836 1285 exigere
857 1248 887 1275 et
904 1245 947 1277 le-

80 1284 186 1336 ”0:222
197 1305 272 1329 vare
291 1296 467 1337 consuevit,
488 1297 531 1329 ita
550 1302 585 1329 ut
609 1297 671 1329 alia
692 1297 847 1329 medietas
861 1307 945 1330 emo-

52 1343 415 1382 *fflffisslumentorum
439 1350 639 1390 huiusmodi,
669 1361 733 1383 una
751 1361 824 1382 eum
846 1350 943 1383 altera

195 1412 233 1435 ex
251 1402 344 1436 dictis
366 1403 580 1447 portionibus,
593 1414 652 1447 pro
671 1414 736 1436 uno
752 1404 801 1436 vel
819 1403 944 1437 duobus

195 1461 252 1490 aut
270 1456 419 1500 pluribus
439 1457 619 1490 secretariis
644 1457 829 1490 domesticis
861 1458 943 1490 salva

195 1515 372 1552 remaneat,
395 1510 458 1544 sive
474 1511 529 1544 illa
548 1510 673 1544 ratione
693 1515 838 1543 taxarum
858 1511 942 1544 litte-

192 1573 304 1597 rarum
335 1563 603 1608 apostolicarum,
633 1564 683 1597 via
708 1575 789 1608 quae
821 1570 943 1598 secreta

194 1616 376 1661 appellatur
402 1618 691 1661 expediendarum,
722 1617 785 1650 sive
811 1618 942 1654 cedula·

193 1680 267 1704 rum
287 1670 546 1715 propositionum
568 1671 777 1704 ecclesiarum
799 1677 854 1704 aut
871 1681 940 1704 mo-

192 1722 422 1762 nasteriorum,
441 1724 489 1757 vel
504 1724 735 1757 sententiarum
760 1734 778 1756 a
798 1724 941 1757 Romano

191 1774 347 1811 Pontifice
370 1788 429 1821 pro
447 1782 591 1822 tempore
611 1778 761 1816 latarum,
783 1783 837 1810 aut
853 1778 940 1811 inve-

190 1829 380 1864 stiturarum
399 1832 438 1864 ab
455 1842 493 1865 eo
517 1831 758 1875 quomodolibet
770 1831 938 1872 factarum,

193 1883 429 1928 percipiantur,
455 1895 510 1918 seu
522 1885 634 1929 quovis
644 1885 706 1917 alio
719 1885 850 1918 nomine
859 1895 941 1918 nun-

194 1943 366 1982 cupentur,
392 1939 528 1982 collegio
558 1939 701 1983 praefato
721 1938 843 1983 pariter
862 1949 938 1972 con-

194 1991 339 2026 cedimus
359 1997 390 2025 et
409 1992 620 2035 assignamus.

237 2044 253 2088 ἓ
277 2043 309 2078 8.
331 2045 377 2078 lta
396 2046 483 2089 quod
503 2046 596 2079 liceat
620 2045 679 2090 ipsi
710 2045 857 2088 collegio,
882 2056 940 2089 per

67 2103 181 2135 uenantum
194 2107 228 2131 se
245 2098 295 2131 vel
313 2098 413 2132 alium
433 2109 490 2132 seu
509 2099 588 2132 alios
600 2099 668 2132 eius
689 2098 831 2139 nomine,
849 2109 940 2142 prae-

36 2137 182 2194 Ἕῃξξζςῗζι.
194 2150 277 2184 satae
302 2162 399 2185 curae
431 2158 526 2196 atque
560 2152 702 2185 exercitii
733 2158 764 2185 et
795 2153 937 2194 integrae

39 2192 85 2252 ff,
97 2199 182 2258 ζζζῖᾒζ
195 2204 353 2248 portionis
367 2205 566 2246 huiusmodi,
579 2215 706 2238 necnon
724 2205 938 2243 mansionum,

36 2256 182 2314 ’Ἕω-θ·-
193 2255 416 2301 registroruin,
438 2259 623 2302 portionum
645 2258 842 2291 cibariorum
858 2265 889 2291 et
905 2270 938 2292 a-

52 2329 67 2355 y
193 2310 312 2344 liorum
331 2312 625 2345 emolumentorum
640 2312 855 2355 praefatorum
868 2323 939 2356 pos-

194 2360 379 2405 sessionem,
392 2365 523 2409 propria
535 2365 851 2407 auctoritate,vigO1·e
861 2377 939 2408 prze-

193 2413 346 2454 sentium,
372 2414 625 2456 apprehendere,
646 2424 702 2447 seu
726 2414 832 2447 forsan
856 2415 938 2448 inte-

193 2460 253 2495 rim
274 2461 506 2505 apprehensam
523 2468 679 2505 perpetuo
707 2462 858 2504 retinere,
880 2473 939 2496 nec

194 2510 333 2554 desuper
355 2520 374 2543 a
398 2510 572 2543 secretario
602 2510 778 2543 domestico
802 2521 867 2543 uno
891 2512 938 2544 vel

196 2559 343 2602 pluribus
353 2559 426 2602 (pro
438 2569 503 2603 quo
518 2569 575 2592 seu
587 2559 705 2603 quibus
724 2560 823 2592 altera
843 2560 937 2592 dum-

195 2613 279 2644 taxat
297 2609 423 2652 integra
449 2609 556 2655 portio
589 2610 881 2644 emolumentorum
902 2621 938 2644 ex

864 227 968 251 NJXTUS
991 227 1009 249 V
1033 225 1089 248 ΡΡω

1642 218 1704 252 687
1767 217 1817 246 An.
1834 215 1864 244 c.
1877 209 1944 236 ¹58⁶

211 281 306 316 etiam
327 287 484 325 perpetuo
505 281 771 314 dismembramus
784 285 814 314 et
829 291 956 324 separa·
1001 278 1126 311 (lualms
1154 277 1199 310 illi
1232 278 1270 311 ab
1295 278 1480 313 Innocentio
1500 279 1747 323 praedecessore

1002 332 1142 375 praefato
1172 332 1348 374 assignatis,
1376 344 1413 366 ac
1447 334 1569 376 reliqua
1595 335 1747 368 medietas

210 394 257 422 tes
281 388 562 432 ‹·il):triorum,pro
575 389 957 431 rietur-talimentoquo-
1000 384 1136 417 aliorum
1167 386 1459 419 emolumentorum
1485 388 1744 431 supradictorum

998 439 1100 470 salvae
1117 440 1566 483 remaneant)quomodolibet
1582 440 1744 475 molestari

998 497 1107 535 possit.

1040 545 1054 587 ξ
1079 543 1109 577 O.
1138 544 1181 577 lta
1210 550 1315 578 tamen
1336 547 1420 589 quod
1442 548 1611 587 collegium
1637 558 1742 581 secre-
1757 547 1940 604 Ρςωῦῃᾞξὲῑέηῡῐξζ

997 597 1152 629 tariorum
1174 608 1229 630 seu
1242 598 1280 630 ad
1297 600 1481 632 exercitium
1493 601 1675 633 huiusmmti
1686 601 1741 634 de·
1757 596 1939 635 putasecietariu

996 656 1125 693 putatus
1141 650 1215 694 ipsis
1241 653 1420 685 secretariis
1441 654 1623 687 domesticis
1645 655 1740 688 ratio·
1757 642 1863 663 ”mm

996 714 1051 735 nes
1075 710 1106 737 et
1134 711 1284 749 computa
1303 707 1472 740 ostendere
1492 713 1521 740 et
1542 708 1677 741 reddere
1697 715 1742 743 te—

995 763 1143 791 neantur.

1015 830 1018 833 -
1038 811 1393 855 §10 lpsissecretariis
1404 813 1740 859 domesti‹-i.<protem-
1753 813 1936 867 domesslffiffflffl

995 865 1296 908 poreexistentihus,
1308 867 1374 900 sive
1387 869 1570 901 unusfuerit
1584 869 1646 902 sive
1665 871 1737 913 plu·
1754 875 1808 895 unm
1830 876 1862 911 {¹1²
1885 883 1936 897 con-

994 929 1056 960 res,
1076 919 1134 952 sub
1147 920 1233 952 mille
1246 920 1436 954 ducatorum
1450 921 1518 954 auri
1531 929 1559 954 et
1573 923 1640 955 aliis
1652 924 1739 956 arbi·
1753 909 1812 928 (ω’
1829 910 1933 934 'mum'

992 972 1170 1006 trionostro
1179 975 1300 1017 poeuis,
1310 985 1347 1007 eo
1357 975 1437 1018 ipso,
1450 986 1508 1019 pro
1518 976 1657 1018 qualibet
1672 977 1738 1010 vice

992 1037 1054 1069 qua
1065 1028 1331 1068 contravenerint,
1341 1028 1553 1066 incurrendis,
1565 1029 1736 1062 districtius

991 1079 1172 1114 inhibentes
1182 1091 1221 1113 ne
1232 1081 1483 1124 aliquaslitteras
1494 1081 1526 1114 in
1547 1082 1648 1115 forma
1667 1083 1737 1116 hre-

990 1133 1034 1165 vis
1053 1139 1108 1166 aut
1140 1134 1236 1167 etiam
1270 1135 1328 1167 sub
1354 1136 1487 1178 plumbo
1511 1136 1660 1179 expedire
1681 1147 1736 1169 au-

990 1187 1085 1219 deant
1103 1187 1151 1220 vel
1172 1194 1390 1230 praesumant,
1418 1194 1544 1232 praeter
1564 1188 1634 1221 illas
1653 1200 1735 1232 quae

989 1239 1123 1273 Romani
1143 1241 1306 1274 Pontificis
1325 1252 1384 1286 pro
1409 1248 1554 1286 tempore
1575 1242 1735 1275 existentis

988 1298 1018 1326 et
1038 1293 1200 1327 Romanae
1219 1295 1380 1328 Ecclesiae
1399 1295 1525 1339 negotia
1546 1301 1667 1328 secreta
1679 1302 1735 1329 aut

987 1347 1184 1381 orthodoxae
1212 1348 1287 1381 fidei
1320 1354 1437 1381 statum
1466 1355 1677 1389 concernent3
1703 1355 1734 1383 et

987 1402 1212 1435 emolumentis
1232 1402 1304 1442 sibi,
1323 1407 1358 1435 ut
1373 1413 1480 1446 supra,
1492 1403 1732 1436 remanentibus

987 1455 1137 1496 contenti,
1158 1455 1239 1488 nihil
1255 1456 1355 1497 aliud,
1377 1456 1472 1489 etiam
1493 1456 1660 1490 occasione
1680 1467 1733 1490 eo·

986 1519 1057 1541 rum
1083 1509 1268 1542 huiusmodi
1300 1509 1408 1549 officii,
1430 1521 1447 1542 a
1472 1520 1636 1553 quoquam
1656 1520 1730 1554 per-

985 1562 1093 1605 cipere
1112 1563 1244 1606 possint,
1269 1563 1324 1596 sed
1343 1563 1497 1607 quicquid
1518 1563 1599 1596 lucri
1620 1573 1656 1596 ex
1675 1574 1729 1596 su-

984 1615 1138 1658 pradictis
1166 1615 1245 1649 taxis
1263 1616 1425 1649 bullarum
1446 1627 1503 1659 per
1521 1616 1602 1649 viam
1623 1626 1728 1650 secre-

985 1675 1047 1701 tam
1068 1669 1338 1713 expediendarum
1358 1676 1389 1702 et
1408 1669 1570 1713 quibusvis
1591 1670 1659 1702 aliis
1679 1680 1728 1703 re-

983 1723 1074 1765 galiis
1093 1724 1266 1768 praedictis
1286 1724 1492 1768 percipietur,
1506 1724 1545 1756 ad
1563 1724 1727 1757 custodem

982 1777 1128 1810 brevium
1171 1788 1228 1811 seu
1264 1778 1563 1817 ,emolumentorum
1598 1778 1638 1810 ab
1672 1788 1727 1811 eo-

981 1830 1055 1863 dem
1086 1830 1222 1874 collegio
1252 1830 1471 1874 deputandum
1505 1830 1662 1864 destinent
1689 1841 1727 1864 ac

983 1884 1115 1918 omnino
1134 1885 1364 1925 transmittant,
1391 1895 1473 1928 quae
1493 1885 1622 1927 quidem
1656 1895 1726 1917 om-

981 1937 1034 1971 nia
1054 1944 1084 1971 et
1108 1938 1246 1981 singula,
1263 1943 1299 1970 ut
1316 1937 1541 1970 inviolabiliter
1556 1938 1726 1970 observen-

980 1997 1043 2032 tur,
1075 1992 1133 2024 sub
1163 1992 1282 2025 eisdem
1316 1992 1428 2035 poenis
1453 1989 1670 2035 praecipimus
1695 1995 1726 2023 et

980 2046 1180 2079 mandamus.

1024 2100 1039 2142 ἓ
1063 2099 1115 2131 tt.
1143 2099 1320 2139 Praeterea,
1350 2098 1453 2131 eidem
1481 2097 1617 2140 collegio
1643 2098 1725 2132 libe·
1740 2097 1922 2156 σὼξῦῑῐθῗζρῗζ

979 2163 1046 2185 ram
1066 2152 1237 2185 tribuimus
1256 2153 1439 2185 facultatem
1456 2151 1722 2185 etauctoritatem
1739 2159 1829 2195 tandi-et
1849 2165 1921 2181 remo-

979 2205 1183 2245 nominandi,
1217 2205 1356 2247 eligendi
1386 2211 1417 2238 et
1449 2204 1623 2248 deputandi
1660 2191 1802 2243 tressissssiss
1815 2196 1921 2243 ¹3⁵2}ss

980 2258 1112 2290 idoneas
1141 2269 1293 2302 personas
1320 2268 1378 2301 pro
1409 2255 1587 2290 scribendis
1611 2258 1723 2291 litteris
1738 2253 1920 2310 {fssggffffffggffi

979 2311 1010 2344 in
1037 2313 1139 2344 forma
1169 2311 1270 2344 brevis
1295 2322 1353 2355 per
1381 2311 1501 2344 dictum
1533 2311 1721 2355 deputatum
1737 2315 1919 2351 bunasse-crem&

980 2365 1207 2408 expediendi5‚
1238 2371 1268 2398 et
1297 2370 1359 2397 tam
1395 2364 1459 2396 illis
1486 2374 1582 2406 quam
1609 2365 1723 2398 litteris
1737 2347 1919 2404 iiisc'bsacriiptodiss

979 2414 1172 2458 apostolic-is,
1203 2414 1253 2446 via
1282 2424 1365 2456 quae
1391 2413 1571 2457 appellatur
1602 2419 1723 2447 secreta
1738 2410 1894 2437 bu⁵³⁵⁵⁵⁸¹¹“‘¹·

979 2463 1145 2507 expeditis,
1172 2463 1391 2505 registrandis,
1414 2463 1577 2506 dictasque
1610 2473 1722 2506 perso-

978 2522 1034 2544 nas
1054 2511 1092 2544 ad
1113 2511 1210 2554 ipsius
1231 2511 1356 2554 collegii
1375 2517 1490 2543 nutum
1519 2511 1719 2553 removendi,

979 2566 1009 2593 et
1031 2560 1108 2592 alias
1127 2566 1334 2600 remotarum,
1356 2559 1574 2593 recedentium
1593 2559 1642 2592 vel
1665 2559 1721 2593 de-

979 2609 1161 2644 cedentium
1181 2608 1214 2642 in
1234 2609 1340 2644 locum
1361 2608 1557 2653 subrogandi
1576 2614 1607 2642 et
1621 2608 1721 2652 depu-
