2059 3228
367 260 432 294 3-24

367 323 382 366 ἓ
403 323 433 356 9.
456 321 492 354 Et
512 331 576 365 quo
598 320 734 359 facilius,
756 320 839 364 siqui
859 319 898 352 ad
919 331 1069 363 praesens

161 386 308 413 suscipientes
323 375 530 419 reperiuntur
549 373 790 417 quomodolibet
810 372 926 417 provisi
954 373 994 407 de
1014 374 1070 406 be-

240 418 307 445 ⁵¹·⁰¹³³
322 427 445 461 noticiis
473 438 490 459 a
528 426 734 470 prioratibus,
774 425 1001 459 baiulivatibus
1038 432 1069 459 et

936 266 1116 292 BULLARIUM
1134 266 1284 291 Romnum

1109 318 1339 362 Hispaniarum
1373 323 1405 352 et
1436 318 1659 362 Neapolitano,
1681 317 1796 356 nostris
1827 321 1858 351 et
1895 322 1927 345 »ο
1948 303 2021 363 ’ᾗῇ

1110 371 1199 405 Sedis
1217 371 1421 414 Apostolicae
1440 383 1498 415 pro
1523 377 1668 416 tempore
1692 370 1857 405 existenti·
1869 356 1958 416 ffii’x
1983 365 2001 381 '¹

1109 424 1168 457 bus
1188 424 1327 465 nunciis,
1350 430 1405 458 aut
1423 424 1538 458 Curiae
1558 435 1729 459 causarum
1746 424 1858 458 Came-

127 270 182 299 An.
197 270 227 299 C.
244 271 309 300 1580

125 449 227 475 cauiisequi
261 455 308 475 ρης.

142 1455 176 1476 Ρῐῑ
192 1454 210 1476 V
227 1459 301 1476 exem-

116 1488 212 1514 ptionem
227 1492 238 1506 a
261 1486 302 1507 de—

113 1518 178 1539 cimis
193 1516 302 1538 confirmat

119 1548 211 1576 altisque
248 1554 302 1570 one-

118 1580 176 1602 ribus
188 1588 195 1607 ;

321 480 521 514 commendis
530 479 716 512 huiusmodi
732 479 1001 523 depeiidentibu5‚
1011 491 1067 513 seu

321 534 360 566 ad
400 533 531 566 illorum
570 532 774 566 collationem
789 559 796 572 ,
835 532 1064 576 provisionem,

320 585 612 630 praesentationem
632 596 689 619 seu
717 586 862 630 quamvis
883 586 977 619 aliam
1005 585 1067 619 dis-

319 638 762 683 positionemspectantibus,
793 639 890 672 etiam
920 639 1065 672 habitum

318 694 421 726 dictae
441 692 616 736 Religionis
636 703 698 726 non
719 698 942 736 susceperunt,
957 693 996 725 ad
1011 693 1066 725 ha-

317 747 404 781 bitus
423 747 525 792 ipsius
544 746 781 791 susceptionem
803 751 831 779 et
858 746 1066 790 professionis

318 800 523 834 emissionem
549 800 757 840 inducantur,
793 799 911 832 eisdem
946 799 1064 843 priori-

316 854 390 896 bus,
411 854 561 888 baiulivis
589 859 620 888 et
652 853 933 887 commendatoriis
967 852 1066 886 licen-

316 909 393 942 tiam
414 915 445 942 et
464 908 648 941 facultatem
665 906 874 941 concedimus
889 906 966 950 ipsis
986 917 1063 940 con-

316 962 457 996 donandi
478 968 508 995 et
528 960 692 995 relaxandi
712 971 824 994 eorum
846 960 960 1004 spolia,
982 970 1064 1003 quae

316 1017 356 1050 ad
375 1015 475 1049 dictos
499 1015 634 1060 priores,
653 1014 810 1048 baiulivos
838 1019 869 1046 et
901 1024 1065 1047 commen-

316 1069 456 1103 datarios
475 1074 631 1113 spectant,
647 1068 689 1101 ita
710 1073 744 1101 ut
764 1067 802 1100 de
818 1066 880 1099 illis
893 1067 1064 1111 disponere

314 1123 448 1168 possint,
476 1129 541 1156 tam
566 1123 599 1155 in
622 1122 685 1155 vita
708 1132 806 1165 quam
830 1120 862 1153 in
884 1121 995 1154 mortis
1015 1131 1064 1153 ar-

314 1177 426 1217 ticulo,
447 1175 786 1219 condonationemque
824 1185 860 1207 ac
893 1173 1063 1207 relaxatio-

315 1241 389 1264 nem
409 1229 597 1264 huiusmodi
616 1229 759 1262 eiusdem
780 1227 906 1261 roboris
926 1239 962 1261 ac
994 1238 1063 1261 mo-

315 1283 414 1317 menti
450 1294 517 1317 esse
548 1294 585 1317 ac
613 1283 640 1317 si
672 1283 711 1316 ab
742 1282 854 1316 eadem
878 1281 959 1316 Sede
979 1291 1065 1315 ema-

315 1343 456 1372 nassent.

360 1392 375 1435 g
395 1392 448 1426 10.
470 1391 602 1424 Necnon
622 1390 723 1424 felicis
751 1388 984 1423 recordationis
1015 1388 1064 1421 Pii

315 1446 419 1489 Papae
451 1445 487 1486 V,
523 1444 620 1478 etiam
660 1442 917 1488 praedecessoris
949 1441 1062 1482 nostri,

316 1499 429 1533 litteris
449 1499 665 1539 inhaerentes,
692 1497 829 1541 illasque
849 1496 1065 1541 approbantes

317 1553 592 1593 etconfirmantes,
601 1562 652 1587 om
659 1562 713 1585 nes
721 1557 751 1584 et
764 1551 904 1594 singulas
911 1560 1065 1594 personas

317 1608 351 1641 in
370 1607 447 1640 dicti
472 1606 600 1640 Ordinis
623 1605 788 1639 beneficiis
821 1604 1066 1648 quomodolibet

317 1661 496 1701 existentes,
534 1671 552 1693 a
588 1659 753 1693 seminarii
789 1658 996 1699 clericorum,
1032 1657 1065 1690 in

316 1715 461 1760 qualibet
484 1713 609 1747 civitate
632 1713 719 1746 iuxta
749 1712 826 1745 dicti
851 1711 980 1745 concilii
1013 1711 1066 1745 de-

317 1774 405 1803 creta
424 1767 522 1802 erecti
541 1778 598 1801 seu
614 1765 769 1809 erigendi,
789 1776 826 1799 ac
846 1765 1063 1806 decimarum,

316 1822 451 1857 subsidii
470 1827 501 1855 et
516 1821 655 1854 aliorum
672 1830 808 1853 onerum
825 1819 1065 1853 contributione

316 1876 458 1910 totaliter
477 1873 648 1908 eximimus
669 1878 699 1906 et
718 1873 906 1914 liberamus,
928 1883 965 1906 ac
986 1873 1065 1907 libe-

315 1940 369 1963 ros
393 1934 425 1963 et
444 1933 608 1972 exemptos
629 1937 696 1961 esse
716 1927 878 1960 volumus.
901 1925 1017 1969 Sicque
1033 1927 1064 1959 in

315 1982 501 2028 praemissis
525 1981 677 2014 omnihus
696 1985 728 2013 et
743 1979 877 2023 singulis
897 1990 956 2024 per
970 1991 1065 2023 quos-

317 2047 457 2081 cumque
481 2035 606 2069 iudices
625 2033 806 2068 ordinarios
834 2039 865 2066 et
890 2034 1063 2077 delegatos,

316 2090 412 2124 etiam
439 2098 610 2122 causarum
635 2086 746 2120 Palatii
770 2086 944 2130 Apostolici
973 2087 1065 2119 audi-

316 2149 413 2184 tores,
439 2153 476 2176 ac
496 2141 573 2175 dicti
593 2140 721 2174 Ordinis
740 2140 827 2183 apud
847 2150 905 2172 nos
929 2139 1064 2173 dictam-

316 2208 378 2241 que
398 2196 512 2230 Sedem
533 2200 744 2239 protectores,
767 2198 797 2226 et
821 2193 901 2226 alios
930 2192 1065 2226 Sanctae

316 2250 478 2283 Romanae
509 2248 670 2282 Ecclesiae
709 2246 898 2286 cardinales,
939 2246 1065 2278 sublata

316 2304 361 2336 eis
380 2309 409 2336 et
435 2313 548 2336 eorum
573 2300 706 2335 cuilibet
725 2300 837 2343 quavis
867 2299 959 2332 aliter
979 2299 1064 2332 iudi-

316 2355 443 2389 dicandi
463 2361 494 2390 et
512 2353 744 2400 interpretandi
776 2354 926 2386 facultate
953 2357 984 2385 et
1007 2363 1064 2385 au-

316 2410 475 2450 ctoritate,
497 2409 620 2452 ubique
645 2407 782 2441 iudicari
803 2412 834 2440 et
853 2405 986 2439 diffiniri
1008 2405 1064 2438 de-

316 2464 409 2503 bet-133
433 2462 559 2495 irritum
581 2472 712 2505 quoque
736 2466 767 2494 et
786 2460 899 2497 inane,
925 2458 952 2491 si
973 2469 1065 2491 secus

317 2522 414 2555 super
431 2511 480 2544 liis
499 2522 517 2544 a
530 2521 706 2555 quoquam,
728 2509 840 2553 quavis
859 2507 1062 2547 auctoritate,

317 2560 454 2594 scienter
473 2560 521 2593 vel
542 2560 740 2602 ignoranter,
764 2556 934 2601 contigerit
963 2562 1064 2589 atten-

316 2609 388 2650 tari,
407 2609 624 2642 decernimus.

1108 488 1163 510 rae
1183 477 1387 521 Apostolicae
1407 478 1548 521 generali
1564 478 1715 520 auditori,
1737 483 1769 511 et
1787 477 1858 521 qui-

1107 531 1308 575 buscumque
1342 532 1621 566 conservatoribus
1645 543 1703 576 per
1726 532 1855 566 eosdem

1108 585 1310 627 magistrum,
1324 584 1494 626 baiulivos,
1509 585 1634 630 priores
1646 592 1677 619 et
1689 595 1855 619 commen-

1107 637 1258 679 datarios,
1281 638 1369 673 iuxta
1387 639 1523 671 formam
1537 638 1780 682 privilegiorum
1797 637 1856 673 Or-

1107 691 1190 724 dinis
1208 691 1375 735 praedieti,
1403 691 1435 724 in
1454 682 1620 735 'dignitate
1639 692 1856 726 ecclesiastica

1106 745 1298 785 constitutis,
1321 745 1431 778 electis
1455 751 1483 778 et
1505 745 1671 789 eligendis,
1686 757 1745 790 per
1760 757 1854 791 prae-

1106 803 1221 839 sentes,
1244 803 1335 831 motu
1354 798 1463 839 simili,
1486 799 1678 833 mandamus
1696 805 1855 843 quatenus

1106 850 1165 895 ipsi
1185 852 1232 885 vel
1252 852 1317 885 duo
1338 857 1393 885 aut
1417 863 1501 886 unus
1525 863 1651 894 eorum,
1677 864 1736 898 per
1754 865 1788 888 se
1803 854 1852 888 vel

1105 904 1205 938 alium
1230 916 1287 938 seu
1311 905 1403 947 alios,
1424 912 1609 950 praesentes
1628 907 1751 941 litteras
1773 907 1854 941 etin

1105 957 1150 991 eis
1169 966 1318 993 contenta
1337 970 1576 1004 quaecumque,
1598 960 1654 993 ubi
1675 961 1852 1005 etfquando

1105 1021 1187 1054 opus
1205 1011 1313 1053 fuerit,
1330 1023 1367 1046 ac
1386 1013 1512 1056 quoties
1531 1024 1589 1056 pro
1601 1018 1692 1057 parte
1708 1015 1853 1059 magistri

1105 1070 1136 1097 et
1155 1071 1332 1100 conventus
1355 1067 1418 1100 sive
1447 1067 1604 1111 priorum,
1624 1068 1852 1112 baiulivorum,

1104 1124 1353 1162 praeceptorum
1361 1121 1746 1155 etcommendatariorum
1762 1134 1853 1166 prae-

1104 1173 1241 1205 fatorum
1263 1178 1294 1206 et
1312 1173 1449 1207 aliarum
1478 1185 1690 1218 personarum
1720 1182 1751 1209 et
1779 1187 1852 1221 pos-

1104 1236 1265 1259 sessorum
1298 1227 1517 1271 praefatorum
1550 1228 1670 1262 suerint
1692 1230 1850 1274 requisiti,

1105 1279 1292 1313 solemniter
1310 1280 1523 1324 publicantes,
1545 1281 1675 1326 illisque
1703 1283 1738 1316 in
1761 1295 1852 1328 prae-

1105 1332 1209 1365 missis
1229 1333 1369 1367 esficacis
1388 1334 1581 1368 defensionis
1617 1336 1778 1379 praesidio
1801 1348 1852 1372 as-

1105 1386 1262 1427 sistentes,
1284 1386 1402 1420 saciant
1432 1388 1623 1422 auctoritate
1656 1395 1766 1424 nostra
1797 1401 1852 1425 eos

1105 1440 1290 1484 praemissis
1323 1441 1474 1475 omnibus
1511 1447 1542 1476 et
1579 1442 1726 1486 singulis,
1765 1443 1853 1478 iuxta

1106 1494 1323 1538 praesentium
1333 1494 1565 1529 continentiam
1586 1502 1616 1529 et
1628 1502 1785 1540 tenorem,
1798 1509 1854 1542 pa·

1106 1547 1196 1580 cilice
1220 1548 1283 1580 frui
1305 1553 1335 1581 et
1357 1549 1509 1591 gaudere,
1535 1560 1601 1583 non
1629 1551 1854 1594 permittentes

1106 1612 1159 1635 eos
1179 1601 1318 1646 desuper
1338 1613 1355 1635 a
1375 1614 1538 1647 quoquam
1549 1605 1794 1648 quomodolibet
1805 1606 1853 1639 in-

1106 1655 1211 1690 debite
1227 1656 1400 1689 molestari.
1418 1657 1676 1691 Contradictores
1692 1659 1854 1702 quoslibet

1106 1720 1142 1742 ac
1162 1709 1298 1743 rebelles
1332 1716 1363 1744 et
1391 1710 1576 1754 praemissis
1603 1722 1669 1744 non
1688 1717 1849 1756 parentes,

1106 1774 1163 1807 per
1183 1769 1368 1807 opportuna
1387 1764 1466 1797 iuris
1487 1770 1516 1798 et
1535 1764 1611 1798 facti
1634 1765 1789 1808 remedia,
1815 1777 1853 1800 ac

1106 1817 1237 1851 demum
1253 1828 1313 1861 per
1324 1818 1509 1859 sententias,
1523 1829 1675 1852 censuras
1685 1825 1715 1852 et
1731 1830 1853 1864 poenas

1106 1870 1336 1911 ecclesiasticas
1353 1898 1361 1912 ,
1405 1872 1622 1916 appellatione
1661 1873 1850 1917 postposita,

1106 1925 1352 1968 compescendo,
1375 1924 1521 1958 invocato
1541 1925 1637 1958 etiam
1665 1926 1706 1960 ad
1734 1926 1807 1969 hoc,
1826 1926 1850 1960 si

1106 1989 1188 2022 opus
1206 1977 1314 2019 fuerit,
1337 1978 1456 2011 auxilio
1475 1978 1599 2011 brachii
1619 1980 1805 2013 saecularis.
1827 2012 1834 2018 ,

1149 2031 1164 2074 ἓ
1191 2030 1244 2063 42.
1272 2031 1341 2064 Non
1376 2031 1575 2064 obstantibus
1599 2033 1800 2067 commcndis
1823 2039 1854 2068 et.

1106 2084 1343 2128 provisionibus
1363 2084 1498 2128 aliisque
1522 2085 1787 2128 dispositionibus
1805 2087 1853 2121 vel

1105 2137 1379 2177 concessionibus,
1401 2138 1660 2182 quibuscumque
1680 2140 1853 2174 verborum

1105 2191 1253 2224 formulis
1273 2191 1326 2223 illa
1352 2201 1502 2224 concessa
1527 2192 1657 2232 suoi-inu
1683 2203 1720 2225 ac
1752 2193 1854 2227 felicis

1105 2244 1337 2277 recordationis
1349 2244 1504 2277 Bonifacii
1519 2245 1622 2288 Papae
1639 2246 1752 2285 octavi,
1764 2257 1854 2290 prae-

1106 2297 1283 2330 decessoris
1307 2297 1419 2337 nostri,
1447 2298 1485 2330 de
1505 2308 1579 2337 una,
1601 2303 1631 2331 et
1651 2298 1780 2331 concilii
1797 2309 1852 2342 ge-

1105 2351 1224 2383 neralis
1243 2351 1282 2383 de
1302 2351 1428 2384 duabus
1447 2351 1571 2391 diaetis,
1591 2351 1767 2385 dummodo
1786 2362 1852 2385 non

1105 2404 1190 2436 ultra
1205 2410 1269 2437 tres
1288 2404 1405 2447 aliquis
1424 2404 1613 2438 auctoritate
1634 2404 1851 2448 praesentium

1105 2457 1144 2490 ad
1165 2457 1320 2490 iudicium
1343 2458 1500 2495 trahatur,
1525 2457 1661 2501 aliisque
1695 2457 1851 2491 constitu-

1106 2506 1248 2539 tionibus
1289 2512 1320 2540 et
1357 2506 1613 2549 ordinationibus
1654 2506 1849 2551 apostolicis,

1106 2556 1275 2588 contrariis
1295 2555 1572 2600 quibuscuinque;
1597 2561 1653 2589 aut
1681 2556 1708 2589 si
1737 2555 1852 2600 aliqui-

1103 2604 1175 2644 bus,
1189 2605 1406 2638 communiter
1415 2605 1462 2638 vel
1475 2603 1610 2645 divisim,
1621 2605 1660 2638 ab
1669 2605 1852 2648 Apostolica

359 2659 375 2701 ξ,
399 2657 453 2691 11.
475 2657 632 2696 Quocirca
653 2656 778 2690 dilectis
803 2655 876 2690 siliis
897 2656 930 2689 in
959 2653 1065 2698 regnis
1082 2664 1089 2697 1
1106 2654 1143 2687 sit
1178 2654 1259 2688 Scdc
1291 2653 1450 2688 indultum
1476 2653 1562 2698 quod
1597 2653 1757 2696 interdici,
1783 2665 1852 2689 sus-
