2059 3228
113 247 166 277 An.
184 248 212 278 C.
230 248 299 280 1586

166 888 293 914 nignitatnm

108 919 201 940 eiusdem
224 921 293 942 ecele-

107 952 152 972 siae
167 951 283 973 distinctio.

355 239 419 274 668

311 306 476 334 scutorum
500 308 559 342 pro
578 299 650 331 dote
671 297 774 331 dictae
798 296 951 343 ecclesiae
971 296 1052 329 Lau-

310 359 439 387 retanae
463 351 711 385 constitutorum
732 350 928 391 huiusmodi,
951 361 987 383 ex
1008 355 1053 382 tot

308 405 447 450 praediis
471 409 501 437 et
534 403 790 448 possessionibus
809 403 913 437 dictae
937 403 1052 436 domus

307 460 517 498 Lauretanae,
533 468 591 501 per
606 457 760 490 dilectum
783 456 884 489 filium
905 462 1051 489 nostrum

307 511 493 555 Philippum
534 510 642 544 Sancti
682 510 794 552 Angeli
824 510 855 542 in
890 510 972 542 Foro
1005 509 1053 541 Pi-

308 564 410 598 scium
442 563 615 597 diaconum
653 563 850 596 cardinalem
869 562 1051 595 Vastavilla-

306 628 385 651 num
397 622 633 661 nuncupatum,
643 617 747 649 dictae
762 617 877 649 domus
888 622 1051 660 protecto-

306 682 387 712 rem,
401 671 470 704 eius
482 670 615 704 arbitrio
629 670 830 703 declarandis
841 675 871 703 et
893 670 1053 712 assignan-

305 724 365 765 dis,
385 724 480 758 etiam
499 729 657 768 perpetuo
684 723 891 757 concedimus
920 728 951 756 et
973 722 1052 755 assi-

305 789 454 823 gnamus.

350 832 365 876 g
386 831 417 865 5.
433 831 564 865 Necnon
576 831 609 864 in
620 830 705 864 dicta
713 830 849 864 ecclesia
859 830 1049 869 Lauretana‚

306 885 339 919 in
358 896 422 930 qua
442 895 526 918 unus
545 884 886 929 archipresbyteratus,
908 882 964 927 qui
980 888 1052 916 ante

306 939 502 973 erectionem
532 937 720 971 huiusmodi
753 938 832 970 inibi
867 936 1053 981 principalis

306 993 473 1033 existebat,
507 1002 566 1037 pro
601 1001 667 1025 uno
695 991 987 1035 archipresbytero,
1016 999 1053 1021 ac

305 1057 370 1079 una
390 1045 615 1090 praepositura
638 1055 696 1089 pro
725 1055 789 1077 uno
811 1042 1004 1087 praeposito,
1015 1053 1052 1075 ac

305 1110 390 1133 unus
411 1099 600 1139 decanatus,
629 1098 810 1141 dignitates,
831 1107 890 1140 pro
910 1106 975 1129 uno
996 1095 1051 1128 de-

306 1163 399 1193 cano,
421 1162 549 1186 necnon
565 1151 736 1185 duodecim
748 1150 956 1184 canonicatus
967 1155 997 1182 et
1008 1155 1054 1182 to-

304 1207 404 1240 tidem
424 1205 626 1250 praebendae
652 1215 711 1248 pro
730 1203 900 1237 duodecim
920 1203 1052 1236 canoni-

305 1260 351 1294 cis
371 1270 407 1293 ac
427 1259 523 1293 etiam
543 1258 714 1303 duodecim
733 1256 946 1296 beneficiatis,
969 1261 1054 1289 etto-

306 1313 404 1347 tidem
426 1312 595 1346 clericatus
614 1316 801 1356 nuncupata
812 1315 969 1355 perpetua
981 1309 1053 1342 sim-

304 1366 403 1411 plicia
421 1365 578 1399 beneficia
598 1375 656 1408 pro
690 1364 823 1398 totidem
844 1363 990 1408 personis
1010 1363 1054 1396 ei·

306 1420 380 1453 dem
400 1418 560 1452 Ecclesiae
576 1419 774 1451 Lauretanae
785 1416 1050 1456 deservientibus,

305 1477 412 1507 erecta
440 1477 470 1505 et
497 1471 628 1504 fundata
648 1471 799 1511 existunt,
821 1481 923 1503 unum
950 1469 1054 1502 archi-

304 1525 586 1569 diaconatum‚qui
609 1524 688 1558 inibi
700 1525 838 1568 dignitas
860 1524 963 1557 maior
983 1528 1054 1567 post

304 1580 523 1626 pontificalem
535 1579 656 1619 existat,
667 1589 725 1622 pro
736 1589 801 1612 uno
812 1578 1050 1617 archidiacono,

304 1634 411 1678 quiin
428 1633 527 1666 choro
552 1637 583 1665 et
607 1632 748 1675 capitulo
773 1631 874 1675 ipsius
899 1631 1052 1664 ecclesiae

305 1688 503 1721 Lauretanae
522 1697 558 1719 ac
578 1685 838 1729 processionibus
860 1684 996 1728 aliisque
1022 1694 1053 1716 a-

306 1741 410 1775 ctibus
426 1738 809 1784 capitularibusprimum
820 1739 928 1771 locum
944 1748 979 1771 ac
989 1737 1054 1781 pri-

305 1804 391 1827 mam
409 1803 520 1827 vocem
548 1798 621 1826 ante
646 1792 825 1825 obtinentes
851 1791 928 1824 alias
952 1791 1054 1835 digni-

304 1853 384 1881 tates
400 1847 583 1891 praedictas
601 1846 730 1886 habeat,
752 1844 940 1878 auctoritate
964 1850 994 1877 et
1006 1850 1053 1878 te-

305 1911 384 1934 nore
408 1900 603 1944 praemissis,
634 1898 729 1932 etiam
757 1903 926 1942 perpetuo,
961 1897 1055 1941 erigi-

305 1965 377 1988 mus
405 1960 437 1987 et
462 1953 670 1987 instituimus.
692 1953 736 1985 Ac
760 1951 1001 1995 praepositurae
1021 1951 1054 1984 in

306 2007 562 2051 primiceriatum
583 2016 641 2049 pro
660 2015 726 2038 uno
741 2004 941 2049 primicerio,
963 2004 1054 2037 deca-

306 2066 401 2094 natus
417 2070 491 2093 vero
517 2059 711 2103 dignitatum
737 2057 923 2090 huiusmodi
953 2057 1053 2090 deno-

307 2114 497 2147 minationes
521 2112 553 2145 in
570 2111 802 2145 thesaurariam
822 2120 882 2155 pro
902 2120 967 2143 uno
983 2110 1053 2143 the-

307 2167 452 2200 saurario
461 2171 698 2199 commutamus
710 2176 717 2205 ;
730 2174 857 2197 necnon
872 2162 1053 2206 archipres-

308 2221 487 2264 byteratum
507 2219 694 2259 secundam,
711 2229 770 2262 pro
786 2228 851 2251 uno
875 2217 1055 2261 archipres-

307 2273 431 2318 bytero,
454 2274 509 2317 qui
536 2273 735 2313 secundum·,
753 2278 784 2305 et
799 2270 1054 2316 primiceriatum

307 2326 447 2367 tertiam,
469 2337 528 2370 pro
539 2337 604 2359 uno
629 2325 828 2369 primicerio,
841 2324 898 2368 qui
908 2324 1052 2364 tertium;

309 2389 346 2412 ac
374 2380 606 2413 thesaurariam
639 2385 785 2422 quartam
815 2377 895 2411 inibi
920 2377 1075 2420 dignita-⁴

308 2434 366 2468 tes,
390 2439 448 2472 pro
464 2439 529 2461 uno
545 2427 757 2469 thesaurario,
780 2426 1054 2471 quiquartumlo-

310 2487 383 2509 cum
410 2478 441 2509 in
470 2478 580 2517 choro,
609 2477 767 2520 capitulo,
796 2475 1054 2520 processionibus

310 2530 339 2557 et
358 2525 482 2558 actibus
502 2526 674 2570 praedictis
691 2531 763 2558 ante
773 2525 944 2558 canonicos
960 2534 1052 2567 prae-

309 2573 408 2606 dictos
416 2575 697 2615 habeant-,necnon
707 2575 950 2607 canonicatuset
964 2583 1054 2616 prae-

309 2620 428 2654 bendas
438 2628 608 2665 ceteraque
619 2623 772 2656 'beneficia
788 2623 962 2666 praedicta,
975 2621 1053 2655 alias
1094 2629 1206 2657 rentur
1220 2622 1453 2667 praesentibus,
1470 2633 1530 2668 pro
1550 2621 1706 2666 expressis
1715 2620 1834 2655 haben·

901 243 1054 269 BULLAML
1060 251 1078 267 m
1098 241 1249 267 Romnum

1094 295 1180 327 iuxta
1201 292 1387 327 collationes
1400 298 1431 326 et
1448 294 1644 337 provisiones
1654 296 1692 330 de
1703 295 1765 329 illis
1781 305 1835 329 eo-

1093 358 1167 380 rum
1191 347 1432 391 possessoribus
1451 347 1559 388 factas,
1581 359 1638 391 pro
1650 350 1790 394 capitulo
1802 359 1835 383 e-

1093 401 1218 434 iusdem
1226 400 1381 434 ecclesiae
1392 400 1590 433 Laurctanae
1600 411 1766 436 remanere
1784 402 1837 437 de-

1094 455 1265 487 claramus.

1141 508 1156 551 §
1173 507 1204 541 6.
1226 508 1270 540 Ac
1284 507 1416 551 insuper
1426 512 1514 539 motu
1523 506 1668 550 proprio,
1679 517 1744 541 non
1755 509 1794 542 ad
1802 519 1837 542 a·
1884 510 2023 540 lun-m.
2041 534 2047 550 ,

1094 562 1209 595 licuius
1223 562 1362 605 desuper
1371 560 1464 594 nobis
1474 560 1599 593 oblatae
1615 560 1776 604 petitionis
1790 562 1838 594 in·
1852 544 2018 603 iiiii-„wal
2031 566 2048 614 ξ]

1093 615 1253 655 stantiam,
1271 614 1325 648 sed
1345 615 1385 648 de
1404 619 1512 647 nostra
1531 624 1619 646 mera
1637 613 1836 656 liberalitate,
1851 603 2023 632 ”¹²⁵⁵”m'm

1093 667 1231 701 familiae
1250 673 1378 701 nostrae
1397 668 1436 701 de
1455 667 1588 700 Perettis
1607 667 1645 700 de
1657 667 1837 701 MonteAlto
1852 635 2032 688 manarant

1093 722 1334 765 iuspatronatus
1361 726 1392 754 et
1416 720 1640 764 praesentandi
1667 731 1838 765 personam
1851 695 1976 748 gata-mu·
1987 695 2025 720 ἡ.

1093 775 1242 808 idoneam
1268 774 1307 807 ad
1336 773 1684 818 archipresbyteratum
1709 773 1838 818 praedi-

1094 834 1195 869 ctum,
1217 827 1343 872 quoties
1363 827 1455 860 illum
1474 838 1532 871 per
1548 827 1674 860 obitum
1689 832 1744 860 aut
1758 827 1837 861 resi-

1092 882 1276 926 gnationem
1286 882 1335 914 vel
1343 882 1421 914 alias
1431 881 1542 924 quovis
1561 881 1671 921 modo,
1692 881 1787 914 etiam
1803 892 1838 915 a-

1094 935 1160 978 pud
1179 935 1293 968 Sedem
1309 935 1520 978 praedictam,
1535 945 1647 968 vacare
1656 934 1836 978 contigerit,

1093 988 1245 1033 episcopo
1260 989 1439 1021 Lauretano
1460 999 1519 1031 pro
1535 993 1680 1032 tempore
1696 988 1840 1021 existenti

1093 1052 1152 1086 per
1171 1052 1245 1075 eum
1273 1042 1312 1074 ad
1336 1042 1626 1086 praesentationem
1654 1041 1840 1075 huiusmodi

1092 1094 1333 1136 instituendam,
1352 1095 1541 1128 auctoritate
1561 1100 1592 1128 et
1611 1101 1721 1128 tenore
1745 1106 1837 1139 prae-

1093 1148 1195 1189 dictis,
1206 1149 1326 1192 pariter
1337 1154 1493 1192 perpetuo
1503 1159 1711 1190 reseivamus,
1721 1159 1838 1183 conce-

1093 1202 1199 1234 dimus
1225 1208 1256 1235 et
1276 1201 1486 1245 assignamus.

1136 1254 1151 1297 g
1181 1255 1212 1288 7.
1246 1255 1315 1288 Non
1346 1255 1548 1288 obstantibus
1573 1260 1682 1289 nostra
1709 1255 1748 1289 de
1773 1265 1838 1289 non
1876 1257 2044 1308 ctamtmgo

1092 1308 1236 1341 tollendo
1256 1308 1327 1342 iure
1347 1309 1506 1352 quaesito,
1530 1320 1567 1342 ac
1586 1309 1750 1353 quibusvis
1769 1309 1839 1342 aliis
1852 1296 2002 1353 mssmm'}
2041 1319 2043 1346 3

1094 1360 1375 1395 constitutionibus
1391 1367 1421 1395 et
1440 1362 1696 1396 ordinationibus
1714 1368 1839 1408 aposto·
1983 1350 2001 1396 3³
2040 1363 2043 1406 ζ

1093 1415 1175 1456 licis;
1185 1425 1312 1449 necnon
1320 1416 1518 1457 Lauretanae,
1527 1416 1764 1458 Recanatensis,
1778 1417 1838 1450 Ma-
1990 1415 2001 1450 1'
2040 1428 2043 1457 ξ

1093 1469 1279 1510 ceratensis,
1291 1469 1489 1508 Auximanae,
1502 1470 1719 1503 Anconitanae
1728 1475 1759 1503 et
1770 1470 1838 1504 Fir-

1093 1533 1207 1556 manae
1237 1523 1447 1556 ecclesiarum
1477 1523 1727 1567 praedictarum,
1750 1523 1837 1558 iura-

1093 1581 1213 1616 mento,
1236 1576 1481 1610 confirmatione
1501 1577 1676 1620 apostolica
1693 1577 1741 1610 vel
1756 1588 1836 1622 qua-

1092 1629 1137 1661 vis
1156 1629 1307 1662 firmitate
1327 1629 1388 1662 alia
1401 1629 1570 1670 roboratis,
1592 1630 1837 1664 statutisetcon-

1093 1683 1336 1724 suetudinibus;
1362 1683 1538 1727 privilegiis
1564 1694 1706 1727 quoque,
1733 1684 1834 1717 indul-

1094 1736 1133 1769 tis
1143 1736 1294 1770 etlitteris
1301 1736 1495 1780 apostolicis,
1506 1736 1568 1769 illis
1577 1748 1751 1781 earumque
1758 1747 1837 1781 prae·

1094 1790 1229 1830 sulibuS,
1253 1790 1399 1834 capitulis
1414 1795 1445 1823 et
1454 1790 1600 1834 personis
1610 1817 1617 1829 ‚
1631 1791 1690 1823 sub
1701 1790 1834 1834 quibus-

1094 1854 1232 1887 cumque
1239 1844 1404 1877 tenoribus
1412 1849 1443 1877 et
1452 1844 1616 1885 formis,ac
1625 1855 1698 1877 cum
1705 1844 1835 1889 quibus-

1095 1897 1148 1937 vis,
1165 1897 1261 1930 etiam
1275 1896 1551 1940 derogatoriarum
1572 1897 1791 1940 derogatoriis,
1805 1909 1837 1930 a-

1095 1951 1205 1993 liisque
1229 1951 1462 1984 efficacioribus
1480 1957 1511 1984 et
1527 1950 1660 1984 insolitis
1675 1951 1834 1992 clausulis,

1094 2014 1218 2038 necnon
1235 2004 1433 2037 irritantibus
1445 2010 1473 2037 et
1485 2004 1557 2037 aliis
1574 2004 1722 2045 decretis,
1741 2004 1834 2038 etiam

1095 2065 1180 2091 motu
1202 2057 1298 2091 simili
1319 2063 1350 2090 et
1369 2057 1631 2091 consistorialiter
1655 2068 1690 2090 ac
1711 2058 1787 2091 alias
1802 2058 1835 2090 in

1093 2110 1836 2155 contrariumquomodolibetconcessis,appro-

1096 2165 1174 2197 batis
1186 2171 1215 2198 et
1228 2164 1394 2205 innovatis;
1407 2165 1524 2208 quibus
1535 2164 1695 2203 omnibus,
1713 2164 1834 2198 etiamsi

1095 2229 1152 2262 pro
1171 2218 1341 2251 sufficienti
1352 2218 1481 2251 illorum
1493 2217 1712 2261 derogatione,
1725 2218 1765 2251 de
1774 2217 1835 2250 illis

1094 2282 1273 2315 eorumque
1289 2271 1361 2304 totis
1373 2271 1540 2304 tenoribus
1560 2270 1717 2315 specialis,
1731 2270 1834 2314 speci-

1094 2324 1165 2365 tica,
1188 2335 1335 2368 expressa
1352 2329 1383 2357 et
1402 2323 1565 2357 individua
1585 2334 1621 2356 ac
1632 2324 1670 2356 de
1685 2323 1780 2356 verbo
1796 2323 1836 2356 ad

1094 2379 1238 2417 verbum,
1261 2388 1324 2411 non
1344 2383 1449 2410 autem
1466 2387 1524 2421 per
1535 2377 1694 2410 clausulas
1705 2386 1836 2420 genera-

1095 2428 1138 2461 les
1158 2427 1241 2461 idem
1262 2427 1482 2471 importante&
1494 2426 1614 2460 mentio
1634 2437 1687 2460 seu
1707 2425 1834 2468 quaevis

1094 2477 1156 2509 alia
1175 2476 1334 2519 expressio
1354 2476 1512 2515 habenda,
1532 2475 1770 2517 autaliquaalia
1780 2484 1834 2507 ex-

1094 2526 1209 2569 quisita
1229 2526 1330 2559 forma
1349 2525 1388 2558 ad
1406 2525 1466 2558 hoc
1478 2526 1629 2558 servanda
1643 2525 1734 2564 soret,
1746 2529 1833 2556 teno-

1095 2585 1145 2608 res
1163 2574 1362 2614 huiusmodi‚
1388 2584 1425 2607 ac
1444 2574 1469 2607 si
1494 2575 1533 2607 ad
1561 2575 1693 2607 verbum
1713 2572 1832 2605 insere·

1987 1168 2001 1206 τ’
2040 1178 2043 1188 ι
