2059 3228
284 233 367 267 loss

900 242 1046 266 burinint!
1073 242 1195 268 ROMANI

372 297 603 329 f1·.·it‹·rnitatum
635 295 803 335 simillum,
836 307 906 328 cuni
932 295 1025 327 facul-

370 355 429 381 tati·
454 349 646 390 aggregandi
672 354 699 380 ct
719 348 934 390 indulgentiis,
951 348 1025 381 ⁹264.

284 402 388 434 thl'll.
415 403 576 435 Decretum
606 402 687 444 quod
720 401 908 443 capitulares
939 405 968 434 et
993 412 1025 432 a·

371 454 427 487 liae
442 465 581 497 personae
594 455 741 487 ecclcsiae
759 454 1024 487 Barchinonensis

370 517 432 538 non
457 507 574 549 possint
601 508 761 550 percipere
789 507 1026 541 distributiones

370 559 569 602 quotidianas
582 565 743 603 praetextu
753 560 928 593 officiorum
939 560 1025 603 prin-

370 612 491 655 cipatus
515 613 702 653 Cataloniae,
728 612 802 646 ⁶266.

282 664 400 696 xcviii.
435 665 556 698 Erectio
592 665 713 708 collegii
749 665 960 698 Helvetiorum
996 669 1025 697 et

369 719 554 751 ltlietiorum
590 718 623 751 in
658 719 783 751 civitate
817 718 1027 752 Mediolanen-

368 771 404 811 si,
430 771 503 805 269.

282 823 378 857 XCIX.
397 824 618 857 Ordinationes
630 835 688 868 pro
701 824 785 857 bono
798 823 953 867 regimine
967 823 1028 855 sra-

370 883 454 910 trum
472 877 627 910 Minoi-um
642 877 671 910 S.
684 876 841 910 Francisci
861 875 1028 908 strictioris

370 930 604 971 Observantiac,
630 929 704 963 274.

280 983 310 1015 G.
337 983 417 1016 Unio
446 983 567 1026 collegii
592 982 825 1016 Purificationis
848 982 880 1014 B.
912 981 1026 1014 Mariae

369 1036 547 1069 Elborensis
571 1040 600 1069 et
626 1036 789 1079 hospitalis
812 1035 851 1068 ad
872 1035 1026 1078 recipien-

368 1089 443 1121 dum
467 1099 622 1133 pauperes
646 1088 811 1128 scholares,
839 1098 896 1131 per
920 1098 1024 1130 regem

367 1142 577 1185 Portugalliae
602 1142 831 1182 institutorum,
849 1142 978 1185 collegio
996 1142 1023 1174 S.

369 1195 504 1239 Spiritus
527 1196 668 1229 eiusdem
692 1196 838 1236 civitatis,
866 1207 936 1228 cum
962 1196 1026 1227 fru-

367 1296 440 1333 cur‘n
468 1301 613 1334 facultate
642 1302 834 1345 presbyteris
863 1302 1025 1335 Societatis

366 1354 435 1387 Iesu
464 1355 695 1398 possessionem
723 1355 886 1399 capiendi,
918 1361 946 1389 et
979 1366 1026 1388 re-

367 1407 462 1450 gendi
487 1408 612 1441 illorum
637 1419 788 1452 personas
804 1415 833 1442 et
852 1410 944 1450 bona,
962 1414 1025 1451 etc„

367 1471 403 1493 ac
427 1472 499 1493 cum
522 1461 673 1495 oneribus
697 1467 726 1495 et
755 1463 1025 1505 ordinationibus,

366 1518 431 1555 etc„
456 1514 530 1548 279.

280 1570 324 1604 CI.
347 1570 506 1604 Institutio
523 1571 883 1605 archiconsraternitatis
898 1572 1026 1606 Pietatis

368 1629 603 1657 carceratorum
627 1624 660 1657 in
685 1626 768 1658 alma
793 1626 886 1666 Urbe,
910 1626 950 1659 ad
973 1637 1026 1659 eos

368 1676 554 1718 visitandos,
584 1678 791 1711 consolandos
820 1684 850 1711 et
875 1679 1025 1712 adiuvan-

368 1729 439 1770 dos,
478 1740 551 1762 cum
590 1729 860 1773 indulgentiarum
898 1742 1024 1764 conces-

367 1782 465 1822 sione,
491 1782 564 1816 284.

279 1835 336 1868 CII.
360 1835 563 1869 Confirmatio
579 1836 754 1869 litterarum
772 1837 934 1870 Innocenti
952 1838 1023 1877 VIII,

279 2310 348 2342 Clll.

280 2576 346 2610 CIV.

366 1898 424 1931 per
447 1898 525 1931 quas
542 1889 733 1922 monasteria
749 1889 934 1922 monialium
949 1890 1023 1923 San—

367 1946 436 1974 ctae
469 1941 656 1974 Catharinae
689 1947 719 1975 et
751 1942 882 1976 Sanctae
911 1944 1023 1977 Mariae

367 1994 566 2036 Magdalenae
591 1995 770 2035 Perusinae,
798 1996 924 2030 Ordinis
948 1997 1024 2030 San-

367 2047 408 2079 cti
432 2047 608 2087 Benedicti,
634 2047 767 2080 invieem
794 2049 893 2089 unita,
919 2050 1023 2083 visita-

367 2099 445 2131 tioni
470 2104 498 2131 et
523 2099 762 2142 congregationi
777 2100 805 2133 S.
818 2101 955 2135 Iustinae
968 2104 1024 2135 Pa-

367 2151 489 2184 duanae
513 2151 736 2193 subiiciuntur,
761 2164 833 2186 cum
857 2155 1024 2189 confirma-

367 2204 451 2237 tione
476 2204 746 2247 indulgentiarum
770 2205 815 2238 eis
839 2207 879 2239 ab
896 2208 1024 2241 Alexan-

366 2258 423 2290 dro
447 2258 482 2290 vl
498 2262 530 2290 et
545 2258 583 2290 de
601 2268 681 2291 novo
698 2269 931 2302 concessarum,
950 2262 1023 2295 ⁶287.

373 2310 530 2343 Statutum
559 2310 763 2353 collegiorum
800 2312 905 2345 Sancti
935 2314 1023 2347 Ioan-

367 2363 415 2395 nis
432 2363 655 2405 Evangelistae,
669 2364 888 2408 PortugaIIiae,
901 2377 940 2400 ne
953 2368 1024 2411 quis

367 2421 451 2447 extra
476 2416 559 2447 dicta
583 2415 714 2458 collegia
732 2417 876 2451 habitum
893 2420 1022 2461 deferat,

367 2479 437 2500 cum
470 2469 616 2501 mandato
645 2470 816 2503 ordinariis
845 2477 877 2504 ut
903 2472 934 2505 id
958 2484 1022 2506 ser-

369 2523 430 2555 vari
457 2523 581 2562 saciant,
607 2522 680 2556 289.

379 2575 580 2607 Confirmatio
603 2575 863 2609 constitutionum
888 2578 1020 2612 fratrum

367 2628 476 2660 Ileatae
506 2628 813 2662 ,llarifflrScrvoruin
843 2641 898 2672 per
927 2642 1020 2673 gene-

1140 299 1236 331 ralem
1263 305 1291 334 et
1315 298 1391 334 aiios
1405 303 1568 346 deputatos
1581 308 1792 340 correctarum

1139 355 1168 382 et
1193 352 1443 395 compilatarum‚
1468 361 1498 388 ct
1523 367 1578 400 per
1605 359 1795 394 cardinalem

1140 408 1347 445 protectorem
1372 408 1555 450 revisat-um,
1581 410 1654 444 ⁶290.

1054 454 1108 486 CV.
1131 456 1289 494 Quaedam
1313 459 1397 492 circa
1428 461 1643 496 nundinarum
1662 463 1794 503 ,liberia-

1055 664 1121 697 CVI,

1141 513 1201 541 tem
1227 509 1259 542 in
1283 511 1487 546 Viterbiensis
1504 515 1647 548 coenobii
1666 515 1794 550 Ordinis

1139 560 1395 597 Praedicatorum
1422 566 1560 600 favorem
1591 569 1712 601 sancita
1740 569 1794 602 fir-

1140 619 1213 654 mat,
1238 614 1312 649 ⁶292.
1671 627 1678 633 ·

1147 666 1224 699 Usus
1248 668 1355 702 altaris
1379 671 1534 713 portatilis
1557 673 1715 715 religiosis
1739 676 1793 709 So-

1142 719 1262 753 cictatis
1285 722 1353 754 Iesu
1370 724 1556 765 restituitur,
1570 735 1633 758 non
1650 727 1793 760 obstante

1142 774 1266 806 concilii
1291 775 1467 809 Tridentini
1484 777 1698 820 dispositione,
1713 786 1746 812 ut
1763 780 1796 813 in

1141 835 1252 859 eorum
1276 827 1450 870 missiones,
1474 841 1554 873 quae
1583 843 1601 864 a
1625 833 1795 876 superiori-

1142 877 1201 911 bus
1223 889 1333 912 eorum
1358 881 1447 922 fiunt,
1462 883 1578 926 ubique
1594 884 1627 916 in
1644 885 1711 917 loco
1729 889 1796 917 tuto

1142 931 1268 964 missam
1303 934 1461 968 celebrare
1496 941 1525 968 et
1564 937 1794 970 Eucharistiam

1143 984 1321 1018 ministrare
1345 988 1474 1030 possint,
1499 988 1574 1022 298.

1055 1034 1135 1068 CVII.
1159 1036 1362 1072 Confirmatio
1387 1040 1594 1075 institutionis
1614 1053 1649 1075 ac
1666 1048 1799 1076 statuto-

1141 1100 1212 1122 rum
1242 1092 1363 1134 collegii
1394 1100 1635 1136 procuratorum
1663 1095 1798 1128 civitatis

1140 1142 1318 1184 Perusinae,
1344 1145 1416 1179 ⁶299.

1054 1192 1148 1228 CVIII.
1176 1194 1380 1230 Confirmatio
1412 1209 1448 1231 ac
1477 1199 1626 1233 inhibitio
1655 1211 1694 1235 ne
1722 1202 1795 1234 reli-

368 1248 472 1281 ctibus
499 1254 530 1281 et
558 1249 714 1282 reditibus
745 1249 791 1281 eis
815 1249 1024 1293 applicandis,
1047 1249 1056 1261 '

1141 1247 1219 1289 giesi
1237 1249 1400 1284 Societatis
1416 1252 1484 1285 Iesu
1499 1253 1538 1295 ad
1555 1253 1631 1286 alios
1647 1253 1791 1294 Ordines,

1141 1301 1236 1334 etiam
1253 1302 1493 1346 cartusiensem,
1511 1317 1542 1339 se
1558 1306 1678 1350 possint
1695 1311 1799 1349 trans-

1141 1354 1232 1395 ferre,
1257 1355 1331 1389 302.

1117 1433 1124 1440 .
1148 1407 1300 1441 Reductio
1324 1409 1552 1443 monachorum
1577 1411 1703 1448 Ordinis
1719 1411 1798 1444 San-

1141 1460 1182 1493 cti
1206 1461 1310 1494 Basilii
1335 1462 1368 1494 in
1392 1473 1488 1495 unam
1517 1463 1797 1506 congregationem

1139 1519 1170 1547 et
1193 1515 1252 1547 sub
1275 1515 1430 1557 regimine
1454 1516 1548 1549 unius
1571 1516 1704 1557 abbatis,
1722 1526 1795 1549 cum

1140 1570 1379 1614 privilegiorum
1413 1577 1442 1604 et
1477 1572 1652 1615 gratiarum
1682 1571 1796 1614 elargi-

1140 1624 1225 1657 tione
1263 1635 1320 1667 pro
1359 1625 1434 1657 dicti
1475 1625 1602 1658 Ordinis
1643 1625 1798 1658 reforma-

1139 1676 1234 1717 tione,
1259 1676 1332 1710 307.

1053 1729 1108 1762 CX.
1132 1729 1173 1762 De
1196 1729 1358 1770 electione,
1384 1729 1522 1773 quolibet
1540 1729 1678 1763 triennio
1694 1729 1727 1762 in
1744 1737 1797 1762 ca-

1052 2101 1122 2134 CXI.

1138 1782 1236 1826 pitulo
1261 1783 1408 1825 generale
1431 1782 1546 1822 fienda,
1570 1782 1685 1824 prioris
1705 1792 1800 1825 gene-

1138 1836 1213 1868 ralis
1236 1841 1264 1868 et
1285 1835 1419 1868 aliorum
1436 1835 1648 1878 praelatorum
1665 1844 1798 1876 congre-

1138 1888 1274 1931 gationis
1298 1888 1524 1920 canonicorum
1548 1886 1743 1929 regularium
1765 1886 1797 1919 S.

1139 1941 1315 1981 Salvator-is,
1329 1940 1455 1973 Ordinis
1470 1940 1503 1973 S.
1517 1939 1694 1983 Augustini,
1711 1939 1794 1972 eius-

1138 2004 1198 2037 que
1228 1993 1383 2026 bonorum
1412 1992 1634 2035 temporalium
1657 1991 1794 2025 admini-

1138 2046 1298 2087 stratione,
1322 2045 1399 2079 3¹13.

1147 2100 1259 2142 Vulgat
1291 2098 1551 2131 constitutionem
1579 2108 1642 2141 qua
1665 2097 1695 2130 S.
1720 2097 1792 2129 Pius

1140 2153 1175 2194 V,
1200 2152 1327 2186 Ordinis
1349 2152 1483 2184 fratrum
1518 2150 1796 2190 Praedicator-um,

1139 2206 1254 2239 LXXIX
1283 2204 1513 2249 propositiones
1541 2203 1700 2237 Michaelis
1729 2202 1796 2235 Baii

1139 2258 1353 2298 damnaverat,
1376 2257 1451 2291 314.

1052 2311 1135 2345 CXII.
1158 2310 1332 2344 Declaratio
1361 2309 1573 2352 quorumdam
1600 2312 1792 2342 statutorum

1138 2368 1169 2398 et
1188 2363 1424 2407 privilegiorum
1453 2362 1583 2395 militiae
1606 2366 1638 2395 et
1660 2360 1796 2404 Religio-

1138 2417 1187 2450 nis
1211 2417 1242 2450 S.
1264 2416 1390 2449 loannis
1413 2413 1697 2458 Hierosolymitmi,
1711 2413 1797 2445 circa

1137 2469 1363 2514 professionem
1398 2468 1603 2501 emittendam
1635 2466 1795 2499 habitum-

1137 2533 1198 2566 que
1214 2521 1451 2564 suscipiendum
1458 2532 1466 2560 ;
1478 2525 1507 2553 et
1525 2518 1724 2552 confirmatio
1740 2528 1795 2550 ex-

1137 2574 1306 2620 emptionis
1330 2586 1347 2608 a
1371 2574 1527 2607 solutione
1550 2572 1746 2605 decimarum
1762 2573 1794 2602 et:

1135 2630 1269 2663 aliorum
1281 2639 1414 2662 onerum
1427 2620 1793 2672 quorumcumquessffl.
