2059 3228
52 125 65 151 Ἰθ

85 781 160 803 floriet.

761 240 936 266 GREGORIUS
954 241 1010 266 xm
1034 241 1080 266 ΓΡ.

184 305 244 341 pro
258 294 332 330 fidei
355 295 533 330 catholicae
558 296 800 331 conservatione
822 300 853 329 ct
872 303 931 340 pu-

181 349 275 383 ritate
311 360 348 383 ac
373 349 545 383 haeresum
564 349 788 394 extirpatione,
813 347 931 393 iugiter

180 402 327 436 laborare
334 413 399 436 non
408 408 544 444 cessant,
556 413 615 447 pro
635 406 749 437 ebrum
760 401 929 436 commoda

178 456 410 490 sustentatione
430 467 468 490 ac
497 456 743 491 necessitatibus
761 457 929 489 sublevan-

177 508 237 550 dis,
259 514 290 543 et
323 519 459 543 onerum
482 510 544 544 illis
570 510 829 544 incumbentium
849 519 927 554 sup-

178 563 358 608 portatione
375 590 382 604 ,
417 573 579 606 congruae
618 562 838 598 subventionis
871 574 927 596 au-

178 615 255 650 xilia
278 626 315 650 ex
338 617 455 651 Christi
475 617 602 651 Domini
621 616 816 662 patrimonio
834 615 926 649 mini-

180 673 334 703 strentur.

219 721 284 766 §1-
312 723 392 757 Cum
413 723 532 768 itaque,
556 723 640 757 sicut
673 721 859 757 carissimus
891 723 923 756 in

174 774 300 809 Christo
319 776 406 810 filius
425 782 534 811 noster
553 775 732 821 Philippus,
754 776 923 820 Portugal-

175 828 237 862 liae
257 835 288 863 et
321 830 547 873 Algarhiorum
580 841 633 864 rex
653 830 842 871 catholicus,
865 834 922 864 suo

174 887 206 916 et
225 881 418 917 dilectorum
438 883 579 917 filiorum
599 884 757 928 generalis
791 889 822 917 et
845 884 923 917 alio-

173 945 247 969 rum
261 935 488 980 inquisitorum
508 937 690 971 haereticae
708 936 871 982 pravitatis
889 937 922 969 in

174 989 389 1034 portugalliae
409 995 440 1024 et
458 991 685 1034 Algarbiorum
714 991 822 1033 regnis
859 992 922 1024 exi-

172 1042 324 1077 stentium
343 1043 542 1085 nominibus,
566 1044 684 1089 exponi
704 1045 797 1078 nohis
817 1055 922 1089 nuper

172 1095 260 1136 fecit,
285 1095 431 1130 Officium
469 1097 604 1131 Sanctae
633 1097 853 1142 Inquisitionis
888 1098 918 1131 in

172 1148 266 1183 dictis
285 1150 393 1194 regnis
412 1150 595 1184 institutum
628 1151 771 1195 gravium
793 1151 919 1195 impen-

172 1213 281 1236 sarum
306 1204 392 1238 mole
416 1204 460 1238 ita
478 1210 642 1248 gravatum
675 1205 800 1245 existat,
823 1210 857 1238 ut
881 1205 920 1238 ad

171 1257 331 1299 generalis
354 1262 386 1291 et
408 1257 547 1291 aliorum
580 1258 808 1303 inquisitorum
828 1269 920 1302 prae-

172 1309 332 1343 dic-torum
369 1309 658 1355 ministrorumque
678 1316 709 1345 et
732 1311 918 1345 officialium

171 1373 347 1406 congruam
392 1364 668 1405 sustentationem,
719 1375 919 1409 oncrumque

172 1415 231 1460 ipsi
269 1416 374 1451 officio
411 1417 623 1452 diversimode
660 1419 918 1453 incumbentium

170 1471 448 1515 supportationem
468 1473 749 1506 annuusredditus
764 1478 918 1516 quatuor-

171 1522 275 1557 decim
299 1524 437 1558 millium
476 1526 695 1560 cruciatorum
729 1537 793 1560 non
829 1527 918 1559 suffi-

171 1575 242 1617 ciat,
262 1577 406 1611 redditus
425 1584 532 1612 autem
554 1584 585 1619 et
611 1585 785 1623 proventus
818 1579 919 1623 ipsius

170 1630 273 1664 Officii
292 1631 333 1664 ad
349 1631 462 1666 decem
482 1632 571 1666 mille
586 1633 777 1667 ducatorum
800 1644 920 1667 annua-

169 1684 227 1718 tim
247 1694 313 1718 non
331 1685 514 1726 ascendant,
538 1697 575 1719 ac
604 1686 739 1730 preinde
773 1686 917 1720 Officium

170 1737 275 1781 ipsum
294 1748 360 1772 non
379 1750 476 1783 parvo
496 1739 715 1774 subventionis
734 1740 852 1773 auxilio
873 1740 920 1773 in-

170 1791 278 1834 digere
301 1798 465 1826 noscatur:
499 1804 569 1832 nos,
599 1794 654 1837 qui
688 1794 777 1834 alias,
801 1805 918 1838 procu-

170 1850 259 1878 rante
279 1845 385 1879 clarae
404 1847 580 1880 memoriae
601 1847 789 1881 Sebastiano
804 1859 919 1891 regno-

169 1909 240 1932 rum
266 1899 505 1943 praedictorum
522 1911 609 1943 rege,
632 1906 793 1934 asserente
815 1901 919 1935 reddi-

169 1956 221 1985 tus
244 1957 276 1985 et
294 1958 469 1997 proventus
495 1963 620 1987 annuos
639 1953 740 1987 Officii
761 1954 916 1998 praedicti

169 2015 329 2040 summam
350 2006 495 2050 quinque
518 2006 658 2039 millium
698 2008 917 2041 cruciatorum

168 2068 233 2092 non
254 2059 420 2100 excedere,
434 2060 472 2092 ab
493 2071 558 2093 uno
574 2066 679 2093 etuna
694 2061 919 2095 Ulixbonensis

169 2111 394 2145 etElborensis
405 2123 442 2145 ac
455 2112 697 2146 Colimhriensis
713 2113 794 2146 duas
810 2115 919 2147 tertias

169 2170 287 2208 partes,
310 2170 341 2198 et
368 2165 566 2208 singularum
588 2176 663 2199 vero
697 2167 835 2200 aliarum
865 2179 918 2200 ca-

170 2217 374 2258 thedralium,
396 2218 493 2252 etiam
513 2219 847 2262 metropolitanarum,
869 2231 919 2254 ec-

171 2270 342 2305 clesiarum
363 2281 537 2314 regnorum
557 2273 798 2316 praedictorum
824 2285 918 2307 cano-

167 2324 331 2357 nicatibus
343 2329 374 2357 et
384 2324 589 2367 praebendis,
608 2325 803 2369 quibusdam
825 2337 917 2361 exce-

171 2377 244 2422 ptis,
258 2377 352 2410 etiam
365 2382 441 2410 tunc
449 2378 635 2412 vacantibus
646 2389 702 2412 seu
719 2389 800 2422 quos
812 2380 918 2424 primo

171 2425 283 2470 quovis
312 2426 408 2459 modo
427 2437 540 2460 vacare
565 2427 776 2471 contingeret,
800 2430 918 2462 medie-

171 2479 268 2508 tatem
289 2475 435 2508 oinnium
455 2480 487 2508 et
506 2475 708 2518 singulorum
739 2477 915 2518 fructuum,

172 2523 356 2557 reddituum
382 2529 413 2556 et
441 2530 660 2570 proventuum
704 2526 837 2565 iurium,
860 2527 917 2559 ob-

170 2572 355 2605 ventionum
377 2578 407 2605 et
426 2573 719 2606 emolumentorum
754 2585 790 2607 ac
810 2574 916 2607 distri-

171 2619 340 2655 butionum
360 2622 635 2666 quotidianarum,
664 2623 739 2658 solis
764 2634 914 2669 praesen-

1612 239 1675 274 427
1736 242 1787 272 An.
1806 240 1834 271 C.
1851 238 1918 272 ¹583

971 294 1057 328 tibus
1077 299 1108 328 ct
1126 295 1241 329 divinis
1277 297 1538 333 interessentilms
1572 300 1654 344 dari,
1690 310 1722 338 et

971 358 1030 392 per
1047 358 1101 381 eos
1121 348 1239 382 lucrari
1260 350 1435 392 solitarum,
1457 353 1496 385 ab
1521 353 1598 398 ipsis
1622 366 1718 391 cano-

970 401 1131 435 nicatibus
1152 407 1178 435 et
1202 403 1392 447 praebendis
1418 405 1718 444 dismembravimus

970 458 1000 488 et
1015 455 1245 499 separavimus,
1266 457 1382 501 illaque
1402 459 1504 493 eidem
1521 460 1631 496 Officio
1646 474 1719 508 per-

969 513 1067 552 petuo
1092 509 1325 553 applicavimus
1359 518 1385 544 et
1423 515 1714 559 appropriavimus,

968 567 1065 606 prout
1084 562 1116 595 in
1139 563 1256 597 nostris
1280 566 1418 609 desuper
1439 567 1470 600 in
1491 568 1593 602 forma
1612 570 1716 605 brevis

967 616 1122 649 consectis
1141 616 1256 650 litteris
1277 620 1403 661 plenius
1423 622 1616 656 continetur.

1011 670 1025 712 ἓ
1047 669 1076 702 2.
1099 670 1148 710 Et,
1161 670 1243 703 sicut
1262 673 1457 715 accepimus,
1473 675 1714 713 dismembratio

966 725 996 754 et
1015 722 1189 766 applicatio
1209 723 1395 758 huiusmodi
1417 727 1564 761 effectum
1584 731 1713 767 sortitae

966 785 1030 808 non
1051 781 1142 817 sunt,
1166 787 1291 821 nosque
1313 778 1386 811 fidei
1422 781 1601 816 catholicae
1635 795 1713 818 con-

965 829 1175 863 servationem
1196 835 1228 864 et
1248 832 1418 875 puritatem
1440 845 1645 880 summopere
1666 839 1712 872 as-

964 882 1132 923 sectamus,
1151 882 1253 917 Officii
1279 885 1434 928 praedicti
1459 887 1660 924 indemnitati
1682 892 1713 926 in

966 941 1086 979 partem
1111 938 1222 971 saltem
1245 939 1426 980 consulere,
1450 946 1480 973 et
1499 947 1535 974 ut
1554 942 1713 987 impensas

963 989 1146 1032 praedictas
1163 992 1363 1025 commodius
1383 994 1526 1037 perferre
1545 997 1658 1039 valeat,
1673 999 1713 1033 de

962 1042 1071 1086 aliquo
1091 1044 1311 1078 subventionis
1329 1047 1448 1080 auxilio
1473 1048 1641 1091 providere
1659 1062 1712 1085 vo-

963 1096 1075 1136 lentes,
1102 1108 1230 1131 necnon
1260 1099 1438 1141 sructuum,
1471 1101 1656 1137 reddituum
1682 1109 1711 1139 et.

963 1155 1176 1192 proventuum
1197 1150 1301 1185 eidem
1327 1151 1438 1187 Officio
1467 1154 1545 1188 alias
1575 1166 1711 1200 quomo-

962 1203 1083 1237 dolibet
1102 1206 1280 1248 apostolica
1299 1207 1346 1240 vel
1367 1207 1429 1241 alia
1449 1210 1642 1245 auctoritate
1657 1223 1711 1257 ap-

962 1256 1157 1301 plicatorum
1200 1269 1256 1292 seu
1295 1260 1461 1294 unitorum
1500 1264 1707 1307 quantitates,

961 1310 1132 1354 qualitates
1162 1323 1319 1357 verosque
1358 1325 1483 1349 annuos
1516 1317 1652 1360 valeres,
1673 1331 1710 1353 ac

961 1364 1200 1408 praedictarum
1222 1377 1278 1399 seu
1313 1378 1597 1415 quarumcumque
1635 1373 1710 1405 alia-

962 1428 1033 1450 rum
1054 1417 1247 1461 litterarum,
1270 1421 1427 1455 unionum
1448 1433 1504 1456 seu
1525 1425 1710 1468 applicatio-

961 1482 1038 1504 num
1060 1472 1247 1507 huiusmodi
1282 1480 1420 1516 tenores,
1449 1478 1660 1513 continentias
1679 1486 1709 1513 et

961 1526 1096 1566 formas,
1119 1528 1344 1570 praesentibus
1378 1540 1437 1573 pro
1471 1532 1626 1575 expressis
1655 1534 1708 1566 ha-

961 1578 1083 1619 bentes,
1106 1590 1143 1613 ac
1162 1581 1358 1624 posteriores
1379 1582 1706 1621 dismembrationem.

961 1633 1196 1677 separationem
1235 1640 1265 1668 et
1299 1636 1547 1680 applicationem
1580 1640 1708 1683 penitus

961 1686 1165 1730 abrogantes,
1180 1694 1352 1730 cassantes,
1368 1689 1529 1723 irritantes
1546 1697 1575 1724 ret
1595 1694 1709 1726 annul-

960 1739 1078 1779 lantes,
1116 1740 1257 1785 Philippi
1296 1742 1378 1786 regis
1411 1749 1443 1776 et
1480 1744 1705 1788 inquisitorum

962 1793 1201 1836 praedictorum
1227 1795 1320 1828 nobis
1353 1806 1451 1840 super
1483 1806 1521 1830 eo
1551 1799 1707 1841 porrectis

961 1846 1253 1890 supplicationibus
1273 1849 1428 1890 inclinati,
1447 1850 1487 1882 ab
1507 1862 1572 1884 uno
1593 1857 1624 1884 et
1644 1863 1707 1886 una

961 1910 997 1932 ex
1024 1900 1247 1934 Ulixbonensis
1271 1908 1301 1935 et
1321 1903 1503 1937 Elborensis
1523 1915 1559 1937 ac
1589 1904 1707 1939 Colim-

961 1953 1098 1987 briensis
1118 1954 1335 1993 medietatem,
1363 1961 1393 1988 et
1418 1956 1616 1999 singularum
1633 1969 1708 1992 vero

961 2006 1097 2039 aliarum
1118 2007 1363 2049 cathedralium,
1387 2009 1482 2042 etiam
1516 2011 1705 2054 metropoli-

961 2066 1121 2101 tanarum,
1143 2062 1350 2094 ecclesiarum
1373 2072 1544 2105 regnorum
1579 2065 1706 2107 praedi-

961 2118 1086 2146 ctorum
1107 2114 1146 2147 ab
1173 2125 1236 2147 uuo
1270 2115 1363 2147 etiam
1398 2121 1428 2148 et
1449 2127 1511 2148 una
1536 2117 1706 2151 canonica-

962 2167 1045 2200 tibus
1066 2174 1095 2200 et
1116 2168 1318 2211 praebendis,
1334 2169 1583 2212 theologalibus,
1599 2171 1708 2205 docto-

961 2220 1080 2253 ralibus
1112 2227 1141 2253 et
1180 2221 1461 2265 poenitentialibus
1487 2228 1593 2256 tamen
1618 2235 1708 2259 exce-

960 2274 1030 2317 ptis,
1045 2275 1139 2307 etiam
1160 2285 1248 2308 nnnc
1263 2281 1337 2308 actu
1349 2275 1544 2317 vacantibus,
1559 2287 1615 2311 seu
1627 2289 1707 2322 quos

960 2327 1076 2370 primo,
1118 2338 1175 2371 per
1211 2338 1335 2361 cessum
1373 2329 1419 2361 vei
1460 2329 1626 2364 decessum
1652 2337 1706 2365 aut

960 2381 1104 2423 quamvis
1141 2381 1235 2414 aliam
1265 2381 1484 2415 dimissionem
1524 2384 1570 2417 vei
1613 2386 1707 2419 amis-

959 2431 1081 2463 sionem
1116 2436 1170 2462 aut
1214 2430 1424 2473 privationem
1456 2432 1528 2466 illos
1559 2434 1597 2466 ad
1627 2445 1707 2477 prae-

959 2489 1031 2512 sens
1049 2478 1276 2517 obtincntium,
1299 2491 1353 2513 seu
1375 2480 1452 2513 alias
1470 2481 1580 2525 quovis
1609 2483 1705 2516 modo

959 2534 988 2560 et
1011 2540 1045 2559 ex
1067 2539 1348 2572 quorumcnnique
1375 2531 1530 2572 pensem&
1553 2531 1650 2566 ctiam
1675 2544 1706 2567 a-

959 2577 1023 2620 pud
1046 2577 1160 2610 §edem
1182 2578 1411 2620 Apostolitam,
1430 2579 1526 2612 etiam
1547 2581 1579 2614 in
1597 2581 1705 2625 aliquo

958 2636 995 2659 ex
1016 2626 1179 2659 mensibus
1200 2627 1291 2660 nohis
1312 2633 1366 2662 aut
1386 2628 1531 2665 Romano
1557 2629 1702 2666 Pontifici

1755 687 1822 709 Canu
1832 689 1914 710 eon-tt·-

1730 720 1818 741 intiontu
1841 720 1911 741 edou-

1728 751 1775 772 dao-

1744 1856 1904 1878 stautandin-tio

1723 1887 1825 1908 fructuum
1840 1894 1906 1909 cano-

1723 1920 1826 1939 nicatuum
1867 1925 1905 1940 seu

1724 1951 1845 1976 dignitatum
1871 1956 1905 1970 εει·

1723 1981 1857 2006 thedraltum,
1885 1986 1898 2001 u

1723 2012 1778 2032 intr-1
