2059 3228
335 238 416 273 1006

287 299 367 331 xime
388 298 503 330 studet.
526 297 603 330 Nam
625 295 899 340 quemadmodum
920 297 1030 329 inma-

283 362 344 393 gna
360 351 414 384 illa
433 350 551 384 summi
572 349 811 393 patrisfamilias
822 349 981 394 bonisque
991 360 1028 382 o-

283 403 411 435 mnibus
431 402 594 435 cumulata
625 401 721 434 domo
741 401 924 434 mansiones
944 401 1028 434 mul-

282 461 331 488 tae
349 461 435 494 sunt,
458 462 487 488 et
502 455 612 488 beatae
626 455 700 487 illae
713 454 839 487 animae
856 454 937 487 mira
949 464 1029 497 qua-

282 509 355 541 dam
375 508 526 541 varietate
552 508 648 541 unius
677 507 798 550 gloriae
828 507 1028 540 beatitudine

282 562 504 605 perfruuntur:
526 561 571 594 sic
591 560 750 594 catholica
770 560 924 597 Ecclesia,
947 570 1028 603 quae

282 615 429 648 coelestis
449 614 537 647 illius
561 613 681 657 effigies
700 619 759 654 est,
791 619 827 647 ut
847 619 1028 646 castrorum

282 669 366 701 acies
381 668 538 708 ordinata,
561 668 593 700 in
612 668 819 700 veneratione
835 666 959 700 Sanctis
973 665 1028 698 Dei

281 721 474 755 adhibenda.
497 731 605 754 sacros
625 721 698 753 illos
714 720 845 753 ordines
865 719 972 752 divino
993 719 1030 751 il-

281 775 415 808 lustrata
433 775 556 807 lumine
576 773 720 817 agnoscit
734 778 829 817 atque
847 772 1026 815 distinguit.

281 828 390 871 ltaque
406 827 483 861 dum
506 827 682 871 gloriosum
704 827 924 871 apostolorum
951 826 1029 858 cho-

282 892 368 921 rum,
380 882 458 915 dum
470 881 702 925 prophetarum
713 880 908 914 laudabilem
916 890 1030 912 nume-

281 947 366 977 rum,
383 936 459 968 dum
476 935 723 968 fortissimorum
736 939 911 977 martyrum
921 932 1030 965 laudat

280 989 472 1029 exercitum,
495 988 673 1030 ceterisque
685 987 808 1021 Sanctis
829 997 887 1020 suo
907 986 979 1018 loco
1000 991 1030 1018 et

281 1041 393 1075 ordine
415 1042 476 1075 rite
504 1042 645 1074 honores
670 1041 784 1078 defert,
807 1040 838 1071 in
859 1049 924 1071 uno
946 1038 1029 1071 cari-

281 1095 355 1128 tatis
374 1094 490 1138 spiritu
517 1100 546 1127 et
572 1093 732 1127 consimili
753 1093 823 1136 piae
852 1091 1031 1124 devotionis

282 1149 399 1181 affectu
428 1147 654 1191 multipliciter
682 1146 812 1179 exultat.
849 1146 934 1178 luter
959 1144 1030 1177 illos

282 1212 356 1235 vero
377 1201 578 1235 beatissimos
599 1202 789 1234 Sanctorum
812 1199 940 1238 choros,
951 1209 1031 1241 quo-

283 1266 354 1287 rum
376 1255 532 1288 memoria
543 1265 560 1287 a
573 1254 697 1287 cunctis
711 1253 860 1286 fidelibus
881 1251 1029 1295 religioso

283 1309 372 1341 cultu
397 1308 512 1341 merito
539 1307 744 1348 celebratur,
775 1306 892 1349 insigni
921 1306 1029 1349 splen-

282 1362 359 1394 dore
378 1362 486 1395 elucet
504 1366 690 1394 sanctorum
713 1360 884 1393 doctorum
905 1358 989 1392 Ordo
1012 1369 1031 1391 a

284 1416 380 1448 laulo
401 1415 546 1459 apostolo
567 1414 685 1447 diserte
708 1419 932 1452 enumeratus,
955 1422 1029 1445 cum

282 1468 335 1501 :itz
357 1468 402 1502 Ει
421 1470 488 1512 ipse
513 1469 600 1501 dedit
621 1467 773 1511 quosdam
800 1467 927 1510 quidem
952 1477 1031 1508 apo-

282 1523 387 1562 stolos,
418 1522 571 1566 quosdam
595 1526 703 1554 autem
729 1521 920 1564 prophetas,
950 1520 1031 1552 alios

281 1586 352 1608 vero
388 1576 620 1618 evanqelislas,
647 1575 728 1606 alios
756 1578 864 1607 aulem
887 1577 1031 1616 pastores

282 1634 310 1661 et
334 1629 492 1669 doctores,
528 1638 609 1672 quos
637 1627 737 1660 vineae
776 1637 854 1660 suae
882 1631 1031 1660 strenuos

281 1682 455 1727 fidelesque
480 1682 622 1715 cultores
640 1681 738 1724 atque
763 1680 930 1724 operarios
954 1687 1031 1712 con-

281 1735 403 1776 stituit,
431 1735 471 1768 ad
495 1731 808 1768 consummatidnem
838 1733 1030 1766 Sanctorum

282 1790 315 1826 in
334 1799 414 1833 opus
433 1788 617 1829 ministerii,
630 1788 663 1821 in
683 1786 941 1820 aedificationem
953 1786 1030 1820 Cor-

280 1842 369 1888 poris
393 1841 522 1875 Christi.
548 1841 587 1874 Hi
617 1846 701 1880 sunt,
722 1840 762 1873 de
785 1840 902 1884 quibus
922 1839 1032 1872 Divina

244 1910 250 1918 ’-
283 1895 447 1939 Sapientia
471 1895 607 1928 clamat:
635 1894 699 1934 Qui
717 1893 879 1926 elucidant
900 1904 959 1929 me.
984 1894 1031 1925 vi-

285 1954 352 1982 tam
374 1952 541 1981 aeternam
562 1948 721 1980 habebunt
751 1947 790 1979 dc
821 1946 872 1979 his
893 1946 1032 1989 Angelus

283 2001 369 2045 apud
388 2001 552 2034 Danielem
572 2001 738 2044 loquitur:
762 2000 825 2040 Qui
848 2004 957 2032 autem
980 1999 1033 2032 do·

282 2056 327 2087 cti
342 2055 478 2096 fuerint,
507 2054 674 2097 fulqebunt
697 2054 790 2097 quasi
807 2053 957 2097 splendor
973 2052 1033 2095 fir-

282 2109 462 2147 mamenti,
483 2112 512 2141 et
542 2109 598 2151 qai
627 2107 669 2140 ad
697 2107 859 2140 iustitiam
881 2106 1034 2139 erudiunt

284 2161 412 2201 multos,
439 2173 532 2205 quast
559 2161 668 2194 stellae
689 2162 725 2194 in
743 2165 913 2205 perpetuas
934 2166 1035 2194 aeter-

284 2215 419 2247 nitates:
447 2224 502 2248 eos
525 2215 663 2258 denique
688 2211 830 2248 Salvator
853 2215 921 2258 ipse
941 2214 1034 2249 Chri-

285 2273 350 2300 stus
370 2267 524 2300 Dominus
544 2267 660 2311 insigni
682 2267 736 2300 illo
757 2268 862 2311 elogio
887 2267 1031 2301 ornavit:

287 2321 349 2359 Qui
372 2321 482 2361 fecerit
503 2325 531 2353 el
547 2321 700 2361 docuerit,
721 2321 773 2353 hic
792 2331 930 2363 mctymts
945 2332 1036 2354 voca-

287 2374 371 2405 bitur
392 2374 428 2405 in
452 2384 548 2416 rayno
575 2374 735 2410 coelorum,
765 2373 843 2406 Cum
872 2380 978 2407 autem
998 2384 1034 2407 o-

288 2421 415 2454 mnibus
440 2422 640 2465 temporibus
668 2432 834 2455 sacrorum
863 2423 1035 2456 doctorum

289 2469 430 2502 studium
461 2476 491 2503 et
509 2470 656 2503 doctrina
675 2470 708 2502 in
736 2469 877 2503 Ecclesia
895 2471 951 2504 Dei
970 2472 1034 2504 uti-

288 2517 327 2548 lis
347 2523 376 2549 et
401 2519 550 2551 salutaris
570 2517 639 2559 suit,
662 2524 730 2551 tum
742 2519 881 2553 maxime
892 2520 1036 2553 fructuo-

289 2576 355 2597 sam
375 2572 406 2599 et
426 2567 519 2609 plane
547 2567 762 2600 necessariam
791 2578 859 2601 esse
884 2578 935 2601 res
965 2569 1035 2612 ipsa

87 255 141 284 AB.
157 249 187 278 C.
206 249 272 278 ¹588

288 2612 526 2663 glemonsuavit,
558 2625 645 2664 Qum,
676 2622 922 2657 persecutorum
948 2616 1035 2650 cliri-
1077 2623 1129 2657 tus
1147 2617 1319 2656 dulcedine
1336 2623 1364 2650 et
1387 2616 1483 2650 divini
1503 2616 1623 2649 amoris
1639 2616 1759 2647 t'ewooe
1776 2612 1820 2644 in-

875 244 1055 269 BULLARtmt
1073 243 1225 270 nonaum!

1831 246 1885 275 Αιι.
1900 243 1931 274 C.
1946 247 1971 280 ¹>

1062 290 1164 328 ⁸stiani
1185 295 1326 330 nominis
1350 296 1499 330 horribili
1524 298 1633 331 furore
1653 307 1814 343 represso,

1069 347 1102 380 in
1122 348 1191 392 ipsa
1210 349 1371 383 Ecclesiae
1392 360 1483 392 pace,
1510 350 1674 384 teterrima
1700 351 1815 386 haere-

1070 412 1140 434 sum
1156 402 1241 435 bella
1251 403 1470 436 vehementius
1481 402 1615 436 excitata
1630 410 1715 445 sunt,
1737 411 1816 439 tunc

1070 454 1154 487 enim
1181 455 1420 490 haereticorum
1440 456 1505 489 doli
1523 461 1553 488 et
1572 455 1726 497 fallaciae,
1750 458 1816 502 qui,

1069 507 1198 541 diabolo
1218 508 1399 551 instigante,
1419 507 1451 541 in
1469 519 1546 552 agro
1560 509 1686 542 Domini
1699 510 1818 545 zizania

1069 560 1328 603 superseminare
1357 572 1423 595 non
1451 562 1679 603 intermittunt,
1704 563 1817 597 docto-

1069 624 1142 646 rum
1163 625 1240 647 cura
1260 620 1291 647 et
1309 615 1475 658 diligentia
1495 615 1648 656 detectae,
1668 621 1699 649 et
1718 616 1818 660 pesti-

1070 666 1127 698 fcri
1143 677 1180 699 ac
1198 667 1401 701 detestabiles
1422 678 1550 701 errores
1563 668 1670 712 gladio
1685 669 1818 712 spiritus

1069 721 1236 763 amputati,
1259 727 1289 754 et
1309 722 1486 755 catholicae
1504 721 1644 755 veritatis
1663 723 1703 763 vi,
1718 722 1818 756 sacris

1069 773 1256 807 doctoribus
1284 774 1492 815 administris,
1514 775 1720 809 mendacium
1745 787 1819 820 pro-

1070 831 1218 867 stratum,
1245 838 1343 870 quare
1363 828 1434 861 iure
1454 828 1576 872 optimo
1587 828 1731 873 Hyadum
1744 830 1818 863 stel-

1069 879 1175 912 larum
1194 881 1325 914 nomine
1345 880 1446 914 sancti
1466 882 1615 915 doctores
1647 881 1680 915 in
1703 882 1816 919 Eccle-

1070 932 1116 965 sia
1134 932 1356 977 designantur,
1378 934 1446 978 qui,
1468 935 1643 978 perfrigida
1662 935 1776 980 hyeme
1786 940 1824 969 et*

1069 986 1174 1029 longis
1202 986 1399 1020 infidelitatis
1432 988 1581 1022 noctibus
1609 988 1755 1033 expletis,
1785 994 1818 1022 et

1069 1039 1304 1082 persecutionis
1323 1047 1509 1085 tempestate
1529 1042 1646 1081 sedata,
1661 1048 1738 1075 tunc
1753 1043 1819 1076 cla-

1070 1093 1173 1125 riores
1192 1098 1320 1126 sanctae
1340 1094 1501 1127 Ecclesiae
1521 1097 1622 1127 exorti
1643 1099 1729 1135 sunt,
1742 1105 1817 1128 cum

1069 1145 1211 1178 veritatis
1231 1147 1276 1178 sol
1298 1157 1355 1190 per
1374 1147 1472 1179 corda
1491 1147 1638 1180 fidelium
1659 1147 1755 1181 altius
1765 1158 1818 1180 ca-

1070 1199 1215 1237 lesceret,
1236 1205 1266 1232 et
1286 1205 1448 1243 tamquam
1473 1210 1555 1233 novo
1575 1200 1650 1233 fidei
1669 1211 1742 1234 vere
1765 1201 1816 1234 lu-

1071 1252 1174 1285 cidior
1189 1263 1294 1285 annus
1313 1253 1506 1296 aperiretur.

1114 1305 1129 1349 §
1153 1306 1184 1338 l.
1213 1306 1276 1339 lam
1297 1317 1371 1339 vero
1402 1306 1485 1340 inter
1514 1317 1579 1347 eos,
1602 1318 1684 1350 quos
1711 1306 1819 1341 Domi·
1856 1316 1948 1339 Suet-⁸

1070 1369 1131 1392 nus
1152 1370 1288 1402 magnus
1303 1359 1420 1404 spiritu
1439 1360 1672 1403 intelligentiae
1689 1361 1817 1405 replere
1829 1351 1976 1401 Ξῑᾟῗῗῖζῃ
1996 1375 2002 1403 j

1070 1411 1181 1453 voluit,
1202 1413 1322 1456 quique
1351 1419 1515 1456 tamquam
1539 1413 1660 1447 imbres
1688 1413 1818 1458 eloquia
1829 1411 1985 1463 ζξζῗᾞζζιξ*

1071 1465 1249 1509 sapientiae
1266 1477 1342 1499 suae
1353 1466 1386 1499 in
1401 1466 1542 1500 Ecclesia
1550 1466 1606 1500 Dei
1626 1466 1816 1508 emiserunt,

1071 1518 1187 1552 merito
1206 1525 1396 1553 numeratur
1412 1520 1444 1553 S.
1462 1520 1686 1554 Bonaventura
1695 1521 1819 1554 confes-

1071 1582 1125 1606 sor
1154 1577 1185 1606 et
1221 1573 1376 1617 pontifex,
1407 1573 1490 1606 etin
1523 1573 1634 1607 eadem
1659 1574 1818 1608 catholica

1071 1625 1214 1660 Ecclesia
1233 1626 1346 1660 doctor
1361 1626 1508 1668 eximius,
1530 1637 1628 1670 quem
1652 1627 1754 1661 felicis
1768 1638 1820 1661 re-

1072 1679 1270 1714 cordationis
1290 1680 1395 1714 Sixtus
1414 1680 1500 1724 Papa
1518 1680 1567 1720 IV,
1589 1680 1821 1724 praedecessor

1072 1738 1190 1774 noster,
1210 1733 1251 1766 ob
1271 1732 1494 1766 admirabilem
1513 1733 1595 1767 vitae
1619 1733 1819 1767 sanctitatem

1072 1793 1104 1820 et
1122 1787 1371 1830 praecellentem
1380 1786 1572 1827 doctrinam,
1584 1786 1617 1820 in
1628 1787 1819 1821 Sanctorum

1071 1850 1246 1873 numerum
1265 1839 1449 1883 adscripsit.

1116 1894 1131 1937 g
1150 1893 1182 1926 ⁰2.
1205 1894 1234 1926 Is
1253 1893 1339 1926 enim
1360 1893 1561 1936 Balueoregii
1582 1892 1615 1926 in
1626 1893 1820 1926 Etruriana-
1861 1902 1933 1925 Snus
1982 1933 1989 1938 ι

1074 1953 1137 1988 tus,
1157 1952 1191 1980 ut
1211 1947 1283 1991 piae
1302 1948 1414 1980 matris
1432 1951 1504 1980 voto
1523 1947 1730 1988 satisfaceret,
1745 1947 1822 1980 ado—
1833 1937 1969 1988 ζξζζζξζῗω

1073 2002 1198 2035 lescens
1219 2001 1423 2044 seraphicam
1437 2000 1545 2034 Sancti
1561 2000 1724 2034 Francisci
1737 2000 1822 2034 Reli-

1074 2055 1204 2098 gionem
1223 2061 1272 2088 est
1296 2055 1471 2098 ingressus,
1493 2064 1553 2098 per
1572 2053 1666 2087 cuius
1688 2053 1822 2097 vestigia

1075 2108 1218 2141 recentia
1236 2107 1344 2141 adhuc
1362 2118 1463 2141 novus
1482 2106 1599 2142 Christi
1630 2107 1733 2147 miles,
1759 2107 1822 2139 hu·

1075 2161 1197 2194 militer
1215 2167 1247 2194 et
1265 2167 1451 2194 constanter
1464 2160 1629 2200 incedens,
1650 2159 1824 2193 saluberri-

1075 2225 1161 2247 mam
1181 2214 1380 2258 regularium
1404 2214 1626 2247 institutorum
1647 2214 1820 2246 observan-

1075 2268 1151 2302 tiam
1171 2274 1258 2301 tanto
1279 2267 1378 2301 animi
1398 2267 1514 2300 ardore
1543 2272 1695 2309 tantaque
1716 2265 1824 2300 cordis

1076 2321 1224 2354 aviditate
1244 2321 1342 2360 auxit,
1358 2326 1393 2353 ut
1413 2330 1538 2352 summa
1558 2320 1591 2352 in
1615 2329 1654 2352 eo
1673 2318 1824 2352 sanctitas

1076 2379 1258 2417 appareret,
1275 2383 1312 2405 ac
1322 2373 1403 2406 vitae
1415 2372 1599 2406 innocentia
1617 2377 1648 2405 et
1667 2372 1823 2410 castitate,

1077 2429 1186 2456 sancta
1209 2422 1412 2462 humilitate,
1439 2421 1608 2465 patientia,
1634 2425 1822 2453 mansuetu-

1077 2471 1164 2511 dine,
1174 2476 1376 2504 terrenarum
1393 2480 1502 2503 rerum
1525 2468 1738 2514 displicentia,
1750 2479 1823 2501 coe-

1076 2520 1205 2553 lestium
1242 2519 1402 2552 desiderio
1432 2518 1583 2552 omnibus
1611 2524 1643 2551 et
1675 2517 1821 2560 exemplo

1077 2574 1108 2602 et
1127 2568 1333 2602 admirationi
1354 2575 1448 2607 esset;
1470 2573 1556 2600 tanta
1574 2576 1706 2610 quoque
1724 2563 1819 2608 spiri-
