2059 3228
63 238 114 271 nn.
131 240 160 270 c.
177 241 245 272 1582
293 230 358 267 40⁶2

77 1655 187 1678 Ecclesiae
198 1657 235 1678 Bo-

50 1689 161 1709 immensis
183 1695 234 1712 ere-

51 1719 94 1738 ctio
118 1719 138 1739 in
162 1721 235 1743 eccle-

50 1750 103 1770 siam
126 1754 234 1780 metropo-

49 1780 135 1802 litanam
154 1786 175 1804 et
197 1790 234 1806 ar-

52 1812 233 1841 cliiepiscopalem

50 1848 96 1864 cum
116 1846 233 1873 privilegiis

50 1877 146 1898 omnibus
197 1885 233 1899 ar-

50 1906 228 1936 chicpiscopalib.

258 295 432 337 nationem,
453 294 583 330 concilii
605 295 808 332 oecumenici
822 299 1007 333 translatio-

258 358 344 390 nem,
367 339 688 393 aliasque'nmximas
707 362 758 385 res
782 353 939 395 gerendas
950 353 1006 388 de-

257 403 351 445 lecta,
374 404 584 448 eiusdemque
601 405 802 449 Apostolicae
822 407 912 442 Sedis
939 409 1007 452 pri-

256 457 430 501 mogenita,
454 464 485 491 et
504 458 687 492 studiorum
708 465 810 494 mater
833 461 873 495 ab
905 463 1009 499 omni-

255 510 317 544 ]›us
337 510 451 544 merito
480 519 678 557 nuncupata,
701 513 901 550 nobilissimo
921 526 1008 559 gym-

255 566 358 606 nasio,
381 566 616 610 doctorumque
640 573 671 601 et
684 568 882 602 scholarium
898 580 1009 604 exom-

255 620 350 652 nihus
370 619 457 653 orbis
478 620 645 654 christiani
665 622 811 665 partibus
835 623 913 657 illuc
934 635 1009 657 con-

254 673 423 707 fluentium
443 674 624 719 frequentia
651 676 842 718 clarissimo;
867 678 1007 721 quadra-

254 727 447 769 gintavirum
472 734 585 763 senatu
605 734 636 763 et
660 730 899 773 magistratibus
916 732 1008 765 deco-

254 786 342 823 rata;
371 782 510 816 aliorum
538 783 616 816 item
644 783 820 817 illustrium
844 784 1004 826 virorum,

252 836 337 880 apud
365 847 446 880 quos
480 842 511 871 et
538 848 631 871 verae
651 838 818 881 religionis
848 839 953 872 cultus
977 844 1008 873 et

252 899 378 924 summa
397 891 430 924 in
449 891 610 926 Romanos
633 892 806 926 Pontifices
839 892 1007 937 ipsamque

252 943 367 978 Sedem
387 946 590 980 observantia
601 952 631 980 et
645 947 787 980 studium
798 958 925 991 semper
937 947 1006 981 eni-

250 998 324 1038 tuit,
347 999 440 1043 copia
459 1000 590 1044 quidem
610 1001 744 1044 insignis
758 1028 765 1042 ,
782 1002 903 1046 quippe
923 1013 1006 1046 quae

251 1050 282 1083 in
309 1053 459 1087 omnibus
479 1054 706 1088 schismatibus
720 1060 827 1099 partes
845 1056 912 1089 veri
927 1067 1008 1099 pon-

252 1104 345 1139 tificis
366 1113 523 1151 perpetuo
532 1109 731 1148 sustinuerit,
758 1115 790 1143 et
800 1110 885 1143 viros
900 1110 1005 1152 digni-

252 1160 370 1194 tatibus
381 1163 605 1197 ecclesiasticis
616 1165 732 1206 claros,
745 1165 924 1209 episcopos,
935 1176 1005 1199 car-

254 1213 375 1248 dinales
395 1217 629 1261 pontificesque
649 1219 688 1252 de
706 1219 850 1253 Ecclesia
868 1220 923 1253 Dei
945 1231 1004 1264 op-

252 1268 330 1302 time
350 1270 480 1304 meritos
504 1282 739 1316 saepenumero
762 1274 895 1315 tulerim
916 1274 1004 1308 aedi-

251 1322 399 1357 ficiorum
421 1325 497 1358 item
518 1327 768 1370 magnificentia,
795 1328 923 1372 opibus,
946 1329 1006 1362 fer-

248 1375 376 1419 tilitate,
398 1380 511 1423 populi
532 1381 765 1424 magnitudine,
786 1383 915 1425 egregia
929 1393 1004 1426 erga

249 1435 374 1466 exteros
402 1433 618 1477 hospitalitate
647 1446 684 1469 ac
721 1435 897 1480 praecipua
929 1448 1005 1481 erga

249 1495 361 1520 omnes
393 1487 615 1522 benevolentia
635 1494 666 1522 et
691 1490 822 1527 caritate
850 1491 1004 1536 omnique

248 1540 310 1573 alia
328 1541 446 1575 virtute
467 1542 602 1576 illustris
617 1548 648 1577 et
667 1543 707 1577 sit
731 1549 763 1577 et
781 1544 952 1579 habeatur.

291 1594 306 1638 ἓ
326 1594 357 1628 3.
384 1595 458 1638 Nos,
486 1596 627 1630 aliorum
646 1598 869 1632 Romanorum
893 1599 1003 1633 Ponti-

247 1649 347 1683 ficum
368 1651 654 1694 praedecessorum
674 1658 873 1695 nostrorum,
887 1654 1004 1698 quiec-

247 1703 320 1737 dem
340 1705 462 1739 honore
482 1706 618 1750 patriam
628 1717 719 1740 suam
729 1707 1000 1749 condecomrunt,

247 1768 371 1792 morem
395 1760 645 1804 exemplumque
665 1761 785 1803 secuti,
808 1767 839 1795 et
858 1762 1002 1797 eiusdem

247 1813 343 1847 etiam
363 1814 536 1848 cardinalis
551 1816 761 1860 episcopique
778 1817 1000 1861 Bononiensis,

247 1867 339 1901 cuius
363 1879 428 1902 non
440 1869 548 1912 ignota
567 1875 614 1903 est
633 1881 711 1904 cura
727 1876 757 1904 et
771 1872 954 1907 sollicitudo
969 1873 1003 1907 in

245 1921 348 1965 gloria
355 1923 410 1956 Dei
419 1924 587 1968 saluteque
595 1924 778 1958 animarum
787 1928 1002 1969 procuranda,

246 1975 300 2019 pio
313 1978 418 2011 studio
431 1979 574 2020 adducti,
587 1985 618 2012 et
628 1979 751 2024 patriae
763 1979 863 2023 ipsius
874 1986 1002 2015 nostrae

246 2029 469 2073 Bononiensis,
486 2043 582 2076 quam
599 2032 694 2067 unice
708 2033 742 2066 in
752 2033 878 2067 Christo
895 2034 1002 2078 diligi-

248 2095 332 2127 mus,
345 2086 561 2130 singularibus
573 2097 647 2130 erga
658 2087 742 2121 hanc
754 2086 870 2121 Sedem
879 2088 1001 2121 meritis

247 2142 410 2183 commoti,
428 2147 628 2186 paternoque
649 2141 810 2175 desiderio
829 2148 860 2175 et
876 2153 912 2176 ea
931 2153 998 2187 spe,

246 2206 310 2239 qua
328 2202 478 2229 tenemur
492 2196 524 2229 id
545 2196 612 2230 sore
634 2201 670 2229 ut
688 2196 791 2240 patria
811 2197 881 2240 ipsa
895 2197 1000 2231 Bono-

246 2250 377 2292 niensis,
388 2251 450 2284 hoc
461 2251 779 2294 singular-{beneficio
795 2257 905 2285 nostro
920 2251 1002 2286 exci-

248 2309 322 2344 tata,
340 2315 408 2338 sese
428 2305 460 2338 in
482 2305 550 2339 dies
561 2305 597 2338 ad
611 2305 694 2339 bene
714 2306 874 2349 agendum
900 2305 1002 2350 magis

247 2354 413 2397 magisque
434 2355 623 2395 conformet,
641 2355 919 2396 accensi,necnon
947 2365 1000 2390 ec-

248 2402 363 2435 clesiae
387 2403 497 2446 ipsius,
525 2415 622 2447 quam
650 2404 724 2438 totis
748 2404 782 2437 in
811 2404 937 2438 Christo
958 2403 1001 2438 vi-

247 2451 391 2484 sceribus
413 2453 675 2496 ‘tomplectimun
694 2453 818 2487 meritis
847 2453 998 2497 permoti,

247 2500 286 2534 ad
299 2500 386 2534 illam
408 2502 529 2535 moritis
553 2502 733 2536 honoribus
760 2503 939 2545 augendam
970 2508 1001 2536 et

246 2549 499 2593 promovendam
520 2550 662 2591 adducti,
680 2552 741 2595 piis
761 2561 893 2595 quoque
922 2561 1000 2595 sup-

247 2598 474 2643 plicationibus
489 2599 679 2633 dilectorum
696 2601 837 2634 filiorum
855 2600 998 2634 eiusdem

247 2647 382 2683 civitatis
430 2648 746 2691 quadragintavirum
791 2649 1000 2692 aliorumque

842 241 1023 270 mmmmm!
1041 245 1192 272 nontANUM

1049 300 1293 343 magistratuum
1314 299 1454 340 excitati,
1475 303 1548 344 post
1561 298 1704 333 habitam
1723 307 1801 334 cum

1047 353 1285 387 venerabilibus
1316 353 1468 387 fratribus
1491 352 1608 387 nostris
1636 353 1654 387 S
1694 353 1732 387 R.
1760 352 1803 401 Ε..

1049 407 1266 441 cardinalibus
1281 412 1441 441 maturam
1461 407 1739 448 deliberationem,
1760 406 1802 442 de

1048 461 1180 495 illorum
1198 461 1332 495 consilio
1342 468 1438 506 atque
1451 461 1644 505 apostolicae
1659 466 1801 505 potesta-

1048 514 1087 548 tis
1106 516 1318 559 plenitudine,
1340 515 1379 549 ad
1399 515 1542 556 laudem,
1555 515 1690 558 gloriam
1703 519 1735 549 et
1743 515 1803 549 ho-

1048 580 1161 603 norem
1182 570 1414 615 omnipotentis
1431 570 1488 603 Dei
1507 581 1545 603 ac
1556 569 1670 603 Beatae
1683 569 1802 604 Mariae

1048 635 1176 669 semper
1198 625 1335 669 Virginis
1355 630 1386 659 et
1404 624 1419 647 1
1436 624 1468 658 S.
1490 623 1632 657 Petronii
1657 621 1801 668 episcopi

1049 684 1079 712 et
1102 679 1228 723 patroni
1249 678 1472 720 Bononiensis,
1501 688 1629 712 necnon
1660 677 1699 710 ad
1726 675 1801 711 uni-

1047 733 1176 766 versalis
1194 733 1356 767 Ecclesiae
1370 732 1607 773 exaltationem,
1629 730 1801 765 ecclesiam

1048 787 1150 831 ipsam
1163 787 1398 821 Bononiensem
1408 786 1442 820 in
1449 784 1729 829 metropolitanam
1746 793 1800 816 ec-

1049 840 1190 882 clesiam,
1227 846 1259 875 et
1289 841 1398 875 sedem
1434 839 1652 884 episcopalem
1694 838 1804 872 Bono-‘

1048 894 1192 928 niensem
1233 895 1266 928 in
1303 894 1630 938 archiepiscopalem,
1674 890 1800 926 archie-

1048 949 1287 993 piscopalisque
1324 954 1356 982 et
1395 947 1636 992 metropolitani
1676 945 1800 991 praesi-

1025 1017 1028 1063 ἰ
1048 1001 1096 1035 dis
1115 1003 1223 1036 sedem
1243 1007 1274 1036 et
1292 1003 1476 1047 provinciae
1497 1006 1594 1046 caput
1622 1010 1681 1045 pro
1710 999 1799 1033 illius
1830 1034 1833 1035 γ

1025 1069 1028 1100 ῑ
1047 1056 1292 1101 archiepiscopo
1311 1067 1372 1101 pro
1400 1062 1547 1101 tempore
1567 1054 1726 1096 existenti,
1742 1053 1798 1100 qui

1048 1111 1136 1154 pallii
1157 1112 1302 1145 etcrucis
1322 1122 1418 1145 usum
1427 1112 1567 1145 aliorum
1581 1110 1798 1156 archiepisco-

1046 1175 1163 1208 porum
1189 1175 1280 1199 more
1315 1165 1443 1206 habeat,
1481 1165 1697 1210 omnibusque
1728 1165 1799 1199 aliis

1046 1213 1225 1257 insignibus
1234 1213 1712 1258 archiepiscopalibus,necnon
1729 1214 1797 1259 pri-

1024 1221 1027 1305 i
1045 1263 1181 1306 vilegiis,
1209 1263 1387 1297 honoribus
1406 1269 1437 1297 et
1458 1264 1702 1308 praerogativis,
1726 1264 1800 1299 aliis

1023 1308 1299 1373 {archiepiscopis
1321 1312 1435 1346 debitis
1465 1319 1496 1346 et
1521 1313 1693 1355 concessis,
1723 1324 1800 1358 gau-

1023 1377 1026 1403 1
1045 1361 1129 1403 dent,
1152 1368 1263 1397 tenore
1282 1363 1514 1407 praesentium,
1530 1368 1688 1408 perpetuo
1706 1364 1800 1409 erigi-

1022 1406 1026 1456 Ι
1045 1423 1117 1446 mus
1137 1419 1168 1447 et
1186 1413 1397 1454 instituimus,
1424 1424 1462 1447 ac
1490 1414 1634 1455 nomine,
1653 1414 1747 1449 titulo
1767 1420 1798 1450 et

1022 1457 1025 1464 ¹
1044 1463 1168 1497 honore
1188 1463 1455 1508 archiepiscopali
1488 1469 1519 1498 et
1546 1464 1796 1509 metropolitano

1044 1512 1247 1546 decoramus.

1087 1562 1103 1606 ἓ
1122 1563 1153 1596 4.
1166 1563 1307 1596 ‘Necnon
1326 1563 1556 1604 placentinam,
1578 1562 1794 1607 parmensem,
1806 1559 1945 1616 9¹33ssss

1043 1612 1246 1655 Regiensem,
1261 1612 1484 1654 Mutinensem,
1499 1612 1703 1655 Imolensem,
1716 1613 1793 1648 Cer·
1806 1625 1916 1661 came-isi

1806 1655 1911 1715 {aaa

1044 1722 1108 1756 que
1135 1712 1283 1746 omnium
1312 1718 1342 1746 et
1366 1711 1567 1756 singularum
1596 1712 1737 1747 civitates
1763 1720 1795 1748 et
1806 1718 1885 1740 ¹1¹⁰*ss-

1043 1662 1183 1696 viensem
1207 1669 1239 1696 et
1256 1661 1462 1696 Cremensem
1481 1662 1645 1704 ecclesias,
1667 1674 1794 1698 earum-

1043 1761 1216 1803 diceceses,
1236 1772 1311 1795 cum
1331 1761 1481 1795 omnibus
1496 1766 1525 1794 et
1537 1761 1671 1805 singulis
1681 1772 1794 1797 earum

1042 1811 1214 1844 territoriis
1247 1817 1279 1845 et
1306 1810 1465 1851 terminis,
1492 1821 1529 1844 ac
1552 1810 1687 1845 dilectos
1710 1812 1795 1847 filios

1044 1861 1167 1893 clerum
1187 1867 1218 1895 et
1237 1861 1394 1905 populum
1418 1860 1621 1902 universum,
1639 1872 1713 1895 cum
1728 1862 1794 1897 suis

1044 1910 1232 1954 collegiatis,
1253 1909 1493 1955 parochialibus
1513 1915 1543 1944 et
1561 1910 1632 1944 aliis
1650 1912 1794 1947 ecclesiis

1043 1969 1170 1993 necnon
1189 1959 1393 1993 monasteriis
1421 1960 1591 2004 utriusque
1621 1970 1714 1995 sexus
1739 1971 1794 1996 ce·
1841 1991 1844 1995 .

1042 2008 1183 2052 terisque
1202 2009 1368 2042 beneficiis
1387 2008 1540 2042 etossiciis
1555 2008 1791 2052 ecclesiasticis,

1043 2069 1117 2091 cum
1143 2069 1220 2091 cura
1240 2063 1270 2091 et
1298 2058 1366 2091 sine
1397 2068 1486 2099 cura,
1515 2058 1734 2093 saecularibus
1762 2064 1793 2093 et

1042 2108 1230 2151 quorumvis
1248 2107 1403 2141 Ordinum
1428 2107 1642 2151 regularibus,
1665 2118 1792 2143 necnon

1042 2157 1265 2201 hospitalibus,
1293 2157 1452 2198 domibus,
1488 2156 1631 2200 collegiis
1664 2162 1696 2191 et
1713 2157 1793 2192 locis

1041 2207 1199 2250 religiosis
1218 2207 1488 2250 quibuscumque,
1500 2207 1539 2240 ab
1551 2205 1694 2240 eiusdem
1703 2205 1792 2241 Sedis
1806 2209 1809 2211 ’

1041 2255 1241 2300 Apostolicae
1261 2255 1445 2289 immediate
1465 2254 1528 2288 sive
1540 2254 1671 2289 alterius
1681 2254 1791 2289 cuius-

1042 2316 1194 2350 cumque,
1216 2307 1310 2339 etiam
1331 2304 1790 2349 metropolitani,subiectione

1042 2356 1136 2388 etiam
1158 2362 1316 2399 perpetuo
1344 2354 1514 2388 dividimus
1535 2359 1567 2388 et
1584 2364 1788 2398 separamus;

1041 2405 1177 2448 illasque
1202 2410 1232 2438 et
1256 2414 1367 2438 earum
1396 2403 1558 2438 dioeceses
1585 2414 1623 2437 ac
1650 2402 1790 2437 civitates

1042 2455 1174 2497 posthac
1198 2454 1230 2487 in
1249 2453 1414 2499 provincia
1442 2452 1636 2487 Bononiensi
1663 2463 1731 2486 esse
1758 2455 1790 2486 et

1041 2503 1228 2545 consistere,
1249 2513 1356 2547 neque
1376 2502 1408 2536 in
1428 2502 1490 2536 alia
1522 2500 1685 2545 provincia
1713 2510 1788 2535 cen-

1041 2552 1155 2586 sendas
1187 2560 1218 2587 et
1249 2552 1464 2586 numerandas
1487 2561 1555 2585 esse
1585 2550 1788 2585 decernimus

1078 2618 1089 2644 1
1109 2615 1253 2647 Ughellius
1268 2615 1344 2644 addit
1363 2617 1385 2643 et
1404 2615 1444 2643 Ss.
1470 2614 1652 2651 apostolor-nm
1668 2613 1744 2643 Petri
1762 2613 1788 2642 et

1018 2633 1024 2682 i
1040 2657 1123 2684 Pauli
1132 2644 1310 2690 ”eamdemque
1327 2657 1366 2688 (u.
1387 2656 1436 2692 73).

1971 658 1999 885 ‘uin-h'vai-,ss‘
1976 533 1992 642 -⁴-o›0
1973 511 1987 519 ’-
1972 455 1987 487 ..a
1984 415 1985 418 „
1977 370 1982 376 ·
