2059 3228
105 0 138 21 *to

74 213 117 258 ἐξ,
133 227 200 257 ¹585

213 277 452 322 porrigendam,
470 282 591 321 partem
603 279 699 311 etiam
723 283 797 310 tunc
818 277 961 319 designa-

214 335 277 378 tam
298 330 405 364 Murae
430 333 517 364 tluvii
541 333 650 376 oppidi
665 331 852 365 tlt-accensis
872 340 962 374 prae-

212 383 374 424 dicti,cum
384 386 534 418 omuibus
546 386 612 419 suis
624 385 862 424 emolumentis,
875 393 963 417 com-

211 436 316 471 modis
335 443 364 471 et
381 438 518 474 iuribus.
533 444 565 471 ut
588 439 722 482 piscium
736 438 828 482 copia
843 437 888 470 eis
898 447 961 469 non

211 489 346 531 desset,
369 492 474 524 eidem
496 493 631 535 collegio
653 492 703 535 pie
724 503 759 524 ac
787 490 963 523 liberaliter

209 541 242 576 in
264 551 457 588 perpetuum
482 546 687 585 concesserit,
706 551 732 577 et
750 543 963 588 amplioribus

210 591 963 642 etiamimmunitatibus,exemptioniluis,liber-

209 700 299 746 glum
311 709 341 737 et
363 704 511 738 Studium
532 705 681 747 generale
701 704 747 736 sic
772 703 960 746 erigendum

211 757 371 791 ornaverit
382 763 414 791 et
426 757 652 796 cumulaverit,
665 768 713 795 ar,
726 757 763 790 ad
776 756 961 789 sustinenda

210 798 309 844 bnera
329 811 558 856 impensasque
586 822 644 856 pro
662 811 763 855 ipsius
783 810 886 844 Studii
906 821 960 852 ge-

208 872 286 897 nera
303 863 327 897 is
347 865 588 898 conservatione
600 870 630 898 et
645 864 871 908 amplitudine,
893 863 961 896 col-

208 915 285 960 legii
302 918 462 961 praedicti
488 918 633 952 redditus
651 928 783 951 annuos.
796 917 962 960 augendos

209 980 277 1005 esse
289 963 470 1006 'necessario
479 973 647 1011 existimet,
658 978 699 1013 et,
712 971 909 1016 quantumin
923 981 961 1004 eo

208 1186 426 1227 consulentes,
449 1186 483 1219 in
503 1187 669 1230 praedicto
690 1186 810 1231 oppido
827 1192 857 1219 et
876 1185 962 1219 aedi-

207 1291 343 1334 sitate'm,
368 1293 401 1325 in
420 1304 484 1337 qua
504 1293 671 1326 Societatis
688 1293 829 1336 religiosi
850 1292 963 1325 huius-

209 1345 297 1390 modi
317 1345 526 1389 theologiam,
553 1346 793 1391 philosophiam
814 1357 851 1379 ac
872 1346 961 1388 inge-

208 1409 290 1432 nuas
308 1403 393 1432 artes
416 1399 546 1443 publice
567 1399 809 1443 profiterentur,
831 1404 861 1433 et
878 1400 963 1432 iuve-

209 1461 267 1486 nes
298 1463 521 1496 quoscumque
557 1453 732 1493 docerent,
771 1453 962 1486 auctoritate

871 222 973 246 stXTt's
993 222 1009 243 Υ
1030 221 1077 244 ΙῬ.

209 649 338 690 tatibus,
360 651 534 695 privilegiis
554 658 583 684 et
608 650 717 694 gratiis
738 651 842 694 ipsum
861 649 961 682 colle·
981 655 983 662 '

208 1022 268 1064 est,
281 1009 401 1059 “sedulo
417 1026 588 1070 providere
605 1026 767 1063 inten‹lat;
790 1031 961 1070 propterea
981 1041 982 1044 ¹

202 1076 301 1129 bobis
312 1078 480 1112 humiliter
502 1079 677 1124 supplicari
698 1079 772 1113 fecit
792 1085 961 1123 quatenus,
980 1097 981 1100 =

206 1131 410 1166 subditorum
446 1144 580 1167 suorum
611 1133 704 1167 saluti
735 1139 765 1166 et
790 1133 982 1166 commodot

206 1237 364 1275 hus'dicti
385 1240 512 1283 collegii
529 1240 629 1274 Studii
646 1240 805 1284 generalis
826 1239 961 1272 Univer-
980 1235 982 1246 ³

1645 210 1709 248 565

1005 285 1036 307 in
1058 274 1248 317 ampliorem
1271 274 1405 308 sormam
1427 265 1756 315 construentur‚Uni-'

1002 327 1290 361 versitatemStudii
1302 329 1472 371 generalis,
1484 329 1515 361 in
1531 340 1595 373 qua
1610 328 1752 372 religiosi

985 381 1168 414 1Societatis
1189 381 1372 415 huiusmodi
1390 383 1596 425 theologiam,
1610 382 1753 426 philoso-

1003 433 1111 477 phiam
1128 439 1158 467 et
1178 434 1332 476 ingenuas
1352 441 1435 469 artes
1444 436 1571 479 publice
1580 436 1754 479 profitean-

981 481 1066 527 ltur,
1089 497 1125 519 ac
1146 486 1273 520 iuvenes
1294 499 1517 532 quoscumque
1537 489 1684 529 doceant,
1710 488 1751 522 ad

1004 539 1102 572 instar
1121 540 1257 573 aliarum
1284 541 1530 574 Universitatum
1562 541 1750 576 StudIOrum

1001 593 1213 633 generalium,
1237 600 1298 626 tam
1316 594 1345 626 in
1361 595 1566 638 transalpinis
1579 595 1751 639 provinciis

1001 651 1032 678 et
1051 646 1170 687 regnis,
1197 658 1292 689 quam
1314 648 1392 681 alias
1406 649 1540 682 ubilibet
1557 655 1751 690 erectorum,

1002 700 1192 733 auctoritate
1204 702 1508 745 apostolica,ten0re
1523 706 1750 746 praesentium,

1002 752 1069 785 sine
1089 753 1227 787 alicuius
1240 755 1452 799 praeiudicio,
1475 762 1633 800 perpetuo
1654 756 1750 800 erigi-

1003 817 1072 839 mus
1090 813 1119 840 et
1134 808 1341 842 instituimus.

1045 861 1060 903 g
1083 860 1114 893 4.
1138 862 1307 906 Ipsamque
1341 863 1585 897 Universitatem
1614 875 1651 897 ac
1679 865 1750 898 Stu-

1001 913 1088 947 dium
1109 916 1258 957 generale
1279 916 1323 949 sic
1344 922 1486 949 erectum
1516 923 1546 950 et
1570 918 1750 951 institutum

1001 978 1109 1008 curae,
1133 969 1282 1011 regimini
1309 976 1339 1002 et
1358 970 1625 1004 administrationi
1646 977 1751 1005 recto-

1003 1021 1043 1054 ris
1064 1022 1190 1066 collegii
1200 1024 1387 1057 huiusmodi
1396 1030 1607 1068 protempore
1618 1025 1752 1059 existen-

1002 1075 1051 1115 tis,
1073 1076 1128 1119 qui
1143 1076 1240 1109 totius
1262 1077 1479 1111 Universitatis
1500 1084 1606 1111 rector
1631 1078 1750 1119 existat,

1003 1128 1163 1171 praedicta
1174 1130 1364 1163 auctoritate
1374 1158 1381 1172 ,
1396 1131 1491 1164 etiam
1500 1137 1660 1176 perpetuo
1678 1143 1752 1177 sup-

981 1201 982 1206 =
1002 1181 1152 1225 ponimus
1172 1189 1201 1216 et
1223 1184 1454 1218 submittimus.

981 1230 982 1234 ¹
1044 1235 1058 1278 ξ
1083 1236 1114 1269 5.
1143 1237 1185 1269 Ac
1211 1237 1331 1271 eisdem
1364 1238 1565 1272 Universitati
1599 1238 1750 1282 illiusque

1003 1289 1750 1337 rectori,mag·ist1‘is‚scliolasticisaliisqueprae-

1001 1342 1093 1375 dictis
1114 1343 1270 1377 universis
1290 1350 1319 1378 et
1335 1345 1479 1388 singulis,
1501 1352 1533 1378 ut
1555 1345 1705 1379 omnibus
1722 1353 1752 1379 et

1002 1396 1259 1442 quibuscumque
1280 1399 1464 1443 privilegiis,
1487 1399 1632 1440 indultis,
1654 1399 1751 1433 liber-

1003 1449 1133 1491 tatibus,
1170 1451 1444 1492 humanitatibus,
1481 1454 1749 1496 exemptionibus,

1767 220 1817 262 An.
1834 220 1864 257 C.
1882 220 1951 256 5585

1783 871 1947 894 universitatem

1765 905 1844 925 ret-tori
1876 904 1947 925 colle·

1765 937 1792 961 gii
1807 937 1913 963 supponam

980 1121 983 1137 l

1778 1250 1888 1277 privilegia
1896 1255 1949 1272 neo—

1765 1286 1850 1303 ereciae
1895 1280 1947 1302 En·-

1766 1313 1860 1333 versu-ti
1871 1316 1949 1333 eonco-

1767 1347 1805 1371 div,

209 1505 387 1550 praedicta,
403 1512 560 1550 perpetuo
577 1507 701 1550 erigere
726 1513 757 1539 et
780 1506 960 1547 instituere,
1003 1503 1174 1544 favoribus,
1197 1504 1321 1547 gratiis,
1351 1506 1592 1548 praerogativis,
1623 1506 1754 1539 honori-

210 1552 356 1603 aiiasque
379 1560 413 1592 in
437 1560 621 1604 praemissis
651 1566 834 1605 opportune
859 1560 964 1604 provi·
1002 1556 1060 1588 bus
1080 1561 1110 1589 et
1137 1558 1387 1600 pl'aeefflinssnllls
1416 1559 1601 1592 lltliusmOdi
1622 1559 1755 1593 Univer-

161 1655 165 1660 ‚
209 1611 286 1646 dere
315 1613 355 1646 de
384 1612 580 1657 benignitate
607 1614 783 1658 apostolica
813 1614 963 1657 dignare-
981 1603 983 1646 i
1001 1609 1147 1643 sitatibus
1167 1611 1361 1655 illarumque
1382 1623 1440 1655 pro
1460 1619 1605 1657 tempore
1618 1613 1754 1646 existen-

209 1675 296 1699 mur.

253 1719 269 1763 ἓ
292 1718 324 1752 3.
351 1719 414 1753 Nos
433 1719 542 1763 igitur,
565 1721 620 1764 qui
641 1721 763 1753 dudum
789 1720 873 1754 inter
902 1720 964 1753 alia

46 1783 139 1807 mon-1
149 1781 199 1804 six·
210 1772 370 1806 voluimus
400 1778 431 1806 et
464 1773 683 1807 ordinavimus
717 1774 805 1817 quod
839 1774 965 1807 litterae

55 1820 62 1825 ¹
213 1825 436 1860 resewationis
472 1827 519 1859 vel
559 1827 782 1870 assignationis
826 1827 966 1860 cuiusvis

213 1879 378 1923 pensionis
397 1890 523 1912 annuae
544 1891 641 1924 super
660 1880 798 1913 alicuius
816 1880 965 1914 beneficii

213 1931 420 1966 ecclesiastici
437 1933 594 1970 fructibus
605 1933 817 1977 expedirinon
827 1940 965 1977 possent,

213 1984 274 2018 nisi
294 1995 453 2019 consensu
473 1986 570 2026 illius,
580 1986 635 2030 qui
648 1987 763 2019 dictam
776 1987 966 2030 pensionem

215 2040 396 2082 persolvere
414 2044 490 2072 tunc
500 2039 645 2079 haberet,
659 2040 859 2083 praedictum
872 2040 966 2074 Caro-

215 2092 283 2125 lum
303 2092 510 2125 archiducem
531 2104 548 2125 a
566 2093 732 2136 quibusvis
744 2094 966 2126 excommuni-

216 2145 362 2185 cationis,
388 2146 609 2189 suspensionis
638 2152 668 2192 et
694 2146 854 2178 interdicti
879 2147 966 2179 aliis-

216 2209 280 2243 que
308 2199 531 2232 ecclesiasticis
558 2200 741 2239 sententiis,
774 2200 918 2232 censuris
938 2207 966 2233 et

219 2252 343 2295 poenis,
359 2263 377 2285 a
395 2253 464 2286 iure
484 2254 531 2286 vel
544 2253 583 2285 ab
593 2253 737 2292 homine,
752 2253 863 2296 quavis
875 2263 968 2287 occa-

219 2306 309 2338 sione
322 2306 370 2338 vel
387 2316 494 2345 causa,
509 2306 591 2346 latis,
613 2306 637 2339 si
654 2306 773 2350 quibus
788 2307 968 2350 quomodo-

220 2358 297 2392 libet
316 2359 487 2391 innodatus
507 2359 622 2398 existit,
650 2360 687 2391 ad
709 2360 857 2392 effectum
879 2371 970 2402 prae-

222 2408 360 2441 sentium
377 2409 538 2440 dumtaxat
560 2408 837 2451 consequendum,
853 2407 968 2441 harum

222 2457 305 2490 serie
325 2457 525 2489 absolventes
550 2462 579 2488 et
599 2457 782 2488 absolutum
806 2457 871 2488 sore
897 2467 971 2489 cen-

223 2511 338 2545 sentes,
360 2504 544 2538 huiusmodi
565 2504 855 2548 supplicationibus
880 2505 971 2537 incli-

224 2554 301 2595 nati,
322 2555 354 2587 in
374 2554 493 2598 oppido
512 2554 675 2596 praedicto
695 2559 725 2585 et
745 2553 877 2586 aedibus
895 2553 970 2586 dicti

225 2603 361 2648 collegii,
382 2603 437 2636 ubi
458 2613 543 2636 nunc
553 2602 681 2636 scholae
695 2607 780 2639 sunt.
797 2612 851 2635 seu
866 2603 969 2634 forsan

1004 1664 1087 1697 tibus
1111 1665 1302 1705 rectoribus,
1332 1666 1512 1709 magistris,
1545 1667 1751 1706 doctoribus,

1005 1718 1189 1759 lectoribus,
1220 1719 1498 1763 praeceptoribus,
1534 1719 1753 1759 scholasticis,

1006 1772 1278 1815 procuratoribus,
1298 1772 1438 1813 bidellis,
1456 1772 1593 1813 nunciis,
1611 1772 1756 1806 officiali-

1006 1827 1073 1865 bus,
1092 1825 1245 1858 ministris
1265 1831 1295 1859 et
1314 1825 1385 1858 aliis
1409 1825 1565 1868 personis,
1588 1826 1620 1858 in
1639 1836 1757 1869 genere

1006 1879 1052 1911 vel
1073 1879 1105 1911 in
1117 1879 1235 1923 specie,
1257 1886 1320 1913 tam
1342 1879 1505 1923 praedicta
1530 1890 1626 1923 quam
1656 1879 1758 1924 irnpe-

1008 1932 1097 1973 riali,
1124 1933 1210 1975 regia
1231 1938 1285 1965 aut
1306 1932 1411 1965 ducali
1437 1932 1697 1973 auctoritatibus,
1720 1944 1758 1966 ac

1006 1986 1083 2019 alias
1095 1986 1337 2028 quomodolibet
1354 1997 1411 2029 pro
1424 1992 1568 2029 tempore
1587 1986 1758 2027 concessis,

1007 2051 1071 2073 non
1095 2041 1198 2073 solum
1225 2040 1264 2072 ad
1289 2050 1401 2072 eorum
1434 2040 1551 2080 instar,
1583 2040 1638 2073 sed
1672 2040 1759 2084 pari-

1009 2094 1153 2126 t'ormiter
1177 2099 1205 2126 et
1228 2103 1329 2136 aeque
1355 2092 1576 2136 principaliter
1599 2092 1631 2126 in
1651 2094 1758 2127 omni-

1009 2148 1067 2179 bus
1092 2152 1120 2179 et
1147 2157 1204 2190 per
1229 2146 1336 2179 onmia
1358 2146 1416 2186 uti,
1439 2145 1535 2189 potiri
1551 2150 1582 2179 et
1601 2147 1755 2190 gaudere.

1052 2201 1066 2243 ξ
1091 2200 1121 2233 6.
1150 2200 1285 2244 Insuper
1304 2199 1422 2232 rectori
1442 2199 1586 2233 eiusdem
1600 2199 1758 2234 Universi-
1797 2209 1884 2231 aecum
1920 2210 1955 2230 m

1010 2254 1081 2286 tatis
1101 2259 1127 2286 et
1150 2254 1277 2296 collegii
1303 2264 1361 2297 pro
1382 2259 1526 2297 tempore
1547 2254 1705 2297 existenti,
1723 2261 1758 2289 ut
1772 2241 1958 2293 issfflugssst'fffi‘.

1010 2309 1080 2341 illos
1100 2318 1180 2351 quos
1202 2307 1232 2339 in
1254 2307 1321 2350 ipsa
1341 2314 1447 2340 erecta
1471 2307 1692 2350 Universitate,
1709 2309 1760 2342 vel
1773 2303 1802 2330 ‘¹³³

1010 2361 1105 2394 etiam
1131 2360 1205 2392 alibi
1228 2361 1259 2392 in
1280 2360 1390 2403 quavis
1410 2360 1471 2393 alia
1491 2366 1598 2404 parte,
1615 2362 1759 2396 debitum

1011 2417 1137 2453 tempus
1157 2409 1329 2449 studuisse,
1348 2420 1383 2441 ac
1404 2409 1557 2443 scientiae
1569 2416 1599 2443 et
1617 2410 1761 2444 moribus

1013 2460 1142 2492 idoneos
1163 2469 1230 2491 esse
1247 2458 1416 2501 repererit,
1439 2458 1471 2491 in
1480 2459 1762 2502 praedictissacul-

1013 2508 1129 2540 tatibus
1154 2507 1271 2540 artium
1297 2512 1324 2540 et
1359 2507 1555 2551 theologiae,
1583 2509 1622 2542 ad
1645 2509 1760 2543 bacca-

1013 2558 1174 2589 laureatus
1184 2583 1191 2597 ,
1203 2556 1297 2589 etiam
1312 2556 1449 2597 formati,
1458 2557 1682 2598 licentiaturae‚
1692 2558 1761 2591 lau-

1014 2617 1075 2638 reae
1106 2606 1357 2656 doctoratusqne
1389 2619 1415 2645 ei
1440 2607 1612 2648 magisterii
1633 2609 1760 2650 gradus,
