2059 3228
293 260 376 293 <1090
852 268 1004 294 nunnann
1028 269 1153 292 nomm

249 324 330 357 XLV.
356 321 528 355 Prohibitio
551 322 636 365 quod
653 322 689 355 de
701 326 806 354 cetero
823 321 906 353 nulla
919 330 987 354 cor-

332 385 411 419 pora
434 375 662 415 defunctorum,
688 379 909 417 praeterquam
939 384 988 406 re-

333 427 425 470 galia,
442 427 475 460 in
498 427 603 460 choris
619 433 648 460 et
666 427 735 460 aliis
751 427 826 460 locis
843 427 926 460 intra
943 437 987 459 se·
1018 422 1087 455 Llll·

330 486 385 523 pta
401 486 431 513 et
447 480 624 513 clausuram
637 479 903 512 monasteriorum
921 488 990 510 mo-

332 532 464 565 nialium
488 532 521 564 in
538 532 644 575 regnis
661 531 885 575 Hispaniarum
901 542 988 574 sepe—

334 585 384 617 liri
410 585 543 626 valeant,
569 584 643 618 701.

246 646 342 679 XLVI.
366 646 570 690 Approbatio,
598 645 767 679 declaratio
793 650 825 678 et
851 645 988 678 extensio

332 698 593 731 constitutionum
621 697 779 731 editarum
809 708 827 730 a
862 696 989 730 Pontifi-
1018 684 1087 717 LIV·

331 750 422 783 cibus
445 750 740 794 praedecessoribus
762 750 847 783 circa
863 749 991 782 solutio-

333 812 406 835 nem
420 807 620 844 annatarum,
631 803 848 836 communium
861 802 990 846 etquin-

332 854 524 889 denniorum
563 855 602 888 de
639 855 801 888 beneficiis
832 855 990 888 Romanae

333 907 480 941 Gamerae
497 907 691 951 Apostolicae
713 907 902 948 debitorum,
917 907 990 941 703.

246 969 354 1003 XLVII.
378 970 581 1003 Confirmatio
601 975 630 1003 et
648 980 728 1003 nova
744 968 904 1002 concessio
920 978 992 1011 gra-

333 1023 450 1056 tiarum
479 1028 510 1056 et
541 1022 781 1067 privilegiorum
812 1021 919 1055 Ordini
944 1020 992 1054 Ci—

333 1075 506 1116 sterciensi‚
532 1076 665 1120 eiusque
689 1075 866 1115 abbatibus,
885 1084 991 1106 mona-

332 1127 403 1161 chis
419 1134 447 1161 et
465 1129 666 1162 monasteriis
683 1139 700 1161 a
716 1128 869 1171 Gregorio
881 1127 929 1167 lx,
943 1127 992 1159 In-

333 1181 481 1214 nocentio
497 1181 544 1220 lv,
559 1181 643 1214 Sixto
659 1181 706 1221 IV,
723 1179 906 1213 Innocentio
919 1178 991 1219 VIII,

333 1233 390 1266 Pio
419 1233 472 1274 IV,
496 1234 551 1266 Pio
575 1233 615 1274 V,
636 1232 791 1276 Gregorio
818 1232 882 1264 XIII
905 1237 937 1264 et
960 1241 993 1263 a·

333 1286 384 1319 liis
419 1286 556 1320 Summis
590 1285 795 1319 Pontificibus
829 1293 992 1318 concesso·

334 1349 417 1380 rum,
443 1339 518 1373 706.

246 1401 369 1435 XLVIII.
401 1400 606 1435 Confirmatio
633 1398 896 1433 constitutionum
919 1408 993 1431 con-

335 1453 530 1497 gregauonis
561 1453 695 1486 fratrum
719 1453 749 1485 S.
773 1451 930 1485 Ambrosii
955 1451 994 1483 ad

334 1507 460 1548 Nemus,
487 1506 560 1540 709.

247 1569 346 1603 XLIX.
371 1569 530 1603 Institutio
553 1569 631 1602 artis
655 1567 845 1601 conficiendi
858 1566 994 1600 sericum

1020 1366 1091 1399 LVI.

1102 329 1138 352 ac
1155 319 1339 363 praesertim
1353 320 1571 365 applicationis
1585 322 1660 356 datii
1675 332 1758 356 mer-

1106 370 1202 412 cium,
1227 371 1301 404 7⁶21.

1111 423 1312 456 Confirmatio
1333 429 1364 457 et
1379 424 1517 457 extensio
1533 424 1760 460 iurisdictionis

1102 476 1267 508 consulum
1290 476 1367 509 artis
1390 476 1544 519 pistorum
1569 482 1596 510 et
1611 477 1761 520 praefecti

1103 537 1248 561 annonae
1270 529 1371 562 almae
1394 529 1489 562 Urbis
1501 529 1534 561 in
1551 529 1646 562 rebus
1659 529 1760 572 ipsam

1104 583 1203 612 artem
1216 581 1426 623 tangentibus,
1436 591 1472 613 ac
1480 581 1719 624 privilegiorum
1732 585 1765 613 et

1104 632 1280 674 gratiarum
1303 633 1487 665 eorumdem
1508 624 1677 675 pistorum,
1691 631 1765 665 7⁹24.

1110 685 1288 718 Iurisdictio
1311 685 1341 718 S.
1365 685 1401 718 R.
1424 685 1458 717 E.
1482 685 1651 718 cardinalis
1667 689 1698 717 et
1714 684 1764 716 in-

1104 736 1183 770 dicis
1209 747 1374 770 causarum
1403 735 1762 769 archicont'raternitatis

1104 788 1216 822 Beatae
1238 789 1353 822 Mariae
1369 788 1509 831 Virginis
1524 789 1562 822 de
1579 788 1673 829 Urbe,
1686 787 1767 822 Con-

1103 841 1216 876 salonis
1249 847 1448 885 nuncupatae
1465 867 1473 882 ,
1505 841 1546 874 ad
1568 839 1760 884 redemptio·

1104 904 1179 927 nem
1211 894 1408 937 captivorum
1431 893 1471 927 ab
1494 892 1672 926 infidelium
1695 902 1763 925 ser-

1105 946 1205 980 vitute
1234 947 1358 990 aliaque
1389 946 1442 990 pia
1465 955 1562 988 opera
1591 943 1766 978 exercenda

1106 999 1225 1032 dudum
1249 999 1421 1039 institutae,
1446 997 1520 1031 726.

1020 1051 1075 1084 LV.
1099 1051 1222 1084 Erectio
1246 1049 1463 1084 Universitatis
1487 1048 1589 1083 Studii
1612 1047 1769 1092 generalis

1106 1103 1139 1136 in
1157 1103 1283 1136 civitate
1299 1103 1338 1135 de
1348 1102 1453 1143 Quit0‚
1465 1101 1646 1145 provinciae
1659 1101 1767 1135 Sancti

1106 1155 1264 1189 Michaelis
1301 1155 1461 1188 Indiarum
1500 1154 1764 1196 Occidentalium‚

1107 1209 1234 1242 Ordinis
1249 1208 1460 1242 Eremitarum
1477 1207 1582 1240 Sancti
1595 1206 1763 1250 Augustini

1108 1272 1180 1295 cum
1203 1261 1404 1294 facultatibus
1415 1259 1485 1293 aliis
1500 1258 1766 1293 Universitatibus

1106 1313 1235 1348 concedi
1258 1313 1367 1353 solitis,
1393 1312 1466 1346 733.

1114 1365 1293 1399 Iurisdictio
1324 1365 1354 1398 S.
1382 1365 1419 1398 R.
1447 1364 1481 1397 E.
1504 1363 1674 1396 cardinalis
1695 1373 1770 1407 pro-

1113 1417 1241 1451 tectoris
1264 1422 1296 1451 et
1318 1417 1432 1451 iudicis
1455 1427 1621 1450 causarum
1645 1416 1769 1460 collegii

1110 1475 1278 1504 cantorum
1337 1469 1570 1512 capellanorum
1630 1467 1766 1502 Romani

1108 1522 1279 1563 Pontificis,
1295 1532 1368 1555 cum
1391 1521 1628 1565 privilegiorum
1649 1526 1681 1554 et
1696 1530 1769 1564 gra-

1110 1576 1229 1609 tiarum
1253 1574 1467 1616 concessione,
1492 1574 1565 1608 736.

335 1623 368 1655 in
399 1622 482 1656 Urbe
511 1627 540 1654 et
569 1626 633 1654 toto
668 1621 756 1653 Statu
779 1618 994 1652 Ecclesiastico
1022 1627 1106 1661 LVII.
1134 1627 1278 1660 Hortatio
1301 1627 1342 1660 ad
1365 1628 1476 1660 omnes
1498 1626 1717 1660 christifideles
1738 1630 1771 1659 ut

337 1686 411 1709 cum
440 1675 599 1707 nonnullis
622 1672 895 1712 ordinationibus,
921 1671 993 1704 7111.

248 1729 281 1761 L.
305 1728 448 1762 Facultas
471 1725 813 1760 archiconsraternitati
830 1724 994 1758 Sanctissi-

335 1781 379 1814 mi
415 1779 609 1814 Sacramenti
646 1779 679 1811 in
702 1778 834 1811 ccclesia
857 1778 887 1811 S.
912 1777 994 1810 Petri

334 1835 374 1868 de
398 1835 480 1867 Urbe
504 1832 722 1866 commutandi
746 1831 860 1874 cuique
873 1830 995 1863 confra-

335 1887 475 1920 ternitati
503 1890 695 1929 aggregatae
718 1889 748 1917 et
772 1884 994 1927 aggregandae

333 1939 471 1982 primam
494 1938 685 1971 dominicam
711 1937 837 1978 mensis,
860 1937 900 1970 ad
923 1947 996 1979 pro-

334 1993 508 2026 cessionem
531 1991 721 2031 habcndam,
739 1990 772 2022 in
788 1990 882 2022 aliam
896 1989 995 2022 domi-

1109 1679 1279 1713 Rhemensi
1325 1679 1467 1722 collegio,
1503 1689 1561 1722 pro
1604 1678 1768 1712 catholicis

1108 1731 1216 1775 Anglis
1250 1742 1269 1764 a
1292 1731 1370 1764 Sede
1393 1731 1570 1775 Apostolica
1594 1730 1740 1764 instituto
1757 1756 1766 1772 ,

1108 1785 1160 1828 pie
1182 1789 1214 1817 et
1236 1784 1407 1818 liberaliter
1440 1783 1648 1824 subveniant,
1676 1788 1708 1816 et
1730 1782 1771 1815 ad

1110 1838 1345 1881 imperatorem,
1353 1847 1444 1879 reges
1460 1840 1490 1869 et
1505 1835 1667 1879 principes
1682 1834 1768 1868 chri-

1109 1890 1238 1931 suanos,
1261 1894 1296 1922 ut
1319 1889 1445 1932 Anglos,
1467 1893 1598 1932 propter
1613 1887 1769 1921 iustitiam

1109 1942 1360 1986 persecutionem
1394 1941 1571 1986 patie'ntes,
1594 1941 1704 1975 iuvent
1740 1945 1773 1974 et

1111 1995 1245 2036 faveant,
1270 1994 1343 2028 740.

335 2046 441 2078 nicam
454 2072 461 2086 ,
486 2050 577 2089 prout
610 2043 783 2088 unicuique
813 2043 995 2077 huiusmodi
1024 2046 1121 2080 LVIII.
1137 2046 1226 2086 Quod
1241 2047 1355 2081 fratres
1371 2047 1505 2082 Minores
1521 2047 1648 2081 Ordinis
1664 2046 1770 2081 Sancti

335 2098 586 2132 confraternitati
639 2098 785 2141 expedire
838 2097 996 2131 iudicave-

336 2153 412 2186 rint.
441 2152 513 2185 719.

249 2206 295 2240 LI.
318 2206 406 2246 Quod
430 2206 586 2239 Eremitae
604 2205 710 2239 Sancti
727 2205 893 2238 Romualdi
911 2205 996 2238 Mon—

337 2259 376 2292 tis
400 2259 553 2300 Coronae,
578 2258 704 2291 Ordinis
731 2258 996 2300 Camaldulensis,

337 2312 396 2345 sub
430 2313 549 2355 Regula
580 2311 685 2345 Sancti
710 2311 897 2352 Benedicti,
921 2312 997 2344 alte-

339 2367 406 2399 rius
429 2365 555 2398 Ordinis
579 2364 743 2407 religiosos
769 2363 911 2407 recipere
927 2373 998 2406 pos·
1025 2363 1098 2398 LIX.

338 2419 417 2458 sint;
442 2418 501 2462 ipsi
525 2428 597 2451 vero
621 2418 660 2450 ad
684 2418 781 2451 alium
804 2417 900 2450 etiam
924 2417 998 2450 Ere-

340 2470 381 2503 mi
427 2471 669 2505 Camaldulensis
706 2470 843 2503 transire
881 2480 998 2514 neque-

341 2532 404 2558 ant.
431 2524 504 2558 720.

255 2578 312 2611 LII.
323 2579 524 2612 Confirmatio
538 2579 777 2622 privilegiorum
789 2578 956 2612 doctorum
969 2582 1001 2612 et

345 2631 511 2673 legentium
538 2631 754 2664 [nivei-sitatis
784 2630 1000 2673 Bononiensis,
1028 2630 1088 2665 LX.

1110 2099 1267 2134 Francisci
1297 2100 1337 2133 de
1360 2099 1565 2134 observantia
1587 2099 1673 2134 licite
1695 2099 1771 2134 reti-

1112 2157 1208 2186 neant
1238 2153 1323 2194 loca,
1346 2163 1428 2196 quae
1462 2152 1558 2187 etiam
1585 2152 1652 2186 sine
1675 2151 1768 2185 titulo

1111 2205 1282 2249 possident,
1323 2205 1495 2239 dummodo
1533 2203 1770 2238 ordinariorum

1111 2268 1283 2292 consensus
1310 2258 1463 2298 accedat,
1492 2256 1597 2301 quoad
1625 2266 1662 2289 ea
1692 2265 1773 2299 quae

1111 2311 1274 2355 possident
1296 2321 1315 2344 a
1337 2311 1446 2344 decem
1469 2309 1563 2343 annis
1586 2309 1678 2349 citra,
1698 2307 1773 2341 742.

1121 2362 1371 2397 Gonfraternitas
1404 2362 1435 2396 S.
1469 2363 1579 2396 Annae
1605 2360 1775 2395 Varsaviae

1113 2414 1248 2457 erigitur
1260 2413 1294 2446 in
1306 2412 1689 2447 archiconfraternitatcm
1697 2421 1771 2444 cum

1114 2466 1256 2500 eiusdem
1294 2465 1495 2500 facultatibus
1529 2469 1560 2498 et
1587 2463 1774 2510 privilegiis,

1116 2529 1197 2563 quae
1220 2518 1316 2552 habet
1339 2517 1674 2552 archiconsraternitas
1695 2517 1775 2552 Gon-

1115 2574 1227 2608 salonis
1250 2573 1289 2606 de
1313 2573 1408 2615 Urbe,
1432 2572 1511 2606 744.

1111 2628 1314 2667 Confirmatio
1337 2627 1505 2664 erectionis
1520 2625 1703 2672 provinciae
1717 2623 1771 2656 Hi-
