2059 3228
298 242 384 274 ‘1094

252 304 299 336 Xl.
323 303 410 341 Quod
434 303 548 335 festum
587 302 616 335 S.
648 300 806 334 Francisci
831 300 868 334 de
892 300 996 341 Paula,

337 355 463 388 Ordinis
488 355 621 388 fratrum
646 354 848 388 Minimorum
873 354 996 388 institu-

336 409 433 449 toris,
473 409 605 451 singulis
643 408 735 441 annis
782 408 832 441 die
859 409 997 441 secunda

340 461 458 493 mensis
482 460 591 504 aprilis
608 460 724 504 duplici
741 460 844 494 officio
861 461 997 494 celebre-

338 518 400 552 tur,
427 513 501 546 59⁹2.

334 565 504 599 Renovatio
529 566 628 599 Studii
653 565 809 608 generalis
825 565 858 598 in
872 565 996 598 c'vitate

336 618 433 650 Firmi
456 620 561 651 Status
581 618 799 658 Ecclesiastici‚
817 617 891 651 olim
905 628 923 649 a
939 617 995 649 Bo-

334 670 450 704 nisacio
474 672 536 704 VIII
560 671 710 711 instituti,
735 682 807 704 cum
824 670 995 715 privilegiis

334 728 366 756 et
389 723 519 756 indultis
542 724 677 757 aliorum
695 723 877 757 Studiorum
901 731 996 765 gene-

339 776 466 818 ralium,
490 777 565 811 593.

250 829 322 862 xm.
346 829 550 863 Confirmatio
574 834 765 863 statutorum
799 828 869 861 Iulii
893 828 994 871 Papae

334 882 477 926 11supe1-
515 882 599 915 bono
634 881 788 925 regimine
818 886 993 914 castrorum

333 935 503 968 comitatus
527 935 746 977 Ariminensis‚
764 945 926 978 novaeque
942 934 993 968 dc-

332 987 519 1021 clarationes
542 987 582 1020 ad
605 993 728 1021 exortas
759 988 829 1021 lites
867 998 993 1030 compo-

332 1041 453 1075 nendas
486 1041 669 1085 futurasque
693 1040 874 1081 evitandas,
898 1040 971 1073 598.

246 1092 320 1126 XIV.
342 1093 385 1126 De
423 1093 576 1127 electione
608 1095 822 1137 praelatorum
861 1103 992 1135 congre-

333 1146 470 1189 gationis
494 1146 599 1180 Sancti
616 1147 766 1180 Bel-nardi
780 1147 813 1179 in
825 1147 913 1180 Italia
926 1157 994 1180 mo-

333 1199 512 1232 nachorum
550 1199 676 1232 Ordinis
709 1199 922 1232 Cisterciensis
945 1209 993 1231 re-

333 1252 452 1295 gularis
475 1252 693 1286 observantiae
710 1280 718 1294 ,
754 1253 792 1286 de
821 1257 926 1286 cetero
950 1252 992 1284 fa-

332 1303 443 1337 cienda
467 1315 502 1337 ex
527 1304 674 1338 universo
698 1315 832 1338 numero
849 1305 992 1338 sacerdo—

332 1361 401 1389 tum
425 1356 527 1390 dictae
552 1357 830 1401 congregationis,
856 1357 910 1401 qui
934 1357 994 1390 mi-

332 1419 412 1443 nora
436 1410 539 1444 officia
563 1410 764 1444 laudabiliter
787 1410 918 1444 biennio
942 1421 993 1443 ex-

332 1463 505 1505 ercuerint,
531 1463 605 1497 600.

330 1514 537 1549 Confirmatio
550 1516 791 1560 privilegiorum
799 1517 921 1560 collegii
939 1517 994 1550 ad-

335 1575 519 1602 vocatorum
543 1575 572 1603 et
598 1575 841 1613 procuratorum
865 1571 993 1613 provin-

332 1621 400 1655 ciae
426 1621 595 1664 Mat-chiae,
616 1634 672 1657 seu
702 1623 888 1657 eorumdem
912 1634 992 1658 nova

332 1673 505 1716 concessio,
523 1674 597 1708 602.

339 1725 543 1760 Confirmatio
577 1728 755 1761 litterarum
794 1729 991 1763 diversorum

334 1779 550 1813 Romanorum
573 1781 763 1814 Pontificum
790 1793 885 1826 super
908 1783 991 1816 bono

331 1832 489 1876 regimine
527 1833 664 1867 civitatis
698 1834 937 1876 Anconitanae,
962 1840 991 1869 et

328 1886 569 1920 conservatione
602 1887 842 1920 immunitatum
867 1898 903 1920 ac
928 1887 991 1931 pri-

332 1939 522 1983 vilegiorum
544 1939 686 1973 eiusdem
710 1939 856 1981 civitatis,
882 1939 955 1973 604.

242 1991 329 2025 XVII.
351 1991 395 2025 De
417 1991 575 2035 regimine
591 1991 694 2025 Studii
711 1992 869 2035 generalis
882 1992 991 2025 Valen-

328 2045 398 2086 tini,
423 2044 464 2078 ab
486 2045 662 2078 Alexandro
675 2044 712 2077 Vl
725 2044 873 2085 instituti,
890 2049 922 2077 et
937 2055 991 2089 ap-

328 2097 499 2141 plicatione
523 2097 752 2130 benesiciorum
764 2097 992 2131 ecclesiastico-

332 2160 415 2191 rum,
439 2154 504 2191 etc„
530 2150 605 2184 609.

251 565 308 598 ΧΠ.

244 1515 304 1548 XV.

243 1726 316 1759 XVI.

863 248 1015 271 BULLARII
1041 248 1164 272 notuit-Nl

1112 300 1289 344 gratiarum
1326 306 1355 335 et
1387 301 1626 345 privilegiorum
1663 308 1771 336 exten-

1111 353 1200 386 sione
1249 363 1307 397 pro
1347 353 1424 398 ipsis
1458 359 1578 398 septem
1616 356 1748 389 notariis
1763 383 1770 397 ,

1113 405 1187 440 621.

1155 458 1337 502 Sequuntur
1358 460 1525 504 privilegia
1546 470 1604 504 pro
1628 461 1771 504 supradi-

1110 511 1169 544 ctis
1225 517 1344 555 septem
1392 512 1524 546 notariis
1577 512 1768 556 antiquiori-

1111 563 1180 605 bus,
1208 564 1283 598 6024.
1640 557 1643 559 ’

1111 617 1268 650 Institutio
1292 618 1651 653 archiconfraternitatis
1677 619 1773 653 Chor—

1110 669 1294 713 digerorum
1326 671 1429 705 Sancti
1468 672 1628 706 Francisci
1649 699 1657 714 ,
1681 673 1773 706 chor-

1109 722 1182 755 dam
1206 734 1263 767 per
1286 724 1399 758 fratres
1412 725 1479 759 eius
1503 725 1630 760 Ordinis
1654 726 1772 769 gestari

1109 776 1232 809 solitam
1257 777 1367 811 devote
1390 778 1609 820 deferentium,
1634 789 1707 812 cum
1724 777 1774 811 in-

1108 828 1345 871 dulgentiarum
1384 830 1584 864 concessione
1600 857 1608 872 ,
1633 835 1664 864 et
1695 830 1773 864 alias

1109 881 1383 915 confraternitates
1417 882 1613 926 aggregandi
1641 882 1773 916 faculta-

1110 936 1150 974 te,
1174 932 1247 967 630.

1152 985 1301 1029 Sequitur
1323 987 1469 1021 extensio
1493 988 1595 1022 dictae
1619 988 1772 1022 constitu-

1109 1037 1214 1080 tionis,
1240 1039 1314 1074 63⁶2.

1024 1090 1095 1122 XXI.
1121 1091 1356 1126 Constrmssntul·
1378 1093 1545 1137 privilegia
1580 1104 1598 1126 a
1621 1092 1773 1126 Romanis

1109 1144 1314 1178 Pontificibus
1330 1145 1450 1179 civibus
1463 1145 1682 1179 Genuensibus
1698 1156 1773 1179 con-

1109 1207 1204 1237 cessa,
1236 1207 1372 1240 quorum
1410 1197 1517 1241 vigore
1544 1203 1631 1231 extra
1654 1198 1771 1232 Urbem

1108 1250 1238 1282 Ianuam
1262 1250 1301 1283 ad
1322 1250 1476 1284 iudicium
1493 1251 1598 1284 vocari
1615 1260 1680 1284 non
1699 1261 1771 1295 pos·

1109 1308 1192 1343 sunt,
1218 1302 1291 1336 633.

1023 1355 1109 1388 XXII.
1134 1356 1305 1389 Confirmat
1332 1356 1452 1390 litteras
1490 1356 1770 1400 praedecessorum

1111 1408 1322 1450 Pontificum,
1361 1420 1398 1442 ac
1431 1410 1602 1453 praecipue
1626 1409 1770 1453 Gregorii

1110 1462 1184 1503 XIII,
1208 1463 1324 1506 quibus
1348 1463 1388 1495 ad
1423 1462 1648 1495 refraenandos
1673 1462 1771 1495 scele-

1109 1520 1173 1548 stos
1197 1514 1342 1548 homines
1367 1519 1431 1548 tam
1448 1514 1544 1547 laicos
1560 1524 1655 1557 quam
1672 1515 1771 1547 eccle-

1109 1567 1271 1610 siasticos,
1295 1568 1398 1601 laesae
1422 1567 1597 1601 maiestatis
1622 1566 1769 1600 criminis

1108 1630 1189 1662 reos,
1227 1620 1456 1654 ecclesiasticae
1501 1619 1711 1652 immunitatis
1735 1619 1770 1652 in

1025 616 1086 650 XX.

1107 1674 1233 1707 civitate
1271 1673 1430 1708 Genuensi
1472 1673 1639 1717 restringit
1687 1673 1770 1706 limi·
1816 1703 1826 1712 ,

1108 1732 1164 1768 tes,
1190 1727 1264 1761 634.

1020 1780 1121 1815 XXIII.
1144 1779 1323 1814 Iurisdictio
1343 1779 1508 1812 consulum
1531 1777 1609 1811 artis
1631 1777 1769 1811 lanaein

1107 1833 1201 1874 Urbe,
1225 1837 1255 1865 et
1271 1831 1435 1876 privilegia
1451 1834 1666 1864 mercatorum
1683 1829 1770 1864 eius-

1107 1886 1179 1919 dem
1203 1884 1290 1926 artis,
1314 1884 1393 1918 638.

1015 1939 1113 1973 XXIV.
1130 1938 1172 1971 De
1185 1937 1349 1971 visitandis
1367 1936 1461 1970 certis
1479 1935 1532 1968 hic
1545 1935 1672 1969 statutis
1684 1940 1764 1968 tem-

1102 1991 1244 2035 poribus,
1262 1994 1446 2023 sanctorum
1469 1988 1553 2021 Petri
1578 1993 1609 2022 et
1624 1987 1712 2021 Pauli
1725 1987 1764 2020 de

1101 2043 1186 2076 Urbe
1209 2042 1372 2076 liminibus
1395 2045 1449 2075 etc.
1481 2041 1521 2074 ab
1552 2040 1764 2085 archiepisco-

1101 2096 1158 2140 pis,
1171 2095 1328 2140 episcopis
1343 2099 1374 2128 et
1390 2095 1459 2128 aliis
1471 2095 1677 2128 ecclesiarum
1692 2094 1763 2139 pri-

1102 2149 1249 2190 malibus,
1270 2148 1344 2182 641.

241 2202 339 2235 XVIII.
353 2201 439 2235 Utin
456 2202 573 2235 Ordine
592 2203 704 2236 Beatae
725 2203 840 2236 Mariae
859 2203 897 2236 de
913 2203 992 2236 Mer·
1014 2203 1101 2236 XXV.
1125 2202 1289 2235 Innovatio
1312 2201 1490 2234 festivitatis
1512 2199 1621 2234 Sancti
1644 2199 1764 2234 Nicolai

329 2254 405 2287 cede
430 2254 668 2299 Redemptionis
707 2255 910 2299 Captivorum
935 2256 990 2289 ob-

328 2313 470 2341 servetur
493 2308 676 2342 reformatio
700 2309 784 2341 edita
801 2319 819 2341 a
842 2308 991 2342 commis-

329 2361 422 2394 sariis
446 2361 604 2404 deputatis
627 2372 684 2405 per
707 2361 798 2394 Pium
821 2360 845 2393 V
868 2365 900 2394 et
915 2360 991 2394 Gre-

327 2414 453 2456 gorium
477 2414 551 2456 XIII,
576 2425 648 2448 cum
662 2412 930 2447 declarationibus
943 2412 991 2446 Si-

327 2467 370 2499 xti
393 2467 495 2510 Papae
519 2467 553 2509 V,
579 2467 653 2501 619.

242 2519 315 2552 XIX.
339 2520 506 2563 Ampliatio
545 2520 669 2563 collegii
706 2525 826 2563 septem
851 2519 990 2553 notario-

329 2581 399 2603 rum
424 2572 511 2605 Scdis
535 2572 731 2616 Apostolicae
749 2572 925 2615 antiquitus
942 2572 990 2605 in-

329 2625 429 2657 stituti
455 2627 493 2658 ad
518 2636 687 2659 numerum
711 2625 890 2666 duodecim,
915 2635 989 2658 cum

1101 2255 1138 2288 de
1162 2254 1328 2288 Tolentino
1345 2280 1353 2295 ,
1384 2252 1511 2287 Ordinis
1541 2252 1666 2285 fratrun
1689 2251 1764 2284 Ere-

1100 2307 1251 2340 mitarum
1275 2306 1306 2340 S.
1330 2305 1509 2349 Augustini,
1524 2303 1642 2348 duplici
1659 2303 1763 2337 officio

1071 2363 1074 2365 ’
1099 2360 1151 2394 die
1174 2359 1298 2394 decima
1313 2358 1431 2392 mensis
1443 2356 1666 2402 semptembris
1681 2357 1763 2390 cele-

1098 2413 1248 2453 brandae,
1274 2412 1347 2446 645.
1426 2418 1442 2425 ‘⁶

1012 2466 1111 2500 XXVI.
1135 2465 1249 2499 Contra
1287 2468 1465 2497 exercentes
1499 2467 1601 2496 artem
1632 2462 1763 2496 astrolo-

1099 2517 1169 2560 giae
1193 2517 1378 2550 iudiciariae
1401 2521 1432 2549 et
1461 2515 1523 2549 alia
1543 2525 1762 2559 quaecumque

1098 2569 1329 2603 divinationum
1353 2579 1491 2611 genera,
1515 2568 1675 2612 librosque
1713 2568 1756 2601 le-

1100 2626 1208 2664 gentes
1232 2622 1279 2655 vel
1303 2626 1455 2663 tenentes,
1481 2620 1554 2655 646.
1617 2622 1621 2626 ”
