2059 3228
818 199 993 224 ont-:comos
1011 198 1066 222 xltt
1086 197 1135 222 FP.

1636 185 1700 221 555

206 258 290 295 ratu,
309 254 543 300 praeceptoria,
568 253 734 295 dignitate,
771 253 874 286 officio
905 253 953 285 vel
995 249 1260 283 d1111i>soriatthus
1285 250 1410 286 littoris,
1438 256 1465 283 et
1500 260 1517 283 a
1551 249 1615 283 suis
1646 260 1743 293 supe-

205 306 365 341 beneficio
385 308 430 341 sic
451 319 508 352 per
532 308 742 352 privationem
769 305 954 340 huiusmodi
996 303 1135 336 rioribus
1161 303 1300 340 lit-entia,
1323 311 1352 337 et
1371 310 1491 336 >errata
1529 304 1561 336 iu
1593 303 1744 336 omnibus

205 366 349 401 vacante,
372 361 458 394 iuxta
487 362 703 394 stabilimenta
724 366 751 393 et
778 360 837 393 alia
860 371 951 403 prae-

206 411 312 453 missa,
332 413 433 447 libere
459 414 596 458 disponi,
625 418 681 446 aut
708 413 786 446 illud
814 413 891 446 alias
915 413 954 445 ab

204 475 245 499 eo
262 465 312 499 vel
336 465 393 506 eis,
419 467 458 499 ad
479 477 575 510 quem
596 477 651 499 seu
681 477 760 508 quos
788 466 955 498 antianita-

203 517 246 552 tis
262 519 312 553 vel
332 519 394 553 a¹io
415 519 485 553 iure
505 519 690 564 pertinebit,
716 519 890 563 acceptari.

249 572 266 617 ἓ
298 564 603 606 Ξ7.”1)θοθῐ·ηειιίεε
636 573 832 617 praemissis,
859 571 952 605 etiam

151 640 156 647 ·
202 635 265 670 per
287 627 640 670 quascumquelitteras
660 626 863 670 apostolicas,
881 637 953 669 spe-

201 678 303 714 ciales
327 680 377 713 vel
401 681 579 724 generales,
607 680 702 713 etiam
732 679 954 723 derogatoria-

204 743 278 766 rum
297 733 516 777 derogatorias
547 733 689 777 aliasque
720 733 881 766 clausulas
910 732 954 765 ef-

204 786 374 820 ficaciores
401 791 433 820 et
462 786 618 826 insolitas,
655 796 692 819 ac
728 785 888 818 irritantia
925 792 954 818 et

205 839 269 873 alia
297 839 426 873 decreta
455 840 515 872 sub
548 850 753 883 quacumque
782 839 954 872 verborum

205 893 411 938 expressione
435 893 648 933 continentes,
689 893 874 926 nullatenus
899 893 954 925 ‹le-

208 948 317 992 rogari
336 958 442 992 posse,
465 959 524 981 nec
550 947 656 991 quoad
684 947 739 980 illa
767 947 954 989 derogatum

206 1001 344 1043 censeri,
369 1001 431 1034 nisi
451 1007 546 1034 tenor
574 1002 703 1034 illarum
737 1001 776 1034 ad
807 1001 953 1034 verbum.

207 1053 289 1089 nihil
312 1054 441 1100 penitus
460 1054 592 1093 omisso,
614 1054 764 1095 insertus,
793 1060 821 1086 et
846 1054 957 1086 huius-

209 1107 298 1142 modi
316 1108 544 1151 derogationes
559 1107 827 1141 consistorialiter
842 1108 955 1145 saetae,

209 1166 244 1195 et
260 1171 321 1204 per
343 1161 444 1194 trinas
463 1161 632 1194 distinctas
666 1161 788 1194 litteras
808 1162 956 1193 eumdem

209 1219 357 1248 tenorem
377 1215 590 1255 continentes,
613 1215 716 1247 tribus
741 1215 898 1247 distinctis
913 1215 958 1247 vi-

211 1267 303 1302 cibus
338 1268 491 1312 magistro
519 1273 551 1301 et
583 1268 752 1301 conventui
787 1268 959 1311 praedictis

210 1320 376 1355 intimatae
400 1326 431 1354 et
454 1321 636 1354 insinuatae
661 1321 790 1361 suerint,
816 1332 853 1354 ae
874 1321 959 1365 ipso-

211 1385 285 1408 rum
303 1374 448 1418 magistri
473 1381 504 1408 et
524 1381 700 1408 conventus
720 1375 758 1407 ad
779 1375 810 1407 id
835 1386 962 1418 expres-

212 1438 267 1462 sus
285 1429 417 1462 accedat
436 1439 595 1469 assensus3
623 1436 651 1462 et
673 1428 767 1462 aliter
787 1430 884 1461 saetas
908 1429 962 1461 de-

212 1481 397 1525 rogationes
425 1482 557 1515 minime
591 1483 772 1525 suffragari3
813 1483 961 1526 ipsosque

215 1534 403 1578 magistrum
428 1541 459 1568 et
493 1541 685 1569 conventum
715 1536 754 1568 ad
784 1536 961 1579 parendum

215 1587 330 1621 litteris
352 1588 563 1632 derogatoriis
582 1589 767 1621 huiusmodi
794 1595 823 1621 et
850 1589 962 1622 deere-

215 1640 256 1674 fis
272 1651 372 1685 super
391 1641 454 1675 illis
466 1642 669 1685 processibus
688 1653 725 1675 ae
746 1643 873 1675 illorum
891 1653 963 1675 exe-

216 1694 386 1728 autoribus
407 1700 438 1728 et
457 1695 763 1735 suhexeeutoribus,
786 1706 965 1738 eorumque

216 1747 376 1782 mandatis
395 1754 427 1782 et
441 1749 673 1782 monitionibus
694 1749 826 1781 minime
847 1749 963 1788 teneri,

216 1800 272 1839 sed
307 1801 490 1837 litterarum
528 1802 716 1835 huiusmodi
761 1803 965 1835 executiones

217 1855 351 1888 omnino
371 1855 542 1899 impedire,
570 1866 629 1888 nec
657 1856 782 1888 ratione
818 1856 967 1888 resisten-

220 1908 282 1942 tiae
319 1908 465 1942 censuris
494 1908 718 1942 ecclesiasticis
750 1919 808 1952 per
838 1909 964 1941 eosdem

219 1966 405 1994 executores
424 1962 473 1995 vel
497 1962 747 1995 subexecutores
778 1961 851 1994 latis
874 1961 967 1994 inno-

220 2013 291 2048 dari
315 2025 420 2059 posse.

265 2067 354 2112 528.
376 2068 511 2113 Insuper
534 2067 744 2101 concedimus
773 2073 808 2101 ut
831 2068 966 2111 priores,

82 2137 170 2161 nuo
183 2139 207 2159 ..ι
221 2127 461 2165 praeceptores,
483 2121 597 2153 fratres
615 2127 643 2153 et
665 2121 845 2163 cappellani
866 2121 968 2153 dietat·

42 2182 44 2184 >
133 2173 208 2190 latro·

222 2173 357 2207 militiae
376 2173 568 2207 Sanctorum
589 2174 726 2207 Mauritii
747 2180 775 2206 et
798 2174 905 2206 Lazari
933 2174 970 2207 ab

222 2227 396 2261 ordinariis
415 2227 576 2268 locorum,
599 2227 683 2259 intra
708 2238 846 2270 quorum
883 2228 972 2260 dioe-

224 2291 334 2314 cesum
353 2280 435 2313 fines
450 2291 563 2313 eorum
588 2280 762 2324 prioratus,
786 2288 972 2325 praecepto-

223 2334 292 2368 riae
311 2339 343 2367 et
361 2334 423 2367 alia
439 2334 510 2366 loca
530 2334 662 2373 suerint,
680 2345 715 2366 ac
736 2333 767 2365 in
786 2334 904 2377 quibus
920 2345 972 2367 eos

224 2382 366 2417 residere
385 2382 575 2426 oportuerit,
595 2383 657 2420 vel,
688 2383 712 2414 si
742 2383 780 2414 ab
805 2383 974 2415 ordinariis

225 2430 399 2476 praedietis
423 2430 564 2473 legitime
598 2430 760 2473 impeditis
790 2441 853 2463 non
884 2438 974 2474 pote-

225 2480 302 2521 rint,
324 2480 364 2513 ab
384 2480 430 2513 eis
450 2479 662 2512 nihilominus
682 2479 851 2512 examinati
878 2487 972 2524 atquc

227 2528 334 2562 idonei
364 2528 540 2569 seeundum
581 2528 752 2561 canonicas
796 2529 975 2563 sanctiones

229 2577 350 2621 reperti
373 2584 404 2612 et
436 2577 618 2622 approbati,
648 2577 830 2621 habitisque
863 2579 902 2611 ab
931 2579 998 2626 eist

997 358 1097 389 forma
1121 357 1247 389 cont-ilii
1278 358 1467 394 'l'ri‹l‹‚=ntiui,
1494 368 1511 390 a
1536 367 1743 400 quocumque

997 410 1157 444 catholieo
1186 411 1336 449 antistite,
1368 413 1426 443 sub
1461 412 1622 444 Romanae
1651 410 1744 444 Sedis

996 463 1165 496 obedentia
1200 464 1385 503 constituto,
1427 465 1457 496 in
1493 464 1623 508 propria
1656 463 1744 497 dioe-

996 516 1060 550 cesi
1080 517 1240 549 residente
1265 523 1319 549 aut
1340 517 1370 549 iu
1396 517 1499 550 aliena
1534 528 1592 561 pro
1617 517 1744 551 dioece-

997 580 1072 602 sano
1116 571 1313 613 pontificalia
1360 577 1526 604 exercente
1544 598 1551 611 ,
1598 570 1743 613 diligenti

998 623 1124 667 praevio
1149 624 1306 663 examine,
1329 634 1436 656 sacros
1457 624 1599 664 ordines,
1622 630 1652 657 et
1676 624 1701 657 si
1712 624 1742 656 id

997 688 1055 721 pro
1076 677 1211 710 utilitate
1228 684 1279 710 aut
1303 678 1490 710 necessitate
1505 677 1648 717 militiae,
1669 688 1744 710 con-

996 736 1120 771 ventus,
1144 731 1359 775 prioratuum,
1384 731 1678 774 praeceptoriarum
1714 736 1745 764 et

997 785 1133 817 aliorum
1154 785 1300 817 locorum
1331 784 1517 816 huiusmodi
1547 784 1664 817 eisdem
1691 795 1744 817 or-

997 838 1130 871 dinariis
1149 844 1177 871 et
1206 838 1428 881 superioribus
1456 838 1615 871 videbitur
1649 848 1744 882 expe-

997 892 1078 930 dire,
1101 892 1196 924 etiam
1214 897 1302 924 extra
1323 897 1467 935 tempora
1488 902 1505 923 a
1526 892 1592 924 iure
1614 897 1742 931 statuta,

999 945 1099 978 tribus
1124 956 1183 979 nee
1203 945 1411 989 paucioribus
1429 945 1541 978 diebus
1557 944 1673 978 festivis
1693 956 1744 977 su-

999 999 1122 1042 scipere
1143 999 1277 1043 possint.

1041 1052 1056 1095 ξ
1077 1052 1130 1085 29.
1158 1053 1200 1085 Ac
1221 1052 1316 1085 etiam
1338 1052 1546 1085 concedimus
1565 1052 1657 1086 dictis
1677 1063 1743 1085 ma-

999 1104 1097 1147 gistro
1117 1112 1146 1138 et
1168 1106 1351 1145 conventui,
1378 1111 1412 1138 ut
1436 1106 1529 1138 liceat
1549 1105 1605 1145 eis,
1631 1106 1663 1138 in
1687 1118 1744 1138 suo

1000 1155 1140 1197 capitulo
1165 1155 1319 1198 generali,
1355 1155 1592 1198 praeceptoiiz‘ts
1625 1161 1654 1187 et
1685 1155 1745 1187 alia

1001 1203 1156 1236 beneficia
1178 1204 1280 1237 dictae
1297 1203 1428 1236 militiae
1450 1204 1488 1236 al»
1509 1204 1577 1236 eius
1591 1204 1746 1237 militibus

1002 1263 1058 1295 pro
1083 1258 1229 1296 tempore
1254 1254 1400 1285 obtentas
1430 1263 1572 1295 congrua
1597 1259 1625 1286 et
1647 1254 1745 1287 ratio-

1004 1302 1100 1335 nabili
1121 1302 1328 1346 responsione
1349 1302 1387 1334 ad
1408 1303 1604 1335 necessarias
1624 1303 1747 1346 impen-

1003 1363 1049 1384 >sas
1071 1351 1249 1385 triremium
1271 1351 1531 1384 instruendarum
1553 1358 1663 1385 contra
1683 1353 1748 1396 pri-

1004 1406 1110 1433 oratus
1121 1400 1147 1440 ί,
1161 1407 1191 1433 et
1202 1401 1263 1433 alia
1278 1411 1375 1433 onera
1388 1401 1518 1434 militiae
1532 1401 1562 1433 in
1583 1402 1747 1434 communi

1004 1450 1232 1493 supportanda,
1267 1450 1335 1483 siue
1378 1456 1485 1483 tamen
1518 1450 1614 1483 dix-ini
1645 1452 1748 1483 cultus

1004 1506 1033 1531 et
1069 1499 1197 1532 debitae
1236 1499 1463 1543 hospitalitatis
1510 1499 1722 1533 diminutione
1738 1526 1745 1539 ,

1003 1564 1146 1597 gravare.

1048 1606 1133 1650 §30
1166 1607 1209 1640 Ac
1234 1613 1477 1651 procuratorem
1509 1608 1690 1650 generalem
1716 1607 1748 1639 in

1006 1662 1147 1695 Romana
1177 1662 1283 1699 Curia,
1307 1674 1381 1695 cum
1402 1663 1496 1706 plena
1529 1669 1584 1695 aut
1615 1663 1749 1695 limitata

1008 1721 1172 1759 potestate,
1195 1716 1335 1758 generali
1368 1716 1414 1748 vet
1450 1715 1593 1758 speciali,
1629 1716 1750 1749 consti-

1008 1777 1107 1803 tuere.
1123 1772 1226 1803 Liceat
1248 1772 1343 1804 etiam
1366 1771 1440 1813 ipsis
1461 1770 1491 1802 in
1513 1770 1647 1811 singulis
1666 1769 1753 1812 prio—

1009 1820 1129 1853 ratibus
1155 1821 1285 1852 1111111111(-
1304 1818 1680 1852 Santaoram‚itam-iiiiet
1694 1819 1752 1851 La-

1007 1870 1070 1901 zari
1092 1869 1274 1912 praedictae
1295 1879 1397 1901 unum
1417 1867 1584 1905 vicarium,
1611 1878 1684 1899 eum
1706 1867 1752 1899 sa-

1008 1919 1125 1951 eultate
1147 1918 1331 1950 conserendi
1365 1916 1603 1960 praeceptorias
1631 1922 1661 1948 et
1695 1915 1753 1948 do-

1010 1978 1078 2000 mos
1113 1967 1257 2000 eiusdem
1295 1966 1439 2005 militiae,
1475 1965 1690 2005 constituere,
1716 1977 1754 1999 ac

1009 2016 1104 2048 etiam
1126 2027 1183 2059 per
1203 2016 1351 2048 eumdem
1372 2025 1495 2054 census,
1516 2015 1751 2057 responsiones,

1010 2065 1079 2097 iura
1113 2071 1143 2097 et
1173 2075 1270 2097 onera
1305 2063 1411 2097 omnia
1442 2074 1539 2106 super
1570 2062 1752 2095 huiusmodi

1012 2114 1241 2157 praeceptoriis
1261 2120 1288 2146 et
1312 2113 1469 2151 domibus,
1495 2121 1622 2144 necnon
1650 2111 1756 2155 lepro-

1012 2165 1101 2195 sat-a<
1121 2170 1148 2195 et
1170 2163 1239 2195 aliis
1262 2162 1426 2195 benefieiis
1456 2161 1599 2194 eiusdem
1632 2160 1755 2204 imponi

1013 2213 1122 2247 solita.
1155 2224 1170 2245 a
1205 2213 1475 2255 (puluis-cumque,
1516 2211 1607 2243 etiam
1633 2209 1758 2244 clericis

1013 2261 1241 2300 saecularibus,
1265 2272 1443 2303 corumque
1463 2260 1587 2293 colonis
1606 2266 1635 2292 et
1656 2259 1760 2302 inqui-

1015 2310 1098 2349 linis,
1121 2310 1215 2341 etiam
1250 2310 1350 2349 laicis,
1382 2321 1419 2342 eo
1444 2310 1540 2342 modo
1573 2319 1638 2352 quo
1662 2320 1679 2341 a
1700 2310 1760 2340 sra-

1015 2361 1115 2393 tribus
1137 2361 1235 2404 ipsius
1257 2359 1388 2391 militiae
1408 2359 1588 2401 exigentur,
1620 2358 1757 2401 exigere.

1058 2411 1071 2451 {j
1092 2409 1145 2441 at.
1174 2409 1344 2451 Liccatque
1370 2408 1445 2451 ipsis
1465 2407 1616 2450 magistro
1637 2413 1668 2440 et
1687 2417 1762 2440 con-

1015 2459 1123 2491 ventui
1145 2458 1377 2500 cuiuscmuque
1405 2457 1531 2500 generis
1556 2455 1760 2492 animalibus,

1016 2519 1097 2551 quae
1118 2506 1241 2540 Sanctis
1262 2505 1407 2538 Mauritio
1427 2511 1457 2538 et
1476 2506 1592 2538 Lazaro
1609 2506 1658 2539 vel
1672 2506 1761 2539 alteri

1055 2590 1064 2615 ¹
1083 2587 1166 2615 Forte
1182 2585 1333 2622 tegendum
1351 2585 1457 2620 piratas
1472 2586 1510 2616 (a.
1533 2586 1583 2620 T.).

1756 194 1811 223 An.
1827 192 1856 222 C.
1874 191 1941 220 1557

1785 1062 1883 1089 Magister
1901 1067 1943 1089 po-

1760 1098 1800 1115 test
1837 1093 1943 1114 benoncia

1760 1125 1846 1145 militum
1867 1125 1943 1145 oneri-

1761 1157 1798 1178 bus
1816 1160 1911 1182 gravam

1783 1619 1945 1641 Procuratorem

1765 1652 1785 1671 iu
1813 1650 1875 1670 Curia
1905 1649 1948 1670 Ro-

1765 1689 1825 1703 mana
1846 1685 1867 1702 et
1892 1681 1947 1701 alios

1765 1713 1866 1734 officiales
1894 1716 1949 1733 eon-

1765 1746 1864 1768 ειίιιιεῐος

1829 2458 1957 2480 Animalibus

1755 2506 1760 2510 .
1777 2496 1886 2517 C²mpiss¹=ti
1922 2495 1959 2516 ap-

1778 2523 1879 2549 pendere.
