2059 3228
119 239 169 266 An.
187 238 215 266 C.
235 238 300 266 1579

147 954 272 975 Praemium.

121 1297 183 1319 Facti
197 1299 274 1320 series.

359 252 423 287 2602
907 251 1087 280 namnum
1106 247 1257 276 Romnum

643 310 729 344 XCV.

316 390 450 422 Revoca!
464 386 498 420 S.
521 385 590 420 Sua
604 386 689 419 alius
706 395 780 418 suas
798 384 922 418 litteras
935 391 1063 425 conyre-

357 441 484 482 flatiani
499 440 687 472 clericorum
700 438 899 481 reyularium
913 436 948 469 S.
964 435 1062 469 Paule&

358 493 514 526 Det-onata
533 502 705 530 concessus,
719 501 756 524 ea
768 491 805 524 in
818 494 913 534 parte
931 500 993 533 qua
1007 488 1063 521 acl-

357 550 529 579 *rersantur
553 544 675 578 duabus
695 542 978 577 constitutionibus
1004 551 1062 585 pro

359 600 447 641 felici
461 598 620 642 reyimine
634 599 665 631 d.
683 596 944 640 conyreyationis
957 595 1062 634 editis,

338 655 454 696 super
476 653 546 686 iure
569 651 716 694 suffrayii
735 654 763 684 et
787 649 995 682 celebratione
1010 658 1063 680 ca-

358 705 458 748 pituli
472 705 640 749 qeneralis,
651 704 813 747 dictasque
823 701 1064 735 constitutiones

358 762 510 802 perpetuo
529 757 685 801 approbat
705 756 733 788 1.

318 847 464 882 Gregorius
474 845 544 882 Papa
550 846 619 879 xm.
631 845 666 874 ad
674 844 835 881 perpetuam
842 842 883 871 rei
898 842 1065 870 memoriam.

361 925 496 958 Romani
516 923 682 958 Pontificis
701 933 804 966 aequa
824 927 853 955 et
870 921 1066 964 circumspe-

320 983 369 1011 cta
397 976 610 1022 providentia,
637 976 708 1017 etsi,
733 976 819 1009 circa
838 973 1066 1016 religiosorum

320 1036 436 1064 statum
458 1037 490 1064 et
509 1041 616 1064 mores
626 1029 806 1068 intendens,
824 1027 946 1070 aliquid
961 1026 1067 1070 proxi-

319 1084 380 1117 mis
399 1083 600 1128 temporibus
619 1081 777 1122 statuerit,
792 1081 824 1114 id
841 1078 1065 1120 nihilominus,

320 1137 375 1170 ubi
397 1137 525 1180 publice
551 1136 703 1180 expedire
723 1140 883 1173 censetur,
903 1133 1065 1172 immutat,

320 1191 402 1224 sicut
424 1191 455 1223 in
470 1190 605 1223 Domino
629 1188 785 1232 conspicit
805 1186 968 1231 expedire.

364 1244 379 1288 ἓ
403 1244 434 1276 «1.
453 1244 562 1288 Nuper
573 1242 745 1286 siquidem,
761 1240 886 1274 dilectis
895 1239 1069 1283 filiisprae-

321 1298 426 1342 posito
452 1296 595 1340 generali
633 1301 663 1329 et
697 1295 744 1328 illi
777 1293 1001 1328 assistentibus
1032 1302 1069 1325 ac

321 1350 467 1384 discretis
482 1348 740 1393 congregationis
760 1346 954 1380 clericorum
973 1355 1069 1388 regu-

322 1404 439 1437 larium
464 1403 572 1437 Sancti
595 1401 685 1435 Pauli
709 1400 864 1434 Decollati
884 1398 1071 1443 exponenti-

324 1458 394 1495 bus,
416 1467 474 1500 per
493 1466 552 1489 nos
580 1460 713 1499 accepto
734 1453 832 1498 quod,
855 1453 934 1486 dum
958 1452 1070 1485 eadem

324 1510 542 1554 congregatio,
569 1514 701 1543 auctore
726 1508 878 1548 Domino,
916 1506 1071 1549 Sedisque

324 1564 525 1607 Apostolieae
549 1562 769 1596 intercedente
788 1559 991 1600 auctoritate,
1013 1558 1073 1592 ini-

324 1617 406 1650 tium
426 1622 619 1660 sumpserat,
642 1625 758 1658 resque
777 1613 882 1648 omnis
897 1612 937 1646 ad
952 1623 1073 1657 paucos

324 1669 542 1713 redigebatur,
561 1679 598 1703 ac
618 1672 851 1701 unamtantum
863 1667 996 1700 domum
1011 1665 1074 1699 sive

326 1722 497 1767 collegium
523 1722 556 1755 in
581 1721 707 1755 civitate
730 1718 960 1754 Mediolanensi
977 1719 1076 1752 habe-

326 1782 410 1816 rent,
428 1780 618 1816 statuerant,
639 1774 792 1818 idemque
812 1778 971 1806 statutum
990 1772 1076 1806 inter

328 1828 575 1863 constitutiones
617 1826 764 1861 eiusdem
815 1825 1076 1869 congregationis

328 1887 485 1927 perpetuo
518 1880 734 1915 observandas
757 1879 925 1912 redactum
958 1878 1074 1919 suerat,

328 1935 489 1976 videlieet,
516 1934 605 1978 quod
630 1933 677 1972 hi,
699 1933 755 1976 qui
775 1932 808 1965 in
831 1932 916 1965 dicta
939 1941 1076 1975 congre-

330 1989 459 2032 gatione
491 1986 629 2031 professi
660 1986 808 2025 fuissent,
843 1985 876 2018 in
912 1984 1076 2029 capitulis,

331 2052 413 2086 quae
432 2041 556 2075 vocalia
581 2044 824 2083 nuncupantur,
848 2039 1016 2079 interesse,
1042 2048 1079 2071 ac

332 2096 371 2129 dc
387 2095 485 2128 rebus
499 2095 540 2128 ad
554 2094 722 2127 universae
739 2091 999 2135 congregationis
1016 2096 1079 2124 sta-

334 2156 401 2181 tum
413 2146 652 2192 pertinentibus
670 2156 766 2190 agere
792 2150 823 2178 et
839 2150 979 2178 statuere
1004 2153 1079 2188 pos-

334 2207 403 2234 sent
416 2213 424 2241 3
441 2207 611 2245 postquam
622 2205 730 2233 autem
743 2199 813 2232 eius
822 2197 1081 2241 congregationis

335 2254 582 2287 constitutiones
595 2252 739 2287 eiusdem
768 2251 859 2286 Sedis
879 2250 1082 2295 Apostolicae

337 2306 771 2351 :iuctoritatecomprobatae,
783 2304 929 2347 eademq.
947 2313 1081 2346 congre-

338 2361 423 2402 gatio
443 2370 578 2393 numero
590 2369 805 2404 personarum
826 2363 919 2390 aucta
928 2356 1083 2397 fue1·it,ad

339 2413 516 2446 evitandam
541 2412 776 2452 confusionem,
798 2421 896 2455 quarn
925 2410 958 2443 in
982 2419 1083 2442 unum

339 2466 599 2499 convenientium
623 2471 654 2499 et
687 2469 953 2508 congregatorum
974 2463 1084 2496 multi-

342 2519 418 2551 tudo
440 2520 630 2563 plerumque
645 2528 758 2563 parere
778 2518 869 2557 solet,
883 2516 1085 2560 aliarumque

341 2571 544 2613 Religionum
556 2572 703 2615 exemplo
716 2571 813 2608 ducti,
831 2575 963 2603 eatenus
973 2569 1084 2603 obser-

379 2640 390 2664 1
412 2637 453 2665 Ex
470 2637 578 2673 Itvgest.
596 2637 625 2665 in
640 2638 744 2666 Secret.
764 2636 908 2666 Breviuin.

1102 308 1172 336 vata
1199 299 1447 340 consuetudine,
1477 298 1530 333 eui
1561 297 1670 341 atiquo
1704 303 1854 343 tempore

1103 366 1161 400 per
1193 363 1392 398 quemquam
1412 351 1614 385 adversatum
1637 361 1703 384 non
1727 352 1850 395 fuerat,

1103 409 1217 442 eadem
1238 407 1271 440 in
1304 405 1555 450 congregatione
1586 415 1648 438 usu
1682 410 1852 450 receptum

1103 461 1263 500 extiterat,
1290 466 1327 493 ut
1340 459 1461 500 nullus,
1482 459 1531 492 vel
1554 458 1589 491 in
1608 458 1695 492 dicta
1715 467 1851 503 congre-

1103 515 1230 559 gatione
1248 514 1422 558 professus,
1433 511 1509 545 licet
1516 511 1550 545 in
1559 522 1651 546 sacro
1663 512 1712 545 vel
1722 513 1853 558 presby-

1104 574 1226 602 teratus
1249 567 1362 600 ordine
1386 564 1589 606 constitutuS,
1627 564 1852 599 admitteretur
1893 575 1901 580 “
1948 572 1949 575 ’

1103 621 1137 654 in
1157 620 1306 665 capitulis
1324 618 1500 659 vocatibus,
1518 617 1580 652 nisi
1600 618 1775 663 praecipue
1789 619 1853 653 hoc

1104 674 1151 707 illi
1184 684 1243 718 per
1275 672 1452 717 capitulum
1485 671 1636 715 generale
1662 681 1851 706 concessum

1105 727 1333 770 indultumque
1353 726 1452 765 foret;
1472 730 1550 758 tunc
1567 729 1677 758 autem
1695 735 1853 769 persona-

1105 791 1178 819 rum
1202 791 1240 813 ac
1259 779 1432 812 domorum
1450 778 1500 811 vel
1519 777 1733 820 collegiorum
1747 778 1853 813 dictae

1106 831 1363 877 congregationis
1385 841 1523 865 numero
1546 836 1655 872 aucto,
1681 840 1756 864 cum
1784 831 1853 865 ani-

1106 886 1307 919 madversum
1331 885 1429 918 fuerit
1453 882 1583 918 difficile
1599 890 1630 917 et
1649 884 1716 918 fere
1731 884 1853 928 impos-

1107 939 1198 973 sibile
1230 949 1298 972 esse
1317 949 1429 972 omnes
1466 938 1570 971 dictae
1594 937 1853 981 congregationis

1106 992 1315 1036 professores,
1337 991 1392 1035 qui
1430 990 1463 1023 in
1489 990 1610 1024 eisdem
1649 990 1800 1024 domibus
1822 995 1854 1024 et

1107 1045 1250 1089 collegiis
1259 1044 1449 1085 residerent,
1466 1043 1610 1087 undique
1627 1043 1854 1077 convenientes

1107 1098 1240 1131 insimul
1256 1108 1353 1132 causa
1376 1096 1563 1130 celebrandi
1595 1096 1773 1140 capitulum
1799 1107 1854 1141 ge-

1107 1152 1217 1185 nerale
1240 1151 1333 1185 annis
1351 1151 1498 1195 singulis,
1524 1155 1560 1183 ut
1583 1155 1630 1183 est
1648 1150 1761 1191 moris,
1777 1160 1855 1183 con-

1107 1209 1335 1252 gregarentur,
1369 1214 1434 1248 quo
1466 1209 1614 1247 tempore
1647 1203 1681 1236 in
1710 1202 1855 1237 ecclesiis

1109 1258 1280 1291 domorum
1304 1262 1335 1290 et
1359 1255 1570 1299 collegiorum
1593 1256 1696 1289 dictae
1721 1264 1856 1300 congre-

1109 1310 1245 1354 gationis
1281 1309 1407 1343 divinus
1439 1309 1545 1343 cultus
1569 1315 1601 1343 et
1633 1308 1855 1343 ministrorum

1109 1374 1265 1397 numerus
1275 1363 1413 1396 maxime
1441 1362 1689 1403 diminueretur,
1719 1361 1856 1396 eaedem-
1881 1382 1888 1383 ff

1110 1428 1175 1461 que
1198 1417 1353 1451 ecclesiae
1372 1417 1440 1450 fere
1455 1415 1624 1449 destitutae
1638 1420 1856 1456 remanerent,

1111 1482 1147 1505 ae
1170 1470 1339 1504 universae
1359 1468 1600 1512 congregationi
1620 1468 1733 1502 exinde
1756 1467 1858 1501 maxi-

1096 1535 1201 1558 .mum
1221 1524 1392 1557 afferretur
1410 1521 1615 1566 dispendium
1635 1526 1665 1554 et
1674 1521 1856 1554 incommo-

1111 1579 1202 1618 dum,
1228 1582 1382 1611 statutum
1407 1575 1447 1609 de
1478 1574 1684 1622 admittendis
1719 1573 1857 1618 singulis

1111 1631 1263 1676 professis
1290 1630 1324 1663 in
1348 1628 1498 1674 capitulis
1519 1627 1692 1667 vocalium,
1712 1627 1808 1661 etiam
1831 1626 1859 1660 si

1113 1685 1211 1719 sacris
1238 1682 1406 1717 ordinibus
1439 1680 1602 1715 constituti
1634 1680 1779 1721 fuissent,
1799 1689 1860 1724 per

1113 1739 1190 1772 alias
1208 1743 1334 1771 nostras
1355 1735 1478 1768 litteras
1493 1733 1707 1774 abolevimus;
1725 1742 1860 1767 consue-

1114 1792 1324 1834 tudinemque
1344 1790 1427 1833 quod
1449 1798 1545 1821 nemo
1564 1787 1728 1821 ineisdem
1738 1786 1862 1831 capitu-

1116 1846 1154 1878 lis
1168 1843 1331 1878 vocalibus
1349 1841 1585 1882 admitteretur,
1607 1839 1669 1873 nisi
1687 1850 1747 1883 per
1765 1848 1862 1883 gene-

1115 1898 1181 1931 rale
1202 1896 1379 1941 capitulum
1394 1895 1426 1928 id
1437 1904 1585 1938 expresse
1604 1893 1650 1926 eis
1665 1901 1859 1926 concessum

1116 1950 1279 1987 extitisset,
1302 1953 1458 1992 perpetuo
1469 1945 1717 1990 approbavimus
1740 1950 1771 1978 ct
1786 1954 1863 1978 con-

1116 2003 1333 2043 firmavimus3
1359 2001 1508 2044 quodque
1522 1999 1632 2033 nullus
1644 1998 1677 2032 in
1697 2002 1862 2043 posterum

1117 2067 1228 2090 vocem
1247 2057 1280 2089 in
1305 2055 1416 2088 eodem
1438 2053 1579 2097 capitulo
1598 2051 1741 2096 generali
1764 2050 1864 2084 habe-

1118 2116 1176 2149 ret,
1195 2109 1250 2153 qui
1276 2109 1308 2141 in
1328 2108 1413 2141 dicta
1432 2105 1679 2149 congregatione
1694 2115 1753 2148 per
1781 2113 1863 2148 qua-

1119 2163 1303 2196 driennium
1327 2160 1533 2194 laudabiliter
1556 2164 1628 2203 post
1646 2158 1762 2191 factam
1785 2165 1864 2200 pro·

1119 2216 1290 2249 sessionem
1310 2224 1374 2248 non
1393 2213 1529 2254 vixisset,
1548 2223 1585 2245 ac
1609 2211 1672 2245 fide
1691 2210 1866 2254 dignorum

1121 2268 1313 2302 testimoniis
1336 2268 1374 2301 de
1384 2267 1458 2308 vita,
1478 2265 1622 2299 moribus
1634 2263 1865 2308 religionisque

1122 2323 1189 2355 zelo
1223 2322 1388 2365 probatus,
1414 2326 1491 2354 tunc
1520 2319 1650 2352 demum
1676 2328 1695 2351 a
1723 2315 1865 2360 capitulo

1122 2375 1263 2420 generali
1287 2375 1327 2408 ad
1351 2374 1436 2407 idem
1456 2372 1634 2417 capitulum
1646 2376 1729 2405 esset
1747 2368 1865 2403 admis-

1123 2439 1195 2468 sus;
1220 2439 1257 2461 ac
1276 2428 1315 2461 ad
1327 2427 1410 2461 idem
1427 2426 1605 2470 capitulum
1625 2423 1773 2468 generale
1783 2431 1867 2465 quo-

1124 2478 1228 2511 tannis
1247 2475 1477 2510 celebrandum
1497 2473 1733 2515 cuiuscumque
1752 2470 1869 2504 domus

1124 2527 1187 2559 sive
1211 2525 1338 2569 collegii
1357 2522 1516 2568 superior,
1539 2532 1604 2555 una
1628 2530 1699 2554 cum
1729 2519 1868 2567 discreto

1125 2576 1267 2609 ciusdem
1292 2574 1408 2607 domus
1436 2577 1464 2606 et
1507 2570 1651 2613 collegii,
1672 2568 1811 2611 legitimi·
1837 2567 1870 2600 in

1126 2625 1236 2659 cadem
1257 2624 1354 2657 domo
1387 2623 1435 2656 vel
1460 2619 1595 2664 collegio
1625 2619 1664 2652 tul
1692 2617 1725 2651 id
1752 2617 1868 2658 electo,
