2059 3228
134 242 188 276 ΑΒ.
205 242 233 273 C.
247 243 316 273 1585

144 726 314 753 Quibusrumque

212 756 315 776 ubstanti-

145 1208 183 1230 Βία
192 1208 254 1230 modo
262 1208 316 1229 Pou-

132 1241 183 1261 mex
234 1241 316 1261 litteras

133 1272 237 1298 praedicti
260 1271 316 1292 Gre-

133 1304 187 1329 gorii
201 1302 248 1324 xm
258 1303 284 1323 ob
295 1309 317 1324 e-

133 1335 166 1355 ius
175 1337 263 1355 mortem
272 1340 315 1355 nou

133 1365 244 1392 expeditas
259 1368 316 1387 iota-

134 1396 183 1416 lucr
200 1395 287 1417 validat.

379 233 443 268 576

332 301 444 336 stante,
459 294 602 327 nondum
614 292 752 336 promoti
762 302 874 326 omnes
884 296 914 326 et
924 292 1078 335 singulos,

951 238 1131 264 BULLARIUM
1160 238 1311 262 enitimur

1124 290 1360 324 Incarnationis
1384 289 1564 323 dominicae
1584 289 1755 323 millesimo
1779 288 1876 330 quin-

331 349 426 382 etiam
457 347 705 391 presbyteratus,
733 346 862 380 ordines
887 346 1076 390 suscipere3
1121 344 1300 387 gentesimo
1325 343 1548 386 octuagesimo
1577 343 1700 386 quinto,
1731 343 1878 382 kalendis

332 407 361 435 et
383 400 536 445 promoti,
552 399 583 432 in
595 400 752 444 susceptis
772 410 830 443 per
840 410 895 433 eos
910 400 1079 433 ordinibus

332 453 531 493 huiusmodi,
559 453 655 486 etiam
690 453 721 485 in
749 453 858 486 altaris
886 453 1076 491 ministerio,

331 507 513 540 ministrare
530 507 630 540 libere
651 512 681 540 et
693 506 778 540 licite
788 507 941 547 valerent,
958 518 995 540 eo
1009 507 1078 551 ipso

331 560 418 604 quod
450 560 684 604 professionem
716 560 910 600 emitterent,
940 559 1080 594 auctori-

329 619 392 646 tate
412 613 555 657 praefata
575 613 779 657 dispensavit.

374 668 388 710 ἓ
415 667 446 700 5.
472 666 542 700 Non
562 667 763 700 obstantibus
780 667 944 711 quibusvis
964 668 1080 701 consti-

330 720 511 754 tutionibus
535 726 566 754 et
592 721 851 754 ordinationibus
880 722 1077 765 apostolicis,

329 785 366 807 ac
386 774 418 806 in
436 773 687 818 provincialibus
707 779 737 807 et
752 774 959 819 synodalibus
973 775 1081 809 conci-

328 827 380 861 liis
391 827 495 868 editis,
516 828 720 871 generalibus
730 828 778 861 vel
789 828 993 872 specialibus,
1004 840 1079 862 nec-

328 891 393 914 non
413 881 579 924 quibusvis
593 881 742 923 decretis,
765 882 860 915 etiam
882 881 1077 923 iuramento,

328 935 574 968 confirmatione
590 936 766 979 apostolica
776 937 823 969 vel
839 936 951 979 quavis
976 936 1079 969 firmi-

327 995 391 1022 tate
411 989 473 1023 alia
484 990 653 1030 roboratis,
676 990 802 1023 statutis
821 996 852 1023 et
871 990 1079 1023 consuetudi-
1111 991 1114 1002 ¹

327 1043 436 1084 mhus’
465 1049 645 1088 cmm-mque
665 1049 836 1077 mmmmm
867 1043 1079 1088 qnihuscum‘
1112 1064 1120 1081 ⁵
1164 1068 1289 1102 Virium
1300 1070 1484 1102 nostrarum
1507 1070 1688 1103 infirmitati
1703 1071 1871 1115 pastoralis
1916 1077 1961 1091 *ff

1120 1122 1218 1156 officii
1237 1123 1357 1156 molem
1381 1133 1486 1167 nuper
1512 1123 1695 1167 impositam
1722 1123 1870 1159 conside-
1883 1105 1970 1157 {3¹⁰³
2020 1118 2024 1128 ⁶

329 1106 405 1140 que.
672 1122 675 1123 ν

372 1150 387 1193 ἓ
412 1150 442 1183 6.
469 1150 514 1183 Ne
534 1156 642 1184 autem
666 1151 705 1184 de
725 1150 942 1192 absolutione,
975 1162 1080 1185 exem-

330 1203 448 1246 ptione,
478 1204 679 1245 liberatione,
712 1205 911 1249 receptione,
945 1205 1080 1249 singulis

331 1257 606 1298 concessionibus,
628 1258 762 1292 indultis
786 1264 818 1292 et
841 1258 1080 1303 dispensatione

331 1310 474 1354 Gregorii
501 1311 757 1355 praedecessoris
790 1312 989 1354 huiusmodi,
1020 1323 1080 1357 pro

330 1374 368 1396 eo
398 1364 487 1407 quod
512 1375 611 1408 super
630 1364 703 1406 illis,
736 1364 807 1398 eius
833 1365 1080 1410 superveniente

329 1417 430 1458 obitu,
453 1418 578 1451 litterae
599 1419 761 1452 confectae
781 1429 847 1452 non
866 1420 1009 1462 suerunt,
1030 1432 1082 1454 va-

329 1471 393 1504 leat
405 1472 649 1515 quomodolibet
667 1472 834 1514 haesitari,
848 1473 974 1517 ipsique
990 1485 1083 1518 prae-

330 1524 453 1568 positus
473 1525 643 1568 generalis,
671 1526 780 1559 clerici
800 1532 831 1560 et
855 1528 937 1561 aliae
970 1539 1082 1572 perso-

331 1587 390 1610 nae
412 1578 670 1622 congregationis
680 1579 868 1613 huiusmodi
877 1580 1008 1614 illorum
1017 1581 1084 1615 sru-

331 1636 472 1664 strentur
492 1632 780 1673 effectu,volumus
800 1639 830 1667 et
849 1633 997 1668 similiter
1007 1646 1084 1679 apo-

331 1684 443 1718 stolica
467 1685 658 1720 auctoritate
690 1687 896 1721 decernimus
914 1688 1002 1732 quod
1026 1689 1083 1722 ab·

332 1738 459 1780 solutio,
480 1739 649 1784 exemptio,
667 1740 828 1782 liberatio,
841 1741 996 1785 receptio,
1015 1743 1082 1776 sin-

332 1792 427 1836 gulae
445 1793 683 1834 concessiones,
713 1793 839 1827 indulta
858 1799 890 1828 et
915 1795 1083 1840 dispensa-

333 1846 377 1880 tio
384 1845 528 1890 Gregorii
544 1847 800 1890 praedecessoris
815 1848 1016 1891 huiusmodi,
1027 1861 1085 1894 per

335 1899 409 1932 inde
429 1910 446 1932 a
461 1899 547 1933 dicta
567 1900 618 1934 die
633 1910 668 1934 111
688 1900 760 1934 idus
775 1902 884 1935 martii
905 1913 999 1936 suum
1018 1914 1085 1937 sor-

335 1952 456 1986 tiantur
483 1953 648 1994 effectum,
667 1965 705 1988 ac
729 1954 756 1988 si
780 1966 879 2000 super
906 1955 969 1989 illis
989 1967 1084 2000 prae-

334 2006 389 2039 fati
409 2006 554 2051 Gregorii
574 2007 832 2052 praedecessoris
857 2009 994 2051 litterae,
1025 2011 1085 2044 sub

337 2059 480 2093 eiusdem
489 2061 552 2094 diei
561 2061 634 2095 data
644 2062 809 2097 confectae
825 2063 971 2104 fuissent,
989 2069 1087 2108 prout

337 2114 485 2158 superius
504 2121 686 2150 enarratur.
716 2116 874 2161 Quodque
901 2124 1087 2162 praesentes

337 2166 460 2201 litterae
493 2169 533 2201 ad
554 2170 757 2213 probandum
783 2171 878 2214 plene
908 2171 1086 2205 absolutio-

338 2230 425 2262 nem,
452 2222 700 2267 exemptionem,
717 2223 957 2266 liberationem,
979 2236 1088 2269 recep-

340 2274 472 2315 tionem,
489 2275 631 2319 singulas
651 2277 886 2319 concessiones,
910 2277 1033 2311 indulta
1059 2285 1085 2312 et

342 2326 614 2370 dispensationem
651 2329 796 2373 Gregorii
834 2330 1111 2374 praedecessorisi

342 2378 527 2414 huiusmodi
556 2382 679 2426 ubique
702 2383 874 2425 sufficiant,
905 2394 966 2417 nec
990 2384 1029 2417 ad
1059 2384 1089 2417 id

344 2428 542 2470 probationis
565 2431 697 2466 alterius
725 2433 960 2467 adminiculum
985 2434 1091 2477 requi-

344 2481 446 2511 ratur.

390 2526 405 2569 ἕ
430 2526 461 2560 7.
486 2527 571 2561 Nulli
603 2539 681 2574 ergo
705 2523 837 2564 omnino
856 2531 1027 2565 hominurn
1051 2531 1092 2564 li-

187 2589 300 2611 cia-„une
347 2580 493 2609 centecc.

391 2622 505 2659 Datum
523 2624 649 2666 Romae
665 2628 751 2674 apud
764 2628 813 2666 ,8.
840 2629 984 2672 Pet-aum,
1007 2638 1093 2663 anno

1125 397 1212 437 maii,
1231 396 1436 441 pontificatus
1452 396 1554 429 nostri
1574 406 1658 429 anno
1676 405 1699 430 1.

1178 454 1239 496 Dat.
1261 454 1307 496 die
1327 455 1339 484 1
1367 454 1437 483 maii
1464 454 1549 491 1585,
1570 453 1676 493 pontif.
1698 463 1776 485 anno
1789 463 1810 486 ι.

1483 597 1517 630 V.

1120 667 1142 700 I
1142 662 1261 701 abilae?
1265 664 1271 665 ⁷
1280 669 1416 702 indictio
1433 669 1476 702 ad
1490 670 1732 713 implorandum
1744 671 1807 705 Dei
1814 681 1874 705 au-

1167 723 1287 755 xilium
1315 733 1372 766 pro
1401 723 1481 771 bono
1505 725 1663 767 regimine
1680 725 1874 769 reipublicae

1170 776 1382 809 christianae.
1749 775 1752 779 ’

1121 847 1218 876 Sixtus
1252 848 1410 883 episcopus,
1436 855 1531 877 servus
1561 855 1700 878 servorum
1725 849 1788 884 nei.
1812 850 1872 879 nni-

1164 902 1253 930 versis
1271 902 1498 931 christifidelibus
1517 904 1677 938 praesentes
1695 904 1812 933 litteras
1829 904 1872 933 in-

1165 956 1314 991 spectaris,
1326 956 1446 985 salutem
1465 958 1494 985 et
1513 957 1694 993 apostolicam
1707 958 1872 988 henedictio-

1163 1016 1236 1038 nem.

1121 1181 1240 1216 rantes,
1271 1186 1336 1209 non
1356 1187 1528 1220 possumus
1547 1182 1734 1221 susceptum
1764 1181 1872 1211 tantae

1121 1229 1409 1262 administrationis
1432 1240 1552 1263 munus
1567 1240 1632 1263 non
1651 1230 1790 1264 maxime
1805 1231 1872 1264 for-

1121 1282 1256 1315 midare.
1282 1281 1326 1315 De
1347 1281 1436 1315 Illius
1455 1288 1563 1316 tamen
1582 1282 1780 1326 benignitate
1805 1294 1878 1324 non

1122 1335 1339 1379 desperantes,
1359 1335 1414 1379 qui
1423 1336 1550 1379 operari
1563 1336 1714 1379 dignatur
1723 1336 1757 1370 in
1767 1337 1876 1383 nohis5

1121 1400 1186 1423 non
1206 1389 1382 1423 desinimus
1410 1389 1488 1422 Eius
1507 1390 1663 1423 auxilium
1681 1389 1875 1439 implorare„

1121 1443 1222 1486 Eique
1242 1443 1358 1476 mentis
1377 1448 1505 1476 nostrae
1521 1454 1643 1484 sensus,
1658 1454 1699 1477 ne
1710 1443 1805 1478 altius
1817 1454 1878 1477 ex-1

1122 1497 1289 1538 tollantur,
1308 1497 1476 1530 humiliter
1486 1497 1647 1530 subiicere
1661 1508 1669 1538 ;
1681 1497 1762 1530 illud
1772 1508 1872 1541 agno-

1123 1555 1247 1584 scentes
1269 1555 1301 1584 et
1318 1561 1393 1584 vere
1412 1551 1603 1584 confitentes
1622 1550 1718 1584 unius
1729 1550 1785 1584 Dei
1806 1552 1876 1584 cles

1123 1599 1289 1640 mentiam,
1314 1599 1414 1633 nullis
1442 1600 1711 1643 praecedentibus
1734 1599 1874 1642 meritis,-

1123 1648 1224 1681 nostri
1248 1648 1282 1681 in
1309 1648 1531 1682 imbecillitate
1550 1654 1660 1681 nostra
1680 1658 1871 1689 memorem,

1124 1708 1240 1741 magna
1259 1698 1293 1731 in
1321 1697 1415 1731 nobis
1442 1697 1555 1731 secisse
1579 1697 1750 1738 mirabilia,
1777 1707 1875 1740 quos,

1123 1752 1171 1780 tot
1190 1752 1221 1780 et
1239 1747 1338 1780 tantis
1365 1746 1541 1790 gratiarum
1572 1746 1665 1779 donis
1683 1756 1749 1779 cun
1760 1745 1878 1788 ulatos,-

1124 1796 1256 1830 honoris
1287 1796 1442 1840 Principis
1484 1796 1706 1839 apostolorum
1735 1794 1874 1828 admira-

1125 1845 1182 1878 bili
1202 1844 1388 1889 dignatione
1396 1844 1573 1878 voluitesse
1584 1853 1758 1878 consortes.
1771 1843 1879 1884 Quam·

1126 1900 1233 1928 tamen
1247 1894 1434 1939 dignitatem
1446 1899 1477 1927 et
1490 1899 1678 1938 potestatem
1701 1904 1775 1926 cum
1790 1894 1875 1926 mul-

1127 1949 1177 1976 tae
1196 1954 1306 1987 graves
1327 1953 1423 1977 curae
1437 1949 1687 1987 consequantur.
1705 1942 1797 1975 valde
1811 1942 1875 1975 sol-

1127 1991 1303 2033 licitamur,
1329 1997 1397 2025 tum
1428 1992 1514 2034 quod
1545 1992 1585 2025 de
1610 1986 1732 2024 collatis
1757 1990 1790 2023 in
1815 2000 1875 2023 nos

1127 2041 1274 2074 maximis
1289 2040 1469 2079 beneficiis,
1498 2051 1582 2084 quae
1607 2040 1661 2073 Dei
1684 2038 1875 2082 benignitati

1126 2089 1299 2123 referimus
1318 2095 1462 2134 accepta,
1497 2090 1620 2122 nullam
1647 2088 1777 2131 dignam
1804 2098 1876 2130 gra-

1128 2139 1217 2180 tiam,
1240 2149 1337 2182 quam
1350 2138 1425 2172 Eius
1444 2138 1633 2171 clementiae
1643 2135 1879 2182 persolvamus‚³

1127 2194 1236 2221 nostra
1256 2193 1360 2232 potest
1373 2187 1506 2220 infantia
1522 2196 1678 2231 reperire;
1695 2191 1764 2219 tum
1777 2185 1874 2218 etiam

1129 2237 1214 2278 quod
1239 2237 1298 2270 sub
1318 2241 1405 2269 tanto
1422 2236 1562 2279 pondere
1583 2235 1713 2278 exiguas
1722 2233 1806 2267 vires
1815 2233 1876 2266 ini-

1130 2285 1173 2319 tio
1202 2287 1450 2319 contremiscere
1477 2296 1513 2318 ac
1535 2295 1615 2328 pene
1640 2284 1702 2317 iam
1723 2292 1876 2316 corruere

1131 2335 1298 2375 sentimus;
1323 2344 1387 2367 non
1417 2339 1523 2366 tamen
1548 2333 1656 2366 animo
1682 2331 1875 2372 deficientes,

1131 2383 1169 2416 ad
1191 2394 1350 2416 summam
1378 2383 1433 2416 Dei
1461 2383 1636 2416 bonitatem
1663 2380 1876 2424 confugimuS,

1133 2430 1388 2475 fideliumque‘et
1408 2432 1507 2466 Deum
1520 2430 1714 2470 timentium,
1735 2438 1875 2473 quorum

1132 2481 1201 2524 lpse
1221 2480 1456 2525 (utsperamus)
1472 2480 1667 2513 voluntatem
1679 2477 1785 2518 saciet,
1801 2487 1875 2510 ora-

1134 2529 1236 2563 tiones
1247 2529 1437 2573 expetimus,
1451 2528 1578 2572 quibus,
1590 2525 1801 2571 omnipotenti
1811 2525 1876 2559 Deo

1134 2589 1262 2622 semper
1284 2577 1506 2612 benedicendo
1519 2604 1527 2619 ,
1558 2576 1732 2620 gratiisque
1751 2573 1877 2608 miseri-

1135 2627 1267 2664 cordiae
1283 2627 1353 2661 eius
1375 2625 1726 2669 agendisadiuvemur,
1745 2622 1879 2663 viribus«
