2059 3228
93 217 146 245 An.
162 216 190 246 C.
208 218 275 246 1587

102 1351 151 1372 Eam
159 1353 271 1379 vei-optio-

88 1382 108 1403 di
124 1383 219 1408 generali
232 1383 273 1404 Or-

89 1414 144 1435 riuis
160 1414 258 1435 subiecit.

145 1993 206 2015 eura
220 2001 272 2017 vero

89 2027 219 2045 monasteria

90 2055 163 2075 domos
173 2056 219 2076 talis
228 2063 275 2083 pro-

89 2086 174 2106 vinciae
190 2088 272 2107 extrahi

197 2120 271 2139 mutari

91 2152 215 2175 quemquam
225 2150 274 2176 ipsi-

90 2182 133 2198 met
148 2181 213 2205 priori
237 2186 274 2205 ge-

90 2210 158 2230 nerui
201 2212 274 2237 protn-

90 2239 144 2264 hun,
165 2242 204 2261 nisi
226 2242 273 2262 talis

90 2273 178 2292 mutatio
195 2274 228 2292 {iat
252 2274 272 2293 111

90 2303 272 2329 capituloproviu-

91 2332 148 2357 ciali,

333 207 396 242 872

289 268 579 312 praedecessorem,
592 271 629 299 ut
644 265 836 309 praefertur,
856 264 1031 307 mitigatam

289 331 346 364 pro
357 326 500 364 tempore
512 318 710 362 degentium,
723 317 852 361 ponitus
862 322 891 350 et
900 317 1032 350 omnino

289 374 319 405 in
341 378 547 416 perpetuum,
563 371 755 405 auctoritate
775 371 963 414 apostoliea,
987 381 1034 403 se-

287 426 387 458 iunxit
408 431 438 459 et
458 417 642 469 separavit:
655 425 742 468 ipsos
760 424 974 457 Discalceatos
994 424 1033 456 ab

287 478 374 511 omni
395 484 423 511 et
458 489 666 522 quacumque
693 477 883 518 visitatione,
906 488 1034 510 correc-

287 532 373 565 tione
394 539 424 565 et
440 532 667 576 superioritate
692 532 836 575 priorum
855 531 1034 575 provincia-

286 585 366 618 lium
381 590 628 628 ceterorumque
641 584 844 628 superiorum
857 584 1034 617 secundum

286 638 463 681 mitigatam
483 639 639 682 Regulam
665 638 848 683 degentium
870 637 986 671 exemit
1005 643 1036 671 et

288 692 446 734 liberavit,
469 698 500 725 et
520 703 633 725 eorum
650 693 786 736 fratrum
800 697 830 726 et
843 692 1034 725 monialium

285 745 557 779 Disealceatorum
575 747 699 787 domos,
715 746 910 779 monasteria
925 746 1037 779 etloca

286 810 524 843 quaecumque,
547 804 678 833 eatenus
695 806 802 833 erecta
826 805 857 833 et
876 799 1033 839 instituta,

285 864 322 886 ac
343 864 379 886 ex
396 858 473 886 tunc
494 853 526 886 in
547 854 694 886 futurum
711 853 862 895 erigenda
884 858 915 886 et
947 852 1037 885 insti-

286 908 418 948 tuenda,
449 908 482 940 in
516 919 613 941 unam
642 907 842 952 provinciam
868 908 906 940 de
926 918 985 951 per
1004 918 1037 941 se

284 960 557 994 Discalceatorum
580 961 846 1004 nuncupandam,
865 971 922 1004 per
935 971 1037 994 unum

286 1013 429 1057 priorem
462 1014 704 1058 provincialem,
737 1014 791 1058 qui
831 1014 864 1046 in
895 1014 1037 1057 capitulo

285 1067 387 1110 ipsius
405 1067 591 1112 provinciae
618 1079 654 1101 ex
675 1067 795 1100 eisdem
819 1067 1036 1107 Discalceatis,

286 1126 322 1153 ut
341 1121 535 1165 praefertur,
555 1121 630 1164 eligi
651 1121 794 1160 deberet,
819 1121 992 1164 regendam
1009 1126 1040 1154 et

285 1174 540 1217 gubernandam,
580 1174 613 1207 in
650 1180 846 1219 perpetuum
877 1175 979 1208 erexit
1007 1179 1038 1207 et

286 1227 436 1261 instituit.
1027 1220 1031 1223 ’

330 1281 345 1324 ξ
365 1280 396 1313 02.
419 1281 463 1314 Ae
483 1281 586 1326 ipsam
616 1281 826 1326 provinciam·
848 1282 986 1315 fratrum
1008 1288 1038 1316 et

287 1335 477 1369 monialium
496 1335 768 1370 Discalceatorum
784 1336 843 1369 sub
855 1336 1040 1370 obedientia

287 1394 318 1421 et
352 1389 578 1433 superioritate
605 1389 725 1434 prioris
753 1389 912 1433 generalis
941 1390 1039 1424 totius

287 1442 425 1485 Ordinis,
449 1443 489 1476 ad
510 1443 611 1477 instar
632 1444 769 1477 aliarum
798 1444 1038 1488 provinciarum

288 1496 432 1530 eiusdem
452 1496 590 1538 Ordinis,
611 1503 767 1541 perpetuo
787 1498 967 1532 subiectam
988 1509 1039 1532 re-

288 1560 429 1591 manere,
450 1550 580 1584 subesse
607 1557 637 1584 et
661 1551 829 1585 subiacere
848 1551 961 1585 voluit:
988 1552 1040 1585 cui

287 1603 378 1647 prior
397 1604 556 1647 generalis
580 1615 639 1648 per
655 1616 688 1638 se
715 1605 820 1648 ipsum
841 1610 965 1638 tantum
989 1606 1040 1639 vel

287 1668 347 1701 per
365 1658 463 1690 alium
479 1659 585 1692 virum
597 1658 751 1692 idoneum
772 1669 809 1692 ex
826 1658 902 1703 ipsis
922 1659 1041 1692 Discal-

288 1710 397 1752 ceatiS,
420 1716 449 1744 et
475 1711 561 1744 iuxta
581 1722 694 1745 eorum
722 1711 916 1755 primitivam
936 1712 1040 1756 Regu-

288 1764 352 1796 lam
368 1775 405 1797 ac
425 1765 586 1808 regularia
601 1765 747 1798 instituta
766 1765 806 1798 ab
826 1764 903 1809 ipsis
921 1766 1040 1799 Discat-

289 1817 388 1851 ceatis
407 1818 568 1852 observari
590 1818 695 1860 solita,
718 1829 773 1852 eos
787 1818 926 1859 visitare,
940 1820 1041 1853 refor-

289 1882 390 1913 mare,
418 1872 580 1915 corrigere
600 1879 631 1906 et
650 1872 767 1916 punire
788 1878 905 1916 posset.

332 1926 347 1969 g
367 1925 397 1959 3.
421 1926 455 1959 In
476 1927 679 1960 monasteriis
698 1932 818 1967 tamen,
840 1926 990 1960 domibus
1010 1933 1040 1960 et

287 1977 366 2011 locis
392 1988 505 2011 eorum
526 1979 661 2011 fratrum
682 1978 966 2019 Discalceatorum,
989 1990 1040 2011 ex·

289 2036 337 2064 tra
362 2042 445 2075 quae
469 2032 655 2065 nullatenus
683 2032 743 2076 ipsi
773 2032 960 2065 Disealceati
990 2033 1039 2066 vel

289 2084 407 2128 aliquis
427 2095 539 2118 eorum
564 2085 603 2118 ab
622 2086 736 2118 eodem
755 2085 864 2129 priore
884 2086 1038 2129 generali,

289 2138 400 2180 quovis
417 2144 584 2182 praetextu
607 2140 658 2172 vel
677 2139 859 2179 occasione,
881 2139 1036 2179 amoveri,

289 2196 456 2239 assignari,
483 2197 614 2238 mutari,
650 2197 773 2230 extrahi
794 2207 850 2230 seu
870 2200 1036 2232 transterri

289 2259 343 2286 aut
363 2254 402 2286 ad
430 2254 507 2287 alias
522 2254 700 2298 provincias
719 2254 801 2287 mitti
830 2260 885 2288 aut
905 2254 1038 2288 retineri

290 2317 431 2354 possent,
464 2312 526 2346 nisi
556 2312 649 2346 aliter
682 2312 714 2345 in
744 2312 857 2346 eodem
896 2312 1038 2357 capitulo

290 2368 479 2412 provinciali
507 2370 620 2403 suisset
652 2369 855 2411 ordinatum,
885 2375 983 2414 prout
1007 2370 1039 2402 in

290 2425 390 2469 ipsius
427 2427 573 2471 Gregorii
612 2428 868 2471 praedecessoris
905 2428 1036 2469 litteris,

291 2494 373 2527 quae
404 2485 595 2529 iampridem
621 2487 747 2519 debitae
774 2486 953 2520 executioni
982 2487 1038 2519 de-

292 2542 472 2584 mandatae,
494 2554 555 2576 usu
573 2549 720 2588 receptae
740 2550 771 2577 et
786 2555 843 2587 per
861 2554 920 2577 nos
935 2554 1040 2588 nuper

293 2600 490 2643 approbatae
514 2602 657 2643 fuerunt,
684 2602 810 2646 plenius
839 2601 1035 2636 continetur.

881 211 1060 237 BULLARIUM
1079 211 1229 236 ROMANUM

2028 158 2044 175 ,1

1834 217 1888 246 An.
1903 217 1934 246 c.
1949 217 2014 248 ¹5⁸⁷

1120 263 1182 307 54.
1205 263 1283 311 Cum
1308 269 1428 306 autem,
1450 265 1535 299 sicut
1563 277 1668 312 nuper
1701 267 1822 301 audivi·
1862 279 1954 301 nitunt·
1964 284 2016 304 von

1076 327 1159 357 mus,
1182 327 1338 349 numerus
1359 318 1492 350 t'ratrum
1510 318 1694 353 huiusmodi
1714 327 1823 354 etmo-
1836 307 2043 369 ζῗζι,5ξζζῗξ,ζῑι“

1076 369 1210 402 nialium
1235 370 1507 403 Discalcoatorum
1528 382 1592 405 non
1616 373 1823 407 mediocriter
1837 374 1882 399 ‘¹⁰⁵¹
1907 367 2044 419 ¹²2‘¹¹‘,'’''i

1077 429 1190 456 auctus
1214 424 1320 465 suerit,
1348 430 1379 457 et
1403 424 1434 457 in
1449 425 1515 457 dies
1539 425 1672 467 maiora,
1692 427 1823 460 benedi·
1837 409 2044 463 ξιῖἳττοῖὲῗξὲἰῗ-

1077 482 1169 509 cente
1188 476 1334 517 Domino,
1355 478 1507 522 suscipiat
1523 474 1825 518 incrementa,'cum
1838 467 1864 488 ¹¹⁵
1889 471 1956 493 '⁰¹⁹⁸'
1985 465 2019 493 ⁸¹⁸³
2039 457 2044 498 Ι

1077 529 1174 562 divini
1216 531 1322 564 cultus
1353 538 1549 573 augmento,
1584 532 1688 565 bonae
1722 533 1825 566 famae

1077 583 1190 624 odore,
1210 595 1246 616 ac
1266 584 1426 628 spirituali
1440 585 1546 618 fructu
1564 590 1594 618 et
1608 586 1827 620 consolatione

1077 636 1258 670 animarum
1270 643 1337 671 tum
1349 638 1495 682 ipsorum
1506 638 1744 682 religiosorum,
1761 645 1827 672 tum

1080 690 1177 724 etiam
1197 691 1337 724 aliorum
1371 692 1641 733 christifidelium,
1674 692 1729 736 qui
1767 693 1829 737 piis

1080 754 1192 777 eorum
1206 745 1360 789 exemplis
1372 745 1404 777 in
1414 745 1497 778 viam
1510 746 1621 778 salutis
1632 746 1827 789 diriguntur,

1080 797 1209 840 iamque
1247 808 1312 831 non
1340 798 1435 831 modo
1466 810 1525 843 per
1556 799 1737 832 universam
1763 800 1830 832 fere

1080 851 1279 894 Hispaniam,
1302 852 1357 885 sed
1377 852 1473 885 etiam
1493 853 1525 885 111
1542 853 1642 886 Indiis
1661 853 1829 897 complura

1081 905 1278 943 monasteria
1311 911 1341 938 et
1374 906 1488 939 domos
1518 906 1644 950 aliaque
1669 906 1830 950 regularia

1081 958 1152 991 loca
1182 958 1454 992 Disealeeatorum
1488 959 1632 992 instituta
1662 964 1692 993 et
1726 966 1831 993 erecta

1081 1011 1214 1054 suerint,
1236 1023 1318 1056 quae
1343 1013 1451 1046 omnia
1475 1023 1533 1056 per
1552 1023 1655 1046 unum
1688 1013 1832 1057 priorem

1081 1066 1313 1109 provincialem
1342 1077 1407 1100 non
1442 1067 1484 1100 ita
1513 1067 1683 1101 commode
1707 1067 1775 1110 regi
1802 1073 1833 1100 et

1082 1119 1265 1162 gubernari.
1295 1126 1431 1163 queunt,
1466 1127 1651 1165 propterea,
1689 1121 1831 1154 eiusdem

1082 1172 1223 1218 Philippi
1238 1174 1474 1217 regisnomine,
1498 1186 1534 1208 ac
1556 1185 1614 1219 pro
1629 1180 1720 1218 parte
1736 1175 1832 1209 etiam

1084 1228 1275 1261 eorumdem
1291 1227 1425 1261 fratrum
1446 1229 1719 1262 Disealceatorum
1740 1229 1834 1262 nobis

1085 1281 1145 1314 fuit
1170 1281 1338 1314 humiliter
1365 1282 1583 1326 supplicatum
1614 1287 1773 1325 quatenus
1800 1282 1834 1315 in

1084 1335 1269 1378 praemissis
1290 1341 1472 1379 opportune
1493 1335 1662 1379 providere
1686 1335 1725 1368 de
1745 1335 1834 1369 beni-

1083 1388 1204 1431 gnitate
1224 1389 1400 1432 apostolica
1417 1389 1637 1432 dignaremur.
2002 1418 2007 1424 .

1127 1441 1192 1485 ἐῢ.
1225 1442 1288 1475 Nos
1312 1442 1424 1485 igitur,
1456 1443 1597 1475 volentes
1630 1453 1690 1486 pro
1725 1441 1832 1476 debito
1872 1451 1944 1473 sinu·
1966 1438 2024 1505 021}-

1082 1495 1254 1540 pastoralis
1273 1495 1382 1536 officii,
1401 1495 1588 1529 eorumdem
1605 1495 1830 1539 religiosorum
1845 1485 2024 1542 {¹2¹1'1'gssmliiiiigi'g':

1083 1549 1137 1593 pio
1158 1549 1331 1590 desiderio,
1348 1550 1434 1583 hono
1454 1549 1655 1592 τος-1111111130
1677 1560 1833 1593 propaga·
1846 1543 1946 1602 22t3⁰⁰⁸³
1968 1547 2024 1569 '¹¹⁸²‘

1084 1602 1175 1644 tioni,
1199 1609 1233 1636 ut
1253 1614 1312 1648 par
1329 1608 1386 1644 est,
1410 1604 1593 1641 consulere,
1608 1603 1718 1636 habita
1736 1613 1834 1647 super

1082 1656 1144 1690 hoe
1178 1668 1252 1690 eum
1286 1657 1523 1690 venerabilibus
1542 1657 1696 1689 fratribus
1714 1657 1834 1690 nostris

1083 1711 1113 1744 S.
1136 1710 1173 1743 R.
1196 1711 1230 1743 E.
1253 1710 1472 1744 cardinalibus
1498 1721 1596 1754 super
1624 1709 1761 1753 negotiis
1780 1720 1832 1743 re-

1083 1764 1245 1808 gularium
1267 1764 1426 1808 deputatis
1447 1769 1573 1797 matura
1584 1763 1830 1804 deliberatione,

1083 1818 1271 1851 huiusmodi
1291 1817 1441 1862 precibus
1452 1817 1485 1850 in
1501 1818 1562 1850 hac
1582 1822 1672 1860 parte
1690 1827 1834 1850 annuen-

1082 1877 1140 1913 tes,
1163 1882 1291 1904 necnon
1311 1871 1476 1904 universos
1496 1876 1527 1903 et
1557 1870 1699 1913 singulos
1718 1871 1833 1904 fratres

1083 1931 1114 1959 et
1134 1925 1290 1958 moniales
1310 1925 1414 1958 dictae
1439 1923 1623 1968 provinciae
1651 1923 1832 1957 Disealeea-

1085 1985 1188 2012 torum
1224 1990 1241 2012 a
1279 1978 1446 2022 quibusvis
1474 1976 1829 2017 excommunicationis,

1083 2032 1301 2076 suspensionis
1327 2037 1357 2066 et
1377 2031 1537 2065 interdicti
1567 2030 1702 2073 aliisque
1727 2031 1832 2064 eecle-

1083 2086 1218 2119 siastieis
1238 2085 1414 2126 sententiis,
1438 2084 1582 2118 censuris
1615 2090 1646 2117 et
1666 2084 1791 2128 poenis,
1814 2094 1833 2117 a

1082 2140 1153 2173 iure
1173 2140 1221 2173 vel
1241 2139 1281 2172 ab
1301 2139 1444 2180 homine,
1467 2138 1577 2182 quavis
1598 2138 1767 2171 occasione
1782 2138 1833 2171 vel

1081 2203 1181 2228 eausa
1199 2192 1282 2233 latis,
1302 2192 1328 2225 si
1349 2192 1467 2231 quibus
1483 2191 1727 2236 quomodolibet
1741 2191 1833 2224 inno-

1082 2247 1146 2280 dati
1181 2247 1330 2287 existunt,
1359 2246 1398 2279 ad
1433 2247 1583 2278 ellectum
1614 2244 1831 2289 praesentium

1083 2300 1248 2333 dumtaxat
1282 2299 1559 2342 consequendum,
1598 2298 1716 2330 harum
1749 2297 1832 2330 serie

1081 2354 1280 2387 absolventes
1309 2358 1339 2386 et
1368 2352 1532 2385 absolutos
1559 2352 1627 2384 sore
1652 2355 1829 2390 censentes,

1081 2403 1199 2436 dilecto
1223 2402 1292 2435 filio
1324 2402 1481 2435 moderno
1513 2400 1615 2444 priori
1642 2399 1831 2443 provinciali

1081 2452 1184 2485 dietae
1206 2451 1388 2495 provinciae
1404 2452 1537 2484 fratrum
1558 2449 1830 2482 Discalceatorum

1081 2501 1209 2535 Ordinis
1233 2501 1367 2545 praefati
1398 2510 1457 2544 per
1476 2503 1661 2543 praesentes
1680 2497 1828 2531 commit-

1082 2551 1179 2584 timus
1199 2556 1230 2584 et
1250 2550 1439 2583 mandamus
1458 2548 1684 2593 utcapitulum
1699 2545 1828 2590 provin-

1083 2601 1175 2643 ciale,
1198 2601 1285 2635 iuxta
1305 2601 1487 2634 facultatem
1508 2609 1566 2643 per
1584 2597 1669 2642 ipsas
1683 2593 1828 2639 Gregorii

1995 1174 2014 1331 ·.2;;<.;.r
1990 1131 2007 1153 -'‘
2004 1090 2014 1108 ‹.
1999 1047 2009 1067 ”-
1999 1005 2001 1010 “
1993 946 2001 958 ⁴
