2059 3228
47 243 188 275 “celim

211 320 216 327 ⁴
249 306 360 340 Datum
384 305 498 339 Romae
515 306 596 348 apud
621 306 767 340 Sanctum
792 308 940 347 Marcum,

208 368 290 392 anno
320 359 544 391 lucar-nationis
576 360 751 392 dominicae
775 359 938 392 millesimo

209 410 457 454 quingentesimo
481 412 708 453 septuagesimo
747 416 858 454 quarto
875 437 884 450 ‚
909 421 940 443 x1

209 463 355 496 kalendas
378 463 555 496 novembris
571 489 579 503 ‚
617 462 815 506 pontificatus
843 462 940 495 nostri

211 524 294 548 anno
317 523 360 548 111.

243 567 307 594 Dat.
324 567 368 594 die
386 568 419 593 22
438 567 556 593 octobris
576 568 650 600 1574,
669 565 766 600 pontif.
780 574 850 593 anno
868 575 909 592 111.

512 683 636 716 xxxix.

207 787 416 831 ‘Confirmatio
437 792 463 821 et
480 789 612 821 extensio
635 787 861 821 constitutionis
885 786 945 819 Bo-

206 850 210 853 '
253 841 367 882 ulfacii
385 840 467 872 VIII
474 840 571 872 editae
583 844 689 872 contra
701 841 809 872 dantes
822 840 945 882 aliquid

252 893 299 925 vel
316 893 525 935 promittentes
554 892 597 923 vet
619 892 796 933 recipientes
809 901 867 933 pro
895 891 944 922 ob-

252 944 380 976 tinenda
400 943 503 985 qratia
518 944 563 975 vet
586 943 708 975 iusticia
732 943 816 985 apud
833 942 940 975 Sedent

252 995 465 1038 Apostolicam.

200 1112 213 1117 “·
260 1101 397 1137 Gregorius
417 1098 552 1138 episcopus
572 1108 665 1130 servus
685 1109 817 1130 servorum
839 1101 896 1135 Dei,

350 1151 382 1178 att
403 1154 553 1186 pei-petuam
581 1151 618 1179 rei
644 1151 799 1178 memoriam.

255 1248 301 1282 Ab
324 1248 390 1292 ipso
408 1249 607 1293 pontificatus
641 1249 739 1282 nostri
763 1248 920 1292 principio
936 1276 944 1289 ‚

45 1310 167 1336 tto-aim.
202 1311 305 1344 ⁴quam
329 1302 460 1335 maxime
484 1313 661 1346 possumus,
678 1303 836 1335 ‘enitimur
852 1308 944 1346 atque

205 1354 427 1387 contendimus
443 1359 475 1387 ut
485 1355 595 1388 domus
608 1360 637 1389 et
653 1355 744 1389 Curia
760 1360 867 1388 nostra
879 1365 945 1388 sor-

211 1405 303 1439 dibus
325 1411 524 1450 expurgetur.

254 1457 270 1500 5
292 1457 322 1490 1.
345 1458 399 1491 Cui
423 1459 538 1491 salubri
554 1459 684 1493 consilio
700 1459 892 1501 incumbens,
902 1460 944 1492 se·

42 1517 201 1544 miraeum.
212 1508 279 1542 licis
316 1510 538 1544 recordationis
572 1511 746 1546 Bonisacius
780 1514 859 1556 Papa
884 1513 943 1545 VIII

26 1548 199 1602 ffifflss'ssi
211 1562 498 1604 excommunicavit,
508 1568 538 1596 et
551 1564 823 1597 anathematizavit
837 1575 945 1598 omnes

211 1613 340 1647 clericos
358 1641 366 1655 ,
405 1615 565 1658 religiosos
588 1621 620 1649 et
656 1617 750 1649 laicos
782 1617 944 1660 utriusque

211 1677 310 1707 sexus,
334 1667 396 1700 sive
419 1668 584 1701 familiares
607 1669 715 1702 Curiae
732 1697 739 1710 ,
763 1669 825 1702 sive
849 1670 945 1702 unde-

209 1729 344 1762 cumque
367 1720 466 1760 alios,
490 1721 543 1763 qui
568 1721 691 1764 aliquod
718 1727 840 1764 pactum
866 1722 943 1755 sace-

210 1777 290 1812 rent,
303 1783 357 1805 seu
369 1772 444 1815 quid
456 1783 586 1815 parvum
596 1774 641 1805 vel
654 1783 800 1816 magnum
814 1774 945 1817 promit-

209 1828 309 1857 terent
334 1829 386 1858 etc.
410 1825 418 1842 ¹

252 1877 268 1920 g
290 1876 319 1910 2.
333 1877 390 1910 Sed
416 1878 474 1911 hoc
497 1876 594 1911 scelus
611 1878 653 1910 iia
669 1877 762 1911 hodie
785 1877 818 1910 in
842 1888 944 1911 mores

40 1924 373 1978 ffifgggffiegindnctum
397 1935 452 1971 est,
477 1935 510 1963 ut
533 1931 683 1974 plcriqua,
701 1931 870 1974 cupiditate
887 1930 942 1962 ini—

39 1983 198 2029 „ffliffm'ffi
210 1983 298 2024 probi
324 1988 486 2026 quaestus,
511 1983 723 2026 potentiorum
747 1983 944 2025 sull'ragatio-

210 2030 302 2066 nibus
325 2035 438 2072 adnixi,
453 2034 630 2067 huiusmodi
646 2035 840 2077 negotiorum
854 2045 943 2077 expe-

209 2085 341 2118 ditiones
366 2087 422 2119 hac
440 2087 507 2119 illac
520 2087 748 2130 conquirentes,
763 2087 941 2129 turpissime

210 2137 434 2178 nundinentur:
458 2139 508 2171 alii
533 2139 617 2179 alios,
642 2149 719 2182 quos
735 2139 834 2181 gratia
853 2150 942 2182 prae-

209 2194 290 2222 stare
306 2190 499 2223 arbitrantur
515 2217 522 2231 ‚
539 2191 629 2223 donis
646 2191 939 2234 pollicitationibus-

209 2252 269 2285 que
282 2242 430 2281 ambiant:
443 2243 569 2285 quidam
592 2243 687 2276 etiam
701 2254 732 2276 se
746 2244 854 2276 talium
867 2254 942 2287 ope-

208 2304 276 2326 ram
293 2299 385 2337 atque
399 2294 582 2327 industriam
595 2295 694 2338 pretio
710 2300 741 2328 et
757 2296 940 2328 muneribus

209 2346 378 2389 quaesiisse
415 2345 572 2388 affingant.
604 2346 687 2385 Quae
711 2358 782 2379 cum
806 2347 938 2390 pessima

207 2397 280 2437 sint,
302 2402 333 2429 et
354 2397 463 2430 Curiae
479 2399 653 2440 praedictae
676 2399 938 2433 existimationem

206 2449 388 2492 gravissime
401 2449 568 2489 offendant,
585 2450 617 2481 in
632 2461 684 2483 eos
696 2451 750 2493 qui
763 2452 937 2495 taliaagunt

205 2501 514 2534 animadvertendum
531 2501 595 2533 fore
609 2502 762 2543 arbitrati,
787 2505 939 2538 constitu-

240 2567 252 2591 1
272 2565 419 2626 Resirliggm
432 2565 683 2601 praetermittimus,
696 2568 758 2600 quia
771 2572 811 2596 est:
823 2568 852 2594 in
864 2572 939 2597 tomo

202 2607 238 2633 tv,
257 2608 318 2633 pag.
355 2619 369 2626 ..
390 2621 396 2626 .

305 2654 381 2679 Ball.
401 2654 477 2681 Rom.
502 2655 556 2681 Vol.
575 2653 641 2681 VIII.
853 2655 884 2683 14

789 253 966 278 Gnsscomus
991 253 1045 277 xm
1071 254 1120 277 PP.

1607 244 1670 279 105
1738 245 1789 273 An.
1802 244 1914 272 c.1575

974 306 1089 339 ssonem
1113 307 1304 349 praedictam
1328 319 1397 341 cum
1426 308 1490 342 suis
1513 308 1655 341 censuris
1679 312 1712 340 et

973 358 1080 400 poenis
1102 359 1259 400 omnibus,
1284 361 1468 394 innovamus
1485 388 1493 402 ,
1517 362 1709 404 easdemque

973 420 1080 442 omnes
1103 411 1296 444 extendimus
1309 413 1347 444 ad
1364 413 1513 446 audentes
1529 414 1708 456 qualecum-

973 473 1032 506 que
1046 464 1158 496 horum
1175 464 1359 504 facinorum,
1376 475 1454 507 quac
1471 465 1708 509 adscripsimus,

973 516 1141 559 dantesque
1165 516 1224 549 illis
1248 521 1277 549 et
1301 517 1368 548 aliis
1392 518 1578 560 supradictis
1616 517 1703 550 auxi-

974 569 1058 607 lium,
1082 569 1246 601 consilium
1270 570 1314 601 vel
1333 570 1478 602 savorem.

1015 621 1030 662 ἓ
1053 620 1082 653 3.
1095 620 1175 658 Quin
1199 621 1293 653 etiam
1310 631 1362 653 eos
1375 632 1482 653 omnes
1493 623 1578 654 omni
1594 622 1709 655 benesi-

973 672 1020 705 cio
1033 679 1062 705 et
1078 673 1179 705 officio
1196 673 1404 706 ecclesiastico
1421 679 1450 705 et
1467 675 1626 714 saccularss
1646 675 1708 706 sive

974 725 1134 768 temporali
1149 725 1210 757 sive
1224 730 1384 768 perpetuo,
1394 725 1459 766 ipso
1474 725 1539 757 iure
1550 726 1707 768 privamus

973 786 1008 808 ac
1031 776 1166 818 privatos
1189 787 1255 809 esse
1279 777 1482 816 declaramus;
1499 784 1529 810 et
1547 784 1706 820 praetcrea

974 827 1117 860 infamiae
1141 828 1296 861 subiectos
1311 835 1472 871 perpetuo,
1496 841 1531 862 ae
1555 831 1707 864 inhabiles

974 879 1010 910 ad
1028 879 1077 911 illa
1086 884 1113 911 ct
1128 880 1188 912 alia
1200 890 1265 913 esse
1279 881 1429 913 volumus.
1443 882 1466 913 A
1480 881 1708 924 quitmsetiam,

975 936 1065 972 prout
1088 943 1229 975 quaeque
1253 943 1302 965 res
1325 933 1398 969 erit,
1422 934 1497 965 tales
1514 943 1630 975 poenae
1647 934 1709 965 cxi-

973 989 1095 1026 gantur,
1121 990 1153 1017 ut
1176 985 1185 1002 ¹
1211 985 1322 1018 ceteris
1345 986 1405 1018 sint
1429 987 1578 1028 exemplo.

1015 1038 1029 1079 ᾗ
1052 1038 1082 1070 lt.
1106 1037 1165 1070 Illis
1189 1043 1292 1070 tamen
1317 1037 1369 1080 qui
1405 1049 1472 1070 rem
1495 1039 1598 1070 adhuc
1622 1038 1709 1071 inco·
1755 1055 1915 1074 nummum-us

973 1091 1092 1133 gnitam
1116 1090 1341 1133 complicesque
1366 1100 1400 1122 ac
1417 1090 1554 1123 fautores
1566 1095 1595 1122 et
1610 1091 1708 1123 socios
1720 1087 1758 1100 ‘³²²⁸
1773 1084 1890 1101 ⁶⁰¹¹⁶⁰¹¹²²¹'

974 1142 1149 1182 retexerim,
1175 1142 1344 1185 Impunitas
1367 1142 1563 1175 concedatur.

1014 1193 1124 1226 Datum
1148 1194 1263 1227 Romae
1287 1194 1370 1237 apud
1394 1194 1422 1227 S.
1448 1195 1595 1235 Petrum,
1622 1206 1705 1229 anno

973 1246 1197 1279 Incarnati0nis
1220 1246 1396 1288 dominicae
1431 1246 1592 1279 millesimo
1616 1248 1706 1290 quin-

973 1298 1143 1342 gentesimo
1181 1299 1409 1341 septuagesimo
1455 1304 1589 1341 quarto,
1615 1300 1706 1331 nonis

973 1352 1164 1392 novembris,
1189 1351 1388 1394 pontificatus
1412 1351 1510 1383 nostri
1542 1361 1623 1383 anno
1649 1362 1695 1384 111.

1006 1406 1067 1432 Dat.
1087 1405 1130 1431 die
1148 1406 1164 1431 5
1182 1413 1243 1431 nov.
1263 1405 1338 1437 1574,
1356 1403 1455 1437 pontif.
1473 1412 1544 1431 auno
1562 1413 1603 1430 111.

1747 639 1850 663 Aliaeque
1866 644 1912 663 ρω-

1719 671 1759 685 nnn
1774 666 1875 690 imponm

975 1590 1063 1630 Quod
1085 1591 1308 1625 subcollectores
1331 1596 1357 1624 et
1393 1591 1601 1625 commissarii?
1623 1601 1706 1623 men-

1015 1644 1053 1675 tz'i
1068 1645 1227 1686 apostolici
1249 1645 1284 1676 in
1307 1655 1399 1687 regma
1412 1645 1625 1687 Neapolitano.
1643 1645 1709 1675 vius

1015 1697 1178 1729 dtcvntcwut
1213 1696 1425 1728 iurisdictioni
1448 1696 1624 1728 subiaceant
1644 1723 1650 1735 ,
1675 1695 1709 1726 in

1015 1750 1116 1781 causis
1147 1749 1364 1781 criminalibus
1394 1752 1501 1781 contra
1526 1758 1573 1779 eos
1586 1757 1709 1790 promo-—

1013 1801 1129 1833 vendis.

971 1873 1104 1908 Gregorius
1130 1873 1199 1909 Papa
1219 1873 1269 1901 xm
1304 1872 1397 1901 dilecto
1417 1873 1467 1901 tilio
1501 1872 1620 1907 magistro
1656 1872 1704 1898 ltn-

1009 1922 1074 1949 tonio
1094 1921 1191 1956 Sauliti,
1214 1922 1344 1955 utriusque
1365 1921 1518 1955 signatus-ae
1541 1923 1642 1947 nostrae
1664 1927 1705 1946 re-

1009 1969 1163 2002 ferendario,
1187 1970 1305 1997 moderno
1328 1972 1354 1996 et
1374 1976 1417 2002 pro
1438 1971 1549 2001 tempure
1585 1965 1705 1993 existenti
1727 1974 1729 1977 ¹

1010 2017 1034 2044 in
1055 2025 1132 2051 reqno
1154 2016 1321 2052 Neapolitano
1346 2016 1435 2043 nuncio
1457 2017 1483 2042 et
1504 2013 1635 2042 collectori
1658 2020 1705 2040 no·-

1009 2069 1063 2094 εἰη
1085 2065 1210 2100 uenerati.

1013 2131 1176 2174 Cupientes
1194 2158 1201 2172 ,
1225 2142 1282 2174 pro
1306 2129 1403 2163 nostri
1428 2128 1521 2161 officii
1547 2137 1632 2167 cura,
1657 2126 1705 2158 in-
1744 2125 1870 2146 ⁸¹0r¹¹¹¹¹¹ffi

970 2184 1132 2216 demnitati
1163 2184 1346 2216 dilectorum
1385 2181 1521 2213 tiliorum
1558 2179 1705 2212 Gamerae

969 2241 1092 2268 nostrae
1116 2235 1306 2278 Apostolicae
1331 2233 1548 2265 ministrorum
1566 2258 1573 2272 ,
1598 2242 1636 2263 ne
1663 2230 1705 2263 illi

969 2289 1138 2324 molestiis.
1176 2288 1281 2319 litibus
1321 2286 1367 2318 vel
1401 2285 1608 2317 incommodis
1634 2284 1703 2316 sati-

968 2346 1090 2383 genitu,
1116 2344 1265 2381 quantum
1291 2348 1362 2370 cum
1379 2337 1440 2369 Deo
1456 2347 1628 2380 possumuS,
1647 2347 1705 2379 op·-

968 2398 1101 2436 portune
1125 2391 1286 2434 providere
1303 2417 1310 2430 ‚
1336 2394 1423 2422 motu
1461 2389 1589 2433 proprio
1613 2396 1640 2421 et
1667 2399 1703 2421 ex

968 2452 1052 2480 certa
1069 2445 1198 2479 scientia
1213 2449 1395 2486 maturaque
1410 2443 1633 2476 deliberatione
1648 2453 1702 2474 no-

967 2504 1041 2539 stra,
1065 2504 1171 2531 tenore
1184 2496 1406 2539 praesentium,
1424 2496 1590 2529 statuimus
1609 2500 1637 2528 et
1655 2505 1705 2527 or-

967 2551 1121 2583 dinamus.

1002 2607 1025 2632 1.
1045 2605 1163 2631 Cherub.
1182 2603 1250 2638 legit
1268 2611 1334 2638 quae
1352 2604 1412 2631 Ioco
1425 2606 1454 2630 ut
1472 2603 1509 2638 (a.
1524 2602 1568 2636 τ.).
