2059 3228
2044 0 2047 11 t

1186 100 1217 136 .
1358 99 1364 106 x
2008 0 2027 126 ἓ

2011 147 2018 158 ιΥ
2021 157 2028 164 0

1838 172 1842 174 ’
2012 174 2029 182 «Α

150 235 203 261 An.
223 234 250 261 c.
271 235 338 263 1576
393 232 456 267 150
927 239 1111 266 Burmanni
1136 238 1291 264 Romanum
1878 233 1931 260 An.
1951 233 1979 261 c.
1997 231 2044 272 115⁷

1123 290 1352 335 praeiudicium
1376 291 1498 330 afferre,
1523 301 1559 325 ac
1583 297 1763 336 praesentes
1779 292 1863 326 litte-

1124 355 1173 377 ras
1196 345 1233 378 de
1256 344 1450 388 obreptionis
1472 355 1527 377 seu
1551 345 1764 388 subreptionis
1781 346 1860 379 vitio

1122 402 1174 429 aut
1198 397 1382 430 intentionis
1406 402 1531 431 nostrae
1554 399 1676 431 defectu
1693 399 1796 432 notari
1816 400 1861 432 vel

1122 448 1311 492 impugnari,
1336 450 1494 494 suspendi,
1519 453 1672 491 revocari,
1691 451 1863 492 annullari,

1121 501 1283 535 invalidari
1312 508 1366 535 aut
1396 503 1435 535 ad
1459 502 1540 535 viam
1566 503 1644 536 iuris
1670 503 1790 543 reduci,
1814 505 1863 536 vel

1120 561 1227 588 contra
1250 555 1317 588 illas
1334 555 1481 588 attentari
1499 566 1562 588 non
1579 567 1670 599 posse
1689 566 1792 598 neque
1809 556 1863 589 de-

1120 608 1205 644 bere;
1230 608 1283 641 sed
1307 608 1374 640 illas
1395 612 1548 651 perpetuo
1564 608 1692 649 validas,
1710 609 1858 641 efficaces

1118 665 1149 692 et
1172 660 1306 693 illibatas
1330 661 1472 701 existere,
1490 666 1520 694 et
1543 661 1598 693 ubi
1616 661 1736 705 aliquid
1754 666 1866 695 contra

1118 724 1169 746 eas
1193 714 1370 758 extorqueri
1394 719 1425 746 et
1441 714 1578 747 obtineri
1596 714 1862 757 contigerit,.illas

1119 766 1324 799 nihilominus
1348 766 1381 799 in
1405 777 1462 799 suo
1486 767 1578 810 pleno
1602 772 1632 800 et
1657 766 1786 810 integro
1811 778 1861 800 ro-

1118 819 1204 859 bore,
1220 819 1338 862 absque
1355 830 1391 852 eo
1408 819 1493 863 quod
1510 819 1644 863 desuper
1660 820 1870 864 impetrandav

1118 872 1155 905 sit
1180 883 1197 905 a
1215 872 1292 906 Sede
1316 873 1476 916 praedicta
1499 872 1625 905 illarum
1649 872 1861 913 confirmatio,

1118 925 1284 966 restitutio,
1310 925 1492 958 revalidatio
1516 926 1564 958 vel
1586 936 1666 958 nova
1690 925 1862 966 eoneessio,

1117 988 1321 1020 permanere;
1346 978 1536 1022 irritumque
1560 983 1589 1011 et
1607 979 1712 1019 inane,
1729 978 1755 1012 si
1773 989 1863 1012 secus

1117 1042 1212 1074 super
1235 1031 1284 1064 his
1309 1042 1326 1064 a
1350 1042 1520 1075 quoquam,
1539 1031 1648 1075 quavis
1664 1032 1860 1072 auctoritate,

1117 1084 1252 1118 scienter
1275 1085 1322 1117 vel
1339 1085 1533 1127 ignoranter,
1552 1085 1585 1117 in
1602 1090 1765 1128 posterum
1782 1095 1858 1118 eon·

1118 1138 1223 1181 tigerit
1246 1138 1404 1179 attentari,
1430 1137 1639 1171 decernimus.
1663 1139 1705 1171 Ac
1729 1137 1855 1180 quasvis

1116 1191 1450 1224 excommunicationis
1474 1191 1657 1232 sententias,
1681 1191 1793 1234 vigore
1817 1195 1863 1223 ta-

1116 1243 1192 1276 lium
1216 1244 1455 1287 privilegiorum
1479 1254 1665 1285 cannarum,
1683 1249 1794 1277 contra
1811 1244 1860 1277 di-

1116 1302 1180 1329 ctos
1208 1297 1406 1340 presbyteros
1434 1297 1481 1329 vel
1510 1297 1695 1330 Societatem
1725 1298 1803 1330 latas
1827 1302 1857 1330 et

1116 1349 1268 1390 serendas,
1292 1360 1345 1382 eos
1368 1350 1415 1382 vel
1438 1360 1548 1383 eorum
1573 1351 1708 1394 aliquem
1727 1352 1860 1384 nullate--

1115 1413 1174 1435 nus
1198 1402 1321 1435 afficere
1345 1412 1435 1445 posse
1458 1402 1662 1436 declaramus.

1157 1454 1171 1497 ξ
1193 1454 1245 1487 4⁶2.
1269 1454 1422 1493 Quocirca
1439 1455 1593 1488 universis
1608 1461 1640 1488 et
1656 1456 1787 1500 singulis
1804 1467 1848 1490 ve·
1877 1463 2006 1483 Esecuwrefl

1114 1508 1308 1541 nerabilibus
1332 1508 1482 1541 fratribus
1497 1509 1697 1552 patriarchis,
1715 1495 1935 1544 a1·chia0·¹'¹¹‘³‘⁵

1113 1561 1260 1605 piscopis,
1284 1561 1438 1605 episeopis
1455 1572 1490 1595 ac
1507 1561 1626 1595 dilectis
1643 1563 1717 1595 filiis
1733 1563 1858 1596 abbati-

1114 1615 1181 1654 bus,
1205 1613 1365 1658 prioribus
1389 1619 1417 1647 et
1443 1614 1511 1647 aliis
1534 1615 1679 1658 personis
1702 1615 1735 1648 in
1752 1616 1856 1660 digni-

1113 1672 1175 1700 tate
1210 1666 1418 1700 ecclesiastica
1453 1667 1642 1709 constitutis,
1673 1679 1731 1712 per
1763 1680 1856 1713 prae-

1111 1726 1223 1760 sentes,
1253 1720 1321 1763 pari
1355 1725 1454 1761 motu,
1483 1721 1670 1754 mandamus
1698 1728 1854 1766 quatenus

1112 1774 1171 1818 ipsi
1195 1774 1242 1806 vel
1264 1784 1375 1806 eorum
1399 1773 1541 1817 quilibet,
1557 1785 1614 1818 per
1637 1786 1669 1808 se
1692 1777 1738 1809 vel
1758 1777 1854 1809 alium

1112 1840 1166 1862 seu
1189 1829 1276 1868 alios,
1291 1833 1472 1871 praesentes
1488 1828 1606 1861 litteras
1622 1833 1650 1861 et
1668 1828 1701 1861 in
1717 1829 1763 1862 eis
1778 1840 1856 1862 con-

1112 1887 1197 1916 tenta
1226 1892 1454 1925 quaecumque,
1478 1881 1533 1914 ubi
1563 1886 1593 1914 et
1624 1883 1750 1925 quando
1774 1894 1854 1926 opus

1111 1936 1202 1969 suerit
1228 1940 1258 1968 et
1275 1935 1397 1978 quoties
1412 1945 1471 1978 pro
1487 1939 1576 1978 parte
1593 1934 1749 1968 dictorum
1766 1947 1853 1979 pres-

1110 1990 1290 2033 byterorum
1331 1993 1384 2020 aut
1419 1987 1548 2020 alterius
1586 1998 1696 2020 eorum
1735 1988 1852 2022 suerint

1110 2042 1264 2086 requisiti,
1289 2040 1468 2074 solemniter
1490 2039 1720 2083 pubblicantes‚
1744 2041 1852 2085 eisque

1108 2096 1140 2128 in
1157 2094 1318 2138 premissis
1334 2093 1468 2126 efficacis
1485 2094 1676 2127 defensionis
1693 2095 1850 2138 praesidio

1107 2148 1294 2187 assistentes,
1311 2146 1427 2179 saciant
1451 2147 1638 2180 auctoritate
1663 2152 1770 2181 nostra
1793 2159 1847 2182 eos

1105 2202 1239 2241 decreto,
1274 2199 1524 2238 confirmatione,
1561 2200 1682 2233 indulto
1717 2201 1848 2245 aliisque

1104 2253 1284 2297 praemissis
1318 2252 1447 2295 pacifice
1483 2254 1630 2295 gaudere,
1655 2265 1691 2287 ae
1722 2255 1846 2287 easdem

1104 2311 1280 2350 praesentes
1294 2305 1410 2338 litteras
1427 2310 1458 2338 et
1473 2305 1507 2338 in
1523 2307 1572 2339 eis
1587 2312 1734 2340 contenta
1753 2319 1846 2352 quae—

1102 2371 1237 2403 cumque
1261 2364 1412 2402 perpetuo
1436 2359 1660 2393 inviolabiliter
1675 2360 1844 2394 observari.

1102 2414 1168 2446 Non
1193 2412 1410 2456 permittentes
1434 2422 1487 2445 eos
1511 2422 1606 2455 super
1621 2412 1738 2445 eisdem
1754 2424 1844 2456 prae-

1103 2465 1203 2498 missis
1238 2465 1284 2497 vel
1318 2474 1428 2497 eorum
1462 2464 1578 2508 aliquo,
1602 2475 1659 2507 per
1692 2475 1843 2508 quorum-

1100 2529 1235 2561 cumque
1270 2517 1433 2558 Ordinum,
1458 2517 1554 2550 etiam
1588 2517 1842 2559 Mendicantium,

1102 2571 1271 2613 religiosos,
1305 2581 1360 2603 seu
1394 2571 1535 2604 locorum
1571 2571 1760 2614 ordinarios,
1789 2579 1843 2606 aut

1099 2624 1174 2658 alios
1195 2635 1411 2668 quoscumque
1428 2624 1547 2659 iudices
1563 2629 1591 2658 et
1609 2635 1769 2668 personas,
1788 2638 1842 2660 cu-

352 296 467 329 dit-tam
493 294 677 327 Societatem
704 297 837 335 tantum,
861 294 1093 337 suspendentes,

346 354 526 382 revocantes
551 358 587 379 ac
603 346 829 385 invalidantes;
848 346 1006 379 silentium
1023 356 1094 388 per-

345 408 476 445 petuum
509 399 670 442 quibusvis
701 410 796 442 super
826 399 1008 443 praemissis
1040 404 1092 431 aut

345 464 456 487 eorum
486 452 592 495 aliquo
621 451 729 495 vigore
758 452 895 485 cuiusvis
926 450 1092 484 confirma-

345 505 445 538 tionis
469 509 522 537 aut
553 503 768 547 ampliationis
798 508 828 536 et
851 503 890 536 de
913 513 993 536 novo
1017 512 1092 535 eon-

345 558 500 592 cessionis
531 558 687 591 dictarum
712 568 885 590 cannarum
910 568 927 588 a
952 556 1029 589 Sede
1053 557 1092 588 A-

340 610 515 654 postolica‚
551 610 788 654 quomodolibet
822 615 853 643 et
886 609 955 653 pari
992 614 1090 650 motu,

341 663 438 696 etiam
468 662 740 704 consistorialiter,
766 675 802 696 ae
829 674 901 696 curn
925 663 1090 706 quibusvis

340 715 557 758 praesentium
570 715 829 759 derogationibus
842 716 987 759 specifice
1001 716 1090 749 saetis

341 769 548 802 obtentarum
571 774 603 802 et
623 769 657 802 in
673 770 814 803 futurum
832 769 1088 810 obtinendarum,

342 826 454 854 contra
481 822 697 865 praesentium
722 828 862 856 tenorem
886 822 1089 856 venientibus

340 872 555 916 imponentes.

385 927 400 970 ἓ
423 927 453 960 9.
478 927 602 961 Eisdem
621 928 814 972 presbyteris
831 933 862 961 et
878 928 1035 968 Societati,
1053 932 1086 960 ut

165 990 561 1024 Etfaeuttatemqllssecumque
599 981 724 1022 domos,
759 982 905 1024 collegia,
941 982 1089 1015 eeclesias

139 1021 247 1041 ecclesias
263 1024 285 1041 et
298 1023 336 1042 do·
429 1032 435 1038 -
543 1033 548 1039 ·
597 1034 603 1039 -
680 1034 686 1040 ·
1033 1035 1038 1040 -
1064 1035 1070 1040 -

140 1053 187 1067 mos
202 1049 286 1072 umque
299 1049 332 1068 fa.
343 1036 372 1065 et
396 1033 457 1065 aba
480 1033 624 1066 aed1ticia
642 1045 775 1077 erigere,
793 1046 827 1067 ac
846 1045 901 1078 per
917 1045 969 1067 eos
986 1035 1089 1068 ubivis

137 1074 237 1126 giissmi
251 1081 483 1119 conce‘locorum
497 1092 599 1120 erecta
613 1087 808 1127 inliabitare3
823 1099 858 1120 ac
870 1098 1088 1131 quaecumque

342 1139 421 1179 loca,
453 1139 574 1180 domos,
605 1141 760 1181 eeclesias,
792 1141 929 1173 oratoria
964 1147 991 1173 et
1028 1142 1087 1174 alia

340 1192 572 1236 cuiuscumque
609 1198 786 1226 structurae
825 1194 967 1226 aedificia
985 1221 992 1235 ,
1028 1194 1086 1227 sihi

343 1245 581 1287 quomodolibet
621 1246 729 1278 relicta
767 1246 813 1278 vel
848 1246 972 1285 oblata,
1009 1246 1087 1278 reei-

340 1308 415 1340 pere
430 1325 437 1338 ,
473 1303 657 1341 acceptare,
697 1308 819 1338 emere,
859 1298 1018 1341 possidere
1057 1303 1086 1331 et

340 1350 492 1389 1·etinere;
511 1361 546 1382 ac
571 1350 603 1382 in
627 1350 673 1382 eis
696 1350 803 1382 onmia
827 1355 857 1382 et
878 1349 1001 1393 singula
1017 1350 1086 1382 sun-

339 1401 469 1442 ctiones,
494 1402 642 1435 lectiones
676 1408 707 1435 et
743 1403 927 1442 ministeria,
953 1403 985 1435 in
1018 1403 1086 1436 aliis

340 1454 481 1487 eiusdem
507 1454 672 1487 Societatis
696 1455 851 1495 domibus,
870 1456 1018 1498 collegiis,
1036 1466 1087 1488 ec-

339 1507 441 1540 clesiis
474 1512 501 1540 et
532 1508 602 1540 aliis
626 1508 702 1541 loeis
726 1508 795 1541 fieri
820 1514 850 1541 et
874 1509 1011 1542 exerceri
1037 1520 1085 1542 so-

338 1558 403 1600 lita,
428 1559 561 1601 habere,
585 1560 687 1593 facere
710 1566 739 1593 et
765 1572 908 1594 exercere
932 1563 1030 1596 libere
1054 1569 1083 1596 et

338 1610 422 1644 licite
446 1612 565 1655 possint
591 1617 620 1645 et
645 1613 776 1653 valeant,
794 1615 977 1647 earumdem
995 1626 1084 1659 prae-

335 1665 474 1697 sentium
500 1669 617 1706 tenore,
635 1667 672 1699 de
697 1667 824 1709 speciali
850 1668 932 1701 dono
950 1671 1082 1712 gratiae,

338 1717 541 1750 concedimus
566 1724 596 1751 et
612 1719 823 1762 indulgemus.
842 1721 962 1765 Eosque
979 1734 996 1755 a
1014 1725 1082 1767 qui-

335 1768 442 1802 busvis
459 1770 602 1803 censuris
618 1777 649 1804 et
666 1772 786 1814 poenis,
800 1773 833 1804 in
851 1773 917 1806 illos
931 1777 1083 1817 praemis-

338 1832 446 1855 sorum
464 1824 628 1857 occasione
644 1825 749 1857 forsan
766 1825 847 1866 latis,
865 1828 1067 1863 absolvimus.

378 1875 392 1917 g
416 1875 467 1908 10.
492 1876 620 1909 Necnon
645 1876 766 1910 indulta
789 1888 844 1920 per
868 1879 1008 1922 Paulum,
1033 1883 1082 1915 Iu-

131 1921 412 1972 cigffipeggffnffiliuni
426 1933 456 1961 et
468 1928 568 1970 Pium,
582 1930 838 1973 praedecessores
852 1939 975 1967 nostros
991 1947 1081 1979 prae-

127 1977 250 2002 ⁰⁰¹¹⁶s¹¹²³‘i
334 1980 444 2021 dictos,
461 1986 492 2014 et
516 1992 573 2015 nos
596 1982 652 2023 eis,
676 1987 711 2015 ut
727 1984 915 2026 praefertur,
933 1998 1081 2024 concessa

333 2039 362 2066 et
381 2034 578 2075 confirmata,
597 2045 668 2067 cum
685 2036 834 2069 omnibus
851 2043 881 2070 et
898 2039 1030 2082 singulis
1048 2044 1079 2076 in

331 2086 375 2118 eis
406 2088 561 2121 contentis
597 2088 863 2129 concessionibus,
895 2093 1076 2136 privilegiis,

330 2138 541 2181 facultatibus,
559 2141 786 2183 praerogativis
810 2147 840 2175 et
865 2143 934 2177 aliis
955 2147 1075 2189 gratiis,

330 2191 618 2233 declarationibus,
650 2193 910 2237 derogationibus
945 2199 1075 2243 aliisque

329 2244 506 2286 quibusvis,
542 2247 637 2280 etiam
672 2249 947 2292 derogatoriarum
985 2254 1075 2287 dero-

328 2298 469 2338 gato1·iis‚
495 2299 756 2345 irritantibusque
785 2308 816 2334 et
847 2303 916 2335 aliis
941 2304 1074 2340 decretis

328 2354 359 2380 et
385 2351 541 2391 clausulis,
560 2354 773 2396 approbamus
790 2359 820 2387 et
836 2356 1071 2395 confirmamus,

327 2401 450 2445 illisque
475 2411 644 2448 perpetuae
661 2412 692 2440 et
708 2407 897 2441 inviolabilis
913 2410 1073 2445 firmitatis

328 2454 426 2487 robur
449 2457 625 2492 adiicimus.

374 2508 388 2550 ,ξ
413 2508 465 2541 11.
489 2510 615 2543 Necnon
639 2513 870 2556 oppositionem
894 2520 924 2548 et
948 2522 1072 2550 contra-

139 2573 318 2603 mausumpm-
331 2561 502 2594 dictionem
528 2575 812 2609 quorumcumque,
837 2568 946 2611 quovis
970 2569 1069 2611 titulo,

124 2603 249 2622 aei-vatius
276 2609 316 2628 ap-

123 2630 195 2653 ponii,
328 2614 445 2657 vigore,
460 2622 634 2659 praetextu,
652 2620 765 2660 colore,
781 2619 856 2663 ipsis
880 2621 1071 2666 presbyteris

2004 2206 2020 2292 ts'avssc.
2004 2063 2021 2182 v*-'⁴“2«t·
2018 2031 2020 2037 >
2015 2004 2023 2015 ε,
2015 1972 2021 1991 -·
2012 1928 2013 1931 Α
2015 1899 2017 1902 *

2001 2626 2011 2631 ι
1996 2588 2011 2609 ’ν
1997 2534 2011 2573 ‘5⁴
1999 2447 2014 2521 .›⁴qu*
1999 2364 2019 2434 3³22·
2001 2330 2017 2351 ξπ
2002 2303 2019 2319 Α’,Ι
