2059 3228
109 197 163 228 ΑΒ.
178 199 209 228 C.
226 199 295 230 ¹575

150 1491 232 1513 Etecno
245 1493 281 1512 te-

89 1524 186 1550 ,stiumju
200 1524 280 1545 causis.

145 1868 225 1890 Salutio
241 1869 276 1890 iu-

91 1901 145 1921 rium
181 1903 276 1921 mortua-

93 1932 170 1952 riorum
194 1934 215 1952 et
237 1937 275 1952 va-

93 1962 192 1982 cautium.

119 2447 276 2473 turispalrona-

93 2481 126 2498 tus
136 2484 193 2499 usus.

345 192 419 226 554

308 253 443 288 militiae
463 253 533 286 loca
558 252 721 292 degentes,
743 250 894 284 adversus
914 250 1055 284 inferen-

306 312 354 340 tes
373 306 419 339 eis
437 311 493 339 aut
511 316 624 338 eorum
645 304 853 338 servitoribus
873 309 903 338 et
923 304 1056 337 familia-

305 359 397 393 ribus
416 358 550 392 iniurias
565 368 619 391 seu
636 358 820 399 gravamina
829 358 878 391 vel
891 358 1005 391 damna
1022 358 1054 390 in

305 411 463 456 personis,
484 412 582 445 rebus
601 417 632 445 et
650 411 754 452 bonis,
770 423 825 445 seu
842 411 1003 454 exigentes
1015 412 1053 444 ab

305 464 363 505 eis,
384 470 497 498 contra
515 475 552 498 ac
569 476 666 509 supra
691 465 845 509 scriptum
866 471 924 506 est,
955 464 1052 497 weti-

302 518 398 561 galia,
419 518 520 559 dacia,
541 518 688 562 pedagia,
721 519 873 562 gabellas,
903 519 1053 552 collectas

302 578 358 605 aut
376 571 439 605 alia
458 583 568 613 onera,
591 573 761 606 defendere
782 579 810 606 et
832 583 1049 617 praeservare,

301 636 339 658 ao
358 635 488 659 omnem
501 626 532 659 in
543 637 598 660 eos
612 626 869 660 iurisdictionem
888 637 1049 666 exercere,

300 689 441 720 necnon,
454 679 511 713 ubi
527 680 675 714 executio
692 680 788 713 realis
810 681 858 713 vel
874 680 1052 724 personalis

299 714 452 766 adversus
469 743 541 766 reos
560 733 630 766 fieri
649 744 715 766 non
734 733 863 777 poterit,
887 739 918 766 et
937 744 1050 766 eorum

300 786 503 820 contumacia
522 786 553 820 id
565 787 716 830 exegerit,
729 787 996 831 praecedentibus
1007 787 1051 820 le-

299 838 418 881 gitimis
437 840 670 874 monitionibus
682 846 710 874 et
728 840 798 873 aliis
816 841 979 874 servandis
990 840 1049 873 rite

298 892 449 933 servatis,
475 893 664 935 sententias,
692 904 844 927 censuras
869 899 900 926 et
930 904 1050 937 poenas

299 945 648 980 ecclesiasticascontra
661 947 796 980 rebelles
812 952 843 980 et
859 947 1047 980 inobedien-

297 1001 346 1031 tes
366 1009 440 1032 cum
461 999 575 1033 ess'ectu
596 1001 816 1043 promulgare,
834 1011 871 1033 ac
882 1000 1049 1044 privilegia

296 1051 474 1095 prioribus,
520 1053 788 1097 praeceptoribus
828 1059 860 1087 et
896 1054 1047 1087 fratribus

295 1105 467 1148 praedictis
485 1117 543 1150 pro
565 1112 709 1150 tempore
738 1117 900 1148 concessa,
923 1107 968 1141 eis
988 1108 1046 1140 ob-

296 1158 415 1191 servari
435 1159 539 1192 facere
560 1165 742 1199 teneantur:
763 1170 824 1193 nec
845 1166 1047 1194 conservato-

294 1221 347 1244 res
360 1212 526 1255 praedicti,
538 1213 692 1256 quamdiu
705 1212 847 1246 officium
858 1213 1045 1247 huiusmodi

295 1265 516 1306 exercuerint,
538 1277 556 1299 a
575 1277 736 1310 quoquam
766 1267 940 1310 quominus
965 1267 1045 1301 illud

295 1324 463 1351 exerceant
489 1319 598 1362 aliquo
631 1324 798 1364 praetextu
827 1320 976 1366 impediri
995 1321 1045 1354 vel

295 1372 458 1405 molestari
479 1373 613 1417 possint.

292 1468 294 1470 v
338 1425 353 1468 ἓ
377 1425 430 1459 23.
458 1427 492 1459 ln
513 1426 617 1459 causis
637 1432 744 1460 autem
763 1427 896 1461 militiae
916 1429 1044 1472 praedi-

293 1483 363 1512 ctae
383 1478 516 1523 eiusque
535 1480 696 1513 bonorum
711 1483 1042 1525 etpersonarum,ubi

293 1532 374 1565 aliae
411 1533 619 1577 probationes
650 1544 715 1567 non
750 1534 896 1575 existant,
929 1546 1042 1568 eorum

292 1585 454 1629 magister,
478 1587 615 1630 priores,
641 1594 881 1632 praeceptores,
908 1589 1039 1630 milites,

291 1640 417 1681 fratres,
429 1641 566 1682 vassalli,
589 1642 720 1680 subditi,
732 1642 902 1676 servitores
919 1648 948 1676 et
961 1643 1042 1676 aliae

291 1704 449 1737 personae
473 1694 506 1726 in
530 1699 625 1728 testes
645 1695 744 1739 recipi
765 1696 804 1729 ed
824 1695 970 1729 adhiberi
988 1707 1041 1729 va-

291 1747 388 1781 leant.

335 1800 423 1844 5024.
451 1801 630 1835 Statuimus
653 1801 749 1835 etiam
785 1807 822 1835 ut
858 1802 931 1835 iura
955 1813 1042 1836 mor-

901 198 1081 224 numanum
1104 198 1256 222 Romnum

1098 249 1197 289 sibus,
1218 248 1273 292 qui
1299 249 1471 292 praedictis
1489 249 1603 282 litteris
1621 248 1666 282 Ρίἰ
1685 249 1790 293 Papae
1801 247 1840 289 V,

1098 302 1267 335 undecima
1291 302 1418 345 augusti
1453 302 1634 345 publicatis,
1653 302 1842 346 exprimun-

1097 362 1160 397 tur,
1187 355 1342 399 acquisita
1362 362 1392 388 et
1411 355 1443 388 in
1464 355 1608 387 futurum
1632 354 1840 399 acquirenda,

1096 421 1132 442 ex
1166 410 1276 452 quavis
1309 419 1415 450 causa,
1453 414 1682 452 praeterquam
1717 409 1841 442 ratione

1096 462 1303 503 fundationis,
1328 468 1358 495 et
1381 462 1467 495 iuxta
1496 461 1737 506 dispositionem
1762 472 1840 495 con-

1096 516 1160 548 cilii
1182 516 1374 556 Tridentini,
1390 515 1461 555 nisi,
1478 515 1604 559 praevia
1621 515 1764 558 diligenti
1784 526 1840 549 co-

1094 570 1237 612 gnitione
1262 580 1279 602 a
1313 570 1459 602 locorum
1485 568 1657 602 ordinariis
1680 568 1840 610 habenda,

1094 629 1221 667 reperta
1256 623 1376 656 fuerint
1402 623 1443 656 ob
1463 623 1634 655 maximam
1661 622 1842 656 evidentem

1093 677 1327 710 beneficiorum
1361 681 1393 710 et
1427 677 1575 709 locorum
1615 676 1840 710 necessitatem

1093 731 1266 764 constituta
1283 741 1361 770 esse,
1391 730 1430 763 ab
1463 730 1582 764 eisdem
1609 730 1783 763 ordinariis
1805 729 1840 763 in

1091 790 1194 818 totum
1215 790 1415 824 revocentur,
1436 789 1467 817 et
1485 784 1631 817 restituto
1650 794 1784 828 prorsus
1798 794 1842 832 eor

1091 840 1130 872 ab
1149 839 1239 883 ipsis,
1265 844 1436 883 propterea
1456 839 1566 871 datum
1591 838 1699 880 fuerit,
1721 838 1754 871 in
1769 838 1838 883 pri-

1090 892 1206 926 stinam
1222 893 1403 926 libertatem
1417 892 1624 933 reducantur,
1639 897 1722 930 etex
1735 902 1834 933 nunc,

1091 946 1157 979 sine
1178 952 1283 979 tamen
1304 947 1422 979 damno
1432 946 1487 979 illa
1501 945 1655 980 canonice
1669 945 1837 990 possiden-

1089 999 1181 1040 tium,
1203 1000 1298 1033 liceat
1318 1000 1471 1043 magistro
1491 1004 1522 1032 et
1552 999 1723 1033 conventui
1742 1009 1838 1043 prae-

1090 1053 1184 1086 dictis
1202 1053 1375 1097 prioratus,
1386 1053 1638 1097 praeceptorias,
1655 1052 1836 1096 hospitalia,

1089 1107 1212 1146 domos,
1229 1107 1387 1140 beneficia
1412 1112 1443 1142 et
1458 1107 1528 1139 loca
1544 1106 1746 1148 huiusmodi,
1760 1117 1836 1141 cum

1088 1159 1230 1202 primum
1255 1160 1425 1200 vacabunt,
1448 1160 1606 1195 conferre.

1131 1213 1145 1256 ἓ
1171 1212 1224 1246 26.
1251 1213 1398 1257 Insuper,
1424 1214 1449 1246 si
1482 1214 1652 1257 quisquam
1672 1213 1833 1258 priorum,

1086 1272 1348 1310 praeceptorum,
1367 1267 1505 1300 militum
1525 1273 1557 1300 et
1575 1268 1710 1300 fratrum
1730 1267 1835 1302 dictae

1087 1320 1220 1353 militiae
1253 1320 1445 1354 Sanctorum
1477 1321 1616 1354 Mauritii
1650 1326 1682 1354 et
1711 1320 1833 1362 Lazari,

1085 1378 1141 1406 aut
1163 1373 1363 1418 quicumque
1391 1374 1484 1414 alius,
1512 1374 1568 1417 qui
1603 1374 1834 1417 professionem

1086 1438 1144 1470 per
1163 1428 1278 1460 fratres
1298 1427 1403 1461 dictae
1420 1428 1553 1461 militiae
1581 1428 1683 1461 emitti
1706 1427 1834 1461 solitam

1085 1481 1240 1522 emiserit,
1285 1482 1558 1524 quandocumque
1595 1492 1654 1525 pro
1697 1481 1834 1516 servitiis

1084 1534 1187 1567 dictae
1212 1535 1346 1568 militiae
1377 1540 1432 1568 aut
1455 1535 1533 1568 alias
1557 1540 1699 1576 vocatus,
1721 1545 1779 1568 seu
1798 1534 1832 1569 in

1084 1588 1244 1622 solutione
1268 1588 1390 1621 iurium
1415 1589 1598 1621 communis
1627 1588 1744 1622 aerarii
1764 1599 1833 1622 mo-

1084 1652 1176 1675 rosus
1200 1642 1308 1683 fuerit,
1330 1647 1361 1675 et
1380 1642 1496 1675 citatus
1515 1653 1624 1676 coram
1649 1642 1742 1676 dictis
1767 1653 1832 1676 ma-

1082 1695 1182 1737 gistro
1203 1701 1235 1728 et
1258 1701 1416 1728 conventu
1432 1696 1644 1740 personaliter
1662 1707 1728 1730 non
1740 1707 1830 1730 com-

1082 1749 1240 1792 paruerit,
1257 1749 1365 1782 acillis
1385 1749 1601 1782 obedientiam
1617 1749 1743 1792 aliaque
1759 1749 1830 1784 iura

1082 1802 1191 1835 dehita
1224 1813 1288 1835 non
1312 1802 1518 1847 praestiterit,
1551 1804 1661 1847 elapso
1683 1809 1830 1848 tempore

292 1854 470 1887 tuariorum
495 1860 526 1888 et
543 1855 738 1896 vacantium,
760 1866 888 1888 necnon
913 1867 1040 1889 arrera-
1059 1864 1062 1880 t
1082 1855 1144 1888 sibi
1168 1856 1251 1889 adid
1272 1856 1490 1899 praefigendo,
1510 1861 1652 1889 cessante
1672 1857 1830 1890 canonico

289 1906 430 1950 giorum,
453 1907 673 1951 passagiorum
689 1914 719 1941 et
731 1908 868 1941 aliorum
886 1920 1041 1952 quorum-

290 1970 430 2004 cumque
449 1962 631 2001 solvantur;
658 1967 689 1994 et
707 1962 839 2006 quaevis
867 1973 1037 2006 personae,

290 2013 708 2058 cuiuscumquedignitatis,
726 2015 884 2048 beneficia
905 2016 1039 2049 militiae

288 2066 474 2101 huiusmodi
508 2079 567 2112 pro
600 2074 746 2112 tempore
771 2069 963 2109 obtinentes,
1000 2070 1039 2102 ad

289 2119 344 2154 illa
368 2121 501 2154 omnino
532 2127 723 2162 teneantur,
753 2127 784 2155 et
808 2122 847 2154 ad
876 2122 907 2155 id
943 2122 1038 2155 etiam

289 2174 466 2214 sententiis,
485 2175 631 2208 censuris
651 2180 679 2208 et
697 2175 1040 2218 poenisecclesiastieis

289 2239 325 2260 ac
350 2228 419 2261 aliis
440 2228 600 2268 remediis,
613 2228 706 2261 etiam
728 2228 776 2273 pri
787 2229 916 2262 :ationis
935 2236 965 2262 et
982 2240 1037 2272 ap-

290 2281 514 2323 prehensionis
544 2282 704 2315 bonorum
740 2283 779 2315 ad
813 2293 927 2316 manus
951 2293 1036 2324 suas,

291 2335 374 2366 iuxta
400 2334 563 2377 privilegia
584 2335 759 2378 praedicta,
773 2336 842 2378 cogi
862 2336 992 2380 possint.

334 2384 348 2425 ἓ
368 2383 421 2416 Ξὶῦ.
445 2384 535 2422 Quod
556 2391 585 2416 et
607 2384 677 2417 iura
694 2390 882 2428 patronatus
898 2390 928 2418 ct
944 2396 1038 2429 prac-

290 2432 433 2464 sontandi
456 2443 607 2475 personas
634 2433 766 2467 idoneas
795 2434 834 2467 ad
863 2434 1036 2478 prioratus,

292 2482 540 2524 praeceptorias,
564 2482 748 2526 hospitalia,
775 2483 888 2516 domos
912 2483 1039 2526 aliaque

292 2529 446 2562 beneticia
461 2537 488 2562 et
501 2531 711 2578 loca-militiae
731 2532 915 2575 praedictae
930 2542 947 2565 a
959 2543 1038 2575 qua-

293 2577 437 2620 draginta
454 2579 545 2612 annis
566 2579 657 2619 citra,
678 2587 906 2625 praeterquam
927 2581 960 2614 in
985 2591 1037 2615 ca-

1082 1909 1328 1953 impedimento,
1350 1910 1473 1950 habitu,
1496 1909 1660 1953 dignitate,
1695 1909 1831 1944 adminie-

1082 1963 1234 1996 stratione
1255 1969 1285 1996 et
1303 1963 1462 1996 beneficio
1483 1974 1520 1996 ac
1538 1974 1746 2007 quocumque
1772 1963 1830 1998 ho·-

1081 2027 1160 2049 nore
1181 2023 1211 2049 et
1235 2017 1354 2057 officio,
1376 2017 1455 2050 alias
1479 2017 1565 2050 iuxta
1598 2016 1733 2050 formam
1764 2022 1829 2051 sta-

1081 2069 1326 2103 bilimentorum
1359 2076 1389 2103 et
1421 2070 1664 2114 privilegiorum
1699 2071 1828 2115 praedi—

1058 2106 1220 2164 ¹ctorum,
1261 2124 1420 2157 editorum
1457 2130 1487 2157 et
1518 2124 1731 2164 edendorum,
1771 2135 1829 2169 per

1081 2177 1271 2219 magistrum
1296 2183 1327 2210 et
1350 2182 1540 2210 conventum
1562 2177 1746 2220 praedictos
1759 2177 1828 2222 pri-

1081 2230 1146 2262 vari
1171 2231 1282 2274 possit.
1305 2231 1370 2263 Nec
1390 2231 1455 2263 ulla
1475 2230 1641 2273 derogatio
1657 2236 1710 2264 aut
1720 2241 1828 2264 exem·

1082 2283 1160 2326 ptio,
1183 2283 1277 2317 realis
1300 2284 1350 2316 vol
1370 2284 1560 2327 personalis,
1587 2294 1643 2317 seu
1664 2284 1744 2317 aliae
1757 2294 1828 2328 gra-

1081 2337 1142 2370 tiae
1168 2338 1431 2380 praeservativae,
1452 2337 1544 2370 etiam
1575 2342 1675 2377 motu,
1697 2337 1827 2372 scientia

1081 2392 1111 2419 et
1135 2387 1300 2430 potestatis
1325 2386 1526 2430 plenitudine
1557 2386 1714 2419 similibus
1747 2396 1827 2430 quo-

1081 2436 1257 2468 modolibet
1281 2446 1340 2479 pro
1372 2441 1516 2478 tempore
1541 2435 1642 2467 factae
1662 2445 1718 2467 seu
1748 2444 1825 2467 con-

1081 2494 1200 2524 cessae,
1213 2491 1325 2517 contra
1338 2484 1513 2528 praemissa
1532 2484 1668 2522 valeant;
1687 2493 1746 2516 nec
1766 2481 1825 2526 ipsi

1080 2534 1233 2576 magister
1252 2539 1281 2566 et
1302 2539 1478 2566 conventus
1502 2532 1567 2565 illis
1594 2542 1706 2574 parere
1735 2536 1824 2564 tene-

1080 2586 1187 2625 antur,
1209 2581 1277 2624 sed,
1290 2581 1352 2615 illis
1365 2591 1434 2615 non
1453 2580 1663 2626 obstantibus,
1686 2579 1724 2612 de
1738 2578 1825 2623 prio·

1856 191 1915 220 Au.¹
1924 190 1945 220 G
1963 188 1978 232 <J
