2059 3228
348 222 409 253 ‚0th

303 293 363 326 que
389 281 535 314 formulis
565 281 617 313 illa
647 281 709 313 sint
732 286 897 324 concepta.
924 280 1044 320 Quibus

301 335 461 373 omnibus,
483 334 608 367 etiamsi
625 334 663 366 de
691 333 753 367 illis
771 344 949 378 eorumque
968 334 1044 367 totis

300 387 464 420 tenoribus
488 386 647 429 specialis,
683 385 846 429 specifica,
881 382 1041 432 expressa,

299 450 362 471 non
383 444 489 472 autem
510 449 568 482 per
587 439 748 472 clausulas
773 441 940 483 generales
959 440 1042 473 idem

299 493 518 536 importanteS,
539 493 659 525 mentio
679 498 735 526 aut
759 494 889 537 quaevis
907 494 970 527 alia
989 504 1042 527 ex-

298 545 419 588 pressio
439 546 586 579 habenda
606 552 699 586 esset,
719 557 832 580 eorum
849 552 988 587 tenores,
1007 557 1044 579 ac

298 599 323 631 si
343 599 381 631 ad
401 599 534 632 verbum
554 599 774 633 insererentur
805 600 1040 644 praesentibus,

298 663 355 695 pro
375 653 533 696 expressis
552 658 647 696 atque
668 652 795 686 insertis
820 653 985 694 habentes,
1007 653 1040 686 il·

296 706 334 738 lis
354 705 431 738 alias
451 706 483 738 in
508 717 566 739 suo
588 707 704 740 robore
730 706 962 750 permansuris,
983 707 1043 740 hac

294 759 362 791 vice
387 759 563 799 dumtaxat,
598 759 779 803 specialiter
796 787 804 801 ‚
834 771 982 805 expresse
1006 771 1042 793 ac

296 811 446 846 latissime
473 813 683 855 derogamus3
710 814 889 857 ceterisque
917 819 1043 847 contra-

295 864 351 897 riis
370 866 640 910 quibuscumque.

339 921 353 964 ξ
374 921 406 954 6.
429 921 563 954 Demum
584 932 642 965 per
657 926 821 965 paternam
838 927 980 954 nostram
991 932 1042 954 ca-

151 980 281 1016 nortatioqd
295 974 420 1006 ritatem
453 979 483 1006 et
515 974 750 1013 auctoritatem,
784 984 866 1016 quae
901 973 994 1007 nobis
1025 984 1042 1006 a

99 1017 208 1062 {12:35⁵
223 1012 282 1033 ⁰¹¹⁰·
295 1022 420 1056 Christo
444 1023 579 1056 Domino
598 1023 672 1056 data
691 1029 750 1064 est,
772 1023 994 1063 admonemus,
1011 1028 1041 1056 et

295 1081 353 1113 per
372 1071 492 1114 Ipsum,
515 1072 573 1114 per
587 1082 684 1115 quem
702 1082 792 1114 reges
811 1077 964 1114 regnant,
982 1072 1039 1104 ob-

294 1125 448 1153 testamur
467 1121 650 1153 carissimos
670 1121 702 1153 in
722 1120 849 1154 Christo
873 1120 957 1153 filios
979 1130 1039 1153 no-

108 228 161 257 Αι]Α
178 230 208 258 C.
226 231 290 258 1587

292 1174 374 1201 stros
400 1169 432 1201 in
459 1169 688 1212 imperatorem
721 1169 874 1208 electum,
911 1179 1039 1202 omnes—

292 1228 355 1260 que
367 1229 457 1261 reges
468 1217 481 1240 1
496 1229 533 1251 ae
545 1224 667 1251 ceteros
678 1218 850 1251 saeculares
864 1218 1037 1262 principes,

240 1301 242 1303 ,
293 1278 374 1310 quos
404 1267 487 1300 Deus
506 1267 538 1299 in
569 1267 694 1300 excelso
729 1267 800 1299 loco
825 1266 990 1300 constituit
1009 1273 1036 1299 et

292 1316 461 1359 temporali
482 1321 637 1360 potestate
666 1315 887 1356 communivit,
909 1320 945 1347 ut
963 1314 1037 1348 fidei

292 1365 469 1398 catholicae
507 1370 763 1409 propugnatores
791 1368 822 1396 et
854 1363 1037 1397 defensores

291 1415 365 1454 sint,
383 1415 421 1447 de
441 1425 580 1458 quorum
602 1416 718 1458 pietate
738 1420 769 1446 et
786 1424 861 1456 erga
880 1414 1037 1457 Apostoli-

291 1474 361 1499 cam
386 1463 500 1497 Sedem
521 1463 722 1496 observantia
739 1468 834 1506 atque
855 1462 1036 1495 obedientis·¹

291 1523 487 1556 magnopere
507 1513 538 1544 in
549 1512 684 1546 Domino
696 1512 889 1545 confidimus
901 1517 932 1544 et
940 1522 1035 1556 quam

290 1561 386 1594 etiam
407 1561 517 1594 multis
536 1561 734 1604 argumentis
757 1566 959 1605 perspectam
980 1561 1035 1593 ha-

289 1610 422 1650 bemus:

334 1658 400 1702 57.
423 1659 510 1692 Alios
539 1669 613 1692 vero
639 1658 854 1692 ecclesiastica
883 1658 1036 1701 dignitate

106 1711 233 1740 immoque
249 1714 273 1734 ad
290 1707 453 1751 praeditos
471 1718 530 1752 per
549 1708 628 1741 haec
657 1708 834 1752 apostolica
858 1707 976 1752 scripta
1001 1718 1035 1740 ac

92 1749 275 1802 ssissiiiss'ffi'ssffi.
290 1757 348 1800 per
371 1757 497 1792 debitae
509 1758 711 1791 obedientiae
735 1757 898 1790 vinculum
923 1762 1037 1790 status-

90 1809 219 1861 ssssg'gssmff
237 1808 274 1858 hij
291 1817 354 1850 que
371 1807 420 1840 sui
439 1806 611 1842 sublimem
636 1806 868 1848 conditionem,
890 1818 953 1851 qua
973 1806 1035 1840 Dee

91 1869 157 1899 ’μοι
171 1871 192 1887 ει
215 1868 274 1889 ube-
290 1855 410 1888 arctius
429 1856 554 1898 religati
575 1856 725 1895 existunt,
748 1855 977 1898 obstringimus
1003 1864 1033 1888 ut

91 1896 156 1918 ‘'¹³¹¹‘'
289 1906 339 1938 his
358 1905 475 1938 nostris
490 1906 657 1939 conatibus
676 1905 715 1938 ad
734 1905 789 1938 Dei
807 1906 946 1946 laudem,
963 1906 1034 1940 fidei

290 1955 568 1998 propagationem,
595 1955 741 1988 fidelium
775 1955 1033 1988 commoditatem

290 2010 320 2036 et
353 2004 489 2037 salutem
523 2004 689 2043 assistant;
725 2014 763 2036 ac
796 2003 1033 2040 auctoritatem,

290 2062 372 2094 quae
392 2052 547 2086 ecclesiae
567 2052 770 2096 praesulibus
794 2052 826 2084 in
846 2052 930 2085 beati
951 2051 1035 2085 Petri

289 2111 426 2143 persona
445 2112 464 2134 a
482 2101 608 2134 Christo
623 2101 759 2135 Domino
776 2101 898 2134 credita
918 2106 949 2134 et
968 2102 1036 2135 col-

287 2149 351 2181 lata
371 2150 442 2190 suit,
465 2150 505 2183 ad
521 2150 596 2183 iidei
614 2150 792 2183 catholicae
812 2151 1036 2184 exaltationem

288 2202 318 2229 et
342 2205 566 2240 augmentum,
587 2205 683 2243 prout
701 2210 739 2232 ex
758 2209 871 2232 eorum
901 2210 1036 2233 munere

285 2251 449 2288 tenentur,
475 2259 599 2292 nosque
628 2259 683 2283 eos
711 2249 763 2293 pie
791 2250 932 2283 facturos
961 2261 1036 2295 spe-

284 2304 405 2335 ramus,
425 2301 576 2329 tueantur
592 2303 624 2330 et
640 2297 828 2337 defendant;
850 2309 885 2331 ac
901 2309 1034 2343 operam

285 2343 362 2376 dent
381 2344 589 2388 studiumque
609 2346 740 2379 demum
752 2356 846 2379 omne
866 2349 1037 2382 conserant

287 2398 322 2424 ut
342 2393 453 2426 eadem
474 2394 648 2428 auctoritas
666 2395 884 2429 ecclesiastica
903 2397 1035 2431 omnino

289 2440 398 2473 illaesa
418 2448 636 2483 conservetur,
661 2455 699 2477 ac
722 2444 883 2478 Ecclesiae
902 2446 957 2479 Dei
978 2445 1036 2479 mi-

290 2488 397 2521 nistris
421 2500 515 2533 opem
533 2498 564 2524 et
583 2492 737 2525 auxilium
759 2493 790 2525 in
811 2495 962 2528 omnibus
976 2496 1036 2528 im-

327 2562 336 2585 1
355 2559 477 2588 Cherub.
493 2562 569 2590 addit
579 2574 584 2588 e
596 2564 750 2597 Acffdileclos
762 2565 832 2599 filios
846 2566 945 2594 nobiles
962 2568 1036 2595 viros

287 2611 379 2630 vetum
398 2606 571 2639 publicarum
589 2608 710 2643 aliosque
724 2609 803 2638 duces
818 2612 856 2643 (R.
878 2614 926 2651 T).

891 225 1069 253 nnttlmttm
1092 226 1243 254 Romnum

1840 232 1894 263 An.
1907 232 1939 262 c.
1954 234 1967 263 1

1084 281 1238 323 pendant,
1264 287 1294 314 et
1319 281 1358 314 de
1391 281 1472 315 Sede
1496 284 1686 327 Apostolica',
1712 295 1749 319 ex
1769 295 1828 319 sua

1085 333 1309 377 maiorumque
1333 344 1465 366 suorum
1486 334 1613 377 pietate,
1626 336 1827 372 benemereri

1084 397 1149 420 non
1169 387 1332 427 desinant;
1355 398 1515 421 memores
1531 398 1564 421 se
1578 386 1612 421 in
1625 391 1828 434 susceptione

1083 438 1261 484 imperialis
1281 452 1318 474 ac
1338 441 1418 484 regii
1443 440 1630 474 diadematis
1655 447 1687 474 et
1713 443 1829 486 princi-

1083 498 1191 536 patus,
1211 494 1251 526 ad
1272 494 1304 526 id
1330 505 1406 537 prae
1436 493 1551 527 ceteris
1574 494 1737 528 devinctos
1759 505 1828 531 esse

1083 551 1119 578 ut
1146 546 1220 579 inde
1250 547 1283 580 in
1310 547 1368 580 hac
1401 547 1526 581 mortali
1547 547 1610 580 vita
1629 547 1826 589 felicitatem,

1083 605 1291 644 nostramque
1316 606 1348 633 et
1372 601 1461 635 Sedis
1479 601 1624 634 eiusdem
1644 602 1835 646 benignita-⁴

1083 656 1148 685 tem
1172 663 1209 686 ac
1233 652 1368 696 gratiam
1396 653 1529 687 uberius
1556 654 1681 687 valeant
1699 665 1830 698 prome-

1084 705 1147 739 reri
1155 718 1163 746 ;
1186 712 1258 750 post
1287 712 1433 740 exactum
1458 717 1533 740 vero
1562 707 1706 741 mortalis
1731 708 1830 741 huius

1082 757 1162 792 vitae
1182 759 1395 799 curriculum,
1409 771 1427 792 a
1437 760 1501 793 Deo
1515 765 1677 794 aeternam
1693 761 1829 804 gloriam

1083 815 1114 843 et
1136 811 1367 846 beatitudinem
1397 818 1647 856 consequantur.
1679 813 1771 853 Quod
1802 813 1830 848 si

1082 872 1174 896 secus
1189 865 1228 897 ab
1244 875 1357 898 eorum
1373 865 1495 908 aliquo,
1512 866 1600 909 quod
1619 865 1752 900 minime
1762 877 1831 899 cre-

1083 915 1201 957 dimus,
1221 918 1340 951 factum
1360 919 1432 960 erit,
1456 919 1594 952 divinam
1611 918 1704 960 iram,
1726 919 1831 953 donec

1081 971 1140 1004 sub
1164 972 1287 1015 potenti
1310 983 1408 1005 manu
1438 972 1491 1006 Dei
1521 972 1745 1014 humilientur,
1771 972 1829 1017 qui

1081 1026 1263 1058 tarditatem
1276 1036 1399 1070 poenae
1415 1025 1568 1070 supplicii
1580 1026 1744 1059 interdum
1755 1036 1829 1069 gra-

1079 1079 1174 1112 vitate
1186 1085 1383 1123 compensat,
1395 1090 1428 1113 se
1438 1079 1571 1113 minime
1582 1080 1723 1123 effugere
1735 1090 1829 1124 posse

1080 1138 1168 1166 certo
1185 1133 1298 1166 sciant.
2005 1168 2011 1176 ¹

1123 1187 1139 1230 ἓ
1159 1185 1189 1219 8.
1222 1187 1261 1220 Ut
1296 1191 1403 1220 autem
1440 1188 1500 1221 hae
1532 1193 1660 1221 nostrae
1701 1187 1828 1221 litterae
1866 1200 1924 1223 mee
1937 1200 2023 1237 conq-

1079 1240 1321 1284 quamprimum
1338 1240 1458 1285 ubique
1469 1241 1617 1274 locorum
1632 1247 1664 1274 et
1682 1241 1826 1284 gentium
1839 1233 2022 1289 {22¹⁰222fflae

1078 1293 1292 1333 innotescant,
1314 1304 1394 1337 quas
1421 1294 1506 1327 inter
1528 1294 1607 1327 alias
1634 1293 1827 1338 apostolicas
1838 1294 2022 1348 53:33⁰:

1078 1352 1315 1390 perpetuasque
1353 1346 1597 1380 constitutiones
1631 1357 1826 1380 annumera-
1840 1358 1972 1378 numeretur.

1078 1409 1162 1439 mus,
1180 1399 1251 1432 illas
1263 1399 1401 1443 publicis
1416 1400 1448 1432 in
1459 1399 1538 1432 locis
1555 1399 1594 1432 de
1614 1409 1705 1433 more
1724 1398 1822 1443 affigi,

1078 1462 1254 1497 earumque
1265 1453 1419 1497 exemplis
1429 1453 1525 1486 etiam
1536 1452 1710 1497 impressis,
1721 1452 1826 1496 sigillo

1077 1506 1251 1550 obsignatis
1270 1507 1407 1540 alicuius
1428 1517 1585 1551 personae
1608 1506 1827 1540 ecclesiastica

1077 1559 1229 1603 dignitate
1262 1560 1440 1604 praeditae,
1467 1571 1505 1593 ac
1537 1560 1656 1603 quibus
1681 1559 1827 1593 notarius

1077 1613 1228 1657 publicus
1238 1613 1479 1657 subscripserit,
1493 1613 1640 1646 eamdem
1653 1612 1750 1646 fidem
1766 1612 1827 1646 ha-

1076 1665 1146 1700 heri
1165 1667 1326 1707 volumus,
1351 1676 1434 1710 quae
1449 1666 1500 1699 his
1519 1665 1668 1699 exhibitis
1687 1666 1826 1699 maxima

1078 1730 1151 1754 cum
1175 1720 1354 1753 reverentia
1373 1719 1504 1753 omnino
1524 1725 1607 1753 esset
1625 1719 1821 1753 adhibenda.
2001 1747 2010 1766 ξ

1120 1773 1136 1816 ξ
1155 1772 1187 1807 9,
1206 1772 1291 1806 Nulli
1311 1783 1388 1816 ergo
1399 1772 1531 1806 omnino
1545 1772 1715 1806 hominum
1728 1771 1824 1806 liceat
1863 1779 1951 1801 smnio
1963 1770 2023 1808 mi·-

1076 1827 1159 1860 hanc
1192 1828 1342 1870 paginam
1379 1831 1564 1859 nostrorum
1594 1826 1800 1859 decretorum
1812 1851 1822 1866 ,
1837 1812 1900 1832 '²⁸¹¹‘

1077 1879 1358 1920 constitutionum,
1382 1878 1605 1921 assignationis
1617 1905 1626 1920 ,
1660 1878 1800 1912 dationis
1813 1904 1822 1917 ,

1077 1932 1307 1973 attributionis,
1342 1932 1638 1973 confirmationum,
1669 1932 1823 1965 corrobo-

1076 1986 1223 2027 rationis,
1237 1992 1442 2026 statutorum,
1452 1985 1705 2030 approbationis,
1719 1985 1824 2018 decla-

1076 2040 1221 2080 rationis,
1243 2040 1472 2080 delectionum,
1491 2039 1756 2084 praefectionum,
1768 2038 1822 2071 tri-

1076 2093 1232 2133 butionis,
1254 2093 1487 2138 permissionis,
1513 2093 1745 2133 reservationis,
1762 2091 1821 2125 im-

1077 2145 1274 2190 partitionis,
1315 2146 1541 2185 institutionis,
1563 2146 1819 2186 concessionum,

1077 2200 1303 2241 iniunctionis,
1339 2199 1565 2243 impositionis,
1604 2200 1818 2240 voluntatum,

1078 2253 1230 2293 mandati,
1252 2252 1509 2297 praepositionis,
1525 2252 1754 2296 derogationis,
1766 2252 1822 2286 ad·

1078 2307 1273 2346 monitionis,
1293 2306 1524 2346 obtestationis,
1550 2305 1766 2339 obstrictionis
1789 2311 1822 2339 et

1076 2360 1352 2393 annumerationis
1371 2359 1545 2402 infringere
1563 2360 1610 2392 vel
1630 2359 1658 2392 ei
1679 2369 1758 2392 ausu
1777 2365 1822 2392 te·

1077 2408 1216 2441 merario
1240 2408 1412 2442 contraire.
1433 2407 1465 2441 Si
1484 2408 1556 2451 quis
1574 2414 1680 2441 autem
1700 2407 1761 2441 hoc
1776 2413 1821 2441 at-

1076 2463 1199 2490 tentare
1209 2456 1470 2501 praesumpserit,
1483 2457 1732 2499 indignationem
1749 2466 1818 2489 om-

1077 2506 1250 2549 nipotentis
1268 2505 1324 2539 Dei
1342 2516 1379 2538 ac
1395 2505 1563 2538 beatorum
1580 2504 1664 2537 Petri
1679 2511 1710 2538 et
1728 2503 1817 2537 Pauli

1075 2555 1294 2600 apostolorum
1313 2555 1384 2588 eius
1403 2565 1435 2588 se
1455 2555 1578 2587 noverit
1596 2555 1812 2587 incursurum.

1161 2603 1275 2637 Datum
1285 2603 1405 2638 Romae
1415 2603 1501 2647 apud
1512 2601 1812 2645 Sanctumssctrum,

1999 2251 2007 2263 Α
2006 2175 2011 2199 ri
1992 1871 2016 2130 oxu-‘nn-Qw-ffira
2000 1842 2006 1849 .
