2059 3228
56 264 96 304 (τ’.
108 274 176 303 ¹584

86 1723 143 1748 ulto.

805 273 980 299 Gnuflomtts
1003 273 1057 297 xm
1080 273 1125 296 PP.

1617 261 1676 294 441

189 329 230 362 tia
252 335 279 361 ot
302 329 378 362 alias
397 328 640 373 quomodolibet
659 328 940 370 neccssariaagan-
981 335 1118 367 rumque
1139 336 1232 357 rausa
1254 336 1312 368 pro
1337 331 1480 368 tompore
1506 324 1606 365 sactis,
1636 335 1725 357 com-

191 387 256 421 tur,
282 387 464 415 statuantur
484 389 513 415 vt
539 383 742 421 ordinentur,
769 379 937 414 constitui-

191 430 264 468 r'nus
283 441 312 468 ct
323 435 709 480 deputamus3eidemquc
721 434 935 467 Antoniocar-

183 488 327 522 ‘dinaliet
340 500 396 532 pro
418 495 562 533 tempore
583 489 728 522 existenti
750 487 849 531 ipsius
860 487 935 520 lios-

188 541 296 586 pitalis
318 543 492 585 protectori
527 542 812 581 administratores,
835 545 936 573 recto-

184 604 252 635 res,
279 605 486 635 oeconomos,
509 595 690 634 advocatos,
709 598 936 637 procuratores

188 648 332 691 aliosque
353 649 515 682 ministros
535 654 563 681 et
591 647 741 681 officiales
770 646 935 689 hospitalis·

187 700 375 734 huiusmodi
395 700 571 745 deputandi
584 711 620 734 ac
629 699 795 733 amovendi
808 705 837 731 et
858 699 936 731 alios·

187 753 317 788 illorum
337 756 409 788 loco
426 755 655 793 substituendi,
668 763 795 786 necnon
809 753 936 785 ordina-

188 807 457 841 tionesctstatuta
474 817 712 851 quaecumque,
735 805 933 838 licitatamen

187 865 218 894 et
241 861 377 894 honesta
397 872 433 895 ac
456 861 554 894 sacris
574 860 753 894 canonibus
772 864 803 891 et
827 859 935 892 conci-

187 913 221 946 lii
241 914 418 947 Tridentini
438 914 573 948 decretis
599 924 663 946 non
693 913 866 951 contraria,
893 912 937 943 fa-

188 967 292 1001 ciendi
305 973 336 1000 et
349 967 476 1008 edendi,
490 978 526 1001 ac
538 967 605 1007 illa,
623 967 749 1010 quoties
756 976 814 1010 pro
824 976 934 998 rerum

189 1026 219 1054 et
238 1026 421 1065 temporum
437 1021 590 1065 qualitate
610 1031 666 1053 seu
687 1020 765 1052 alias
785 1018 935 1062 expedire

190 1074 358 1115 videbitur,
379 1074 583 1114 immutandi,
604 1073 800 1116 corrigendi,
824 1074 935 1106 mode—

188 1128 282 1161 randi
302 1133 333 1161 et
355 1128 565 1167 reformandi,
590 1138 626 1161 ac
656 1127 718 1160 alia
747 1138 785 1159 ex
812 1127 936 1169 integro

189 1181 361 1222 condendi,
382 1193 474 1226 quae,
500 1187 671 1225 postquam
702 1180 797 1220 edita,
819 1180 936 1213 immu-

187 1240 266 1275 tata,
305 1241 462 1275 correcta,
492 1235 675 1273 moderata,
711 1234 882 1266 reformata
908 1240 935 1265 et

188 1288 317 1322 condita
340 1288 460 1322 suerint
477 1315 485 1329 ,
515 1298 553 1321 eo
578 1288 648 1332 ipso
686 1287 770 1320 dicta
809 1293 936 1330 aposto-

188 1341 251 1375 lica
269 1342 460 1375 auctoritate
485 1341 675 1375 confirmata
702 1346 731 1374 et
761 1341 937 1384 approbata

189 1405 257 1430 esse
277 1399 482 1436 censeantur,
505 1406 542 1429 ac
561 1395 601 1428 ab
622 1394 784 1434 omnibus,
805 1394 842 1426 ad
857 1404 938 1437 quos

188 1459 250 1494 pro
269 1453 414 1493 tempore
434 1448 603 1492 spectabit,
623 1448 718 1481 etiam
740 1448 799 1480 sub
824 1447 938 1491 poenis

189 1501 223 1535 in
234 1501 510 1536 contravenientes
520 1501 708 1540 statuendis,
717 1500 878 1533 observari
888 1500 939 1532 de-

189 1556 298 1597 beant,
319 1555 448 1600 plenam
468 1555 669 1598 liberamque
683 1554 867 1587 facultatem
880 1553 937 1586 tri-

190 1609 334 1643 buimus.

235 1663 251 1706 ἓ
274 1662 305 1696 6.
338 1662 552 1696 Decernentes
568 1661 743 1706 praemissa
768 1661 876 1694 omnia
902 1672 937 1694 ac

190 1721 376 1761 praesentes
408 1716 529 1749 litteras
557 1716 647 1748 nullo
676 1725 829 1758 umquam
858 1720 938 1747 tem-

191 1780 284 1815 pore,
304 1770 368 1803 sive
387 1780 446 1813 pro
471 1780 508 1802 eo
537 1769 624 1812 quod
653 1780 780 1808 causae,
809 1773 941 1812 propter

191 1834 272 1868 quas
288 1824 370 1857 haec
389 1823 499 1856 omnia
518 1824 600 1856 sacta
619 1828 704 1862 sunt,
727 1833 836 1855 coram
855 1821 940 1854 dicto

191 1877 312 1911 vicario
340 1877 390 1909 vel
412 1886 620 1920 quocumque
641 1875 704 1908 alio
729 1875 939 1915 examinatae,

192 1930 374 1964 verificatae
394 1936 424 1963 et
435 1931 642 1974 approbatae,
662 1930 826 1973 ipsiusque
840 1930 942 1962 eccle-

194 1983 386 2026 siaevSancti
405 1983 540 2016 Andreae.
567 1989 673 2015 rector
693 1989 724 2015 et
744 1983 940 2025 quicumque

195 2036 250 2071 alii
269 2036 422 2070 interesse
447 2037 602 2069 habentes
621 2037 659 2069 ad
690 2036 721 2068 id
746 2036 849 2069 vocati
877 2046 942 2069 non

195 2089 327 2131 suerint,
346 2100 406 2123 nec
425 2090 546 2123 eisdem
568 2089 751 2133 praemissis
771 2100 942 2122 consense-

196 2143 272 2184 rint,
295 2142 359 2176 sive
374 2143 451 2176 alias
471 2155 507 2177 ex
519 2143 680 2186 quibusvis
693 2143 808 2183 causis,
819 2143 856 2176 de
869 2143 943 2175 sub-

197 2196 354 2240 reptionis
380 2197 429 2229 vel
460 2196 659 2239 obreptionis
692 2201 747 2229 aut
787 2197 944 2230 nullitatis

196 2249 286 2290 vitio,
301 2260 357 2282 seu
376 2249 561 2283 intentionis
577 2255 705 2282 nostrae
724 2251 771 2282 vel
784 2261 942 2293 quocum-

198 2312 261 2345 que
285 2301 347 2335 alio
366 2302 492 2336 defectu
511 2302 627 2341 notari,
641 2303 833 2347 impugnari,
846 2310 945 2337 retra-

199 2355 292 2394 ctari,
315 2366 370 2388 seu
388 2355 482 2388 etiarn
510 2357 666 2397 revocari,
694 2357 860 2400 suspendi,
894 2368 943 2390 re-

200 2404 325 2446 stringi,
347 2404 490 2444 limitari,
511 2405 614 2437 autin
631 2406 680 2438 ius
704 2407 945 2440 relcontrarer-

201 2452 280 2486 siam
299 2451 418 2491 vocari,
441 2462 497 2485 scu
517 2453 555 2484 ad
576 2453 654 2486 iuris
665 2455 820 2487 terminos
833 2456 943 2489 reduci

201 2511 307 2544 possen
328 2506 383 2534 aut
401 2501 460 2533 sub
481 2501 553 2533 ullis
573 2502 728 2535 similium
748 2504 794 2535 vel
808 2504 946 2537 dissimi-

202 2548 281 2582 lium
296 2549 471 2592 gratiarum
498 2550 759 2591 derogationibus
792 2558 843 2584 aut
877 2553 946 2586 aliis

202 2597 373 2630 contrariis
400 2597 674 2641 dispositionibus,
716 2600 774 2632 sub
812 2602 945 2643 quibus-

203 2655 342 2690 cumque
374 2647 540 2680 tenoribus
560 2653 590 2680 et
623 2648 735 2681 formis
759 2655 789 2682 et
810 2659 844 2681 ex
867 2661 946 2692 qua—

281 2695 354 2725 Bull.
371 2695 446 2726 Rom.
475 2696 525 2726 Vol.
548 2696 619 2726 VIII.
680 2699 683 2701 '
832 2699 868 2727 55

980 378 1149 422 prehendi,
1173 379 1225 409 scd
1253 391 1377 421 sempor
1397 379 1435 410 ab
1457 379 1518 411 illis
1534 383 1677 422 excepta,
1696 383 1726 411 ct

978 430 1181 474 quoticsillao
1191 433 1396 471 onninalnuit,
1409 432 1502 465 toties
1511 432 1542 464 in
1554 432 1725 476 pristinum

978 489 1093 516 statum
1120 484 1266 516 restituta
1287 496 1320 516 ar
1343 485 1381 517 dc
1408 496 1487 517 novo
1514 496 1665 519 concessa
1685 496 1723 518 ac

978 548 1105 580 semper
1128 537 1231 570 valida
1253 544 1278 569 et
1311 538 1452 571 ellicaria
1481 539 1547 572 sore
1577 545 1608 572 et
1635 550 1723 578 esse;

977 600 1036 622 nec
1063 601 1127 623 non
1163 596 1371 633 protectores,
1401 591 1675 625 administratores
1695 597 1725 625 ct

977 654 1129 687 personas·
1147 645 1313 687 hospitalis
1338 645 1523 678 huiusmodi
1555 657 1613 689 pro
1643 652 1723 679 tem-

978 708 1055 741 pore
1075 698 1244 731 existentes
1265 699 1302 731 ad
1330 705 1510 742 praesentes
1541 700 1661 732 litteras
1692 700 1725 732 iu

977 750 1107 783 Camera
1128 752 1324 795 Apostolica,
1356 752 1440 785 iuxta
1465 753 1725 786 constitutionem

977 804 1048 847 piae
1065 806 1239 838 memoriae
1259 806 1304 837 Pii
1326 806 1428 849 Papae
1446 807 1492 847 IV,
1513 807 1608 839 etiam
1630 818 1725 851 prae-

977 858 1154 891 decessoris
1174 859 1286 897 nostri,
1317 861 1376 892 sub
1404 860 1477 892 data
1497 860 1645 893 videlicet
1665 860 1724 892 idi-

975 911 1036 943 bus
1056 913 1194 954 augusti,
1222 913 1426 956 pontificatus
1442 914 1490 946 sui
1515 924 1598 946 anno
1623 919 1721 955 sexto,

977 965 1106 1005 editam,
1130 966 1212 998 infra
1232 971 1295 999 tres
1317 977 1440 1000 menses
1453 967 1495 999 ibi
1508 968 1547 999 ad
1568 967 1599 999 id
1611 968 1725 1010 praeli-

978 1029 1043 1057 xos,
1061 1030 1117 1052 seu
1138 1020 1233 1052 etiam
1254 1026 1365 1064 postea
1385 1021 1452 1053 ullo
1472 1032 1627 1064 umquam
1647 1026 1726 1054 tem-

977 1083 1067 1116 pore,
1090 1075 1371 1117 praesentandum,
1388 1074 1614 1115 intimandum,
1648 1075 1725 1108 insi-

977 1127 1142 1159 nuandum
1159 1128 1205 1160 vel
1232 1128 1393 1170 registrari
1421 1127 1604 1161 faciendum
1629 1128 1724 1161 mini-

977 1190 1028 1212 me
1046 1181 1161 1220 teneri,
1184 1191 1243 1213 nec
1264 1182 1302 1214 ad
1328 1182 1359 1214 id
1371 1182 1436 1215 ulla
1452 1182 1641 1215 necessitate
1654 1183 1724 1226 cogi

976 1244 1081 1276 posse,
1108 1240 1138 1267 ct
1158 1235 1369 1269 nibilominus
1386 1236 1514 1269 easdem
1541 1242 1725 1280 praesentes

977 1285 1097 1319 litteras
1117 1288 1248 1321 omnino
1259 1290 1363 1322 valere
1376 1294 1406 1322 et
1420 1289 1589 1333 suffragari
1601 1301 1637 1323 ac
1650 1300 1725 1322 suos

978 1341 1111 1373 effectus
1131 1342 1248 1374 sortiri.
1280 1342 1396 1385 Sicque
1417 1353 1474 1386 per
1501 1348 1725 1386 quoscumque

978 1393 1100 1427 iudices
1139 1395 1320 1429 ordinarios
1348 1397 1397 1429 vel
1421 1396 1595 1440 delegatos,
1616 1396 1725 1439 quavis

978 1448 1168 1481 auctoritate
1202 1450 1382 1492 fungentes,
1426 1451 1522 1483 etiam
1555 1460 1729 1483 causarum,

978 1501 1089 1533 Palatii
1114 1503 1287 1545 Apostolici
1316 1503 1492 1545 auditores,
1519 1515 1555 1537 ac
1582 1504 1725 1536 eiusdem

979 1553 1010 1587 S.
1032 1554 1069 1587 R.
1088 1555 1121 1587 E.
1141 1556 1331 1597 cardinales,
1354 1557 1479 1590 sublata
1498 1558 1543 1591 eis
1563 1563 1593 1590 et
1613 1568 1726 1597 eorum

979 1608 1111 1642 cuilibet
1131 1610 1241 1653 quavis
1267 1610 1361 1643 aliter
1383 1610 1549 1644 iudicandi
1576 1617 1607 1644 et
1626 1611 1726 1644 inter-

979 1663 1126 1706 pretandi
1147 1663 1297 1697 facultate
1318 1670 1348 1697 et
1368 1665 1569 1705 auctoritate,
1591 1665 1726 1698 iudicari

980 1721 1010 1748 et
1040 1715 1171 1748 diffiniri
1205 1717 1340 1757 debere,
1378 1717 1505 1751 irritum
1541 1729 1671 1761 quoque
1696 1724 1727 1751 et

980 1768 1085 1809 inane,
1097 1769 1122 1801 si
1142 1780 1233 1802 secus
1253 1781 1350 1814 super
1365 1771 1413 1803 his
1429 1782 1447 1804 a
1462 1782 1727 1815 quoquam,qua-

980 1823 1023 1855 vis
1051 1824 1263 1865 auctoritato,
1288 1825 1426 1858 scienter
1445 1826 1495 1858 vel
1529 1826 1724 1869 ignoranter,

982 1877 1152 1919 contigerit
1172 1879 1334 1911 attentari.

1026 1930 1040 1973 ἓ
1058 1931 1087 1963 7.
1128 1931 1197 1964 Non
1232 1932 1432 1965 obstantibus
1462 1932 1657 1976 praemissis,
1691 1943 1728 1966 ac

982 1985 1171 2017 recolendae
1194 1986 1527 2019 memoriaeBonifacii
1540 1987 1725 2030 PapaeVlII,

983 2037 1131 2071 similiter
1146 2039 1402 2082 praedecessoris
1421 2041 1532 2081 nostri,
1552 2051 1588 2073 ac
1604 2041 1728 2074 Latera-

982 2092 1089 2124 nensis·
1110 2093 1237 2125 concilii
1263 2093 1375 2126 ultimo
1396 2094 1559 2134 celebrati,
1587 2095 1725 2128 uniones

983 2151 1165 2188 perpetuas,
1184 2146 1243 2178 nisi
1265 2147 1296 2179 in
1318 2148 1443 2180 casibus
1458 2159 1475 2180 a
1492 2149 1561 2180 iure
1591 2149 1728 2191 permis-

983 2198 1036 2237 sis,
1064 2198 1132 2231 fieri
1166 2200 1376 2242 prohibentis,
1412 2212 1548 2241 necnon,
1569 2208 1729 2244 quatenus

984 2261 1065 2294 opus
1094 2253 1145 2292 sit,
1184 2254 1299 2285 nostris
1326 2254 1364 2286 de
1397 2264 1461 2287 non
1485 2255 1626 2288 tollendo
1657 2256 1728 2290 iure

984 2306 1140 2348 quaesito,
1163 2307 1399 2351 unionibusque
1419 2309 1458 2340 ad
1478 2314 1592 2351 partes,
1612 2310 1730 2343 vocatis

985 2369 1122 2400 quorum
1139 2360 1279 2395 interest,
1297 2361 1544 2402 committendis,
1566 2374 1603 2396 ac
1623 2364 1729 2407 expri-

987 2409 1101 2441 mendo
1129 2410 1234 2441 valore
1263 2410 1422 2450 beneficii,
1450 2411 1544 2443 etiam
1566 2412 1617 2445 cui
1642 2413 1729 2446 aliud

987 2457 1143 2495 uniretur,
1164 2457 1298 2499 aliisque
1319 2459 1500 2501 apostolicis
1525 2461 1728 2495 constitutio-

987 2506 1092 2541 nibus:
1120 2517 1243 2539 necnon
1259 2507 1361 2547 Urbis,
1379 2508 1524 2541 locorum
1537 2510 1729 2544 etCamerae

988 2555 1336 2597 praedictor111u,··tiam
1355 2556 1543 2597 iuramento,
1557 2560 1730 2593 confirma-

988 2603 1073 2635 tione
1093 2605 1266 2646 apostolica
1292 2606 1336 2637 rei
1357 2606 1466 2648 quavis
1491 2607 1640 2642 firmitate
1670 2609 1732 2642 alia

989 2652 1146 2684 roboratis
1160 2680 1167 2693 ,
1203 2654 1326 2687 statutis
1359 2660 1387 2687 et
1422 2657 1730 2699 consuetudinibus;

1741 271 1792 299 An.
1809 269 1837 298 C.
1856 269 1922 296 1584

1814 1945 1924 1970 Deruentio

1743 1977 1905 1998 contrariorum.
