<?xml version="1.0" encoding="UTF-8"?>
<!DOCTYPE html PUBLIC "-//W3C//DTD XHTML 1.0 Transitional//EN"
    "http://www.w3.org/TR/xhtml1/DTD/xhtml1-transitional.dtd">
<html xmlns="http://www.w3.org/1999/xhtml" xml:lang="en" lang="en">
 <head>
  <title>
</title>
<meta http-equiv="Content-Type" content="text/html;charset=utf-8" />
  <meta name='ocr-system' content='tesseract 3.04.00' />
  <meta name='ocr-capabilities' content='ocr_page ocr_carea ocr_par ocr_line ocrx_word'/>
</head>
<body>
  <div class='ocr_page' id='page_1' title='image "./bullarumdiplomat08cath_1106.png"; bbox 0 0 2059 3228; ppageno 0'>
   <div class='ocr_carea' id='block_1_1' title="bbox 346 244 1811 352">
    <p class='ocr_par' dir='ltr' id='par_1_1' title="bbox 346 244 1811 352">
     <span class='ocr_line' id='line_1_1' title="bbox 346 244 1205 276; baseline 0.001 -1"><span class='ocrx_word' id='word_1_1' title='bbox 346 244 429 275; x_wconf 61' lang='lat'><strong>‘1090</strong></span> <span class='ocrx_word' id='word_1_2' title='bbox 909 251 1059 275; x_wconf 60' lang='lat' dir='ltr'><strong>autumn</strong></span> <span class='ocrx_word' id='word_1_3' title='bbox 1084 252 1205 276; x_wconf 72' lang='lat' dir='ltr'><strong>nomm</strong></span> 
     </span>
     <span class='ocr_line' id='line_1_2' title="bbox 382 299 1811 352; baseline 0.003 -16"><span class='ocrx_word' id='word_1_4' title='bbox 382 304 419 336; x_wconf 83' lang='lat' dir='ltr'><strong>lis</strong></span> <span class='ocrx_word' id='word_1_5' title='bbox 454 305 558 337; x_wconf 77' lang='lat' dir='ltr'>Sancti</span> <span class='ocrx_word' id='word_1_6' title='bbox 594 305 697 338; x_wconf 78' lang='lat' dir='ltr'><strong>Severi</strong></span> <span class='ocrx_word' id='word_1_7' title='bbox 733 305 767 337; x_wconf 91' lang='lat' dir='ltr'><strong>in</strong></span> <span class='ocrx_word' id='word_1_8' title='bbox 798 313 896 346; x_wconf 82' lang='lat' dir='ltr'><strong>regno</strong></span> <span class='ocrx_word' id='word_1_9' title='bbox 919 303 1039 347; x_wconf 68' lang='lat' dir='ltr'><strong>Neapo-</strong></span> <span class='ocrx_word' id='word_1_10' title='bbox 1067 305 1201 340; x_wconf 86' lang='lat' dir='ltr'>CXXXV.</span> <span class='ocrx_word' id='word_1_11' title='bbox 1225 307 1387 346; x_wconf 87' lang='lat' dir='ltr'>Quomodo</span> <span class='ocrx_word' id='word_1_12' title='bbox 1402 299 1605 352; x_wconf 83' lang='lat' dir='ltr'><strong>permittatur</strong></span> <span class='ocrx_word' id='word_1_13' title='bbox 1620 314 1731 349; x_wconf 79' lang='lat' dir='ltr'><strong>ordini</strong></span> <span class='ocrx_word' id='word_1_14' title='bbox 1747 303 1811 350; x_wconf 58' lang='lat' dir='ltr'><strong>srss-</strong></span> 
     </span>
    </p>
   </div>
   <div class='ocr_carea' id='block_1_2' title="bbox 386 357 533 392">
    <p class='ocr_par' dir='ltr' id='par_1_2' title="bbox 386 357 533 392">
     <span class='ocr_line' id='line_1_3' title="bbox 386 357 533 392; baseline 0 -3"><span class='ocrx_word' id='word_1_15' title='bbox 386 357 432 392; x_wconf 74' lang='lat' dir='ltr'><strong>lis.</strong></span> <span class='ocrx_word' id='word_1_16' title='bbox 457 357 533 389; x_wconf 60' lang='lat'><strong>36⁹2.</strong></span> 
     </span>
    </p>
   </div>
   <div class='ocr_carea' id='block_1_3' title="bbox 297 408 1040 441">
    <p class='ocr_par' dir='ltr' id='par_1_3' title="bbox 297 408 1040 441">
     <span class='ocr_line' id='line_1_4' title="bbox 297 408 1040 441; baseline 0 -1"><span class='ocrx_word' id='word_1_17' title='bbox 297 408 431 440; x_wconf 72' lang='lat' dir='ltr'>CXXVII.</span> <span class='ocrx_word' id='word_1_18' title='bbox 455 408 657 440; x_wconf 79' lang='lat' dir='ltr'><strong>Confirmatio</strong></span> <span class='ocrx_word' id='word_1_19' title='bbox 684 408 853 441; x_wconf 81' lang='lat' dir='ltr'>erectionis</span> <span class='ocrx_word' id='word_1_20' title='bbox 869 408 1040 441; x_wconf 82' lang='lat' dir='ltr'><strong>confrater-</strong></span> 
     </span>
    </p>
   </div>
   <div class='ocr_carea' id='block_1_4' title="bbox 382 460 975 500">
    <p class='ocr_par' dir='ltr' id='par_1_4' title="bbox 382 460 975 500">
     <span class='ocr_line' id='line_1_5' title="bbox 382 460 975 500; baseline 0.002 -9"><span class='ocrx_word' id='word_1_21' title='bbox 382 460 489 492; x_wconf 83' lang='lat' dir='ltr'><strong>nitatis</strong></span> <span class='ocrx_word' id='word_1_22' title='bbox 513 460 541 492; x_wconf 89' lang='lat' dir='ltr'><strong>S.</strong></span> <span class='ocrx_word' id='word_1_23' title='bbox 566 460 680 493; x_wconf 84' lang='lat' dir='ltr'><strong>Mariae</strong></span> <span class='ocrx_word' id='word_1_24' title='bbox 705 460 877 500; x_wconf 72' lang='lat' dir='ltr'><strong>Rotundae,</strong></span> <span class='ocrx_word' id='word_1_25' title='bbox 901 460 975 494; x_wconf 84' lang='lat'><strong>365.</strong></span> 
     </span>
    </p>
   </div>
   <div class='ocr_carea' id='block_1_5' title="bbox 1154 360 1810 504">
    <p class='ocr_par' dir='ltr' id='par_1_5' title="bbox 1154 360 1810 504">
     <span class='ocr_line' id='line_1_6' title="bbox 1154 360 1809 409; baseline 0.015 -18"><span class='ocrx_word' id='word_1_26' title='bbox 1154 364 1239 392; x_wconf 86' lang='lat' dir='ltr'><strong>trum</strong></span> <span class='ocrx_word' id='word_1_27' title='bbox 1263 360 1292 393; x_wconf 90' lang='lat' dir='ltr'><strong>S.</strong></span> <span class='ocrx_word' id='word_1_28' title='bbox 1317 362 1445 394; x_wconf 89' lang='lat' dir='ltr'><strong>Antonii</strong></span> <span class='ocrx_word' id='word_1_29' title='bbox 1469 363 1654 398; x_wconf 77' lang='lat' dir='ltr'><strong>Viennensis</strong></span> <span class='ocrx_word' id='word_1_30' title='bbox 1677 377 1734 409; x_wconf 93' lang='lat' dir='ltr'><strong>pro</strong></span> <span class='ocrx_word' id='word_1_31' title='bbox 1757 377 1809 400; x_wconf 90' lang='lat' dir='ltr'><strong>eo-</strong></span> 
     </span>
     <span class='ocr_line' id='line_1_7' title="bbox 1154 412 1810 459; baseline 0.015 -17"><span class='ocrx_word' id='word_1_32' title='bbox 1154 420 1224 443; x_wconf 88' lang='lat' dir='ltr'><strong>rum</strong></span> <span class='ocrx_word' id='word_1_33' title='bbox 1259 412 1468 454; x_wconf 73' lang='lat' dir='ltr'>hospitalibus</span> <span class='ocrx_word' id='word_1_34' title='bbox 1490 415 1700 459; x_wconf 80' lang='lat' dir='ltr'>eleemosynas</span> <span class='ocrx_word' id='word_1_35' title='bbox 1722 419 1810 452; x_wconf 85' lang='lat' dir='ltr'><strong>colli-</strong></span> 
     </span>
     <span class='ocr_line' id='line_1_8' title="bbox 1154 464 1335 504; baseline 0.028 -11"><span class='ocrx_word' id='word_1_36' title='bbox 1154 473 1238 504; x_wconf 71' lang='lat' dir='ltr'><strong>gere,</strong></span> <span class='ocrx_word' id='word_1_37' title='bbox 1262 464 1335 498; x_wconf 77' lang='lat'><strong>384.</strong></span> 
     </span>
    </p>
   </div>
   <div class='ocr_carea' id='block_1_6' title="bbox 297 512 1810 565">
    <p class='ocr_par' dir='ltr' id='par_1_6' title="bbox 297 512 1810 565">
     <span class='ocr_line' id='line_1_9' title="bbox 297 512 1810 565; baseline 0.008 -20"><span class='ocrx_word' id='word_1_38' title='bbox 297 512 443 545; x_wconf 68' lang='lat' dir='ltr'>CXXVIII.</span> <span class='ocrx_word' id='word_1_39' title='bbox 467 513 509 545; x_wconf 90' lang='lat' dir='ltr'><strong>De</strong></span> <span class='ocrx_word' id='word_1_40' title='bbox 532 513 787 546; x_wconf 73' lang='lat' dir='ltr'><strong>confraternitate</strong></span> <span class='ocrx_word' id='word_1_41' title='bbox 814 512 1039 545; x_wconf 86' lang='lat' dir='ltr'><strong>Annunciatio-</strong></span> <span class='ocrx_word' id='word_1_42' title='bbox 1067 513 1215 548; x_wconf 82' lang='lat' dir='ltr'>CXXXVI.</span> <span class='ocrx_word' id='word_1_43' title='bbox 1238 517 1415 551; x_wconf 85' lang='lat' dir='ltr'><strong>Kalendarii</strong></span> <span class='ocrx_word' id='word_1_44' title='bbox 1446 529 1548 562; x_wconf 81' lang='lat' dir='ltr'><strong>nuper</strong></span> <span class='ocrx_word' id='word_1_45' title='bbox 1575 521 1728 564; x_wconf 74' lang='lat' dir='ltr'><strong>restituti,</strong></span> <span class='ocrx_word' id='word_1_46' title='bbox 1751 533 1810 565; x_wconf 90' lang='lat' dir='ltr'><strong>pro</strong></span> 
     </span>
    </p>
   </div>
   <div class='ocr_carea' id='block_1_7' title="bbox 384 563 1039 658">
    <p class='ocr_par' dir='ltr' id='par_1_7' title="bbox 384 563 1039 658">
     <span class='ocr_line' id='line_1_10' title="bbox 384 563 1039 607; baseline 0.002 -11"><span class='ocrx_word' id='word_1_47' title='bbox 384 565 433 597; x_wconf 84' lang='lat' dir='ltr'><strong>nis</strong></span> <span class='ocrx_word' id='word_1_48' title='bbox 461 565 494 597; x_wconf 91' lang='lat' dir='ltr'><strong>in</strong></span> <span class='ocrx_word' id='word_1_49' title='bbox 525 565 654 598; x_wconf 86' lang='lat' dir='ltr'><strong>eeclesia</strong></span> <span class='ocrx_word' id='word_1_50' title='bbox 677 565 706 598; x_wconf 89' lang='lat' dir='ltr'><strong>S.</strong></span> <span class='ocrx_word' id='word_1_51' title='bbox 730 564 844 597; x_wconf 86' lang='lat' dir='ltr'><strong>Mariae</strong></span> <span class='ocrx_word' id='word_1_52' title='bbox 867 575 963 607; x_wconf 88' lang='lat' dir='ltr'><strong>supra</strong></span> <span class='ocrx_word' id='word_1_53' title='bbox 985 563 1039 597; x_wconf 89' lang='lat' dir='ltr'><strong>Mi-</strong></span> 
     </span>
     <span class='ocr_line' id='line_1_11' title="bbox 384 616 814 658; baseline 0.002 -9"><span class='ocrx_word' id='word_1_54' title='bbox 384 627 512 650; x_wconf 78' lang='lat' dir='ltr'><strong>nervam</strong></span> <span class='ocrx_word' id='word_1_55' title='bbox 536 617 716 658; x_wconf 86' lang='lat' dir='ltr'><strong>constituta,</strong></span> <span class='ocrx_word' id='word_1_56' title='bbox 741 616 814 650; x_wconf 82' lang='lat'><strong>369.</strong></span> 
     </span>
    </p>
   </div>
   <div class='ocr_carea' id='block_1_8' title="bbox 293 668 1039 702">
    <p class='ocr_par' dir='ltr' id='par_1_8' title="bbox 293 668 1039 702">
     <span class='ocr_line' id='line_1_12' title="bbox 293 668 1039 702; baseline 0 -1"><span class='ocrx_word' id='word_1_57' title='bbox 293 668 416 701; x_wconf 81' lang='lat' dir='ltr'>CXXIX.</span> <span class='ocrx_word' id='word_1_58' title='bbox 441 669 549 701; x_wconf 86' lang='lat' dir='ltr'><strong>Medici</strong></span> <span class='ocrx_word' id='word_1_59' title='bbox 566 669 694 702; x_wconf 79' lang='lat' dir='ltr'><strong>hebraei</strong></span> <span class='ocrx_word' id='word_1_60' title='bbox 715 669 762 702; x_wconf 87' lang='lat' dir='ltr'><strong>vel</strong></span> <span class='ocrx_word' id='word_1_61' title='bbox 777 668 918 701; x_wconf 79' lang='lat' dir='ltr'><strong>infideles</strong></span> <span class='ocrx_word' id='word_1_62' title='bbox 934 668 973 701; x_wconf 91' lang='lat' dir='ltr'><strong>ad</strong></span> <span class='ocrx_word' id='word_1_63' title='bbox 986 679 1039 701; x_wconf 89' lang='lat' dir='ltr'><strong>cu-</strong></span> 
     </span>
    </p>
   </div>
   <div class='ocr_carea' id='block_1_9' title="bbox 379 720 1039 857">
    <p class='ocr_par' dir='ltr' id='par_1_9' title="bbox 379 720 1039 857">
     <span class='ocr_line' id='line_1_13' title="bbox 380 720 1039 754; baseline 0 -1"><span class='ocrx_word' id='word_1_64' title='bbox 380 721 498 754; x_wconf 89' lang='lat' dir='ltr'><strong>randos</strong></span> <span class='ocrx_word' id='word_1_65' title='bbox 522 721 713 754; x_wconf 84' lang='lat' dir='ltr'><strong>christianos</strong></span> <span class='ocrx_word' id='word_1_66' title='bbox 736 721 881 753; x_wconf 88' lang='lat' dir='ltr'><strong>infirmos</strong></span> <span class='ocrx_word' id='word_1_67' title='bbox 904 731 968 753; x_wconf 93' lang='lat' dir='ltr'><strong>non</strong></span> <span class='ocrx_word' id='word_1_68' title='bbox 984 720 1039 753; x_wconf 89' lang='lat' dir='ltr'><strong>ad-</strong></span> 
     </span>
     <span class='ocr_line' id='line_1_14' title="bbox 379 773 1036 811; baseline 0 -6"><span class='ocrx_word' id='word_1_69' title='bbox 379 773 562 811; x_wconf 88' lang='lat' dir='ltr'><strong>mittantur;</strong></span> <span class='ocrx_word' id='word_1_70' title='bbox 586 778 615 805; x_wconf 84' lang='lat' dir='ltr'><strong>et</strong></span> <span class='ocrx_word' id='word_1_71' title='bbox 641 773 753 806; x_wconf 90' lang='lat' dir='ltr'><strong>medici</strong></span> <span class='ocrx_word' id='word_1_72' title='bbox 777 783 887 806; x_wconf 88' lang='lat' dir='ltr'><strong>omnes</strong></span> <span class='ocrx_word' id='word_1_73' title='bbox 914 778 1036 806; x_wconf 91' lang='lat' dir='ltr'><strong>servent</strong></span> 
     </span>
     <span class='ocr_line' id='line_1_15' title="bbox 379 824 1038 857; baseline 0 0"><span class='ocrx_word' id='word_1_74' title='bbox 379 825 636 857; x_wconf 87' lang='lat' dir='ltr'><strong>constitutionem</strong></span> <span class='ocrx_word' id='word_1_75' title='bbox 670 825 716 857; x_wconf 89' lang='lat' dir='ltr'><strong>Pii</strong></span> <span class='ocrx_word' id='word_1_76' title='bbox 751 825 775 857; x_wconf 90' lang='lat' dir='ltr'><strong>V</strong></span> <span class='ocrx_word' id='word_1_77' title='bbox 805 824 840 857; x_wconf 90' lang='lat' dir='ltr'><strong>in</strong></span> <span class='ocrx_word' id='word_1_78' title='bbox 873 825 1038 857; x_wconf 89' lang='lat' dir='ltr'><strong>monendis</strong></span> 
     </span>
    </p>
   </div>
   <div class='ocr_carea' id='block_1_10' title="bbox 377 875 1037 968">
    <p class='ocr_par' dir='ltr' id='par_1_10' title="bbox 377 875 1037 968">
     <span class='ocr_line' id='line_1_16' title="bbox 377 875 1037 920; baseline 0.002 -12"><span class='ocrx_word' id='word_1_79' title='bbox 377 875 513 909; x_wconf 84' lang='lat' dir='ltr'><strong>infirmis</strong></span> <span class='ocrx_word' id='word_1_80' title='bbox 550 876 590 909; x_wconf 91' lang='lat' dir='ltr'><strong>ad</strong></span> <span class='ocrx_word' id='word_1_81' title='bbox 627 876 856 910; x_wconf 87' lang='lat' dir='ltr'><strong>confessionem</strong></span> <span class='ocrx_word' id='word_1_82' title='bbox 893 881 1037 920; x_wconf 88' lang='lat' dir='ltr'><strong>peccato-</strong></span> 
     </span>
     <span class='ocr_line' id='line_1_17' title="bbox 378 927 560 968; baseline 0 -8"><span class='ocrx_word' id='word_1_83' title='bbox 378 938 462 968; x_wconf 90' lang='lat' dir='ltr'><strong>rum,</strong></span> <span class='ocrx_word' id='word_1_84' title='bbox 485 927 560 961; x_wconf 76' lang='lat'><strong>371.</strong></span> 
     </span>
    </p>
   </div>
   <div class='ocr_carea' id='block_1_11' title="bbox 378 1032 1036 1181">
    <p class='ocr_par' dir='ltr' id='par_1_11' title="bbox 378 1032 1036 1181">
     <span class='ocr_line' id='line_1_18' title="bbox 380 1032 1036 1076; baseline 0.003 -12"><span class='ocrx_word' id='word_1_85' title='bbox 380 1032 420 1065; x_wconf 88' lang='lat' dir='ltr'><strong>tis</strong></span> <span class='ocrx_word' id='word_1_86' title='bbox 444 1033 474 1065; x_wconf 91' lang='lat' dir='ltr'><strong>B.</strong></span> <span class='ocrx_word' id='word_1_87' title='bbox 498 1033 614 1066; x_wconf 86' lang='lat' dir='ltr'><strong>Mariae</strong></span> <span class='ocrx_word' id='word_1_88' title='bbox 637 1033 774 1076; x_wconf 74' lang='lat' dir='ltr'><strong>Virginis</strong></span> <span class='ocrx_word' id='word_1_89' title='bbox 800 1033 976 1066; x_wconf 90' lang='lat' dir='ltr'><strong>Confalonis</strong></span> <span class='ocrx_word' id='word_1_90' title='bbox 998 1033 1036 1066; x_wconf 92' lang='lat' dir='ltr'><strong>de</strong></span> 
     </span>
     <span class='ocr_line' id='line_1_19' title="bbox 378 1084 1036 1128; baseline 0.002 -11"><span class='ocrx_word' id='word_1_91' title='bbox 378 1084 462 1117; x_wconf 84' lang='lat' dir='ltr'><strong>Urbe</strong></span> <span class='ocrx_word' id='word_1_92' title='bbox 485 1095 701 1128; x_wconf 87' lang='lat' dir='ltr'><strong>quoscumque</strong></span> <span class='ocrx_word' id='word_1_93' title='bbox 723 1085 944 1118; x_wconf 87' lang='lat' dir='ltr'><strong>christifideles</strong></span> <span class='ocrx_word' id='word_1_94' title='bbox 960 1085 1036 1118; x_wconf 91' lang='lat' dir='ltr'><strong>San-</strong></span> 
     </span>
     <span class='ocr_line' id='line_1_20' title="bbox 379 1137 1035 1181; baseline 0.003 -13"><span class='ocrx_word' id='word_1_95' title='bbox 379 1140 447 1169; x_wconf 88' lang='lat' dir='ltr'><strong>ctae</strong></span> <span class='ocrx_word' id='word_1_96' title='bbox 471 1137 504 1168; x_wconf 83' lang='lat' dir='ltr'><strong>R.</strong></span> <span class='ocrx_word' id='word_1_97' title='bbox 529 1137 562 1169; x_wconf 89' lang='lat' dir='ltr'><strong>E.</strong></span> <span class='ocrx_word' id='word_1_98' title='bbox 586 1137 697 1169; x_wconf 91' lang='lat' dir='ltr'><strong>ditioni</strong></span> <span class='ocrx_word' id='word_1_99' title='bbox 722 1137 888 1177; x_wconf 89' lang='lat' dir='ltr'><strong>subiectos,</strong></span> <span class='ocrx_word' id='word_1_100' title='bbox 910 1138 1035 1181; x_wconf 88' lang='lat' dir='ltr'><strong>piorum</strong></span> 
     </span>
    </p>
   </div>
   <div class='ocr_carea' id='block_1_12' title="bbox 1151 567 1811 978">
    <p class='ocr_par' dir='ltr' id='par_1_12' title="bbox 1153 567 1811 767">
     <span class='ocr_line' id='line_1_21' title="bbox 1153 567 1811 617; baseline 0.015 -19"><span class='ocrx_word' id='word_1_101' title='bbox 1153 567 1373 602; x_wconf 78' lang='lat' dir='ltr'><strong>festivitatibus</strong></span> <span class='ocrx_word' id='word_1_102' title='bbox 1386 570 1416 602; x_wconf 92' lang='lat' dir='ltr'><strong>S.</strong></span> <span class='ocrx_word' id='word_1_103' title='bbox 1433 571 1468 603; x_wconf 81' lang='lat' dir='ltr'><strong>R.</strong></span> <span class='ocrx_word' id='word_1_104' title='bbox 1485 572 1517 604; x_wconf 88' lang='lat' dir='ltr'><strong>E.</strong></span> <span class='ocrx_word' id='word_1_105' title='bbox 1535 583 1591 605; x_wconf 91' lang='lat' dir='ltr'><strong>suo</strong></span> <span class='ocrx_word' id='word_1_106' title='bbox 1607 577 1749 617; x_wconf 86' lang='lat' dir='ltr'><strong>tempore</strong></span> <span class='ocrx_word' id='word_1_107' title='bbox 1760 585 1811 608; x_wconf 88' lang='lat' dir='ltr'><strong>ce-</strong></span> 
     </span>
     <span class='ocr_line' id='line_1_22' title="bbox 1153 619 1811 665; baseline 0.011 -14"><span class='ocrx_word' id='word_1_108' title='bbox 1153 619 1313 653; x_wconf 85' lang='lat' dir='ltr'><strong>lebrandis</strong></span> <span class='ocrx_word' id='word_1_109' title='bbox 1347 621 1525 665; x_wconf 88' lang='lat' dir='ltr'><strong>divinisque</strong></span> <span class='ocrx_word' id='word_1_110' title='bbox 1559 623 1667 656; x_wconf 88' lang='lat' dir='ltr'><strong>itidem</strong></span> <span class='ocrx_word' id='word_1_111' title='bbox 1699 625 1811 658; x_wconf 86' lang='lat' dir='ltr'><strong>officiis</strong></span> 
     </span>
     <span class='ocr_line' id='line_1_23' title="bbox 1153 672 1809 716; baseline 0.011 -13"><span class='ocrx_word' id='word_1_112' title='bbox 1153 672 1334 712; x_wconf 78' lang='lat' dir='ltr'><strong>recitandis,</strong></span> <span class='ocrx_word' id='word_1_113' title='bbox 1351 674 1546 716; x_wconf 86' lang='lat' dir='ltr'><strong>approbatio,</strong></span> <span class='ocrx_word' id='word_1_114' title='bbox 1566 680 1594 708; x_wconf 92' lang='lat' dir='ltr'><strong>et</strong></span> <span class='ocrx_word' id='word_1_115' title='bbox 1619 676 1733 709; x_wconf 87' lang='lat' dir='ltr'><strong>veteris</strong></span> <span class='ocrx_word' id='word_1_116' title='bbox 1755 677 1809 710; x_wconf 89' lang='lat' dir='ltr'><strong>ka-</strong></span> 
     </span>
     <span class='ocr_line' id='line_1_24' title="bbox 1153 725 1549 767; baseline 0.013 -11"><span class='ocrx_word' id='word_1_117' title='bbox 1153 725 1285 757; x_wconf 87' lang='lat' dir='ltr'><strong>Iendarii</strong></span> <span class='ocrx_word' id='word_1_118' title='bbox 1311 726 1449 767; x_wconf 82' lang='lat' dir='ltr'><strong>abolitio,</strong></span> <span class='ocrx_word' id='word_1_119' title='bbox 1474 727 1549 761; x_wconf 82' lang='lat'><strong>386.</strong></span> 
     </span>
    </p>

    <p class='ocr_par' dir='ltr' id='par_1_13' title="bbox 1151 776 1809 978">
     <span class='ocr_line' id='line_1_25' title="bbox 1196 776 1809 824; baseline 0.013 -16"><span class='ocrx_word' id='word_1_120' title='bbox 1196 776 1345 819; x_wconf 89' lang='lat' dir='ltr'><strong>Sequitur</strong></span> <span class='ocrx_word' id='word_1_121' title='bbox 1378 778 1547 812; x_wconf 84' lang='lat' dir='ltr'><strong>declaratio</strong></span> <span class='ocrx_word' id='word_1_122' title='bbox 1577 790 1672 824; x_wconf 90' lang='lat' dir='ltr'><strong>super</strong></span> <span class='ocrx_word' id='word_1_123' title='bbox 1701 781 1809 815; x_wconf 86' lang='lat' dir='ltr'><strong>obser-</strong></span> 
     </span>
     <span class='ocr_line' id='line_1_26' title="bbox 1151 828 1808 877; baseline 0.011 -17"><span class='ocrx_word' id='word_1_124' title='bbox 1151 828 1275 861; x_wconf 86' lang='lat' dir='ltr'><strong>vatione</strong></span> <span class='ocrx_word' id='word_1_125' title='bbox 1306 829 1480 862; x_wconf 80' lang='lat' dir='ltr'><strong>kalendarii</strong></span> <span class='ocrx_word' id='word_1_126' title='bbox 1508 842 1610 874; x_wconf 89' lang='lat' dir='ltr'><strong>nuper</strong></span> <span class='ocrx_word' id='word_1_127' title='bbox 1632 833 1726 874; x_wconf 89' lang='lat' dir='ltr'><strong>editi,</strong></span> <span class='ocrx_word' id='word_1_128' title='bbox 1750 844 1808 877; x_wconf 89' lang='lat' dir='ltr'><strong>pro</strong></span> 
     </span>
     <span class='ocr_line' id='line_1_27' title="bbox 1152 881 1808 924; baseline 0.011 -11"><span class='ocrx_word' id='word_1_129' title='bbox 1152 881 1222 921; x_wconf 88' lang='lat' dir='ltr'><strong>illis,</strong></span> <span class='ocrx_word' id='word_1_130' title='bbox 1235 882 1289 924; x_wconf 90' lang='lat' dir='ltr'><strong>qui</strong></span> <span class='ocrx_word' id='word_1_131' title='bbox 1313 882 1352 914; x_wconf 87' lang='lat' dir='ltr'><strong>de</strong></span> <span class='ocrx_word' id='word_1_132' title='bbox 1368 892 1474 915; x_wconf 88' lang='lat' dir='ltr'><strong>mense</strong></span> <span class='ocrx_word' id='word_1_133' title='bbox 1491 884 1630 917; x_wconf 86' lang='lat' dir='ltr'><strong>octobris</strong></span> <span class='ocrx_word' id='word_1_134' title='bbox 1642 895 1808 920; x_wconf 78' lang='lat' dir='ltr'><strong>uanxxn.</strong></span> 
     </span>
     <span class='ocr_line' id='line_1_28' title="bbox 1151 933 1763 978; baseline 0.008 -13"><span class='ocrx_word' id='word_1_135' title='bbox 1151 933 1226 965; x_wconf 92' lang='lat' dir='ltr'><strong>illud</strong></span> <span class='ocrx_word' id='word_1_136' title='bbox 1250 943 1374 967; x_wconf 86' lang='lat' dir='ltr'><strong>servare</strong></span> <span class='ocrx_word' id='word_1_137' title='bbox 1398 945 1463 967; x_wconf 92' lang='lat' dir='ltr'><strong>non</strong></span> <span class='ocrx_word' id='word_1_138' title='bbox 1486 942 1666 978; x_wconf 87' lang='lat' dir='ltr'><strong>coeperunt,</strong></span> <span class='ocrx_word' id='word_1_139' title='bbox 1689 937 1763 971; x_wconf 79' lang='lat'><strong>390.</strong></span> 
     </span>
    </p>
   </div>
   <div class='ocr_carea' id='block_1_13' title="bbox 291 980 1808 1030">
    <p class='ocr_par' dir='ltr' id='par_1_14' title="bbox 291 980 1808 1030">
     <span class='ocr_line' id='line_1_29' title="bbox 291 980 1808 1030; baseline 0.007 -17"><span class='ocrx_word' id='word_1_140' title='bbox 291 981 400 1014; x_wconf 91' lang='lat' dir='ltr'>CXXX.</span> <span class='ocrx_word' id='word_1_141' title='bbox 424 981 466 1014; x_wconf 86' lang='lat' dir='ltr'><strong>De</strong></span> <span class='ocrx_word' id='word_1_142' title='bbox 494 981 682 1014; x_wconf 83' lang='lat' dir='ltr'><strong>auctoritate</strong></span> <span class='ocrx_word' id='word_1_143' title='bbox 705 980 1037 1014; x_wconf 77' lang='lat' dir='ltr'><strong>archiconfratemita-</strong></span> <span class='ocrx_word' id='word_1_144' title='bbox 1064 983 1223 1017; x_wconf 80' lang='lat' dir='ltr'>CXXXVII.</span> <span class='ocrx_word' id='word_1_145' title='bbox 1239 984 1296 1023; x_wconf 89' lang='lat' dir='ltr'><strong>Qui</strong></span> <span class='ocrx_word' id='word_1_146' title='bbox 1310 986 1482 1029; x_wconf 78' lang='lat' dir='ltr'><strong>presbyteri</strong></span> <span class='ocrx_word' id='word_1_147' title='bbox 1501 988 1672 1030; x_wconf 80' lang='lat' dir='ltr'><strong>Religionis</strong></span> <span class='ocrx_word' id='word_1_148' title='bbox 1695 994 1726 1022; x_wconf 92' lang='lat' dir='ltr'><strong>et</strong></span> <span class='ocrx_word' id='word_1_149' title='bbox 1749 989 1808 1023; x_wconf 91' lang='lat' dir='ltr'><strong>So-</strong></span> 
     </span>
    </p>
   </div>
   <div class='ocr_carea' id='block_1_14' title="bbox 1148 1036 1807 1179">
    <p class='ocr_par' dir='ltr' id='par_1_15' title="bbox 1148 1036 1807 1179">
     <span class='ocr_line' id='line_1_30' title="bbox 1150 1036 1807 1073; baseline 0.008 -5"><span class='ocrx_word' id='word_1_150' title='bbox 1150 1036 1272 1069; x_wconf 86' lang='lat' dir='ltr'><strong>cietatis</strong></span> <span class='ocrx_word' id='word_1_151' title='bbox 1294 1037 1363 1069; x_wconf 89' lang='lat' dir='ltr'><strong>lesu</strong></span> <span class='ocrx_word' id='word_1_152' title='bbox 1386 1038 1504 1071; x_wconf 87' lang='lat' dir='ltr'><strong>litteras</strong></span> <span class='ocrx_word' id='word_1_153' title='bbox 1520 1049 1626 1072; x_wconf 88' lang='lat' dir='ltr'><strong>sacrae</strong></span> <span class='ocrx_word' id='word_1_154' title='bbox 1642 1039 1807 1073; x_wconf 83' lang='lat' dir='ltr'><strong>Poeniten—</strong></span> 
     </span>
     <span class='ocr_line' id='line_1_31' title="bbox 1149 1087 1807 1134; baseline 0.008 -14"><span class='ocrx_word' id='word_1_155' title='bbox 1149 1087 1261 1120; x_wconf 89' lang='lat' dir='ltr'><strong>tiariae</strong></span> <span class='ocrx_word' id='word_1_156' title='bbox 1312 1090 1505 1132; x_wconf 84' lang='lat' dir='ltr'><strong>Apostolicae</strong></span> <span class='ocrx_word' id='word_1_157' title='bbox 1561 1091 1685 1134; x_wconf 85' lang='lat' dir='ltr'><strong>aperire</strong></span> <span class='ocrx_word' id='word_1_158' title='bbox 1733 1101 1807 1134; x_wconf 92' lang='lat' dir='ltr'><strong>pos-</strong></span> 
     </span>
     <span class='ocr_line' id='line_1_32' title="bbox 1148 1139 1320 1179; baseline 0 -7"><span class='ocrx_word' id='word_1_159' title='bbox 1148 1139 1221 1179; x_wconf 89' lang='lat' dir='ltr'><strong>sint,</strong></span> <span class='ocrx_word' id='word_1_160' title='bbox 1245 1140 1320 1174; x_wconf 82' lang='lat'><strong>391.</strong></span> 
     </span>
    </p>
   </div>
   <div class='ocr_carea' id='block_1_15' title="bbox 377 1187 1806 1240">
    <p class='ocr_par' dir='ltr' id='par_1_16' title="bbox 377 1187 1806 1240">
     <span class='ocr_line' id='line_1_33' title="bbox 377 1187 1806 1240; baseline 0.008 -21"><span class='ocrx_word' id='word_1_161' title='bbox 377 1187 582 1231; x_wconf 75' lang='lat' dir='ltr'><strong>eleemosynis</strong></span> <span class='ocrx_word' id='word_1_162' title='bbox 620 1189 812 1232; x_wconf 83' lang='lat' dir='ltr'><strong>perquisitis,</strong></span> <span class='ocrx_word' id='word_1_163' title='bbox 850 1190 891 1222; x_wconf 91' lang='lat' dir='ltr'><strong>ab</strong></span> <span class='ocrx_word' id='word_1_164' title='bbox 925 1190 1035 1224; x_wconf 79' lang='lat' dir='ltr'><strong>infide-</strong></span> <span class='ocrx_word' id='word_1_165' title='bbox 1063 1191 1237 1225; x_wconf 84' lang='lat' dir='ltr'>CXXXVIII.</span> <span class='ocrx_word' id='word_1_166' title='bbox 1260 1192 1301 1225; x_wconf 93' lang='lat' dir='ltr'><strong>De</strong></span> <span class='ocrx_word' id='word_1_167' title='bbox 1335 1194 1520 1228; x_wconf 83' lang='lat' dir='ltr'><strong>auctoritate</strong></span> <span class='ocrx_word' id='word_1_168' title='bbox 1550 1197 1721 1240; x_wconf 84' lang='lat' dir='ltr'><strong>praepositi</strong></span> <span class='ocrx_word' id='word_1_169' title='bbox 1752 1207 1806 1239; x_wconf 83' lang='lat' dir='ltr'><strong>ge-</strong></span> 
     </span>
    </p>
   </div>
   <div class='ocr_carea' id='block_1_16' title="bbox 375 1238 1036 1593">
    <p class='ocr_par' dir='ltr' id='par_1_17' title="bbox 377 1238 1035 1437">
     <span class='ocr_line' id='line_1_34' title="bbox 380 1238 1035 1285; baseline 0.011 -16"><span class='ocrx_word' id='word_1_170' title='bbox 380 1238 457 1270; x_wconf 89' lang='lat' dir='ltr'><strong>lium</strong></span> <span class='ocrx_word' id='word_1_171' title='bbox 481 1240 660 1282; x_wconf 83' lang='lat' dir='ltr'><strong>captivitate</strong></span> <span class='ocrx_word' id='word_1_172' title='bbox 684 1241 871 1283; x_wconf 87' lang='lat' dir='ltr'><strong>redimendi,</strong></span> <span class='ocrx_word' id='word_1_173' title='bbox 895 1242 1035 1285; x_wconf 89' lang='lat' dir='ltr'><strong>duosque</strong></span> 
     </span>
     <span class='ocr_line' id='line_1_35' title="bbox 377 1293 1035 1333; baseline 0.009 -11"><span class='ocrx_word' id='word_1_174' title='bbox 377 1297 565 1333; x_wconf 78' lang='lat' dir='ltr'><strong>carceratos,</strong></span> <span class='ocrx_word' id='word_1_175' title='bbox 597 1293 630 1325; x_wconf 93' lang='lat' dir='ltr'><strong>in</strong></span> <span class='ocrx_word' id='word_1_176' title='bbox 654 1294 731 1326; x_wconf 85' lang='lat' dir='ltr'><strong>sesto</strong></span> <span class='ocrx_word' id='word_1_177' title='bbox 753 1294 895 1327; x_wconf 86' lang='lat' dir='ltr'><strong>eiusdem</strong></span> <span class='ocrx_word' id='word_1_178' title='bbox 918 1295 951 1327; x_wconf 91' lang='lat' dir='ltr'><strong>B.</strong></span> <span class='ocrx_word' id='word_1_179' title='bbox 974 1295 1035 1328; x_wconf 89' lang='lat' dir='ltr'><strong>Ma-</strong></span> 
     </span>
     <span class='ocr_line' id='line_1_36' title="bbox 378 1342 1035 1391; baseline 0.011 -17"><span class='ocrx_word' id='word_1_180' title='bbox 378 1342 445 1375; x_wconf 87' lang='lat' dir='ltr'><strong>riae</strong></span> <span class='ocrx_word' id='word_1_181' title='bbox 468 1349 498 1376; x_wconf 88' lang='lat' dir='ltr'><strong>et</strong></span> <span class='ocrx_word' id='word_1_182' title='bbox 522 1344 556 1376; x_wconf 90' lang='lat' dir='ltr'><strong>in</strong></span> <span class='ocrx_word' id='word_1_183' title='bbox 579 1345 646 1378; x_wconf 81' lang='lat' dir='ltr'><strong>eius</strong></span> <span class='ocrx_word' id='word_1_184' title='bbox 671 1346 835 1387; x_wconf 90' lang='lat' dir='ltr'><strong>honorem,</strong></span> <span class='ocrx_word' id='word_1_185' title='bbox 859 1357 943 1380; x_wconf 89' lang='lat' dir='ltr'><strong>anno</strong></span> <span class='ocrx_word' id='word_1_186' title='bbox 959 1358 1035 1391; x_wconf 89' lang='lat' dir='ltr'><strong>quo-</strong></span> 
     </span>
     <span class='ocr_line' id='line_1_37' title="bbox 379 1393 741 1437; baseline 0.017 -12"><span class='ocrx_word' id='word_1_187' title='bbox 379 1393 453 1426; x_wconf 87' lang='lat' dir='ltr'><strong>libet</strong></span> <span class='ocrx_word' id='word_1_188' title='bbox 478 1395 643 1437; x_wconf 88' lang='lat' dir='ltr'><strong>liberandi,</strong></span> <span class='ocrx_word' id='word_1_189' title='bbox 667 1397 741 1431; x_wconf 81' lang='lat'><strong>373.</strong></span> 
     </span>
    </p>

    <p class='ocr_par' dir='ltr' id='par_1_18' title="bbox 375 1447 1036 1593">
     <span class='ocr_line' id='line_1_38' title="bbox 421 1447 1036 1490; baseline 0.015 -11"><span class='ocrx_word' id='word_1_190' title='bbox 421 1447 571 1490; x_wconf 85' lang='lat' dir='ltr'><strong>Sequitur</strong></span> <span class='ocrx_word' id='word_1_191' title='bbox 601 1449 759 1483; x_wconf 90' lang='lat' dir='ltr'><strong>indultum</strong></span> <span class='ocrx_word' id='word_1_192' title='bbox 787 1452 944 1486; x_wconf 89' lang='lat' dir='ltr'><strong>liberandi</strong></span> <span class='ocrx_word' id='word_1_193' title='bbox 968 1465 1036 1488; x_wconf 90' lang='lat' dir='ltr'><strong>car-</strong></span> 
     </span>
     <span class='ocr_line' id='line_1_39' title="bbox 375 1501 1035 1548; baseline 0.014 -17"><span class='ocrx_word' id='word_1_194' title='bbox 375 1506 512 1541; x_wconf 81' lang='lat' dir='ltr'><strong>ceratos,</strong></span> <span class='ocrx_word' id='word_1_195' title='bbox 537 1501 575 1534; x_wconf 89' lang='lat' dir='ltr'><strong>de</strong></span> <span class='ocrx_word' id='word_1_196' title='bbox 604 1513 666 1546; x_wconf 91' lang='lat' dir='ltr'><strong>quo</strong></span> <span class='ocrx_word' id='word_1_197' title='bbox 701 1503 735 1536; x_wconf 88' lang='lat' dir='ltr'><strong>in</strong></span> <span class='ocrx_word' id='word_1_198' title='bbox 758 1506 959 1548; x_wconf 85' lang='lat' dir='ltr'><strong>praecedenti</strong></span> <span class='ocrx_word' id='word_1_199' title='bbox 983 1518 1035 1540; x_wconf 90' lang='lat' dir='ltr'><strong>ru-</strong></span> 
     </span>
     <span class='ocr_line' id='line_1_40' title="bbox 380 1551 578 1593; baseline 0.02 -10"><span class='ocrx_word' id='word_1_200' title='bbox 380 1551 478 1593; x_wconf 87' lang='lat' dir='ltr'><strong>brica,</strong></span> <span class='ocrx_word' id='word_1_201' title='bbox 503 1553 578 1587; x_wconf 84' lang='grc'>376.</span> 
     </span>
    </p>
   </div>
   <div class='ocr_carea' id='block_1_17' title="bbox 294 1603 1038 1644">
    <p class='ocr_par' dir='ltr' id='par_1_19' title="bbox 294 1603 1038 1644">
     <span class='ocr_line' id='line_1_41' title="bbox 294 1603 1038 1644; baseline 0.013 -10"><span class='ocrx_word' id='word_1_202' title='bbox 294 1603 416 1636; x_wconf 85' lang='lat' dir='ltr'>CXXXI.</span> <span class='ocrx_word' id='word_1_203' title='bbox 440 1604 482 1637; x_wconf 89' lang='lat' dir='ltr'><strong>De</strong></span> <span class='ocrx_word' id='word_1_204' title='bbox 506 1605 692 1640; x_wconf 88' lang='lat' dir='ltr'><strong>iudaeorum</strong></span> <span class='ocrx_word' id='word_1_205' title='bbox 716 1614 769 1641; x_wconf 91' lang='lat' dir='ltr'><strong>aut</strong></span> <span class='ocrx_word' id='word_1_206' title='bbox 793 1609 970 1643; x_wconf 90' lang='lat' dir='ltr'><strong>infidelium</strong></span> <span class='ocrx_word' id='word_1_207' title='bbox 982 1611 1038 1644; x_wconf 88' lang='lat' dir='ltr'><strong>fla-</strong></span> 
     </span>
    </p>
   </div>
   <div class='ocr_carea' id='block_1_18' title="bbox 296 1655 1037 2068">
    <p class='ocr_par' dir='ltr' id='par_1_20' title="bbox 379 1655 1037 1799">
     <span class='ocr_line' id='line_1_42' title="bbox 379 1655 1037 1705; baseline 0.017 -18"><span class='ocrx_word' id='word_1_208' title='bbox 379 1655 482 1697; x_wconf 80' lang='lat' dir='ltr'><strong>gitiis,</strong></span> <span class='ocrx_word' id='word_1_209' title='bbox 507 1657 540 1689; x_wconf 91' lang='lat' dir='ltr'><strong>in</strong></span> <span class='ocrx_word' id='word_1_210' title='bbox 575 1669 655 1701; x_wconf 90' lang='lat' dir='ltr'><strong>quae</strong></span> <span class='ocrx_word' id='word_1_211' title='bbox 689 1660 867 1695; x_wconf 88' lang='lat' dir='ltr'><strong>haereticae</strong></span> <span class='ocrx_word' id='word_1_212' title='bbox 901 1665 1037 1705; x_wconf 86' lang='lat' dir='ltr'><strong>pravita-</strong></span> 
     </span>
     <span class='ocr_line' id='line_1_43' title="bbox 379 1707 1037 1760; baseline 0.017 -21"><span class='ocrx_word' id='word_1_213' title='bbox 379 1707 419 1741; x_wconf 88' lang='lat' dir='ltr'><strong>tis</strong></span> <span class='ocrx_word' id='word_1_214' title='bbox 448 1709 653 1752; x_wconf 83' lang='lat' dir='ltr'><strong>inquisitores</strong></span> <span class='ocrx_word' id='word_1_215' title='bbox 686 1713 937 1748; x_wconf 87' lang='lat' dir='ltr'><strong>animadvertere</strong></span> <span class='ocrx_word' id='word_1_216' title='bbox 966 1727 1037 1760; x_wconf 88' lang='lat' dir='ltr'><strong>pos-</strong></span> 
     </span>
     <span class='ocr_line' id='line_1_44' title="bbox 380 1760 556 1799; baseline 0.023 -9"><span class='ocrx_word' id='word_1_217' title='bbox 380 1765 461 1799; x_wconf 86' lang='lat' dir='ltr'><strong>sunt,</strong></span> <span class='ocrx_word' id='word_1_218' title='bbox 483 1760 556 1794; x_wconf 83' lang='grc'>378.</span> 
     </span>
    </p>

    <p class='ocr_par' dir='ltr' id='par_1_21' title="bbox 296 1808 1036 2068">
     <span class='ocr_line' id='line_1_45' title="bbox 296 1808 1035 1864; baseline 0.02 -24"><span class='ocrx_word' id='word_1_219' title='bbox 296 1808 430 1843; x_wconf 85' lang='lat' dir='ltr'>CXXXII.</span> <span class='ocrx_word' id='word_1_220' title='bbox 455 1812 477 1843; x_wconf 87' lang='lat' dir='ltr'>F</span> <span class='ocrx_word' id='word_1_221' title='bbox 481 1814 600 1846; x_wconf 87' lang='lat' dir='ltr'><strong>urnarii</strong></span> <span class='ocrx_word' id='word_1_222' title='bbox 626 1816 729 1858; x_wconf 84' lang='lat' dir='ltr'><strong>Urbis,</strong></span> <span class='ocrx_word' id='word_1_223' title='bbox 752 1829 809 1861; x_wconf 89' lang='lat' dir='ltr'><strong>pro</strong></span> <span class='ocrx_word' id='word_1_224' title='bbox 821 1820 923 1862; x_wconf 86' lang='lat' dir='ltr'><strong>pretio</strong></span> <span class='ocrx_word' id='word_1_225' title='bbox 935 1822 1035 1864; x_wconf 88' lang='lat' dir='ltr'><strong>panis,</strong></span> 
     </span>
     <span class='ocr_line' id='line_1_46' title="bbox 379 1863 1036 1912; baseline 0.018 -17"><span class='ocrx_word' id='word_1_226' title='bbox 379 1863 412 1895; x_wconf 87' lang='lat' dir='ltr'><strong>in</strong></span> <span class='ocrx_word' id='word_1_227' title='bbox 436 1866 539 1899; x_wconf 86' lang='lat' dir='ltr'><strong>causis</strong></span> <span class='ocrx_word' id='word_1_228' title='bbox 562 1867 809 1912; x_wconf 87' lang='lat' dir='ltr'><strong>discussionum,</strong></span> <span class='ocrx_word' id='word_1_229' title='bbox 833 1873 945 1906; x_wconf 87' lang='lat' dir='ltr'><strong>ceteris</strong></span> <span class='ocrx_word' id='word_1_230' title='bbox 967 1875 1036 1908; x_wconf 90' lang='lat' dir='ltr'><strong>aliis</strong></span> 
     </span>
     <span class='ocr_line' id='line_1_47' title="bbox 382 1917 1036 1965; baseline 0.018 -18"><span class='ocrx_word' id='word_1_231' title='bbox 382 1917 592 1952; x_wconf 84' lang='lat' dir='ltr'><strong>creditoribus</strong></span> <span class='ocrx_word' id='word_1_232' title='bbox 622 1922 851 1965; x_wconf 84' lang='lat' dir='ltr'><strong>praeferantur,</strong></span> <span class='ocrx_word' id='word_1_233' title='bbox 874 1930 905 1957; x_wconf 88' lang='lat' dir='ltr'><strong>et</strong></span> <span class='ocrx_word' id='word_1_234' title='bbox 927 1936 1036 1959; x_wconf 86' lang='lat' dir='ltr'><strong>omnes</strong></span> 
     </span>
     <span class='ocr_line' id='line_1_48' title="bbox 380 1967 1036 2011; baseline 0.018 -12"><span class='ocrx_word' id='word_1_235' title='bbox 380 1967 499 2002; x_wconf 76' lang='lat' dir='ltr'><strong>iu‘dices</strong></span> <span class='ocrx_word' id='word_1_236' title='bbox 524 1971 616 2005; x_wconf 90' lang='lat' dir='ltr'><strong>Urbis</strong></span> <span class='ocrx_word' id='word_1_237' title='bbox 640 1973 672 2005; x_wconf 91' lang='lat' dir='ltr'><strong>in</strong></span> <span class='ocrx_word' id='word_1_238' title='bbox 689 1984 800 2007; x_wconf 84' lang='lat' dir='ltr'><strong>eorum</strong></span> <span class='ocrx_word' id='word_1_239' title='bbox 816 1976 924 2009; x_wconf 89' lang='lat' dir='ltr'><strong>litibus</strong></span> <span class='ocrx_word' id='word_1_240' title='bbox 941 1988 1036 2011; x_wconf 88' lang='lat' dir='ltr'><strong>manu</strong></span> 
     </span>
     <span class='ocr_line' id='line_1_49' title="bbox 381 2021 915 2068; baseline 0.017 -16"><span class='ocrx_word' id='word_1_241' title='bbox 381 2021 469 2063; x_wconf 78' lang='lat' dir='ltr'><strong>regia</strong></span> <span class='ocrx_word' id='word_1_242' title='bbox 492 2025 662 2065; x_wconf 91' lang='lat' dir='ltr'><strong>procedere</strong></span> <span class='ocrx_word' id='word_1_243' title='bbox 684 2027 816 2068; x_wconf 87' lang='lat' dir='ltr'><strong>possint,</strong></span> <span class='ocrx_word' id='word_1_244' title='bbox 840 2027 915 2061; x_wconf 82' lang='lat'><strong>380.</strong></span> 
     </span>
    </p>
   </div>
   <div class='ocr_carea' id='block_1_19' title="bbox 1149 1245 1808 1548">
    <p class='ocr_par' dir='ltr' id='par_1_22' title="bbox 1149 1245 1808 1443">
     <span class='ocr_line' id='line_1_50' title="bbox 1150 1245 1806 1290; baseline 0.008 -13"><span class='ocrx_word' id='word_1_245' title='bbox 1150 1245 1266 1278; x_wconf 88' lang='lat' dir='ltr'><strong>neralis</strong></span> <span class='ocrx_word' id='word_1_246' title='bbox 1303 1245 1489 1279; x_wconf 83' lang='lat' dir='ltr'><strong>elericorum</strong></span> <span class='ocrx_word' id='word_1_247' title='bbox 1523 1249 1716 1290; x_wconf 83' lang='lat' dir='ltr'><strong>regularium</strong></span> <span class='ocrx_word' id='word_1_248' title='bbox 1751 1249 1806 1282; x_wconf 93' lang='lat' dir='ltr'><strong>So-</strong></span> 
     </span>
     <span class='ocr_line' id='line_1_51' title="bbox 1149 1297 1806 1338; baseline 0.003 -8"><span class='ocrx_word' id='word_1_249' title='bbox 1149 1297 1270 1331; x_wconf 88' lang='lat' dir='ltr'><strong>cietatis</strong></span> <span class='ocrx_word' id='word_1_250' title='bbox 1304 1298 1387 1338; x_wconf 87' lang='lat' dir='ltr'><strong>Iesu,</strong></span> <span class='ocrx_word' id='word_1_251' title='bbox 1411 1298 1495 1331; x_wconf 86' lang='lat' dir='ltr'><strong>circa</strong></span> <span class='ocrx_word' id='word_1_252' title='bbox 1524 1305 1704 1332; x_wconf 84' lang='lat' dir='ltr'><strong>contractus</strong></span> <span class='ocrx_word' id='word_1_253' title='bbox 1734 1309 1806 1332; x_wconf 84' lang='lat' dir='ltr'><strong>cen-</strong></span> 
     </span>
     <span class='ocr_line' id='line_1_52' title="bbox 1150 1350 1808 1394; baseline 0 -11"><span class='ocrx_word' id='word_1_254' title='bbox 1150 1361 1243 1383; x_wconf 88' lang='lat' dir='ltr'><strong>suum</strong></span> <span class='ocrx_word' id='word_1_255' title='bbox 1298 1350 1588 1394; x_wconf 86' lang='lat' dir='ltr'><strong>alienationumque</strong></span> <span class='ocrx_word' id='word_1_256' title='bbox 1644 1355 1677 1384; x_wconf 89' lang='lat' dir='ltr'><strong>et</strong></span> <span class='ocrx_word' id='word_1_257' title='bbox 1731 1350 1808 1383; x_wconf 87' lang='lat' dir='ltr'><strong>allo-</strong></span> 
     </span>
     <span class='ocr_line' id='line_1_53' title="bbox 1150 1402 1330 1443; baseline 0 -9"><span class='ocrx_word' id='word_1_258' title='bbox 1150 1412 1232 1443; x_wconf 86' lang='lat' dir='ltr'><strong>rum,</strong></span> <span class='ocrx_word' id='word_1_259' title='bbox 1255 1402 1330 1436; x_wconf 75' lang='lat' dir='ltr'><strong>39t1.</strong></span> 
     </span>
    </p>

    <p class='ocr_par' dir='ltr' id='par_1_23' title="bbox 1152 1454 1807 1548">
     <span class='ocr_line' id='line_1_54' title="bbox 1195 1454 1807 1498; baseline 0.002 -12"><span class='ocrx_word' id='word_1_260' title='bbox 1195 1454 1344 1497; x_wconf 85' lang='lat' dir='ltr'><strong>Sequitur</strong></span> <span class='ocrx_word' id='word_1_261' title='bbox 1376 1454 1535 1498; x_wconf 89' lang='lat' dir='ltr'><strong>ampliatio</strong></span> <span class='ocrx_word' id='word_1_262' title='bbox 1568 1454 1670 1487; x_wconf 85' lang='lat' dir='ltr'><strong>dictae</strong></span> <span class='ocrx_word' id='word_1_263' title='bbox 1700 1458 1807 1487; x_wconf 87' lang='lat' dir='ltr'><strong>aucto-</strong></span> 
     </span>
     <span class='ocr_line' id='line_1_55' title="bbox 1152 1506 1544 1548; baseline 0 -9"><span class='ocrx_word' id='word_1_264' title='bbox 1152 1507 1254 1540; x_wconf 86' lang='lat' dir='ltr'><strong>ritatis</strong></span> <span class='ocrx_word' id='word_1_265' title='bbox 1276 1506 1445 1548; x_wconf 88' lang='lat' dir='ltr'><strong>alienandi,</strong></span> <span class='ocrx_word' id='word_1_266' title='bbox 1472 1507 1544 1541; x_wconf 73' lang='lat'><strong>394.</strong></span> 
     </span>
    </p>
   </div>
   <div class='ocr_carea' id='block_1_20' title="bbox 1065 1558 1808 1602">
    <p class='ocr_par' dir='ltr' id='par_1_24' title="bbox 1065 1558 1808 1602">
     <span class='ocr_line' id='line_1_56' title="bbox 1065 1558 1808 1602; baseline -0.005 -8"><span class='ocrx_word' id='word_1_267' title='bbox 1065 1559 1214 1594; x_wconf 85' lang='lat' dir='ltr'><strong>CXXXIX.</strong></span> <span class='ocrx_word' id='word_1_268' title='bbox 1245 1558 1333 1597; x_wconf 86' lang='lat' dir='ltr'><strong>Quod</strong></span> <span class='ocrx_word' id='word_1_269' title='bbox 1362 1569 1514 1602; x_wconf 85' lang='lat' dir='ltr'><strong>personae</strong></span> <span class='ocrx_word' id='word_1_270' title='bbox 1545 1558 1709 1592; x_wconf 86' lang='lat' dir='ltr'><strong>Societatis</strong></span> <span class='ocrx_word' id='word_1_271' title='bbox 1738 1559 1808 1591; x_wconf 90' lang='lat' dir='ltr'><strong>lesu</strong></span> 
     </span>
    </p>
   </div>
   <div class='ocr_carea' id='block_1_21' title="bbox 1149 1610 1809 2018">
    <p class='ocr_par' dir='ltr' id='par_1_25' title="bbox 1149 1610 1808 1919">
     <span class='ocr_line' id='line_1_57' title="bbox 1152 1610 1808 1654; baseline -0.005 -9"><span class='ocrx_word' id='word_1_272' title='bbox 1152 1623 1171 1645; x_wconf 89' lang='lat' dir='ltr'><strong>a</strong></span> <span class='ocrx_word' id='word_1_273' title='bbox 1199 1621 1398 1654; x_wconf 83' lang='lat' dir='ltr'><strong>quocumque</strong></span> <span class='ocrx_word' id='word_1_274' title='bbox 1422 1610 1578 1651; x_wconf 84' lang='lat' dir='ltr'><strong>antistite,</strong></span> <span class='ocrx_word' id='word_1_275' title='bbox 1602 1610 1698 1643; x_wconf 86' lang='lat' dir='ltr'><strong>etiam</strong></span> <span class='ocrx_word' id='word_1_276' title='bbox 1720 1615 1808 1643; x_wconf 86' lang='lat' dir='ltr'><strong>extra</strong></span> 
     </span>
     <span class='ocr_line' id='line_1_58' title="bbox 1151 1662 1807 1706; baseline -0.003 -10"><span class='ocrx_word' id='word_1_277' title='bbox 1151 1669 1310 1706; x_wconf 89' lang='lat' dir='ltr'><strong>tempora,</strong></span> <span class='ocrx_word' id='word_1_278' title='bbox 1333 1662 1372 1695; x_wconf 86' lang='lat' dir='ltr'><strong>de</strong></span> <span class='ocrx_word' id='word_1_279' title='bbox 1398 1662 1523 1695; x_wconf 88' lang='lat' dir='ltr'><strong>licentia</strong></span> <span class='ocrx_word' id='word_1_280' title='bbox 1557 1672 1686 1694; x_wconf 90' lang='lat' dir='ltr'><strong>suorum</strong></span> <span class='ocrx_word' id='word_1_281' title='bbox 1716 1672 1807 1705; x_wconf 89' lang='lat' dir='ltr'><strong>prae-</strong></span> 
     </span>
     <span class='ocr_line' id='line_1_59' title="bbox 1151 1714 1808 1758; baseline -0.005 -9"><span class='ocrx_word' id='word_1_282' title='bbox 1151 1717 1300 1756; x_wconf 88' lang='lat' dir='ltr'><strong>latorum,</strong></span> <span class='ocrx_word' id='word_1_283' title='bbox 1325 1715 1363 1748; x_wconf 87' lang='lat' dir='ltr'><strong>ad</strong></span> <span class='ocrx_word' id='word_1_284' title='bbox 1397 1725 1501 1747; x_wconf 88' lang='lat' dir='ltr'><strong>sacros</strong></span> <span class='ocrx_word' id='word_1_285' title='bbox 1530 1714 1655 1747; x_wconf 90' lang='lat' dir='ltr'><strong>ordines</strong></span> <span class='ocrx_word' id='word_1_286' title='bbox 1681 1724 1808 1758; x_wconf 89' lang='lat' dir='ltr'><strong>promo-</strong></span> 
     </span>
     <span class='ocr_line' id='line_1_60' title="bbox 1150 1766 1806 1811; baseline -0.005 -9"><span class='ocrx_word' id='word_1_287' title='bbox 1150 1770 1227 1810; x_wconf 90' lang='lat' dir='ltr'><strong>veri,</strong></span> <span class='ocrx_word' id='word_1_288' title='bbox 1243 1774 1272 1802; x_wconf 91' lang='lat' dir='ltr'><strong>et</strong></span> <span class='ocrx_word' id='word_1_289' title='bbox 1300 1769 1339 1800; x_wconf 90' lang='lat' dir='ltr'><strong>ad</strong></span> <span class='ocrx_word' id='word_1_290' title='bbox 1366 1777 1580 1811; x_wconf 89' lang='lat' dir='ltr'><strong>quoscumque</strong></span> <span class='ocrx_word' id='word_1_291' title='bbox 1611 1767 1688 1800; x_wconf 90' lang='lat' dir='ltr'><strong>alios</strong></span> <span class='ocrx_word' id='word_1_292' title='bbox 1714 1766 1806 1800; x_wconf 88' lang='lat' dir='ltr'><strong>Ordi-</strong></span> 
     </span>
     <span class='ocr_line' id='line_1_61' title="bbox 1151 1818 1808 1863; baseline -0.006 -8"><span class='ocrx_word' id='word_1_293' title='bbox 1151 1833 1207 1856; x_wconf 91' lang='lat' dir='ltr'><strong>nes</strong></span> <span class='ocrx_word' id='word_1_294' title='bbox 1239 1821 1371 1854; x_wconf 86' lang='lat' dir='ltr'><strong>transire</strong></span> <span class='ocrx_word' id='word_1_295' title='bbox 1402 1819 1532 1863; x_wconf 91' lang='lat' dir='ltr'><strong>possint,</strong></span> <span class='ocrx_word' id='word_1_296' title='bbox 1549 1819 1657 1852; x_wconf 89' lang='lat' dir='ltr'><strong>habita</strong></span> <span class='ocrx_word' id='word_1_297' title='bbox 1680 1818 1808 1852; x_wconf 88' lang='lat' dir='ltr'><strong>licentia</strong></span> 
     </span>
     <span class='ocr_line' id='line_1_62' title="bbox 1149 1871 1613 1919; baseline -0.011 -11"><span class='ocrx_word' id='word_1_298' title='bbox 1149 1873 1322 1919; x_wconf 88' lang='lat' dir='ltr'><strong>praepositi</strong></span> <span class='ocrx_word' id='word_1_299' title='bbox 1345 1872 1511 1916; x_wconf 82' lang='lat' dir='ltr'><strong>generalis,</strong></span> <span class='ocrx_word' id='word_1_300' title='bbox 1538 1871 1613 1905; x_wconf 87' lang='grc'>397.</span> 
     </span>
    </p>

    <p class='ocr_par' dir='ltr' id='par_1_26' title="bbox 1153 1921 1809 2018">
     <span class='ocr_line' id='line_1_63' title="bbox 1194 1921 1809 1970; baseline -0.013 -9"><span class='ocrx_word' id='word_1_301' title='bbox 1194 1927 1343 1970; x_wconf 85' lang='lat' dir='ltr'><strong>Sequitur</strong></span> <span class='ocrx_word' id='word_1_302' title='bbox 1364 1925 1493 1958; x_wconf 87' lang='lat' dir='ltr'><strong>facultas</strong></span> <span class='ocrx_word' id='word_1_303' title='bbox 1517 1922 1701 1956; x_wconf 86' lang='lat' dir='ltr'><strong>transeundi</strong></span> <span class='ocrx_word' id='word_1_304' title='bbox 1718 1921 1758 1954; x_wconf 87' lang='lat' dir='ltr'><strong>ad</strong></span> <span class='ocrx_word' id='word_1_305' title='bbox 1774 1931 1809 1954; x_wconf 88' lang='lat' dir='ltr'><strong>a·</strong></span> 
     </span>
     <span class='ocr_line' id='line_1_64' title="bbox 1153 1973 1656 2018; baseline -0.014 -5"><span class='ocrx_word' id='word_1_306' title='bbox 1153 1980 1210 2013; x_wconf 91' lang='lat' dir='ltr'><strong>lios</strong></span> <span class='ocrx_word' id='word_1_307' title='bbox 1233 1978 1365 2011; x_wconf 85' lang='lat' dir='ltr'><strong>Ordines</strong></span> <span class='ocrx_word' id='word_1_308' title='bbox 1387 1976 1557 2018; x_wconf 86' lang='lat' dir='ltr'><strong>regulares,</strong></span> <span class='ocrx_word' id='word_1_309' title='bbox 1581 1973 1656 2008; x_wconf 82' lang='lat'><strong>398.</strong></span> 
     </span>
    </p>
   </div>
   <div class='ocr_carea' id='block_1_22' title="bbox 1064 2024 1808 2069">
    <p class='ocr_par' dir='ltr' id='par_1_27' title="bbox 1064 2024 1808 2069">
     <span class='ocr_line' id='line_1_65' title="bbox 1064 2024 1808 2069; baseline -0.013 -2"><span class='ocrx_word' id='word_1_310' title='bbox 1064 2033 1144 2067; x_wconf 87' lang='lat' dir='ltr'><strong>CXL.</strong></span> <span class='ocrx_word' id='word_1_311' title='bbox 1167 2032 1250 2064; x_wconf 83' lang='lat' dir='ltr'><strong>Nova</strong></span> <span class='ocrx_word' id='word_1_312' title='bbox 1273 2028 1456 2062; x_wconf 89' lang='lat' dir='ltr'><strong>constitutio</strong></span> <span class='ocrx_word' id='word_1_313' title='bbox 1479 2037 1573 2069; x_wconf 89' lang='lat' dir='ltr'><strong>super</strong></span> <span class='ocrx_word' id='word_1_314' title='bbox 1596 2025 1716 2066; x_wconf 91' lang='lat' dir='ltr'><strong>duellis,</strong></span> <span class='ocrx_word' id='word_1_315' title='bbox 1733 2024 1808 2058; x_wconf 86' lang='lat'><strong>399.</strong></span> 
     </span>
    </p>
   </div>
   <div class='ocr_carea' id='block_1_23' title="bbox 295 2071 1808 2121">
    <p class='ocr_par' dir='ltr' id='par_1_28' title="bbox 295 2071 1808 2121">
     <span class='ocr_line' id='line_1_66' title="bbox 295 2071 1808 2121; baseline 0.003 -18"><span class='ocrx_word' id='word_1_316' title='bbox 295 2071 442 2105; x_wconf 84' lang='lat' dir='ltr'>CXXXIII.</span> <span class='ocrx_word' id='word_1_317' title='bbox 466 2075 610 2108; x_wconf 76' lang='lat' dir='ltr'><strong>Extendit</strong></span> <span class='ocrx_word' id='word_1_318' title='bbox 626 2077 742 2118; x_wconf 83' lang='lat' dir='ltr'><strong>literas,</strong></span> <span class='ocrx_word' id='word_1_319' title='bbox 759 2079 874 2121; x_wconf 88' lang='lat' dir='ltr'><strong>quibus</strong></span> <span class='ocrx_word' id='word_1_320' title='bbox 895 2079 970 2113; x_wconf 89' lang='lat' dir='ltr'><strong>alias</strong></span> <span class='ocrx_word' id='word_1_321' title='bbox 986 2091 1036 2113; x_wconf 89' lang='lat' dir='ltr'><strong>su·</strong></span> <span class='ocrx_word' id='word_1_322' title='bbox 1064 2085 1157 2118; x_wconf 81' lang='lat' dir='ltr'>CXLI,</span> <span class='ocrx_word' id='word_1_323' title='bbox 1183 2081 1313 2116; x_wconf 88' lang='lat' dir='ltr'><strong>Concilii</strong></span> <span class='ocrx_word' id='word_1_324' title='bbox 1351 2078 1525 2116; x_wconf 85' lang='lat' dir='ltr'><strong>Tridentini</strong></span> <span class='ocrx_word' id='word_1_325' title='bbox 1565 2077 1738 2121; x_wconf 89' lang='lat' dir='ltr'><strong>prohibitio</strong></span> <span class='ocrx_word' id='word_1_326' title='bbox 1768 2076 1808 2109; x_wconf 91' lang='lat' dir='ltr'><strong>de</strong></span> 
     </span>
    </p>
   </div>
   <div class='ocr_carea' id='block_1_24' title="bbox 379 2125 1037 2224">
    <p class='ocr_par' dir='ltr' id='par_1_29' title="bbox 379 2125 1037 2224">
     <span class='ocr_line' id='line_1_67' title="bbox 379 2125 1037 2173; baseline 0.017 -18"><span class='ocrx_word' id='word_1_327' title='bbox 379 2125 466 2157; x_wconf 79' lang='lat' dir='ltr'><strong>stulit.</strong></span> <span class='ocrx_word' id='word_1_328' title='bbox 492 2137 640 2162; x_wconf 86' lang='lat' dir='ltr'><strong>censuras</strong></span> <span class='ocrx_word' id='word_1_329' title='bbox 666 2135 696 2162; x_wconf 89' lang='lat' dir='ltr'><strong>et</strong></span> <span class='ocrx_word' id='word_1_330' title='bbox 723 2141 851 2173; x_wconf 91' lang='lat' dir='ltr'><strong>poenas,</strong></span> <span class='ocrx_word' id='word_1_331' title='bbox 869 2131 901 2164; x_wconf 93' lang='lat' dir='ltr'><strong>in</strong></span> <span class='ocrx_word' id='word_1_332' title='bbox 925 2132 1037 2166; x_wconf 87' lang='lat' dir='ltr'><strong>litteris</strong></span> 
     </span>
     <span class='ocr_line' id='line_1_68' title="bbox 379 2177 1036 2224; baseline 0.015 -16"><span class='ocrx_word' id='word_1_333' title='bbox 379 2177 425 2209; x_wconf 89' lang='lat' dir='ltr'><strong>Pii</strong></span> <span class='ocrx_word' id='word_1_334' title='bbox 453 2179 473 2210; x_wconf 91' lang='lat' dir='ltr'>V</span> <span class='ocrx_word' id='word_1_335' title='bbox 489 2186 599 2213; x_wconf 88' lang='lat' dir='ltr'><strong>contra</strong></span> <span class='ocrx_word' id='word_1_336' title='bbox 615 2182 772 2224; x_wconf 83' lang='lat' dir='ltr'><strong>agitantes</strong></span> <span class='ocrx_word' id='word_1_337' title='bbox 787 2189 894 2217; x_wconf 86' lang='lat' dir='ltr'><strong>tauros</strong></span> <span class='ocrx_word' id='word_1_338' title='bbox 909 2189 1036 2218; x_wconf 88' lang='lat' dir='ltr'><strong>conten-</strong></span> 
     </span>
    </p>
   </div>
   <div class='ocr_carea' id='block_1_25' title="bbox 1150 2129 1808 2226">
    <p class='ocr_par' dir='ltr' id='par_1_30' title="bbox 1150 2129 1808 2226">
     <span class='ocr_line' id='line_1_69' title="bbox 1150 2129 1808 2174; baseline -0.009 -6"><span class='ocrx_word' id='word_1_339' title='bbox 1150 2134 1260 2168; x_wconf 89' lang='lat' dir='ltr'><strong>duellis</strong></span> <span class='ocrx_word' id='word_1_340' title='bbox 1281 2132 1459 2167; x_wconf 80' lang='lat' dir='ltr'><strong>extenditur</strong></span> <span class='ocrx_word' id='word_1_341' title='bbox 1481 2131 1521 2163; x_wconf 91' lang='lat' dir='ltr'><strong>ad</strong></span> <span class='ocrx_word' id='word_1_342' title='bbox 1543 2130 1646 2163; x_wconf 87' lang='lat' dir='ltr'><strong>duella</strong></span> <span class='ocrx_word' id='word_1_343' title='bbox 1661 2129 1808 2174; x_wconf 87' lang='lat' dir='ltr'><strong>privatim</strong></span> 
     </span>
     <span class='ocr_line' id='line_1_70' title="bbox 1151 2183 1427 2226; baseline -0.014 -5"><span class='ocrx_word' id='word_1_344' title='bbox 1151 2186 1328 2226; x_wconf 82' lang='lat' dir='ltr'><strong>commissa,</strong></span> <span class='ocrx_word' id='word_1_345' title='bbox 1351 2183 1427 2218; x_wconf 76' lang='lat'><strong>400.</strong></span> 
     </span>
    </p>
   </div>
   <div class='ocr_carea' id='block_1_26' title="bbox 378 2231 1809 2280">
    <p class='ocr_par' dir='ltr' id='par_1_31' title="bbox 378 2231 1809 2280">
     <span class='ocr_line' id='line_1_71' title="bbox 378 2231 1809 2280; baseline -0.008 -3"><span class='ocrx_word' id='word_1_346' title='bbox 378 2234 434 2270; x_wconf 65' lang='lat'><strong>¹³3³</strong></span> <span class='ocrx_word' id='word_1_347' title='bbox 466 2231 499 2262; x_wconf 60' lang='lat'><strong>5¹¹</strong></span> <span class='ocrx_word' id='word_1_348' title='bbox 531 2232 753 2276; x_wconf 84' lang='lat' dir='ltr'><strong>Hispaniarum</strong></span> <span class='ocrx_word' id='word_1_349' title='bbox 784 2235 901 2278; x_wconf 54' lang='lat' dir='ltr'><strong>regnis</strong></span> <span class='ocrx_word' id='word_1_350' title='bbox 933 2238 1036 2280; x_wconf 88' lang='lat' dir='ltr'><strong>quoad</strong></span> <span class='ocrx_word' id='word_1_351' title='bbox 1063 2240 1169 2274; x_wconf 86' lang='lat' dir='ltr'>CXLII.</span> <span class='ocrx_word' id='word_1_352' title='bbox 1202 2237 1324 2271; x_wconf 89' lang='lat' dir='ltr'><strong>Erectio</strong></span> <span class='ocrx_word' id='word_1_353' title='bbox 1362 2234 1508 2269; x_wconf 88' lang='lat' dir='ltr'><strong>ecclesiae</strong></span> <span class='ocrx_word' id='word_1_354' title='bbox 1544 2233 1728 2277; x_wconf 88' lang='lat' dir='ltr'><strong>episcopalis</strong></span> <span class='ocrx_word' id='word_1_355' title='bbox 1764 2232 1809 2265; x_wconf 93' lang='lat' dir='ltr'><strong>ci-</strong></span> 
     </span>
    </p>
   </div>
   <div class='ocr_carea' id='block_1_27' title="bbox 379 2282 1036 2430">
    <p class='ocr_par' dir='ltr' id='par_1_32' title="bbox 379 2282 1036 2430">
     <span class='ocr_line' id='line_1_72' title="bbox 380 2282 1036 2322; baseline 0.014 -9"><span class='ocrx_word' id='word_1_356' title='bbox 380 2282 475 2315; x_wconf 87' lang='lat' dir='ltr'><strong>laicos</strong></span> <span class='ocrx_word' id='word_1_357' title='bbox 497 2289 527 2316; x_wconf 87' lang='lat' dir='ltr'><strong>et</strong></span> <span class='ocrx_word' id='word_1_358' title='bbox 545 2286 660 2319; x_wconf 86' lang='lat' dir='ltr'><strong>milites</strong></span> <span class='ocrx_word' id='word_1_359' title='bbox 677 2287 774 2320; x_wconf 89' lang='lat' dir='ltr'><strong>sacris</strong></span> <span class='ocrx_word' id='word_1_360' title='bbox 790 2288 957 2322; x_wconf 86' lang='lat' dir='ltr'><strong>ordinibus</strong></span> <span class='ocrx_word' id='word_1_361' title='bbox 973 2299 1036 2322; x_wconf 92' lang='lat' dir='ltr'><strong>non</strong></span> 
     </span>
     <span class='ocr_line' id='line_1_73' title="bbox 379 2333 1036 2383; baseline 0.017 -19"><span class='ocrx_word' id='word_1_362' title='bbox 379 2333 528 2376; x_wconf 86' lang='lat' dir='ltr'><strong>initiatos,</strong></span> <span class='ocrx_word' id='word_1_363' title='bbox 546 2338 585 2370; x_wconf 88' lang='lat' dir='ltr'><strong>ad</strong></span> <span class='ocrx_word' id='word_1_364' title='bbox 603 2339 810 2381; x_wconf 79' lang='lat' dir='ltr'><strong>portugalliae</strong></span> <span class='ocrx_word' id='word_1_365' title='bbox 825 2345 857 2373; x_wconf 87' lang='lat' dir='ltr'><strong>et</strong></span> <span class='ocrx_word' id='word_1_366' title='bbox 872 2341 1036 2383; x_wconf 87' lang='lat' dir='ltr'><strong>Algarbio-</strong></span> 
     </span>
     <span class='ocr_line' id='line_1_74' title="bbox 381 2390 764 2430; baseline 0.023 -14"><span class='ocrx_word' id='word_1_367' title='bbox 381 2395 451 2418; x_wconf 89' lang='lat' dir='ltr'><strong>rum</strong></span> <span class='ocrx_word' id='word_1_368' title='bbox 479 2398 587 2430; x_wconf 79' lang='lat' dir='ltr'><strong>regna,</strong></span> <span class='ocrx_word' id='word_1_369' title='bbox 611 2394 665 2423; x_wconf 83' lang='lat' dir='ltr'><strong>elc.</strong></span> <span class='ocrx_word' id='word_1_370' title='bbox 690 2390 764 2425; x_wconf 69' lang='lat'><strong>382.</strong></span> 
     </span>
    </p>
   </div>
   <div class='ocr_carea' id='block_1_28' title="bbox 1148 2285 1809 2434">
    <p class='ocr_par' dir='ltr' id='par_1_33' title="bbox 1148 2285 1809 2434">
     <span class='ocr_line' id='line_1_75' title="bbox 1149 2285 1809 2329; baseline -0.012 -5"><span class='ocrx_word' id='word_1_371' title='bbox 1149 2290 1255 2324; x_wconf 87' lang='lat' dir='ltr'><strong>vitatis</strong></span> <span class='ocrx_word' id='word_1_372' title='bbox 1278 2287 1447 2327; x_wconf 86' lang='lat' dir='ltr'><strong>Bononiae,</strong></span> <span class='ocrx_word' id='word_1_373' title='bbox 1471 2287 1503 2318; x_wconf 91' lang='lat' dir='ltr'><strong>in</strong></span> <span class='ocrx_word' id='word_1_374' title='bbox 1531 2285 1695 2329; x_wconf 89' lang='lat' dir='ltr'><strong>provincia</strong></span> <span class='ocrx_word' id='word_1_375' title='bbox 1717 2285 1809 2317; x_wconf 91' lang='lat' dir='ltr'><strong>Lom-</strong></span> 
     </span>
     <span class='ocr_line' id='line_1_76' title="bbox 1148 2337 1807 2382; baseline -0.011 -6"><span class='ocrx_word' id='word_1_376' title='bbox 1148 2342 1287 2382; x_wconf 85' lang='lat' dir='ltr'><strong>bardiae‚</strong></span> <span class='ocrx_word' id='word_1_377' title='bbox 1305 2343 1337 2374; x_wconf 92' lang='lat' dir='ltr'><strong>in</strong></span> <span class='ocrx_word' id='word_1_378' title='bbox 1368 2339 1531 2373; x_wconf 85' lang='lat' dir='ltr'><strong>ecclesiam</strong></span> <span class='ocrx_word' id='word_1_379' title='bbox 1554 2337 1807 2381; x_wconf 87' lang='lat' dir='ltr'><strong>archiepiscopa-</strong></span> 
     </span>
     <span class='ocr_line' id='line_1_77' title="bbox 1149 2392 1319 2434; baseline -0.012 -7"><span class='ocrx_word' id='word_1_380' title='bbox 1149 2395 1221 2434; x_wconf 90' lang='lat' dir='ltr'><strong>lem,</strong></span> <span class='ocrx_word' id='word_1_381' title='bbox 1245 2392 1319 2426; x_wconf 81' lang='lat'><strong>401.</strong></span> 
     </span>
    </p>
   </div>
   <div class='ocr_carea' id='block_1_29' title="bbox 294 2436 1806 2486">
    <p class='ocr_par' dir='ltr' id='par_1_34' title="bbox 294 2436 1806 2486">
     <span class='ocr_line' id='line_1_78' title="bbox 294 2436 1806 2486; baseline 0.004 -18"><span class='ocrx_word' id='word_1_382' title='bbox 294 2436 440 2471; x_wconf 79' lang='lat' dir='ltr'>CXXXIV.</span> <span class='ocrx_word' id='word_1_383' title='bbox 458 2439 600 2473; x_wconf 88' lang='lat' dir='ltr'><strong>Hortatio</strong></span> <span class='ocrx_word' id='word_1_384' title='bbox 616 2443 654 2475; x_wconf 88' lang='lat' dir='ltr'><strong>ad</strong></span> <span class='ocrx_word' id='word_1_385' title='bbox 671 2443 890 2477; x_wconf 87' lang='lat' dir='ltr'><strong>christifideles</strong></span> <span class='ocrx_word' id='word_1_386' title='bbox 905 2444 945 2477; x_wconf 92' lang='lat' dir='ltr'><strong>ad</strong></span> <span class='ocrx_word' id='word_1_387' title='bbox 961 2445 1035 2478; x_wconf 91' lang='lat' dir='ltr'><strong>sub·</strong></span> <span class='ocrx_word' id='word_1_388' title='bbox 1061 2446 1180 2480; x_wconf 87' lang='lat' dir='ltr'>CXLIII.</span> <span class='ocrx_word' id='word_1_389' title='bbox 1203 2444 1387 2478; x_wconf 86' lang='lat' dir='ltr'><strong>Abbatissae</strong></span> <span class='ocrx_word' id='word_1_390' title='bbox 1407 2449 1437 2477; x_wconf 89' lang='lat' dir='ltr'><strong>et</strong></span> <span class='ocrx_word' id='word_1_391' title='bbox 1454 2443 1532 2476; x_wconf 90' lang='lat' dir='ltr'><strong>aliae</strong></span> <span class='ocrx_word' id='word_1_392' title='bbox 1548 2443 1722 2486; x_wconf 85' lang='lat' dir='ltr'><strong>praefectae</strong></span> <span class='ocrx_word' id='word_1_393' title='bbox 1739 2451 1806 2474; x_wconf 88' lang='lat' dir='ltr'><strong>mo-</strong></span> 
     </span>
    </p>
   </div>
   <div class='ocr_carea' id='block_1_30' title="bbox 379 2491 1033 2651">
    <p class='ocr_par' dir='ltr' id='par_1_35' title="bbox 379 2491 1033 2651">
     <span class='ocr_line' id='line_1_79' title="bbox 380 2491 1033 2538; baseline 0.014 -18"><span class='ocrx_word' id='word_1_394' title='bbox 380 2491 568 2524; x_wconf 70' lang='lat' dir='ltr'><strong>veniendum</strong></span> <span class='ocrx_word' id='word_1_395' title='bbox 597 2495 789 2537; x_wconf 89' lang='lat' dir='ltr'><strong>pauperihus</strong></span> <span class='ocrx_word' id='word_1_396' title='bbox 818 2496 940 2538; x_wconf 85' lang='lat' dir='ltr'><strong>collegii</strong></span> <span class='ocrx_word' id='word_1_397' title='bbox 972 2497 1033 2529; x_wconf 85' lang='lat' dir='ltr'><strong>An-</strong></span> 
     </span>
     <span class='ocr_line' id='line_1_80' title="bbox 379 2542 1032 2592; baseline 0.015 -20"><span class='ocrx_word' id='word_1_398' title='bbox 379 2542 493 2583; x_wconf 74' lang='lat' dir='ltr'><strong>glicani</strong></span> <span class='ocrx_word' id='word_1_399' title='bbox 519 2545 656 2586; x_wconf 84' lang='lat' dir='ltr'><strong>Rhemis‚</strong></span> <span class='ocrx_word' id='word_1_400' title='bbox 680 2552 709 2579; x_wconf 93' lang='lat' dir='ltr'><strong>et</strong></span> <span class='ocrx_word' id='word_1_401' title='bbox 726 2547 839 2581; x_wconf 89' lang='lat' dir='ltr'><strong>ceteris</strong></span> <span class='ocrx_word' id='word_1_402' title='bbox 855 2548 963 2591; x_wconf 86' lang='lat' dir='ltr'><strong>Anglis</strong></span> <span class='ocrx_word' id='word_1_403' title='bbox 974 2559 1032 2592; x_wconf 90' lang='lat' dir='ltr'><strong>pro</strong></span> 
     </span>
     <span class='ocr_line' id='line_1_81' title="bbox 382 2594 922 2651; baseline 0.017 -26"><span class='ocrx_word' id='word_1_404' title='bbox 382 2594 441 2627; x_wconf 80' lang='lat' dir='ltr'><strong>tide</strong></span> <span class='ocrx_word' id='word_1_405' title='bbox 466 2597 618 2630; x_wconf 81' lang='lat' dir='ltr'><strong>catholica</strong></span> <span class='ocrx_word' id='word_1_406' title='bbox 642 2599 800 2642; x_wconf 89' lang='lat' dir='ltr'><strong>dispersis,</strong></span> <span class='ocrx_word' id='word_1_407' title='bbox 824 2599 922 2651; x_wconf 35' lang='lat'><strong>383..</strong></span> 
     </span>
    </p>
   </div>
   <div class='ocr_carea' id='block_1_31' title="bbox 1146 2493 1806 2636">
    <p class='ocr_par' dir='ltr' id='par_1_36' title="bbox 1146 2493 1806 2636">
     <span class='ocr_line' id='line_1_82' title="bbox 1147 2493 1806 2530; baseline -0.006 0"><span class='ocrx_word' id='word_1_408' title='bbox 1147 2497 1359 2530; x_wconf 87' lang='lat' dir='ltr'><strong>nasteriorum</strong></span> <span class='ocrx_word' id='word_1_409' title='bbox 1387 2495 1571 2528; x_wconf 89' lang='lat' dir='ltr'><strong>monialium</strong></span> <span class='ocrx_word' id='word_1_410' title='bbox 1599 2495 1632 2527; x_wconf 91' lang='lat' dir='ltr'><strong>in</strong></span> <span class='ocrx_word' id='word_1_411' title='bbox 1655 2494 1742 2527; x_wconf 86' lang='lat' dir='ltr'><strong>ltalia</strong></span> <span class='ocrx_word' id='word_1_412' title='bbox 1765 2493 1806 2526; x_wconf 81' lang='lat' dir='ltr'><strong>ad</strong></span> 
     </span>
     <span class='ocr_line' id='line_1_83' title="bbox 1146 2547 1805 2591; baseline -0.005 -9"><span class='ocrx_word' id='word_1_413' title='bbox 1146 2549 1320 2582; x_wconf 87' lang='lat' dir='ltr'><strong>triennium</strong></span> <span class='ocrx_word' id='word_1_414' title='bbox 1365 2547 1583 2582; x_wconf 88' lang='lat' dir='ltr'><strong>tantummodo</strong></span> <span class='ocrx_word' id='word_1_415' title='bbox 1627 2547 1805 2591; x_wconf 79' lang='lat' dir='ltr'><strong>eligantur,</strong></span> 
     </span>
     <span class='ocr_line' id='line_1_84' title="bbox 1147 2601 1224 2636; baseline 0.013 -1"><span class='ocrx_word' id='word_1_416' title='bbox 1147 2601 1224 2636; x_wconf 76' lang='lat'><strong>404.</strong></span> 
     </span>
    </p>
   </div>
   <div class='ocr_carea' id='block_1_32' title="bbox 1924 0 2059 3228">
    <p class='ocr_par' dir='ltr' id='par_1_37' title="bbox 1924 0 2059 3228">
     <span class='ocr_line' id='line_1_85' title="bbox 1924 0 2059 3228; baseline 0 0"><span class='ocrx_word' id='word_1_417' title='bbox 1924 0 2059 3228; x_wconf 95' lang='lat' dir='ltr'><strong> </strong></span> 
     </span>
    </p>
   </div>
  </div>
 </body>
</html>
