2059 3228
122 185 173 215 An.
191 187 219 216 C.
238 188 304 217 ¹³87

123 1318 251 1343 Peregrinos
274 1319 293 1338 in

109 1351 185 1370 cortem
195 1349 293 1376 hospitati

109 1381 202 1406 benigne
229 1382 293 1401 etiam

109 1413 177 1439 recipi
200 1413 290 1433 mandat.

119 1688 220 1708 Rationes
237 1693 292 1708 corn·

107 1722 203 1745 potorum
219 1720 242 1739 ah
259 1719 292 1739 ol>

108 1750 210 1770 ficialtbus
219 1750 292 1775 singu-

107 1780 133 1799 lis
183 1781 292 1801 mensibus

107 1811 161 1837 exigi
179 1812 290 1838 praecipit.

125 2269 288 2291 Theca-aravium

107 2303 128 2320 et
165 2301 289 2321 commissa-

106 2333 158 2352 rium
170 2334 291 2358 generat-vs,

106 2364 201 2383 eiusdem
219 2366 289 2390 ampi-

109 2394 156 2414 tatis
179 2395 290 2420 guberna—

107 2427 165 2445 torcs
182 2427 275 2452 deputat.

365 170 427 203 852

319 231 380 263 rito
402 230 597 263 consulenda
616 230 707 269 soret,
720 228 868 262 videlicet
881 227 913 260 in
929 227 1065 267 casibus,

318 290 379 316 tam
402 282 573 315 ordinariis
593 282 739 315 locorum
760 292 856 325 quam
877 281 972 315 etiam
993 279 1067 314 Setli

317 336 519 379 Apostolicae
539 335 785 378 quomodolibet.
806 334 985 375 reservatis,
1002 344 1067 367 non

316 395 423 422 autem
452 389 484 421 in
508 389 665 421 iudicium
682 389 841 428 deducti&
864 399 969 432 neque
991 397 1068 420 con-

316 443 409 475 tentis
444 442 476 475 in
504 442 619 475 litteris
640 443 691 474 ‹lie
711 442 836 475 Coenae
857 441 983 475 Domini
1004 440 1067 483 legi

315 495 426 536 solitis,
453 497 552 529 semel
575 491 607 529 in
640 496 785 538 ingressu
823 495 1001 539 hospitalis,
1037 499 1067 527 et

314 550 431 582 iterum
470 549 509 581 ab
548 549 699 582 omnibus
732 549 938 593 supradietis,
975 548 1065 581 nullo

313 613 445 646 prorsus
465 608 609 646 excepto,
634 603 665 635 in
682 603 793 636 mortis
822 603 970 641 articulo,
990 611 1066 634 con-

313 656 449 689 sessione
470 667 584 690 eorum
605 657 777 699 diligenter
797 656 919 695 audita,
942 657 974 688 in
994 656 1065 688 foro

312 715 437 742 tantum
469 710 696 747 conscientiae,
718 709 894 750 absolvere,
919 709 1065 741 iniuncta

312 763 386 796 inde
407 764 452 796 eis
473 774 531 807 pro
557 763 653 796 modo
683 764 809 807 culpae,
837 774 894 797 suo
920 761 1063 803 arbitrio,

311 817 510 860 poenitentia
527 817 672 850 salutari.
686 818 842 860 Quodque
856 816 1063 860 pauperibus,

310 870 466 904 ministris
491 877 521 904 et
545 871 758 904 servientibus
783 870 949 914 hospitalis
971 880 1062 903 men-

309 924 456 957 dicorum
478 923 675 964 huiusmodi,
693 929 895 957 sacramenta
912 923 1063 956 ecclesia-

309 978 387 1011 stica
403 978 628 1011 administrare
641 985 670 1011 et
683 979 911 1011 defunctorum
924 986 1063 1020 corpora

308 1031 340 1064 in
364 1032 496 1076 proprio
517 1032 715 1066 coemeterio
746 1031 883 1075 sepelire
908 1031 1011 1063 libere
1032 1036 1063 1064 et

308 1085 395 1118 licite
423 1086 561 1126 valeant,
597 1086 716 1119 eisdem
747 1084 939 1118 auctoritate
963 1089 995 1117 et
1014 1089 1059 1117 te-

309 1149 388 1171 nore
427 1138 575 1172 similiter
602 1144 760 1183 perpetuo
795 1137 1006 1171 concedimus
1031 1142 1062 1170 et

309 1191 528 1233 indulgemus.

352 1242 367 1283 ,S
387 1232 419 1274 8ss
447 1241 594 1275 Ceterum
620 1241 768 1275 volumus
797 1246 832 1273 ut
856 1241 888 1273 in
908 1240 1060 1285 hospitali

308 1294 484 1338 praedictO,
504 1295 550 1328 sic
565 1305 623 1338 per
642 1305 700 1340 nos
718 1300 836 1336 erecto,
859 1304 1019 1339 pauperes
1030 1302 1061 1328 et

309 1348 448 1381 mendici
465 1349 604 1381 advenae
622 1359 679 1392 per
703 1349 822 1382 Urbem
843 1354 1058 1389 transeunteS,

308 1401 334 1434 si
368 1412 406 1435 eo
431 1401 588 1435 divertere
616 1402 787 1442 voluerint,
814 1402 954 1446 benigne
978 1402 1061 1435 reci-

307 1454 449 1498 piantur,
469 1466 506 1489 ac
526 1456 572 1489 eis
596 1461 660 1489 tres
688 1456 881 1489 refectiones
901 1456 1059 1489 submini-

306 1514 461 1550 strentur,
483 1515 513 1543 et
534 1510 608 1543 inde
620 1521 693 1543 cum
711 1509 765 1543 Dei
782 1509 1008 1544 benedictione
1019 1511 1060 1544 ad

306 1562 367 1595 iter
384 1573 479 1596 suum
495 1563 757 1607 prosequendum
778 1564 994 1598 dimittantur.

351 1616 366 1659 g
386 1615 417 1649 9.
444 1617 666 1660 Praccipimus
691 1628 766 1650 vero
791 1623 932 1661 quatuor
955 1619 1057 1653 admi-

306 1669 536 1703 nistratoribus
559 1680 614 1703 sen
639 1671 801 1714 deputatis
825 1672 998 1715 praedictis
1023 1678 1059 1707 ut

306 1723 367 1767 ipsi
387 1723 522 1767 singulis
535 1725 700 1758 mensibus
716 1725 755 1757 ab
767 1726 966 1767 oeconomis,
984 1737 1058 1770 pro-

306 1777 524 1818 curatoribus,
538 1778 743 1818 officiaHbus,
764 1778 918 1811 ministris
937 1784 968 1812 et
987 1780 1059 1823 qui-

305 1829 411 1863 busvis
432 1831 578 1875 personis
595 1831 673 1865 dicti
690 1832 858 1875 hospitalis
874 1842 1057 1876 pauperum

306 1885 531 1918 mendicorum
555 1885 697 1919 rationes
721 1886 844 1929 accepti
871 1892 901 1918 et
926 1886 1057 1930 expensi

306 1934 451 1967 eiusdem
476 1934 645 1979 hospitalis
670 1935 841 1977 diligenter
864 1935 992 1978 exigant
1027 1942 1058 1969 et

306 1988 490 2032 inspiciant,
513 1999 633 2033 eosque
652 1989 692 2022 ad
713 1989 899 2022 huiusmodi
918 1989 1058 2023 rationes

306 2042 487 2075 reddendas
512 2048 627 2086 cogant
644 2043 776 2076 omnino
794 2048 826 2075 et
846 2043 1055 2086 compellant,

306 2101 402 2139 prout
421 2107 533 2129 eorum
555 2106 824 2140 unumquemque
839 2095 878 2128 ad
903 2095 934 2128 id
955 2096 1057 2129 teneri

305 2150 454 2182 volumus
474 2156 505 2183 et
529 2150 746 2189 decernimus.

350 2203 365 2245 ,ξ
389 2202 442 2236 «10.
466 2204 510 2236 Ac
535 2203 669 2247 insuper
697 2210 734 2236 ut
761 2202 861 2247 ipsius
888 2202 1057 2247 hospitalis

306 2266 489 2300 pauperum
536 2257 762 2290 mendicorum
800 2256 1055 2296 conservationi,

305 2308 456 2353 bonoque
476 2310 627 2353 regimini
651 2310 909 2354 eorumdemque
933 2320 1057 2354 paupe-

307 2368 378 2390 rum
405 2359 590 2402 indigentiis
617 2359 833 2404 opportunius
853 2360 1055 2399 consulatur,

307 2406 440 2440 dilectos
473 2408 556 2441 tilios
584 2415 710 2441 nostros
738 2414 768 2442 et
799 2406 951 2441 Gamerae
971 2409 1056 2451 Apo-

306 2456 437 2488 stolicae
472 2457 707 2490 thesaurarium
742 2462 773 2489 ct
799 2457 1055 2490 commissarium

306 2505 482 2547 generales,
499 2512 627 2538 nuncet
642 2517 699 2549 pro
714 2512 857 2549 tempore
875 2505 1055 2546 existentes,

911 175 1090 199 BULLAmUM
1114 175 1264 200 nonaum!

1111 225 1347 268 gubernatores
1367 232 1399 260 et
1414 228 1715 272 superintendentes
1735 229 1855 262 consti-

1113 279 1234 312 tuimus
1249 284 1279 312 ct
1295 279 1500 323 deputamus,
1519 291 1658 324 quorum
1674 282 1809 316 consilio
1826 288 1858 316 ct

1109 333 1174 375 ope'
1191 337 1333 376 quatuor
1348 332 1624 367 administratores
1635 344 1691 368 seu
1711 335 1856 380 deputati

1110 385 1267 428 praedicti
1287 396 1399 418 curam
1416 391 1446 420 et
1461 385 1654 429 gubernium
1667 388 1855 421 eorumdem

1109 438 1335 471 mendicorum
1354 449 1391 472 ac
1410 438 1486 472 dicti
1505 438 1684 481 hospitalis,
1706 440 1857 486 illiusque

1108 491 1285 531 redituum,
1320 497 1556 535 proventuum,
1585 492 1723 534 iurium,
1755 495 1856 529 actio-

1108 554 1187 577 num
1219 549 1249 577 et
1268 544 1431 579 bonorum
1465 545 1634 579 mobilium
1654 552 1685 579 et
1710 547 1858 581 immobi—

1107 596 1200 638 lium,
1223 598 1493 642 oblationumque
1522 604 1552 632 et
1579 600 1857 645 eleemosynarum

1107 651 1418 686 administrationem
1440 660 1566 697 gerant.
1589 654 1733 700 Denique
1753 661 1859 690 cetera

1108 705 1217 738 omnia
1237 706 1277 738 ad
1298 706 1451 750 pietatem
1471 712 1502 741 et
1519 708 1687 742 caritatem
1703 720 1857 743 exercen-

1107 758 1180 791 dam
1210 759 1419 802 pertinentia,
1454 767 1621 805 peragant,
1651 763 1802 796 ordinent
1819 774 1858 797 ac

1105 808 1292 842 decernant.
1314 809 1499 845 Mandantes
1514 811 1635 846 eisdem
1656 812 1856 846 thesaurario

1106 866 1137 894 et
1157 864 1393 906 commissario,
1416 866 1580 900 modernis
1591 872 1621 900 et
1641 877 1699 910 pro
1711 872 1857 911 tempore

1105 915 1326 959 existentibus,
1350 924 1386 952 ut
1421 929 1483 952 una
1510 931 1584 953 cnm
1613 920 1690 964 ipsis
1716 925 1856 964 quatuor

1104 968 1420 1005 administratoribus
1440 982 1498 1006 seu
1519 973 1692 1017 deputatis,
1714 980 1778 1007 tam
1800 973 1855 1007 ite-

1104 1032 1178 1055 rum
1202 1025 1385 1068 praedictas
1408 1037 1505 1070 quam
1526 1027 1604 1060 alias
1631 1037 1855 1071 quascumque

1104 1077 1244 1112 rationes
1264 1085 1296 1113 et
1320 1086 1473 1124 computa
1499 1081 1576 1114 dicti
1605 1081 1782 1125 hospitalis,
1813 1081 1855 1114 il-

1102 1131 1233 1175 liusque
1252 1133 1450 1175 debitorum,
1472 1135 1586 1168 saltem
1607 1135 1699 1168 tertio
1723 1145 1855 1179 quoque

1103 1195 1227 1226 mense,
1250 1192 1282 1220 et
1300 1193 1468 1231 praeterea
1487 1188 1614 1231 quoties
1633 1199 1715 1232 opus
1741 1188 1851 1230 suerit,

1103 1238 1243 1282 exigant,
1265 1246 1416 1275 accurate
1444 1242 1584 1282 videant,
1618 1242 1801 1276 examinent
1823 1247 1855 1276 et

1102 1294 1255 1328 solident.
1277 1295 1394 1330 Dantes
1414 1296 1478 1329 illis
1498 1302 1529 1330 et
1549 1298 1764 1331 concedentes
1787 1298 1854 1341 pte-

1103 1357 1179 1380 nam
1197 1353 1228 1381 et
1239 1348 1374 1382 liberam
1390 1349 1575 1384 facultatem
1590 1350 1853 1384 etauctoritatem

1102 1401 1286 1445 praedictos
1305 1413 1510 1445 oecononmS,
1534 1409 1774 1448 procui'atoreS,
1805 1403 1852 1437 of-

1100 1454 1233 1496 ficiales,
1251 1456 1426 1498 ministros,
1445 1457 1633 1498 servientes,
1652 1457 1812 1491 debitores
1822 1462 1854 1490 et

1100 1508 1182 1542 alios
1202 1520 1440 1554 quoscumque,
1467 1521 1608 1555 quorum
1632 1511 1792 1552 intererit,
1813 1511 1853 1544 ad

1100 1562 1281 1596 reddendas
1301 1563 1488 1597 huiusmodi
1508 1564 1647 1598 rationes
1662 1564 1854 1609 opportunis

1100 1615 1181 1650 iuris
1196 1623 1227 1650 et
1245 1617 1319 1651 facti
1339 1618 1491 1651 remediis
1503 1619 1639 1661 cogendi
1658 1623 1688 1651 et
1707 1618 1851 1662 compel-

1099 1670 1201 1712 lendi,
1225 1676 1256 1704 et
1275 1682 1330 1705 eos
1349 1671 1404 1716 qui
1421 1671 1646 1711 satisfecerint,
1672 1670 1850 1715 quietandi,

1099 1723 1285 1758 absolvendi
1311 1731 1342 1758 et
1362 1725 1532 1766 liberandi,
1559 1736 1595 1759 ac
1615 1725 1762 1759 similiter
1778 1735 1852 1772 cum

1099 1780 1283 1813 interventu
1318 1779 1507 1812 eorumdem
1546 1785 1686 1822 quatuor
1713 1778 1851 1812 admini-

1099 1834 1274 1862 stratorum
1295 1839 1351 1862 seu
1377 1828 1620 1873 deputatorum,
1642 1838 1701 1871 pro
1730 1827 1851 1860 salubri

1099 1883 1277 1916 directione
1313 1888 1343 1916 et
1372 1882 1614 1916 conservatione
1639 1880 1717 1914 dicti
1744 1881 1852 1925 hospi-

1099 1936 1170 1969 talis
1205 1946 1386 1980 pauperum
1424 1935 1661 1975 mendicorum,
1700 1934 1851 1978 illiusque

1098 1990 1260 2023 bonorum
1289 1989 1455 2022 etiurium
1481 1987 1708 2032 temporalium
1733 1993 1765 2021 et
1784 1986 1850 2032 spi-

1099 2044 1279 2083 ritualium,
1307 2053 1529 2087 quoscumque
1550 2042 1713 2082 officiales,
1734 2051 1850 2085 procu-

1099 2102 1235 2138 ratores,
1258 2096 1422 2130 ministros
1441 2102 1473 2129 et
1492 2096 1666 2129 servientes
1687 2094 1718 2127 in
1738 2105 1776 2128 eo
1795 2094 1850 2127 dc-

1099 2151 1232 2194 putandi
1248 2156 1279 2185 et
1298 2149 1480 2189 amovendi,
1493 2149 1638 2192 aliosque
1651 2159 1763 2182 eorum
1776 2148 1848 2181 loco

1099 2204 1291 2245 suffic-iendi,
1316 2204 1536 2238 ordinationes
1555 2209 1586 2236 et
1610 2207 1737 2249 statuta,
1761 2201 1848 2234 licita

1101 2265 1206 2291 tamen
1227 2264 1259 2292 et
1277 2259 1411 2291 honesta
1431 2257 1595 2300 sacrisque
1620 2254 1797 2289 canonibus
1817 2261 1849 2288 et

1099 2308 1260 2351 generalis
1279 2307 1394 2341 concili
1419 2305 1599 2339 Tridentini
1624 2304 1762 2338 decretis
1782 2314 1847 2337 non

1100 2357 1272 2398 contraria,
1292 2357 1430 2391 faciendi
1451 2355 1616 2393 etcdendi,
1635 2353 1749 2397 eaque,
1771 2363 1846 2386 cmn

1099 2407 1199 2439 visum
1221 2405 1328 2447 fuerit,
1351 2404 1533 2444 revocandi,
1561 2401 1846 2442 imnmtandi‚cor-

1100 2455 1235 2498 rigcndi,
1258 2455 1385 2498 aliaque
1410 2455 1449 2486 dc
1474 2463 1555 2486 novo
1576 2449 1846 2488 condentli.Qtiae

1099 2505 1231 2547 quidem
1251 2509 1369 2537 statuta
1394 2502 1545 2542 sicsacta,
1567 2501 1663 2541 edita,
1687 2501 1842 2537 revocata,

307 2552 450 2586 eiusdem
462 2553 817 2598 hospitalispauperum
831 2554 1054 2588 mendicorum
1074 2557 1080 2605 Ι
1099 2555 1267 2588 immutata
1295 2559 1327 2586 et
1349 2557 1507 2592 correcta,
1521 2557 1689 2595 postquam
1709 2558 1767 2592 per
1786 2556 1844 2579 nos

1912 0 2030 127 a

1870 176 1923 205 An.
1941 175 1970 205 C.
1979 139 2034 223 ‚1³38

1995 909 1998 917 -
1974 559 2019 897 deaceae-{mmm
2002 516 2017 547 a>
