2059 3228
299 309 363 343 qua
382 307 445 331 una
468 295 588 329 habitat
610 299 638 327 et
663 290 848 337 requiescit,
871 290 1041 323 itaRomae

297 356 418 395 septem
438 348 593 383 eeclesiae
613 357 730 390 magno
749 345 893 379 eiusdem
913 344 1040 377 numeri

296 403 445 448 mysterio
465 408 539 436 sunt
559 401 735 442 institutae,
758 404 794 433 ut
811 399 911 433 totius
930 399 1040 431 Eccle-

295 457 359 490 siae
376 457 454 490 unio
474 463 504 490 et
525 455 679 499 perfectio
695 454 808 498 inipso
822 453 937 497 capite,
956 452 1040 485 unde

293 510 439 544 omnium
451 509 663 543 ecclesiarum
676 507 783 542 unitas
793 507 947 547 dimanat,
963 506 1039 539 illu-

293 563 389 596 strius
408 568 590 607 appareret.

334 617 348 660 fi
372 616 404 650 3.
431 617 521 656 Quod
542 627 616 650 eum
636 616 679 649 ita
694 616 742 656 sit,
763 626 837 649 sane
848 625 913 648 non
924 624 1039 658 possu-

130 709 134 712 ,
158 676 181 713 ¹.¹¹
201 676 274 703 quibus
290 681 363 703 mus
389 681 454 704 non
487 670 596 704 dolere
627 680 805 713 numquam
831 669 896 702 sere
923 666 1040 701 nostris

91 711 170 759 2222?
204 708 273 760 0222}
288 723 420 766 quidem
441 724 653 767 temporibus,
676 723 764 767 apud
785 733 848 763 eas,
872 733 936 755 una
956 721 1039 754 Vati-

88 769 201 823 mettum
217 771 272 792 ⁸⁰¹⁶·
287 786 367 810 cana
387 782 532 820 excepta,
551 777 753 821 pontificales
773 777 936 821 cappellas
956 776 1038 808 cele-

284 829 384 871 brari,
415 841 489 864 eum
522 835 630 864 tamen
658 830 830 874 primariae
849 829 922 862 illae
945 829 1038 862 Urbis

284 883 447 925 basilicae,
470 890 535 918 toto
561 890 721 918 terrarum
738 884 816 917 orbe
841 883 992 923 illustres,
1019 893 1037 915 a

284 936 418 970 Summo
434 937 578 971 Romano
597 937 752 971 Pontifice
772 943 803 970 et
822 947 913 970 sacro
934 935 1037 969 cardi-

284 990 409 1024 nalium
430 991 617 1034 collegioita
636 991 799 1024 interdum
814 990 895 1023 adiri
907 990 1034 1029 debere,

284 1049 320 1077 ut
344 1044 389 1077 ibi
402 1056 532 1089 quoque
548 1045 656 1078 divina
677 1045 845 1078 missarum
867 1043 972 1076 officia
985 1053 1035 1076 so-

283 1096 434 1132 lemniter
452 1099 541 1140 fiant,
557 1098 739 1142 etipsarum
747 1098 956 1131 ecclesiarum
968 1107 1034 1129 ma-

282 1150 376 1185 iestas
390 1179 398 1193 ,
421 1153 453 1185 in
481 1152 600 1196 quibus
624 1152 748 1185 divinae
768 1151 890 1194 gratiae
911 1151 1033 1184 redun-

281 1205 366 1247 dant,
392 1211 422 1239 et
442 1206 636 1249 pontificalis
660 1205 757 1239 officii
777 1204 860 1237 ratio
880 1210 911 1238 et
931 1204 1032 1237 maio-

280 1268 353 1291 rum
365 1264 549 1292 nostrorum
562 1259 708 1302 exempla
723 1258 753 1291 id
764 1269 779 1291 a
790 1258 883 1291 nobis
898 1257 1031 1291 omnino

280 1312 446 1355 requirere
466 1312 646 1345 videantur.
675 1312 793 1345 Notum
820 1317 869 1352 est
887 1311 972 1344 enim
994 1321 1032 1343 ex

279 1366 514 1400 ecclesiasticae
526 1365 726 1410 antiquitatis
742 1364 962 1406 monimentis,
977 1375 1030 1398 ve-

279 1423 362 1452 teres
381 1419 453 1453 illos
469 1420 687 1453 sanctissimos
702 1418 874 1452 Pontifices
894 1417 1030 1462 praede-

278 1483 421 1506 cessores
432 1479 558 1506 nostros
570 1474 602 1506 in
615 1473 665 1505 his
682 1472 824 1505 basilicis
844 1472 1030 1515 frequenter

277 1525 451 1559 admodum
461 1526 678 1560 divinaofficia
687 1537 759 1559 cum
770 1526 857 1558 clero
869 1530 898 1558 et
908 1525 1029 1568 populo

277 1579 424 1619 obivisse,
446 1581 532 1624 quod
559 1580 699 1613 duorum
726 1577 918 1622 praesertim
951 1578 1028 1611 bea-

276 1632 474 1667 tissimorum
498 1633 705 1674 Pontificum,
732 1643 814 1676 quos
837 1632 877 1665 ob
909 1632 1028 1665 sancti-

276 1692 373 1720 tatem
393 1692 425 1721 et
443 1698 552 1721 rerum
573 1692 734 1730 gestarum
755 1686 892 1729 gloriam
913 1685 1028 1719 merito

277 1751 410 1784 magnos
443 1742 664 1785 appellamus,
694 1739 810 1773 Leonis
829 1744 859 1773 et
879 1738 1027 1783 Gregorii

276 1805 442 1828 sermones
462 1795 660 1838 complures,
681 1793 787 1826 divina
807 1793 947 1837 quadam
963 1792 1030 1836 spi-

275 1848 355 1881 ritus
372 1848 558 1892 eloquentia
577 1847 690 1892 pleni,
713 1847 797 1880 inter
818 1846 887 1891 ipsa
914 1846 1028 1879 missa-

275 1912 348 1934 rum
368 1902 524 1935 solemnia
543 1902 583 1936 ad
603 1901 762 1946 populum
781 1900 895 1942 habiti,
918 1905 1027 1944 aperte

276 1955 454 1989 declarant.

320 2010 335 2053 ἓ
353 2009 385 2043 4.
412 2009 517 2049 Quare
537 2019 612 2042 cum
637 2013 760 2053 septem
784 2006 847 2041 sint
866 2005 1028 2051 (Pascbali

133 2068 175 2104 ,³³³⁶
190 2070 261 2097 {taque
278 2063 522 2106 connumerata)
541 2061 810 2104 Quadragesimae
830 2059 1025 2100 dominicae3

77 2100 261 2158 sslssiss’basffi‘f
278 2123 309 2150 et
331 2127 461 2150 rursum
483 2123 624 2159 quatuor
648 2115 722 2148 illae
746 2114 919 2154 Adventus,
952 2123 1027 2146 cum

79 2168 150 2183 ‘³³⁰⁰'
176 2169 263 2184 '‘⁰²¹²''
277 2170 390 2211 Natali,
403 2168 657 2203 Circumcisione
676 2174 708 2201 et
720 2166 899 2212 Epiphania
917 2166 1027 2199 Domi-

79 2194 159 2214 tionem
183 2198 204 2214 et
225 2200 264 2221 po-

79 2224 122 2251 ¹²⁰¹i
169 2226 263 2246 ‘¹0'01i0·
278 2223 322 2263 ni,
336 2223 552 2267 septenarium
565 2223 642 2256 item
653 2232 829 2255 numerum
844 2219 1026 2260 conficiant,

79 2258 264 2308 ῗηεῗῑῖἷῖιῖᾞᾞῖ
279 2276 311 2309 in
330 2277 447 2320 quibus
467 2276 617 2310 omnibus
638 2274 879 2309 celebritatibus
899 2273 1028 2318 cappel—

81 2317 129 2339 tici,-
156 2319 264 2340 solemnes

81 2350 190 2369 mifflfflm
212 2356 263 2376 cap·
279 2331 339 2370 lae,
371 2330 404 2362 in
422 2330 606 2374 Apostolico
626 2329 748 2362 Palatio
767 2334 822 2362 aut
845 2328 877 2360 in
896 2327 1027 2360 basilica

82 2380 149 2434 {2³:22⁵
163 2382 264 2432 ,nwffifflj
278 2383 427 2417 Vaticana
437 2385 476 2417 de
490 2394 580 2416 more
600 2382 671 2416 fieri
688 2382 800 2422 solent,
813 2381 1026 2420 decrevimus,

82 2449 127 2464 rum
159 2443 265 2464 celebravi
279 2432 318 2464 tle
337 2432 472 2466 consilio
491 2431 726 2466 venerabilium
747 2431 884 2463 fratrum
905 2435 1028 2462 nostro-

84 2475 265 2527 fficfigfssfiffli'fffi
281 2491 364 2521 rum,
386 2482 482 2514 verbo
502 2492 575 2514 cum
598 2481 643 2514 eis
664 2491 700 2513 ea
720 2480 760 2513 de
781 2491 814 2513 re
828 2480 860 2512 in
871 2479 1026 2512 consisto-

83 2538 166 2558 ,πῆξε-ι..
181 2540 264 2559 cantan-
280 2528 328 2561 rio
348 2535 414 2561 nost
422 2540 456 2562 ro
476 2535 598 2562 secreto
619 2535 743 2562 mature
763 2529 858 2569 sacto,
877 2527 915 2560 ad
931 2527 984 2560 Dei
998 2531 1028 2560 et

82 2570 112 2595 ²⁰⁵
279 2583 463 2611 sanctorum
476 2579 611 2622 gloriam
621 2578 871 2619 eteoclesiarum
883 2576 1027 2621 ipsarum

279 2626 531 2669 venerationem,
561 2638 598 2661 ac
625 2627 727 2662 fidelis
750 2626 862 2671 populi
884 2625 1026 2659 devotio-

101 242 155 273 An.
169 243 199 273 C.
216 245 285 276 ¹586

889 236 1068 260 BULLARIUM
1086 235 1237 261 Romnum

1084 299 1157 321 nem
1169 289 1362 332 augendam,
1385 293 1540 326 senectuti
1558 298 1685 329 nostrae
1704 305 1828 339 nequa-

1083 352 1180 385 quam
1201 349 1379 386 parcenteS,
1400 345 1454 378 sed
1475 348 1745 389 pastoralisofficii
1758 340 1830 383 mul

1083 406 1143 428 nus
1169 404 1374 441 exequentes,
1402 399 1526 432 tametsi
1555 401 1748 439 gravissimis
1768 414 1828 448 pro
2033 351 2040 463 i

1082 449 1250 483 universae
1270 451 1432 485 Ecclesiae
1456 463 1534 486 cura
1560 457 1827 498 occupationibus

1082 501 1302 543 ‹lis-tineamur,
1325 505 1357 537 in
1378 506 1497 538 eisdem
1518 506 1658 540 basilicis
1668 509 1828 544 solemnes
2034 466 2041 548 i

1082 555 1250 589 missarum
1272 560 1434 602 cappellas
1452 550 1656 600 1hcero‚‘uno
1680 572 1718 595 ex
1736 562 1768 596 S.
1786 563 1824 597 R.
2003 591 2005 595 «

1080 608 1115 640 Ε.
1136 610 1354 644 cardinalibus
1367 612 1495 646 missam
1507 613 1706 648 celebrante:
1720 615 1826 660 idque,
1943 627 1967 641 ‹.
2025 626 2026 663 3

1080 663 1348 708 quotiescumque
1372 665 1405 698 in
1434 665 1554 699 eisdem
1582 667 1725 701 basilicis
1753 680 1828 714 cap-
1856 688 1860 692 Δ
2035 666 2041 719 ξ

1079 715 1163 759 pella
1185 717 1379 760 pontificalis
1398 718 1464 761 fiet,
1492 719 1557 753 ritu
1576 727 1733 765 perpetuo
1765 723 1824 756 oh-

1079 769 1267 804 servabitur.
1298 771 1411 805 Sermo
1436 771 1511 807 item
1538 774 1677 817 tempori
1697 778 1825 808 accdm-
2035 729 2041 867 1

1080 823 1236 865 modatus‚
1259 825 1298 857 ad
1319 825 1442 859 divinas
1452 832 1702 871 sanctorumque
1713 828 1826 862 laudes

1078 877 1309 919 praedicandas
1329 885 1359 912 et
1379 879 1578 913 audientium
1604 880 1755 924 pietatem
1774 881 1825 927 in-
2036 885 2041 932 l

1077 929 1317 972 flammandam,
1337 933 1376 966 de
1395 943 1485 966 more
1500 933 1822 977 semperbabebitur‚
1944 943 1976 978 :¹
2004 943 2007 946 '

1076 989 1123 1024 ut,
1151 984 1313 1029 duplicato
1339 987 1521 1030 septenario
1541 996 1691 1028 numero,
1717 998 1824 1021 sacro-

1076 1043 1184 1071 sancta
1219 1039 1377 1072 sacrificia
1419 1045 1451 1073 et
1480 1046 1604 1084 septem
1633 1040 1822 1084 capitalium

1075 1098 1284 1134 peccatorum
1298 1093 1424 1127 veniam
1448 1099 1480 1127 et
1499 1094 1719 1138 septiformem
1740 1094 1820 1128 San·
1843 1100 1846 1102 ’

1075 1145 1116 1177 cti
1136 1145 1274 1188 Spiritus
1303 1146 1438 1190 gratiam
1467 1147 1641 1181 christiano
1662 1148 1783 1192 populo
1802 1158 1821 1181 a

1073 1199 1136 1232 Deo
1157 1199 1339 1243 impetrent.

1116 1254 1131 1297 ἓ
1156 1253 1187 1287 5.
1214 1254 1261 1287 Ad
1280 1265 1360 1298 quas
1378 1255 1509 1299 quidem
1527 1255 1723 1288 venerandas
1738 1256 1820 1290 basi-

1072 1307 1149 1340 licas
1163 1313 1196 1340 ut
1211 1308 1413 1342 commodius
1433 1315 1463 1342 et
1483 1308 1648 1342 decentius
1657 1309 1737 1342 adiri
1747 1320 1819 1354 pos-

1072 1360 1124 1401 sit,
1146 1366 1241 1404 atque
1261 1366 1295 1394 ut
1316 1361 1348 1394 in
1372 1362 1416 1395 eis
1436 1362 1635 1406 frequentius
1655 1363 1818 1397 celebran-

1071 1414 1120 1447 dis
1133 1414 1247 1458 populi
1268 1414 1381 1457 religio
1397 1422 1563 1458 augeatur,
1583 1415 1645 1449 iam
1656 1415 1721 1449 vias
1738 1416 1817 1450 latas

1071 1473 1102 1501 el
1120 1468 1259 1501 directas
1274 1468 1495 1512 patefecimus.
1952 1503 1956 1505 ,

1114 1521 1129 1565 g
1153 1520 1185 1555 6.
1212 1521 1375 1564 Ceterum,
1408 1533 1481 1555 eum
1503 1523 1637 1556 ecclesia
1658 1523 1688 1557 S.
1718 1523 1834 1557 Seba-·
1863 1533 1951 1569 mma
2006 1543 2008 1552 ι

1070 1575 1163 1608 stiani
1195 1577 1354 1620 martyris,
1375 1577 1589 1610 vetustissima
1611 1577 1664 1609 illa
1683 1577 1814 1621 quidem
1829 1565 1977 1620 ’ξ’ὲζῗζη
2006 1574 2014 1587 ’

1070 1633 1101 1662 et
1111 1628 1364 1672 religiosissima,
1376 1641 1462 1670 cum,
1477 1629 1683 1674 propterloci
1696 1630 1815 1664 distan-
1830 1627 1950 1657 'mmmm
1965 1632 1975 1644 ⁵
2008 1639 2012 1644 ·

1069 1681 1145 1715 tiam
1180 1688 1248 1715 tum
1279 1683 1374 1716 etiam
1405 1684 1584 1726 angustiam
1613 1683 1740 1727 aliaque
1765 1683 1815 1716 in·
1828 1660 2010 1722 'inimi-3:002

1070 1736 1256 1777 commoda,
1272 1736 1379 1769 minus
1398 1737 1513 1770 idonea
1537 1737 1576 1769 sit
1591 1737 1629 1770 ad
1647 1735 1815 1780 pontifiea-
1829 1722 1916 1775 2³:2³¹ss
2000 1736 2010 1739 ”

1069 1788 1149 1822 lium
1175 1789 1345 1823 missarum
1371 1789 1619 1823 celebrationem
1635 1816 1642 1830 ,
1672 1784 1953 1823 dec1·evi-⁸²¹¹’¹⁰⁸⁸‘z.

1069 1853 1140 1876 mus
1161 1842 1194 1875 in
1218 1843 1287 1877 eius
1310 1843 1417 1876 locum
1448 1843 1614 1877 ecclesiam
1635 1843 1667 1877 S.
1689 1843 1815 1884 Mariae,
1947 1834 1954 1846 ²

1068 1907 1151 1940 quae
1170 1897 1210 1930 de
1229 1897 1353 1940 Populo
1378 1896 1506 1937 dieitur,
1529 1896 1733 1938 substituere,
1750 1907 1817 1930 non

1068 1950 1173 1983 solum
1203 1950 1417 1994 amplitudine
1446 1956 1477 1983 et
1506 1950 1568 1983 loci
1589 1950 1816 1983 commoditate

1068 2009 1296 2048 opportunam,
1317 2005 1371 2038 sed
1401 2015 1517 2045 magna
1537 2005 1632 2037 etiam
1658 2004 1814 2047 religione

1068 2057 1295 2091 venerabilem.
1319 2057 1418 2102 Saepe
1436 2057 1519 2091 enim
1533 2063 1564 2091 et
1577 2057 1722 2101 pluribus
1737 2057 1814 2090 locis

1068 2110 1107 2143 ad
1127 2111 1357 2144 sanctissimam
1376 2111 1462 2144 illam
1487 2111 1662 2154 gratiarum
1683 2111 1813 2144 Matrem

1068 2169 1101 2197 et
1120 2164 1360 2198 misericordiae
1391 2170 1559 2208 parentem
1580 2164 1813 2198 recurrendum

1068 2223 1127 2259 est,
1138 2218 1223 2251 utibi
1232 2218 1434 2262 potissimum
1445 2218 1498 2251 ubi
1511 2217 1814 2262 populinominein-

1068 2270 1193 2313 signita,
1205 2276 1235 2304 et
1245 2270 1299 2304 ubi
1309 2271 1700 2304 multailliusclementiae
1708 2274 1815 2304 extant

1067 2324 1276 2365 monimenta,
1293 2324 1443 2368 precibus
1459 2323 1576 2357 nostris
1587 2324 1742 2364 invocata,
1755 2333 1814 2367 pro

1070 2377 1189 2420 populo
1214 2383 1294 2417 oret,
1314 2388 1373 2421 pro
1393 2378 1480 2411 clero
1501 2377 1701 2416 interveniat,
1715 2383 1742 2410 et
1755 2385 1813 2421 pro

1068 2426 1181 2459 devoto
1215 2426 1374 2459 foemineo
1413 2436 1488 2459 sexu
1522 2426 1716 2459 intercedat.
1750 2426 1814 2460 Nec

1069 2486 1143 2508 vero
1159 2475 1313 2508 ecclesiae
1325 2475 1356 2516 S.
1375 2475 1553 2508 Sebastiani
1573 2485 1630 2508 sua
1650 2473 1815 2519 privilegia

1069 2530 1098 2557 et
1119 2524 1334 2567 indulgentias
1354 2524 1537 2561 adimimus,
1559 2534 1642 2567 quae
1662 2523 1758 2557 etiam
1777 2523 1812 2555 in

1068 2573 1167 2606 altera
1175 2579 1297 2617 septem
1312 2573 1520 2606 ecclesiarum
1530 2573 1722 2614 visitatione,
1734 2582 1813 2614 quas

1068 2622 1120 2666 pia
1144 2623 1322 2656 multorum
1353 2621 1496 2656 fidelium
1521 2622 1647 2656 devotio
1675 2622 1812 2655 lustrare

1889 1271 1915 1293 1³2
1926 1270 1976 1298 td*
1996 1277 2011 1291 ³

1832 1302 1898 1338 dietas
1916 1303 1977 1324 lmz*
2011 1323 2014 1326 ,

1832 1339 1876 1356 vus
1889 1340 1962 1368 ap

2040 2092 2042 2103 l

2040 2139 2043 2146 ι

2040 2181 2043 2189 ι

2041 2221 2045 2229 ι

2007 2243 2043 2250 ι,

2006 2283 2043 2303 ⁵¹,

2040 2368 2043 2382 l
