2059 3228
86 263 137 292 An.
151 264 180 293 c.
199 266 266 294 1586
325 256 387 290 698
871 262 1050 288 nummatum
1068 263 1219 287 ROMANUM
1830 262 1884 292 Au.
1900 263 1930 293 c.

280 319 340 352 dus
359 317 594 361 dignitatesque
611 316 644 351 in
664 321 831 361 posterum
850 316 958 351 aditus
971 327 1029 362 pa·
1070 315 1155 359 apud
1175 326 1250 349 eum
1269 315 1358 350 omni
1378 326 1452 349 cum
1471 315 1620 350 instantia
1640 323 1671 351 et
1694 317 1817 351 instan-
1985 324 2001 345 ἔκ

280 372 377 405 testat.
1070 369 1193 403 tissime
1224 379 1284 414 pro
1330 369 1550 414 praesentium
1593 370 1816 406 observatione
1991 375 1994 380 ’

321 425 336 468 §
361 424 412 458 to.
439 425 595 458 Volumus
609 429 719 458 autem
738 424 839 469 quod,
860 424 945 458 sicut
960 435 1028 458 om·
1069 428 1179 467 petere
1195 428 1227 457 et
1241 433 1354 465 rogare
1365 433 1402 456 ac
1423 423 1574 457 obtestari
1595 434 1658 457 non
1678 431 1813 459 cessent.

107 477 263 499 ⁰²¹⁶¹⁰⁸¹⁰³⁰·
277 487 333 510 nes
357 482 388 510 et
411 477 530 520 singuli
549 477 730 512 cardinales
745 483 930 522 praesentes
948 489 1025 512 con·
1067 475 1158 515 Quod
1171 476 1196 509 si
1207 477 1307 510 semel
1327 481 1424 520 atque
1444 476 1562 509 iterum
1583 477 1674 511 enixe
1687 483 1816 521 rogatus

80 514 140 529 mnes
150 510 169 528 iu
181 513 262 528 assum-

80 540 152 565 „none
176 538 210 559 *et
228 544 261 559 ne·
276 530 472 564 stitutionem
504 531 709 573 huiusmodi,
735 538 892 576 quantum
917 531 950 565 in
980 532 1026 565 eis
1067 529 1225 564 eiusmodi
1254 530 1471 564 iuramentum
1499 535 1664 575 praestare
1696 531 1814 566 diutius

77 574 142 624 Ῐ.ῗ.ῗ;“
157 569 261 625 οἷῖρῇἷζ
275 583 346 626 erit,
369 584 551 627 observare,
573 585 686 630 illique
706 597 771 619 non
791 586 1024 627 contravenire,
1066 584 1161 617 etiam
1179 583 1353 625 distulerit,
1376 590 1453 618 tunc
1474 583 1604 618 demum
1621 594 1733 618 omnes
1751 584 1815 618 sin-

76 636 258 688 ζιξιῗξζῑωιζῄϋ
273 648 333 670 nec
370 637 581 672 Pontificibus
611 639 915 674 contrafacientibus
945 651 1022 674 con·
1063 638 1224 682 gulosque
1239 638 1418 672 cardinales
1437 648 1475 672 ea
1486 638 1556 681 lege
1571 637 1811 679 adstringimus,

273 691 404 733 sentire,
434 698 491 726 aut
522 693 759 728 absolutionem
792 705 810 728 a
840 694 1022 728 iuramento
1063 697 1100 724 ut
1118 690 1150 739 in
1167 691 1309 735 singulos
1322 702 1424 725 annos
1442 691 1625 735 quinquies,
1642 691 1676 724 in
1690 691 1742 725 die
1753 691 1813 725 sci-

271 745 426 788 praestito
450 757 516 781 non
545 752 655 791 petere
671 774 681 790 ,
712 758 773 782 nec
802 748 943 782 oblatam
968 753 1023 782 aut
1063 744 1138 779 licet
1154 745 1256 779 Natali
1270 746 1452 787 Domini,in
1462 746 1581 779 Pascha
1593 745 1812 779 Resurrectio—

271 809 457 833 concessam
483 807 664 845 acceptare,
692 801 726 835 in
751 801 940 836 consistorio
965 812 1021 835 no·
1062 798 1124 840 nis,
1146 799 1180 832 in
1209 799 1289 833 seSlO
1310 799 1447 833 solemni
1467 799 1499 833 S.
1526 799 1622 840 Petri,
1645 799 1697 832 die
1716 809 1809 843 prae-

269 857 335 886 stro
375 859 498 888 secreto
528 854 747 899 promiserunt
778 860 811 889 et
847 855 1018 896 iurarunt,
1061 858 1148 886 terea
1169 853 1386 887 anniversario
1400 848 1836 887 creationisetcoronatic-'

268 905 354 939 idem
375 917 434 951 per
448 908 596 942 absentes
621 909 801 943 cardinales
819 920 837 942 a
861 908 1019 943 consisto·
1059 905 1120 947 nis,
1131 905 1237 951 ipsum
1249 907 1436 941 Pontificem
1457 907 1625 948 instanter,
1642 906 1811 940 instantius

268 959 316 992 rio
350 959 383 992 in
410 960 606 995 habitatione
630 973 756 1003 eorum,
783 966 814 996 et
833 972 852 995 a
874 961 1018 995 Romana
1059 965 1155 1004 atque
1173 960 1411 995 ‘instantissime
1444 966 1571 1005 rogent,
1593 966 1696 1001 orent,
1715 960 1808 994 obse-

267 1011 374 1054 curia,
396 1018 433 1048 ut
451 1015 725 1060 quandocumque
745 1016 784 1048 ad
796 1015 942 1049 eamdem
954 1014 1018 1050 Cu-
1059 1019 1151 1047 erent
1179 1019 1277 1058 atque
1302 1015 1526 1055 obtestentur,
1556 1020 1592 1048 ut
1622 1014 1662 1047 de
1686 1013 1808 1048 sancito

265 1065 348 1099 riam
368 1077 400 1101 se
421 1069 632 1109 contulerint,
659 1080 696 1102 ac
725 1080 784 1113 per
808 1069 934 1102 futuros
957 1079 1017 1113 pro
1058 1066 1120 1100 hoc
1134 1068 1271 1109 aerario,
1293 1068 1380 1112 quod
1399 1068 1463 1102 Deo
1481 1067 1658 1102 obtulimus
1672 1074 1704 1101 et
1719 1067 1803 1100 dica·
1846 1103 1848 1105 ,

265 1124 411 1164 tempore
436 1122 616 1156 cardinales
636 1123 670 1155 in
691 1123 911 1167 assumptione
939 1122 1017 1166 pilei
1056 1120 1171 1162 vimus,
1189 1122 1229 1155 ad
1254 1121 1488 1166 praescriptum
1510 1121 1720 1155 custodiendo
1738 1131 1806 1154 ser-

263 1173 410 1216 promitti
422 1180 452 1208 et
462 1175 564 1209 iurari
574 1176 699 1217 debeat;
719 1187 755 1210 ac
769 1176 1014 1220 promissionem
1056 1174 1224 1219 vandoque
1253 1181 1361 1209 sancte
1381 1175 1476 1216 iuret,
1498 1175 1596 1218 idque
1616 1180 1651 1208 ut
1674 1174 1806 1208 omnino

265 1232 296 1259 et
312 1225 530 1262 iuramentum
550 1229 737 1264 huiusmodi
757 1230 789 1263 in
809 1231 948 1264 formula
965 1228 1015 1263 iu·
1056 1227 1187 1269 efficiat,
1201 1228 1439 1272 tamdiuquoad
1450 1229 1543 1272 plene
1563 1227 1717 1269 effecerit,
1734 1228 1807 1262 dili-

264 1281 402 1315 ramenti
422 1293 481 1326 per
503 1283 633 1317 eosdem
655 1283 835 1317 cardinales
858 1282 1015 1327 praestari
1055 1281 1240 1324 gentissime
1263 1292 1379 1316 curare
1398 1282 1559 1324 studeant,
1581 1281 1751 1316 statuimus
1774 1286 1805 1315 et

263 1333 348 1366 soliti
377 1335 510 1379 adiungi
538 1341 571 1370 et
589 1336 722 1370 inscribi
739 1336 870 1378 debere;
885 1347 922 1370 ac
941 1347 1016 1370 con·
1056 1335 1256 1369 ordinamus.
1988 1378 1990 1380 Ι

261 1387 465 1424 trasacientes
482 1400 620 1434 poenam
636 1390 772 1434 periurii
791 1395 822 1424 et
837 1396 1014 1434 perpetuae
1099 1389 1114 1430 ᾗ
1138 1389 1192 1422 12.
1218 1389 1281 1423 Has
1305 1400 1379 1424 vero
1403 1395 1529 1424 nostras
1552 1389 1674 1423 litteras
1700 1388 1734 1422 in
1761 1389 1802 1422 li·
1842 1399 1965 1424 amun.

261 1439 425 1485 infamiae,
450 1443 533 1477 iuris
553 1449 585 1478 et
603 1444 679 1478 facti
699 1455 737 1479 eo
756 1444 826 1489 ipso
847 1443 1014 1478 incurrere
1055 1443 1175 1476 bellum
1195 1443 1312 1487 redigi,
1334 1449 1365 1477 et
1385 1448 1455 1487 post
1479 1443 1660 1487 praedictas
1684 1442 1756 1476 Iulii
1776 1442 1802 1475 ΙΙ
1815 1431 1993 1486 ξῗ“”ἑζζζζῗξζξ“
2015 1468 2020 1477 ,.

261 1493 479 1532 decernimus.
1054 1501 1085 1529 et
1103 1496 1149 1529 Pii
1169 1496 1191 1529 V
1215 1496 1349 1535 litteras,
1377 1508 1458 1540 quae
1488 1497 1522 1529 in
1555 1496 1625 1540 ipso
1658 1495 1800 1529 conclavi
1815 1493 2011 1553 aifffe'fflfn'

304 1550 317 1589 ,ἱ
342 1548 397 1584 11.
424 1550 595 1586 Praeterea
625 1552 713 1596 quod
738 1550 799 1596 ipsi
819 1551 1010 1592 cardinales,
1055 1548 1114 1592 tegi
1133 1549 1249 1592 solent,
1268 1549 1403 1593 aliisque
1421 1549 1707 1583 constitutionibus
1721 1559 1800 1594 apo-

114 1604 134 1626 ’τι
150 1605 246 1627 eouehvt
260 1609 454 1638 occurrente
468 1605 672 1649 Apostolicae
688 1606 778 1639 Sedis
790 1605 966 1646 vacatione,
978 1604 1013 1637 in
1053 1603 1174 1637 stolicis
1188 1603 1331 1647 adiungi,
1349 1603 1600 1647 elinquinterno
1615 1603 1711 1637 etiam
1722 1603 1802 1637 Can—

61 1637 158 1693 lii'iiew
162 1643 248 1690 „arag
260 1656 418 1698 conclavi,
451 1658 581 1701 quando
615 1659 654 1692 de
685 1659 891 1693 observandis
911 1658 1013 1692 felicis
1053 1657 1201 1691 cellariae
1220 1656 1433 1701 Apostolicae,
1456 1667 1520 1690 una
1541 1667 1614 1691 cum
1635 1656 1706 1690 aliis
1725 1667 1800 1690 con-

61 1699 109 1756 ἓζζῖ
124 1698 246 1752 οοξξζζζξζῖ
259 1709 494 1744 recordationis
514 1712 800 1756 praedecessorum
825 1717 1010 1746 nostrorum

61 1761 330 1795 ”0m·¹²¹''³¹¹¹0¹³²⁰lulii
354 1763 380 1796 ΙΙ
409 1763 525 1798 litteris
555 1776 655 1810 super
684 1766 840 1800 electione
874 1765 1011 1799 Romani

59 1794 191 1818 mmmm·
259 1816 436 1859 Pontificis,
462 1824 493 1852 et
516 1819 563 1852 Pii
587 1820 612 1853 V
645 1830 686 1853 ne
716 1820 861 1854 civitates
885 1825 916 1853 et
940 1819 1011 1853 loca
1050 1825 1080 1852 et
1098 1818 1128 1851 in
1150 1818 1347 1853 Cancellaria
1372 1824 1482 1852 nostra
1501 1818 1685 1862 Apostolica
1703 1828 1741 1851 ac
1764 1816 1797 1850 in

257 1869 287 1903 S.
310 1870 346 1904 R.
369 1871 404 1904 E.
432 1871 651 1916 infeudentur,
674 1879 705 1907 et
721 1873 792 1907 aliis
805 1873 1009 1907 constitutio·
1049 1873 1118 1905 acie
1135 1872 1245 1916 Campi
1270 1872 1385 1905 Florae
1402 1871 1574 1916 publicari.

1029 1671 1273 1884 [stitutionibus
1292 1711 1409 1754 nostris
1426 1711 1578 1751 describi,
1599 1716 1631 1744 et
1646 1711 1680 1744 in
1703 1710 1800 1744 valvis

257 1923 354 1957 nibus
373 1923 593 1959 iuramentum
610 1933 775 1970 praestare
786 1926 1008 1968 solent,etiam
1026 1912 1034 2202 ί
1058 1935 1063 1939 ·
1093 1926 1107 1969 ἓ
1131 1925 1184 1959 13.
1202 1926 1386 1969 Earumque
1407 1925 1618 1969 transumptis
1637 1930 1669 1958 et
1687 1922 1796 1958 exem·
1850 1930 1993 1968 runs-,mg

1053 1765 1202 1799 basilicae
1226 1765 1259 1799 Β.
1286 1765 1370 1798 Petri
1391 1764 1547 1809 principis
1579 1764 1798 1808 apostolorum
1849 1778 1851 1783 ¹

257 1976 539 2013 deinviolabiliter
549 1980 747 2014 observanda
761 1980 920 2024 praesenti
935 1991 1009 2014 con·
1050 1979 1121 2022 plis,
1149 1982 1244 2012 etiam
1277 1979 1454 2022 impressis,
1481 1989 1579 2012 manu
1604 1977 1720 2012 notarii
1733 1987 1798 2023 ‘pu-
1809 1965 1914 1987 “mm‘'

256 2029 422 2065 stitutione
442 2038 563 2073 nostra,
586 2044 644 2077 per
669 2034 848 2077 quemlibet
881 2044 1006 2075 eorum,
1048 2031 1124 2065 hlici
1147 2032 1337 2076 subscriptis
1367 2037 1400 2066 et
1419 2032 1523 2075 sigillo
1542 2031 1679 2065 alicuius
1703 2042 1797 2075 prae-

257 2084 311 2127 qui
339 2084 372 2118 in
391 2085 573 2120 Romanum
594 2087 783 2122 Pontificem
802 2088 1007 2121 electussue-
1048 2085 1102 2118 lati
1132 2096 1188 2119 seu
1215 2096 1381 2130 personae*
1398 2086 1430 2118 in
1459 2085 1612 2127 dignitate
1637 2085 1796 2120 eeclesia-

256 2137 314 2177 rit;
331 2144 362 2171 et
381 2140 588 2182 postmodum
606 2140 691 2175 idem
708 2141 748 2174 ad
768 2141 886 2174 summi
903 2141 1009 2186 ponti—
1046 2139 1125 2172 stica
1149 2139 1343 2172 constitutae
1364 2138 1508 2179 munitis,
1531 2139 1676 2172 eamdem
1698 2139 1796 2173 fidem

255 2189 369 2224 ficatus
384 2191 546 2236 fastigium
567 2200 763 2240 assumptus,
784 2201 855 2239 post
874 2195 943 2228 eius
959 2205 1008 2228 as·
1046 2192 1166 2236 ubique
1187 2192 1311 2232 haberi,
1333 2192 1366 2224 in
1386 2192 1507 2225 iudicio
1536 2197 1565 2225 et
1589 2197 1689 2233 extra,
1712 2203 1795 2235 quae

255 2244 471 2288 sumptionem
490 2247 552 2280 hoc
571 2247 678 2292 ipsum
693 2248 882 2293 promittere
894 2253 939 2282 ‘ac
959 2247 1007 2281 iu-
1047 2246 1268 2289 praesentibus
1288 2246 1472 2286 haberetur,
1494 2246 1645 2279 volumus
1659 2251 1690 2279 et
1704 2246 1795 2280 iube-

255 2306 339 2336 rare,
361 2304 391 2331 et
408 2299 535 2341 deinde,
552 2307 624 2345 post
639 2302 883 2335 coronationem
902 2312 1005 2342 suam,
1047 2311 1129 2333 inus.
1537 2334 1540 2338 ,
1979 2336 1982 2341 ,

257 2351 501 2392 premissionem
528 2359 559 2387 et
582 2354 802 2388 iuramentum
819 2355 1005 2389 huiusmodi
1088 2354 1102 2397 ξ
1128 2353 1179 2386 tlt.
1199 2347 1230 2387 Si
1248 2353 1319 2397 quis
1339 2359 1445 2386 autem
1465 2354 1596 2387 sortasse
1608 2359 1793 2387 nostrorum
1831 2363 1853 2384 si
1874 2368 1938 2386 succe

256 2413 314 2445 per
333 2404 456 2439 litteras
476 2417 550 2439 suas
569 2409 725 2452 speciales
745 2409 859 2442 harum
886 2408 1004 2442 confir·
1023 2426 1027 2454 ί
1045 2417 1280 2443 successorum,
1304 2406 1334 2439 isl
1355 2407 1439 2448 quod
1461 2407 1592 2440 minime
1617 2407 1790 2447 credimus,
1805 2397 1976 2455 ζξῖῑη,ῗ“,’“ἐ,”“ῃ

255 2453 405 2486 materias
429 2455 574 2489 reiterari
594 2457 719 2491 debeat.
742 2458 831 2496 Quod
851 2458 874 2490 si
896 2458 1005 2490 illuda
1023 2458 1026 2480 ¹
1045 2456 1120 2488 ltuic
1133 2461 1260 2489 nostrae
1277 2456 1497 2489 constitutioni
1518 2456 1650 2489 omnino
1671 2461 1725 2488 aut
1736 2455 1794 2489 ali·
1805 2458 1855 2477 ¹⁹f⁵¹
1911 2462 1972 2479 ω’·

1804 2492 1878 2508 eorum
1899 2490 1921 2509 ct
1937 2494 1948 2510 e
1973 2496 1977 2506 1

255 2499 418 2541 Pontifici),
438 2505 523 2547 quod
539 2506 737 2539 credendum
757 2517 820 2540 non
835 2513 893 2547 est,
909 2517 1003 2539 recu·
1044 2515 1107 2547 qua
1124 2516 1160 2538 ex
1177 2510 1266 2548 parte
1284 2505 1438 2546 derogare
1458 2509 1512 2537 aut
1528 2510 1638 2548 contra
1653 2509 1791 2537 statuere
1803 2518 1902 2540 amanum

253 2550 376 2583 sabitur
392 2558 447 2584 aut
466 2553 642 2595 differetur,
660 2560 737 2590 tunc
757 2555 834 2588 dieii
856 2555 1003 2588 cardina-
1043 2554 1190 2593 voluerit,
1224 2559 1278 2586 aut
1298 2554 1523 2596 depromptam
1552 2553 1733 2597 pecuniam,
1756 2550 1905 2601 Πῑξξέἑζζξῑ·
1932 2555 1979 2572 ⁶⁰

254 2597 299 2631 les
321 2599 352 2631 in
375 2599 477 2643 primo
499 2602 689 2636 consistorio
710 2609 844 2644 secreto,
868 2610 899 2636 ot
909 2614 1002 2647 prae·
1019 2623 1026 2699 l
1044 2613 1140 2645 supra
1153 2602 1308 2636 sancitum
1327 2608 1386 2642 est,
1406 2602 1437 2635 in
1455 2602 1536 2635 idem
1553 2602 1712 2635 aerarium
1724 2611 1789 2635 non
1887 2595 1893 2602 ⁸

254 2647 348 2694 cipue
368 2659 480 2682 eorum
510 2651 651 2684 decanus
676 2658 707 2685 et
727 2653 831 2698 capita
852 2653 1002 2687 ordinum
1043 2651 1231 2694 restituerit,
1262 2651 1484 2692 admonemus,
1513 2657 1583 2696 post
1606 2650 1788 2694 derogantis
