2059 3228
833 218 936 242 sixrts
958 219 975 241 v
996 218 1042 241 re.
1612 203 1676 240 629
1734 207 1918 241 ΚηζῦἹΒεΒ

970 275 1001 303 et
1014 269 1148 302 aliorum
1165 269 1383 303 Romanorum
1394 268 1601 309 Pontificum,
1623 266 1719 301 etiam
1733 274 1916 330 “cair-52:203:-

969 323 1198 367 praedecess01
1202 335 1255 355 nni
1272 329 1400 356 nosti-wi
1404 334 1470 363 um,
1490 327 1603 356 eontra
1613 329 1720 355 exem·
1732 339 1835 365 gaiana.

43 242 48 249 .
62 220 90 252 G.
107 221 173 252 ¹585

184 271 368 316 praemissis
393 271 600 305 concedimus
637 271 757 316 pariter
776 277 807 305 et
826 270 930 304 indul-

184 335 307 368 gemus.

89 434 168 454 ntorum

43 463 126 486 nult-o
134 463 168 485 de·

43 489 71 516 tto
94 497 115 517 ot
136 495 167 516 t·-

227 377 242 420 ἓ
261 377 314 410 24.
338 377 522 411 Mandantes
542 377 667 411 dilectis
686 377 761 411 filiis
785 377 928 411 vicecan-

183 426 326 467 cellario,
350 426 539 466 camerario,
561 427 749 459 summatori
776 433 807 459 et
826 426 927 459 dictae

181 477 333 512 Gamerae
353 479 493 521 geneiali
519 479 677 518 auditori,
696 478 838 517 cleiicis
856 479 926 511 the-

179 542 292 566 saurai
295 543 324 566 ιο
344 543 380 566 ac
404 533 548 566 ciusdem
562 532 654 566 Urbis
673 544 692 573 5
673 532 879 569 qubernatori
897 538 926 564 ιι

178 585 331 625 senatori,
353 596 479 619 necnon
505 585 627 628 legatis,
648 584 841 626 vicelegatis,
874 596 925 627 pa

177 637 339 679 triarcliis,
360 638 625 682 arcliiepiscopiS,
642 637 812 681 episeopis,
831 637 924 670 abba-

175 690 274 732 tibus,
301 691 462 736 prioribus
495 696 525 724 et
548 691 819 734 gubernatoribus
843 702 922 733 qua-

174 755 392 789 rumcumque
416 744 591 785 civitatum,
618 750 796 778 castrorum
823 750 855 777 et
875 745 921 777 lo-

172 808 289 832 corum
309 797 385 831 dicti
410 798 516 831 Status
535 797 761 837 Ecclesiastici,
786 808 843 840 per
858 798 923 830 col-

172 850 294 894 legium
315 850 476 884 dictorum
502 855 623 894 septem
644 850 846 883 notariorum
862 861 921 895 pro

172 909 319 949 tempore
348 903 550 938 existentium
576 909 606 936 et
634 914 746 937 eorum
778 904 920 947 singulos

173 958 341 1002 eligendis,
363 963 400 992 ut
432 968 544 991 eorum
576 957 694 1001 singuli
709 984 716 998 ‚
738 968 797 1002 per
816 970 847 990 se
872 959 918 992 vel

172 1011 272 1046 alium
301 1023 357 1045 scu
386 1011 478 1052 alios,
515 1011 704 1045 auctoritate
727 1017 845 1051 nostra,
870 1013 917 1045 di-

172 1065 232 1100 ctis
253 1070 376 1110 septem
394 1076 482 1099 nunc
502 1071 532 1099 et
545 1076 604 1109 pro
621 1071 765 1109 tempore
785 1066 919 1099 existen-

170 1117 256 1151 tibus
283 1118 429 1158 notariis,
452 1118 484 1151 in
501 1118 685 1162 praemissis
712 1119 861 1152 omnibus
888 1126 917 1152 et

171 1171 316 1215 singulis,
336 1173 474 1206 efficacis
494 1171 689 1205 defensionis
707 1172 854 1215 praesidio
871 1184 917 1206 as-

170 1225 303 1267 sistant,
338 1225 520 1270 faciantque
553 1237 607 1259 eos
644 1231 674 1258 et
706 1236 816 1259 eorum
851 1226 916 1259 sin-

169 1279 274 1322 gulos,
296 1279 423 1322 quoties
442 1289 500 1322 pro
521 1279 664 1322 ipsorum
694 1285 783 1322 parte
821 1290 917 1323 super

170 1332 232 1365 hoc
251 1331 371 1365 fuerint
390 1331 549 1374 requisiti,
566 1331 715 1365 omnibus
733 1337 763 1365 et
783 1332 916 1375 singulis

170 1385 320 1430 praefatis
348 1385 480 1428 pacifice
513 1385 576 1418 frui
610 1390 642 1418 et
671 1385 824 1429 gaudere,
851 1396 914 1419 non

169 1438 389 1482 permittentes
409 1449 464 1472 eos
487 1444 518 1472 et
542 1449 654 1472 corum
686 1439 827 1482 aliquem
858 1450 915 1482 per

169 1502 392 1536 quoscumque
422 1492 562 1536 desuper
591 1492 833 1535 quomodolibet
865 1492 913 1525 in-

169 1543 275 1577 debite
295 1545 468 1585 molestari,
489 1545 660 1588 inquietari
677 1550 728 1577 aut
750 1545 910 1588 impediri.

169 1597 426 1634 Contradictores
449 1599 609 1642 quoslibet
634 1604 664 1631 et
685 1599 832 1639 rebelles,
860 1610 913 1631 cu-

168 1651 360 1695 iuscumque
380 1657 490 1693 status,
503 1652 634 1695 gradus,
653 1652 786 1692 ordinis,
809 1652 911 1695 digni-

169 1704 241 1738 tatis
254 1705 304 1738 vel
324 1705 585 1748 praeeminentiae
606 1705 740 1745 fuerint,
762 1716 818 1749 per
838 1716 911 1738 cen-

168 1768 259 1792 suras
273 1758 505 1792 ecclesiasticas
521 1764 551 1791 et
570 1759 773 1802 pecuniarias
792 1770 912 1802 poenas

168 1810 295 1855 aliaque
315 1817 500 1856 opportuna
520 1812 600 1845 iuris
620 1817 650 1845 et
669 1812 739 1845 facti
757 1813 909 1853 remedia,

168 1865 382 1908 appellatione
422 1865 617 1909 postposita,
662 1866 909 1910 compescendo.

167 1917 382 1951 Decernentes
405 1919 580 1962 praemissa
608 1919 717 1952 omnia
736 1925 768 1952 et
786 1919 911 1963 singula

166 1977 322 2016 perpetuo
345 1972 448 2005 valida
474 1977 506 2005 et
533 1972 677 2005 efficacia
702 1972 852 2013 existere,
875 1985 911 2007 ae

165 2035 239 2058 suos
259 2025 421 2068 plenarios
434 2031 465 2059 et
484 2025 625 2068 integros
645 2025 777 2058 effectus
790 2027 909 2068 sortiri;

164 2089 202 2112 ac
221 2078 259 2111 ab
279 2079 429 2112 omnibus
457 2078 631 2119 observari,
654 2084 685 2112 et
714 2079 758 2112 sio
792 2086 820 2113 et
846 2091 908 2113 non

165 2131 258 2165 aliter
273 2143 332 2176 per
340 2132 468 2166 eosdem
489 2133 670 2166 cardinales
686 2138 716 2165 et
734 2133 909 2174 auditores,

165 2184 308 2229 aliosque
328 2185 450 2219 iudices
465 2192 495 2219 et
515 2185 764 2226 commissarios,
787 2186 910 2220 sublata

165 2238 211 2270 eis
230 2244 261 2271 et
279 2248 393 2271 eorum
420 2238 552 2271 cuilibet
580 2239 692 2282 quavis
711 2238 804 2271 aliter
830 2239 911 2272 iudi-

165 2291 258 2324 candi
276 2295 307 2324 et
323 2291 553 2335 interpretandi
579 2291 728 2324 facultate
749 2297 777 2324 et
798 2298 910 2325 aucto-

165 2344 268 2385 ritate,
282 2343 416 2377 indicari
436 2349 467 2377 et
486 2344 612 2377 definiri
630 2344 758 2377 debere.
782 2345 908 2378 Irritum

166 2403 294 2437 quoque
325 2398 356 2426 et
379 2393 486 2433 inane,
508 2393 533 2426 si
564 2404 655 2426 secus
685 2404 783 2437 super
817 2394 866 2426 liis
893 2405 911 2427 a

165 2448 357 2486 quoquam?
372 2441 471 2484 [navis
489 2441 690 2482 auctoritate,
711 2443 848 2475 scienter
861 2444 909 2476 vel

167 2490 363 2533 ignoranter,
382 2490 550 2533 contigerit
573 2491 732 2523 attentari.

209 2539 224 2583 ἓ
243 2539 297 2573 *9.5.
327 2538 396 2572 Non
416 2539 616 2571 obstantibus
640 2545 766 2572 sanctae
787 2550 910 2573 memo-

167 2587 233 2622 riae
251 2587 433 2633 Symmachi
455 2593 485 2621 et
504 2587 680 2623 Innocentii
708 2588 756 2631 lv,
774 2588 863 2621 Pauli
885 2589 909 2621 ll
927 2619 932 2636 ι

971 381 1040 418 ptos
1061 375 1165 413 editis
1188 381 1218 408 et
1247 376 1418 419 praedictis
1437 376 1572 419 aliisque
1588 379 1718 419 aposto-

970 428 1050 469 licis,
1068 439 1104 461 ac
1123 428 1153 460 in
1172 430 1376 471 generalibus
1396 435 1423 463 et
1449 427 1715 472 provincialibus,

968 482 1187 526 synodalibus,
1202 487 1232 514 et
1247 483 1423 525 piaesert1m
1436 481 1636 522 fridentino,
1650 490 1717 513 non

968 542 1073 568 tamen
1098 535 1204 578 quoad
1230 536 1462 579 exemptionem
1480 535 1529 568 ab
1549 545 1587 568 eo
1607 534 1716 567 subla-

968 593 1043 627 tt,1m
1061 587 1206 621 conciliis
1222 588 1314 621 editis
1339 589 1543 631 generalibus
1563 587 1716 621 constitu-

967 641 1106 673 tionibus
1134 646 1165 673 et
1189 641 1459 681 ordinationibus,
1486 641 1620 683 legibus,
1649 646 1714 674 sta-

966 693 1040 726 tutis
1056 694 1173 727 nostris
1189 700 1221 727 et
1238 694 1375 727 aliorum
1394 695 1612 727 Romanorum
1628 694 1713 727 Pon-

966 747 1088 780 tificum
1120 748 1406 788 praedecessorum
1433 755 1630 787 nostrorum,
1662 748 1710 780 vel

964 800 1033 832 alii>
1058 800 1345 843 extravagantibus,
1368 801 1626 844 quibuscumque
1642 801 1710 834 edi-

963 853 1002 886 tis
1012 854 1216 896 generalibus
1228 854 1523 893 constitutionibus,
1536 854 1709 897 privilegiis

962 917 1102 949 quoque,
1129 906 1264 939 indultis
1295 913 1326 939 et
1366 907 1479 939 litteris
1510 908 1705 950 apostolicis,

961 959 1508 1002 quibuscumqueRomanaeCuriae
1519 960 1706 993 officialium

961 1013 1102 1056 collegiis
1120 1024 1297 1056 eorumque
1310 1013 1453 1057 personis
1465 1024 1523 1057 per
1534 1024 1706 1056 quoscum-

959 1077 1022 1110 que
1042 1067 1304 1110 praedecessores
1337 1072 1474 1106 nostros,
1497 1067 1591 1100 etiam
1617 1074 1706 1100 motu

960 1119 1056 1152 simili
1082 1126 1111 1152 et
1132 1130 1169 1152 ex
1194 1126 1280 1153 certa
1305 1119 1437 1152 scientia
1458 1131 1493 1152 ac
1514 1120 1552 1152 de
1577 1126 1706 1164 aposto·

960 1172 1038 1205 licae
1063 1174 1228 1217 potestatis
1253 1172 1464 1217 plenitudine,
1482 1184 1519 1205 ac
1543 1183 1616 1207 cum
1637 1174 1708 1218 qui-

959 1226 1075 1266 busvis,
1111 1227 1207 1259 etiam
1233 1226 1510 1269 derogatoriarum
1536 1226 1706 1270 derogato-

959 1278 1013 1311 riis
1046 1280 1181 1323 aliisque
1220 1280 1434 1319 fortioribus,
1471 1279 1705 1313 efficacioribus

957 1338 988 1364 et
1012 1332 1158 1373 insolitis,
1181 1333 1347 1373 clausulis,
1385 1332 1649 1376 irritantibusque
1674 1339 1705 1366 et

957 1384 1026 1417 aliis
1050 1386 1321 1419 declarationibus
1360 1391 1390 1419 et
1429 1386 1577 1426 decretis,
1608 1387 1702 1420 etiam

957 1439 1072 1473 talibus
1097 1441 1182 1484 quod
1208 1440 1271 1473 illis
1291 1441 1486 1480 nullatenus,
1511 1441 1558 1473 vel
1583 1440 1643 1473 nisi
1664 1441 1702 1474 de

956 1503 1080 1534 eorum,
1115 1505 1255 1537 quorum
1277 1494 1420 1534 interest,
1447 1504 1596 1537 expresso
1624 1505 1702 1527 con-

955 1557 1066 1587 sensu,
1100 1552 1130 1580 et
1165 1547 1299 1580 fratrum
1328 1553 1513 1579 nostrorum
1553 1546 1699 1587 consilio,

955 1599 1048 1632 etiam
1064 1600 1331 1633 consistorialiter
1345 1600 1466 1639 habito,
1481 1600 1616 1643 aliisque
1632 1611 1702 1634 mo-

955 1653 1001 1686 dis
1033 1659 1063 1686 et
1091 1654 1202 1687 formis
1240 1654 1283 1686 ibi
1315 1653 1439 1686 traditis
1470 1664 1701 1697 usquequaque

954 1706 1093 1746 servatis,
1125 1705 1272 1749 derogari
1301 1707 1420 1750 possit;
1459 1705 1582 1738 etiamsi
1617 1707 1701 1739 inter

953 1759 1016 1792 alia
1036 1766 1186 1793 caveatur
1218 1770 1365 1803 expresse
1385 1759 1470 1802 quod
1491 1759 1516 1791 si
1540 1759 1585 1792 eis
1604 1759 1698 1792 dero-

953 1813 1019 1855 gari
1041 1813 1218 1855 contingat,
1249 1812 1414 1855 derogatio
1432 1812 1618 1845 huiusmodi
1634 1822 1697 1845 non

953 1867 1064 1907 valeat,
1087 1866 1148 1898 nisi
1163 1865 1380 1899 talisintentio
1393 1865 1565 1908 derogandi
1582 1865 1697 1909 aliqui-

953 1918 1011 1952 bus
1031 1918 1175 1963 personis
1199 1924 1275 1952 tunc
1304 1918 1460 1962 expressis
1480 1929 1537 1961 per
1561 1918 1697 1951 diversas

953 1972 984 2004 in
1018 1973 1119 2005 forma
1143 1972 1246 2005 brevis
1284 1972 1404 2005 litteras
1429 1981 1503 2004 cum
1532 1971 1698 2004 intervallo

954 2026 1049 2058 unius
1070 2025 1188 2059 mensis
1223 2036 1279 2058 seu
1314 2025 1445 2057 alterius
1475 2024 1629 2068 temporis
1654 2024 1699 2057 eis

953 2085 1154 2123 praesentata
1175 2079 1265 2121 prius
1276 2084 1307 2112 et
1320 2078 1463 2111 intimata
1482 2088 1519 2111 ac
1539 2077 1698 2111 insinuata

954 2133 1057 2171 fucrit,
1091 2143 1128 2164 ac
1166 2132 1235 2164 aliis
1260 2130 1503 2174 quomodolibet
1540 2131 1698 2164 concessis

952 2191 979 2218 et
1002 2185 1226 2218 concedendis.
1250 2184 1382 2223 Quibus,
1404 2183 1535 2216 illorum
1557 2189 1694 2223 tenores,

952 2249 988 2272 ac
1006 2239 1029 2271 si
1051 2239 1088 2271 de
1112 2238 1208 2271 verbo
1243 2238 1282 2269 ad
1317 2237 1448 2269 verbum
1478 2236 1698 2269 insererentur

952 2292 1186 2335 praesentibuS,
1209 2301 1268 2334 pro
1289 2289 1486 2323 sufficIenter
1498 2290 1655 2333 expressis
1666 2296 1698 2323 et

952 2344 1078 2378 inserit:
1105 2344 1271 2382 habentes,
1295 2343 1377 2389 ἰΙΙίεο
1394 2342 1470 2375 alias
1505 2343 1537 2375 in
1561 2354 1618 2376 sno
1643 2354 1697 2376 ro-

952 2393 1029 2426 bore
1054 2392 1285 2436 permansuris,
1308 2392 1368 2424 liac
1386 2391 1454 2424 viee
1474 2392 1647 2432 dumtaxat,
1667 2397 1697 2425 et

952 2443 990 2475 ad
1012 2442 1162 2474 effectura
1184 2440 1435 2483 praemissorum
1456 2441 1613 2481 omnium,
1638 2441 1697 2474 ha-

952 2501 1023 2523 rum
1059 2489 1151 2528 serie,
1172 2488 1355 2531 specialiter
1374 2494 1404 2521 et
1425 2499 1583 2532 expresse,
1606 2495 1696 2522 motu

952 2540 1019 2582 pari
1059 2539 1263 2580 derogamus,
1308 2537 1490 2585 ceterisque
1527 2537 1696 2572 contrariis

950 2588 1218 2632 quibuscumque.
