2059 3228
199 330 306 360 torum
331 331 361 359 et
385 326 588 369 superiorum
610 336 787 366 eonsensu3
813 329 946 366 paterna

198 389 273 413 vero
293 378 468 423 praepositi
488 379 647 422 generalis
668 378 699 411 in
721 379 782 411 boc
807 377 945 410 maxime

197 441 231 466 se
255 431 402 465 ostendat
434 431 632 473 sollicitudo,
667 437 701 464 ut
730 441 842 465 omnes
865 430 944 463 Ger-

196 484 322 518 maniae
342 484 517 526 dioeceses,
540 496 598 529 pro
619 485 818 528 singularum
831 493 943 516 neces-

195 537 286 573 sitate
306 544 338 572 et
356 539 582 583 amplitudine,
597 539 759 578 inventur,
776 549 811 571 ex
832 537 942 580 eisque

195 597 274 637 quot
287 596 440 636 poterunt
461 593 492 625 in
514 592 641 636 collegii
662 593 732 625 loca
751 590 943 624 distribuan-

194 648 259 686 tur,
282 655 365 689 quae
396 645 579 679 distributio
608 645 725 678 mutari
756 645 884 688 poterit,
907 649 942 676 ut

192 707 228 732 se
245 698 383 732 mutabit
416 698 606 732 Germaniae
626 703 737 739 status,
764 702 795 729 et
819 697 941 730 anima*

191 760 266 785 rum
291 752 376 785 salus
400 751 619 796 postulaverit.
652 751 684 785 Si
713 762 777 794 qua
804 762 879 783 vero
908 750 940 782 in

192 803 333 838 dioecesi
352 816 419 839 non
439 805 643 850 reperiantur
667 804 707 837 ad
731 804 813 837 hanc
848 803 939 836 insti-

191 857 350 892 tutionem
372 858 492 898 idonei,
515 858 645 891 iuvenes
669 857 723 890 alii
744 868 780 890 ex
801 857 938 889 finitima

191 916 247 944 aut
265 911 328 944 alia
348 911 513 955 provincia
533 911 728 953 deligantur,
744 910 810 954 qui,
825 910 856 942 in
872 910 938 942 col-

190 963 275 1007 legio
299 965 447 1005 instituti,
467 965 507 997 ad
527 965 686 997 desolatas
706 964 864 997 eiusmodi
885 974 938 996 ec-

191 1017 303 1051 tlesias
323 1019 470 1063 exemplo
488 1024 517 1051 et
539 1018 685 1051 'doctrina
710 1017 937 1057 sublevandas,

187 1076 300 1114 postea
337 1071 556 1111 dimittantur;
592 1071 702 1115 plures
740 1076 847 1104 autem
872 1081 937 1104 non

189 1123 400 1167 recipiantur,
427 1135 525 1168 quain
555 1130 634 1168 quot
663 1124 869 1168 superiorum
890 1124 938 1156 iu-

188 1175 274 1211 dicio
293 1183 390 1222 atque
410 1178 609 1222 experientia
628 1177 661 1210 in
681 1178 819 1221 collegio
842 1188 936 1222 prae-

186 1229 274 1265 dicto
291 1237 445 1276 poterunt
467 1232 638 1265 commode
662 1231 844 1265 sustentari.

229 1283 245 1327 ὃ
268 1283 300 1317 4.
323 1285 503 1329 Antequam
525 1285 661 1327 collegio
687 1285 858 1328 quisquam
879 1285 935 1317 ad-

185 1335 344 1378 mittatur,
365 1338 413 1371 vel
435 1338 467 1371 in
486 1338 551 1371 fine
571 1349 623 1372 sex
644 1339 826 1382 primorum
848 1349 936 1371 men-

164 1389 281 1432 'sium‚
302 1390 336 1424 in
356 1391 562 1435 superiorum
593 1392 742 1425 manibus
771 1392 935 1425 iusiuran-

185 1444 263 1478 dum
283 1445 360 1478 dare
385 1445 500 1479 debeat
519 1446 600 1479 velte
630 1457 662 1479 se
689 1451 806 1479 statum
831 1447 935 1480 eccle-

185 1497 349 1532 siasticum
369 1498 535 1543 amplecti,
562 1504 591 1531 et
613 1499 653 1532 ad
685 1510 797 1532 omnes
826 1510 934 1533 sacros

185 1555 216 1584 et
234 1551 474 1596 presbyteratus
493 1552 636 1593 ordines,
654 1562 729 1585 cum
746 1552 849 1585 visum
867 1553 933 1586 sue-

184 1603 226 1636 rit
244 1604 480 1649 superioribus,
515 1606 710 1649 promoveri,
736 1616 875 1649 cumque
895 1605 934 1639 ii-

183 1656 256 1690 dem
275 1658 511 1699 mandaverint,
538 1659 571 1691 in
594 1659 732 1703 patriam
755 1659 860 1692 statim
882 1671 933 1693 re-

182 1719 366 1752 uersurum,
379 1711 459 1745 iuris
472 1712 573 1745 civilis
593 1717 648 1745 aut
668 1712 848 1746 medicinae
865 1718 933 1746 stu-

182 1761 235 1796 dia
242 1772 309 1797 non
319 1764 555 1808 professurum,
565 1765 661 1798 aliam
669 1766 827 1799 rationem
840 1765 933 1806 vitae,

181 1816 320 1850 aulicam
340 1818 542 1861 praesertim,
559 1828 625 1851 non
642 1823 852 1859 sectaturum,
878 1819 934 1852 sed

183 1870 350 1911 ctntinuo,
371 1870 427 1904 ubi
447 1882 465 1904 a
485 1871 622 1914 collegio
643 1871 796 1905 dimissus
820 1872 931 1913 fuerit,

183 1922 215 1956 in
236 1923 442 1957 Germaniam
462 1925 502 1958 ad
521 1925 675 1958 iuvandas
696 1924 819 1958 animas
839 1926 935 1958 remi-

182 1984 362 2019 graturum,
385 1977 481 2011 etiam
506 1983 578 2011 ante
599 1979 810 2012 constitutum
822 1979 934 2012 studiis

183 2030 383 2064 ordinarium
405 2032 591 2072 terminum,
623 2032 648 2064 si
680 2032 721 2064 ita
750 2032 933 2066 animarum

182 2083 278 2116 saluti
311 2084 495 2117 conducere
520 2090 575 2117 aut
603 2095 662 2128 pro
687 2085 815 2128 collegii
847 2097 934 2119 com-

182 2136 281 2169 modo
309 2137 533 2181 superioribus
570 2137 732 2171 videbitur
768 2139 930 2182 expedire.

181 2187 269 2222 luret
301 2190 398 2224 etiam
431 2201 465 2224 se
490 2191 617 2234 collegii
649 2191 795 2224 instituta
816 2203 933 2226 secun-

183 2241 260 2276 dum
276 2244 484 2287 superiorum
506 2244 804 2289 interpretationem
825 2246 935 2279 obser-

181 2300 341 2338 vaturum,
361 2307 421 2330 nee
441 2308 459 2330 a
478 2299 644 2331 communi
661 2299 806 2332 omnium
827 2300 933 2332 alum-

183 2359 298 2383 norum
319 2350 444 2383 vivendi
464 2351 589 2384 ratione
609 2352 841 2385 discessurum.

63 2445 67 2449 A
99 2438 101 2441 ¹
227 2402 243 2445 ἓ
263 2402 294 2435 5.
318 2403 490 2446 Postquam
511 2409 616 2437 autem
638 2404 795 2448 praedicti
818 2405 848 2436 in
869 2405 934 2437 col-

107 2471 171 2491 mm,
182 2450 302 2494 legium
324 2452 443 2485 suerint
464 2453 597 2496 recepti,
625 2452 833 2485 christianam
868 2454 935 2496 pie-

40 2501 169 2553 ⁷¹:eroe
186 2506 281 2534 tatem
307 2507 337 2534 et
356 2501 411 2534 Dei
434 2501 582 2535 timorem
603 2502 759 2545 primum,
791 2508 821 2535 et
851 2512 935 2535 sum-

86 2547 92 2553 ’
185 2559 274 2582 mum
296 2549 461 2592 {aig-ionis
482 2549 623 2582 studia-m
654 2550 713 2583 sibi
735 2560 935 2595 essepropo-

143 2610 147 2614 ·
187 2599 283 2632 situm
314 2599 346 2631 in
379 2599 525 2631 animum
545 2599 712 2639 inducant3
740 2599 812 2632 inde
848 2600 932 2632 enim

184 2648 332 2682 salutaris
357 2653 387 2681 et
407 2659 480 2681 vera
501 2647 626 2681 initium
649 2648 746 2681 habet
761 2647 931 2690 sapientia.

265 2697 340 2729 Ball.
360 2696 436 2727 Rom.
464 2697 517 2726 t'ol.
545 2696 615 2726 VIII.
776 2696 811 2725 :37

817 272 992 297 Gnnttontt's
1012 271 1065 294 xm
1087 271 1132 294 ΡΡ.

987 321 1092 361 Quare
1112 322 1215 355 statim
1238 322 1364 365 pietatis
1383 326 1413 355 et
1434 319 1671 355 ecclesiasticae
1688 318 1735 352 vi-

986 379 1034 407 tae
1043 374 1252 407 fundamenta
1263 374 1391 414 iaciant;
1404 373 1618 414 vocationem,
1635 383 1734 416 quam

985 427 1069 460 Deus
1090 427 1154 460 illis
1183 427 1341 470 impertiri
1361 427 1526 470 ‚dignatus
1557 431 1615 467 est,
1637 425 1734 459 etiam

984 486 1081 524 atque
1109 480 1204 513 etiam
1230 480 1443 520 considerent3
1474 480 1656 523 generalem
1687 483 1734 512 to-

985 533 1048 566 tius
1072 533 1155 566 vitae
1181 533 1415 566 consessionem
1444 533 1621 566 instituant.
1652 531 1733 565 Divi-

984 597 1061 619 num
1082 586 1225 620 officium
1250 586 1386 619 recitare
1408 592 1438 619 et
1462 586 1613 620 coelestia
1629 585 1732 619 medi-

983 640 1042 672 tari
1064 640 1199 681 discant,
1217 640 1436 672 cathechismo
1456 640 1616 679 studeant,
1629 639 1732 683 iisque

983 693 1014 725 in
1036 693 1132 726 domo
1152 693 1206 726 Dei
1232 698 1262 726 et
1283 693 1313 725 in
1334 694 1445 733 choro,
1467 703 1549 736 quae
1568 704 1585 725 a
1606 692 1731 726 clericis

982 747 1164 790 peragenda
1179 752 1266 787 sunt,
1284 746 1455 790 diligenter
1474 751 1668 787 assuescant,
1685 752 1731 779 at-

982 810 1044 843 que
1070 800 1100 832 id
1126 811 1227 843 genus
1256 800 1330 840 alia,
1363 800 1481 843 quibus
1505 799 1577 832 novi
1607 800 1729 832 alumni

981 853 1201 896 perdiscendis
1211 854 1280 886 dies
1292 859 1328 886 ut
1339 854 1508 886 minimum
1516 853 1729 896 quadraginta

982 907 1180 950 impendant3
1203 918 1274 947 nec,
1297 913 1468 951 antequam
1498 907 1528 938 in
1542 907 1592 939 liis
1603 917 1635 939 se
1645 907 1729 939 bene

980 961 1194 1002 exercuerint,
1221 962 1429 994 alumnorum
1450 967 1535 993 veste
1552 960 1730 993 induantur

980 1022 1035 1048 aut
1059 1015 1098 1048 ad
1122 1015 1369 1059 disciplinarum
1404 1014 1509 1047 studia
1545 1014 1725 1054 mittantur,

979 1069 1105 1102 etiamsi
1130 1069 1254 1102 nobiles
1284 1069 1404 1101 suerint
1435 1073 1491 1100 aut
1518 1067 1659 1110 religiosi
1697 1073 1727 1101 et

979 1122 1011 1154 in
1033 1122 1213 1156 sacerdotio
1239 1121 1413 1155 constituti.

1626 255 1690 292 449
1718 257 1725 270 ·’
1738 257 1837 293 Ἀυ.’(’.
1862 264 1930 294 *m

955 1159 960 1230 l
1022 1177 1037 1220 ἓ
1056 1176 1087 1210 6.
1111 1176 1170 1210 Sex
1190 1176 1265 1209 item
1288 1186 1413 1208 menses
1438 1175 1557 1218 cuique
1584 1174 1727 1207 tribuam
1747 1178 1758 1194 ⁷
1777 1183 1919 1205 υψυιοιντο·

977 1235 1042 1271 tur,
1069 1230 1186 1273 quibus
1207 1240 1247 1261 an
1279 1229 1312 1261 in
1340 1228 1476 1271 collegio
1508 1235 1723 1271 perseverare,

977 1282 1278 1326 institutionemque
1296 1281 1483 1315 huiusmodi
1508 1282 1677 1314 observare
1697 1287 1727 1314 et

977 1337 1180 1381 propositum
1211 1337 1251 1369 ad
1280 1336 1377 1378 finem
1406 1335 1585 1379 perducere
1613 1334 1722 1375 velint,

977 1401 1087 1423 secum
1126 1390 1316 1430 deliberent,
1353 1395 1384 1423 et
1416 1394 1539 1422 tantum
1570 1389 1726 1433 pecuniae

977 1455 1075 1488 penes
1091 1443 1218 1487 collegii
1238 1443 1401 1476 ministros
1421 1443 1595 1485 deponant,
1625 1452 1725 1485 quan-

976 1503 1058 1539 tum,
1080 1498 1163 1530 infra
1179 1508 1232 1530 sex
1248 1507 1373 1530 menses
1384 1502 1438 1529 aut
1454 1501 1523 1540 post
1542 1496 1723 1528 studiorum

976 1561 1108 1584 cursum
1139 1549 1390 1589 discedentibus,
1405 1549 1444 1581 ad.
1466 1549 1603 1582 reditum
1621 1549 1652 1581 in
1667 1559 1724 1592 pa-

975 1604 1070 1637 triam
1091 1603 1241 1644 sufficiat,
1262 1614 1303 1636 ne
1323 1603 1496 1645 collegium
1517 1601 1639 1634 viaticis
1655 1612 1726 1644 gra:

974 1663 1082 1699 vetur3
1105 1667 1286 1701 pauperum
1312 1662 1419 1689 tamen
1444 1655 1525 1688 ratio
1554 1655 1722 1694 habeatur,

975 1722 1059 1755 quae
1091 1722 1144 1745 sex
1176 1710 1337 1744 mensium
1362 1709 1573 1753 praescriptio
1603 1708 1641 1741 ad
1665 1718 1724 1740 uo-

974 1774 1087 1798 vorum
1131 1765 1339 1798 alumnorum
1379 1762 1603 1807 probationem
1646 1770 1724 1793 con-

975 1829 1141 1852 cessorum
1167 1818 1352 1862 superiores
1391 1827 1455 1849 non
1492 1814 1625 1848 art-tabit
1658 1824 1723 1856 quo

975 1872 1096 1912 minus,
1118 1872 1143 1904 si
1164 1870 1434 1916 deprehenderint
1454 1870 1582 1902 iuvenes
1601 1867 1641 1900 ad
1662 1867 1722 1899 liu-

974 1925 1115 1959 iusmodi
1140 1924 1343 1969 disciplinam
1379 1923 1416 1956 ad
1437 1932 1608 1964 sacrosque
1636 1920 1723 1953 ordi-

974 1990 1031 2012 nes
1050 1989 1165 2023 parum
1190 1984 1295 2023 aptos,
1326 1988 1379 2010 eos
1407 1977 1491 2009 intra
1516 1985 1567 2008 sex
1597 1984 1723 2007 menses

974 2033 1157 2076 praedictos
1182 2031 1249 2064 sine
1278 2041 1370 2063 mora
1399 2029 1520 2072 possint
1547 2027 1720 2059 dimittere.

975 2086 1075 2118 Nemo
1096 2085 1181 2118 enim
1202 2085 1263 2118 hoc
1285 2084 1317 2116 in
1339 2083 1475 2123 collegio
1500 2088 1546 2114 est
1574 2080 1721 2118 alendus,

976 2138 1030 2181 qui
1050 2138 1117 2170 sine
1134 2148 1189 2181 spe
1209 2136 1303 2170 solidi
1324 2136 1355 2168 in
1376 2135 1493 2178 pietate
1522 2133 1722 2166 fundamenti

975 2191 1051 2223 ltine
1072 2190 1440 2228 videaturdiscessurus,
1463 2198 1502 2219 ne
1523 2187 1604 2219 sorte
1620 2186 1723 2218 malus

976 2244 1063 2288 pravi
1085 2244 1181 2276 unius
1206 2242 1328 2275 alumni
1363 2241 1465 2274 exitus
1503 2251 1539 2273 ea
1569 2239 1722 2277 destruat,

975 2308 1058 2340 quae
1087 2298 1265 2329 multorum
1297 2296 1328 2327 in
1358 2294 1513 2336 religione
1541 2299 1572 2325 et
1604 2292 1723 2336 pietate

975 2351 1139 2394 profectus
1159 2348 1390 2387 aedificaverim
1413 2357 1516 2390 neque
1534 2346 1630 2386 enim,
1649 2345 1723 2388 qui-

974 2404 1035 2436 hus
1070 2403 1237 2436 severitate
1258 2411 1437 2446 poenarum
1458 2411 1539 2444 opus
1559 2405 1607 2432 est
1631 2409 1722 2432 coer-

976 2452 1097 2492 cendis,
1124 2452 1212 2494 digni
1232 2457 1307 2484 sunt
1326 2450 1423 2482 huius
1454 2449 1536 2482 vitae
1565 2448 1720 2488 instituto,

977 2507 1098 2533 tantum
1121 2500 1216 2541 igitur
1236 2498 1367 2532 retineri
1388 2508 1442 2530 eos
1466 2498 1626 2536 volumus,
1653 2495 1721 2539 qui,

953 2522 956 2571 l
977 2562 1033 2583 sua
1053 2560 1164 2588 sponte.
1178 2554 1208 2582 et
1224 2558 1333 2581 amore
1349 2546 1487 2587 virtutis,
1503 2545 1721 2590 pietatislitte-

953 2574 956 2648 l
976 2591 1152 2641 rarumque
1173 2598 1279 2630 studio
1300 2597 1469 2629 vacabunt.

953 2666 959 2697 ι
1020 2650 1034 2690 ᾗ
1056 2648 1086 2680 7.
1109 2646 1225 2679 Omnes
1245 2645 1279 2678 in
1300 2644 1435 2687 collegio
1459 2644 1600 2677 fraterna
1620 2642 1724 2675 chari-

1738 1207 1758 1230 lr.
1767 1211 1827 1232 ,toni-
1855 1214 1919 1236 nuo.
