2059 3228
142 207 181 234 An
208 206 237 235 C.
256 208 322 235 1575

381 206 423 238 ,ω

407 229 424 238 .a

931 207 1109 231 mummium
1132 205 1283 229 Romanum

335 267 407 300 dom
446 262 593 297 festivitas
612 271 629 292 a
650 258 800 291 fratribus
819 257 945 291 Ordinis
965 258 1077 290 huius-
1098 274 1101 316 1
1120 268 1215 300 quein
1237 255 1402 299 praebere,
1419 254 1548 287 illarum
1567 259 1775 294 tenorem,ac
1789 252 1866 286 side

334 318 421 353 modi
436 314 589 350 celebrari
609 312 741 345 solebat.
759 310 984 351 Nihilominus,
1006 315 1078 343 ante
1119 309 1215 342 verbo
1244 308 1283 340 ad
1310 307 1443 339 verbum
1471 306 1694 349 praesentibus
1727 305 1866 338 insertus

333 371 451 414 aliquot
473 378 584 404 annos,
606 365 705 408 aliqui
720 364 774 397 alii
791 364 928 407 partium
950 363 1076 396 illarum
1120 363 1210 399 soret,
1234 372 1290 405 pro
1318 361 1410 403 plene
1431 365 1461 392 et
1488 359 1684 392 sufficienter
1716 369 1864 402 expresso

333 422 484 466 religiosi,
508 417 692 464 praesertin*
716 417 749 449 in
769 416 893 449 civitate
916 416 1077 448 Salaman-
1119 415 1282 452 habentes,
1305 417 1393 445 motu
1409 412 1552 456 proprio,
1574 422 1639 445 non
1664 411 1703 444 ad
1728 411 1865 445 alicuius

333 477 409 512 tina.
441 472 675 507 contendebant
694 468 829 503 ‘eisdem
860 469 910 501 die
941 474 971 501 et
999 469 1076 500 hora

332 529 527 562 festivitatem
553 535 610 558 seu
633 523 872 567 processionem
893 521 1076 553 huiusmodi
1095 556 1097 561 .

331 581 506 619 celebrare,
533 578 689 623 populum
714 576 753 608 ad
774 587 806 608 se
845 575 1015 609 trahentes,
1046 578 1072 605 et

330 638 529 672 ornamenta,
542 642 623 675 quae
634 630 710 674 ipsis
721 629 872 661 fratribus
881 626 1004 659 Ordinis
1014 626 1073 657 hu-

329 687 468 719 iusmodi
503 684 635 718 concedi
653 683 808 721 solebam,
833 681 1071 723 eijinspiirentes,

329 740 413 771 unde
430 744 460 771 et
480 739 590 782 populi
605 736 727 769 devotio
744 735 959 771 minuebatur,
978 732 1073 764 etali—

327 792 455 834 quando
474 792 531 825 viri
555 790 708 829 timorati,
735 788 875 821 videntes
908 786 1072 827 religiosos

327 856 385 888 pro
405 844 588 878 huiusmodi
609 844 705 875 rebus
724 842 847 874 interse
865 838 1068 876 contemlore,

325 1003 517 1043 dicatorum,
545 1008 579 1035 nt
599 1002 630 1034 in
650 1001 800 1033 omnibns
823 1004 851 1031 et
873 997 1007 1040 singulis
1027 996 1069 1029 ci-

323 1056 483 1095 vitatibus,
523 1055 626 1093 terris,
662 1053 786 1097 oppidis
816 1057 844 1084 et
878 1050 969 1090 locis,
1004 1055 1067 1082 tarn

324 1109 426 1142 dictae
443 1108 624 1153 provinciae
645 1118 740 1150 quam
761 1111 847 1137 extra
863 1110 891 1137 et
905 1103 982 1136 alias
1000 1102 1069 1135 ubi-

322 1162 409 1201 libet,
430 1162 461 1194 in
482 1161 597 1205 qnihns
617 1161 655 1193 ab
672 1157 917 1191 immemorabili
935 1167 1069 1189 consue-

321 1215 432 1247 tudine
452 1216 563 1247 sratrfs
583 1214 657 1246 dicti
678 1212 802 1245 Ordinis
829 1210 1066 1255 processionem

322 1268 506 1300 huiusmodi
522 1267 604 1300 dicta
624 1266 674 1299 dic
694 1265 858 1298 dominica
877 1264 959 1296 infra
979 1268 1066 1295 octa-

319 1331 389 1353 vam
406 1320 548 1353 eiusdem
568 1320 719 1363 Corporis
745 1318 861 1351 Christi
881 1317 1067 1349 solemniter

320 1374 484 1406 celebrare
504 1373 587 1406 soliti
608 1374 746 1411 fuerant,
769 1371 889 1404 eisdem
915 1370 1066 1402 fratribus

1118 467 1210 499 nobis
1227 477 1323 509 snper
1339 466 1401 498 hoc
1420 465 1544 498 oblatae
1563 464 1725 508 petitionis
1744 464 1864 498 instan-

1119 520 1203 555 tiam,
1225 520 1278 551 sed
1312 530 1346 551 ex
1368 529 1455 551 mera
1475 518 1705 551 deliberatione
1725 522 1756 550 et
1777 524 1864 551 certa

1117 573 1245 605 scientia
1264 572 1389 611 nostris,
1408 570 1562 604 universis
1581 576 1611 603 et
1630 570 1765 613 singulis
1776 571 1862 604 clero

1117 633 1143 659 et
1167 625 1290 658 elei-icis
1314 637 1350 657 ac
1376 624 1519 668 personis
1539 624 1773 662 ecclesiasticis,
1797 629 1862 657 tam

1115 679 1334 711 saecularibus
1354 689 1451 721 qnam
1480 677 1666 720 quorumvis
1690 677 1860 717 Ordinum,

1115 733 1317 773 Religionum
1332 737 1361 763 el
1382 731 1567 763 militiarum
1581 730 1792 770 regularibus,
1812 735 1858 770 ut,

1115 785 1227 817 litteris
1247 785 1292 817 Pii
1318 783 1573 828 praedecessoris
1594 783 1777 816 huiusmodi
1794 793 1860 816 non

1113 838 1323 877 obstantibus,
1344 837 1436 870 liceat
1451 836 1539 879 ipsis,
1562 843 1625 870 tam
1641 836 1691 868 die
1715 836 1781 880 ipsa
1800 837 1859 876 do-

326 898 583 933 ollendebantur;
600 896 742 929 eiusdem
764 893 889 926 loannis
909 891 1070 934 supplica·
1091 900 1092 921 1
1114 891 1230 924 niinica
1255 891 1337 923 infra
1374 895 1516 922 octavam
1551 889 1701 931 Corporis
1727 889 1855 930 Christi,

326 950 467 983 tionibus
486 950 658 982 inclinatus
672 975 679 988 ,
701 948 804 979 eidem
832 945 940 978 Ordini
975 944 1069 976 Prae-
1090 952 1092 990 J
1112 956 1209 987 quam
1221 943 1396 977 aliistotius
1407 948 1533 976 octavae.
1551 942 1719 985 praedictae
1730 942 1855 983 diebus,

1111 998 1331 1041 processiones
1343 998 1419 1029 snas'
1428 996 1602 1035 celebrare,
1621 1005 1679 1028 nec
1697 1006 1793 1039 super
1808 1006 1857 1037 eo,

1108 1044 1174 1083 tam
1195 1051 1234 1083 ab
1254 1049 1379 1083 Ordinis
1390 1049 1649 1082 Praedicatorum
1670 1048 1856 1083 huiusmodi

1110 1116 1206 1148 quam
1228 1105 1298 1137 aliis
1308 1104 1567 1148 quibuscumque
1584 1102 1740 1146 personis,
1760 1103 1870 1136 etiam·

1109 1159 1344 1206 prardictarum
1365 1163 1419 1190 ant
1442 1156 1626 1200 qnarumvis
1645 1156 1781 1189 aliarum
1803 1157 1855 1190 lit-

1109 1218 1263 1251 terarum,
1285 1211 1522 1255 privilegiorum
1542 1210 1589 1242 vel
1609 1210 1854 1244 concessionum

1109 1271 1283 1309 praetextu,
1303 1275 1359 1297 seu
1379 1263 1456 1296 alias
1491 1262 1733 1305 quomodolibet
1753 1265 1855 1297 mole-

1107 1318 1194 1358 stari,
1208 1317 1377 1362 inquietari
1392 1318 1439 1350 vel
1459 1316 1655 1360 perturbari,
1678 1326 1738 1349 nee
1748 1317 1852 1350 ‘etiam

1108 1371 1268 1415 aliquibus
1284 1370 1428 1404 censuris
1436 1370 1483 1402 vel
1499 1369 1621 1412 poenis,
1637 1370 1731 1402 etiam
1752 1371 1854 1403 eecle-

1880 187 2039 239 Anotss

2006 252 2023 265 U

320 1427 444 1460 Ordinis
468 1426 727 1459 Praedicatorum
758 1425 932 1463 dumtaxat,
954 1423 1064 1455 cadem
1085 1456 1087 1469 ἱ
1107 1425 1249 1465 siasfieis,
1271 1423 1428 1462 innodari,
1444 1434 1499 1455 seu
1519 1423 1588 1455 illas
1599 1422 1766 1456 incurrere
1778 1435 1852 1467 pog-

319 1481 371 1513 die
408 1480 569 1512 dominica
605 1480 780 1512 solemnem
826 1477 1064 1521 processionem
1084 1515 1086 1520 ¹
1107 1479 1180 1518 sint,
1210 1483 1322 1510 tenore
1347 1476 1563 1520 praesentium
1593 1476 1803 1510 concedimus
1821 1481 1853 1511 et

319 1534 461 1566 eiusdem
481 1533 631 1576 Corporis
657 1532 773 1565 Christi
800 1531 963 1564 celebrare
992 1522 1086 1562 lice-³
1108 1532 1332 1576 permittimus.

319 1587 477 1627 1·et,itant
490 1587 570 1618 nulli
586 1597 683 1629 snper
702 1596 739 1618 eo
753 1585 824 1617 illos
843 1583 997 1628 impedire
1009 1594 1064 1615 seu
1083 1592 1086 1634 ἰ
1149 1586 1164 1629 g
1183 1584 1214 1629 3.
1237 1585 1274 1617 Et
1292 1583 1512 1622 nihilominus,
1533 1592 1591 1625 pro
1621 1582 1737 1624 potiori
1759 1593 1850 1626 prae·
1864 1574 2059 1638 νΕῑΜῐΙ-’ωΡίῖὲ

320 1642 431 1673 eodem
450 1645 594 1683 tempore
622 1639 670 1671 vel
690 1638 740 1671 die
760 1638 905 1670 eamdem
939 1646 1066 1679 proces-
1106 1639 1277 1671 missorum
1305 1636 1440 1675 cautela,
1459 1635 1579 1669 litteras
1598 1635 1643 1668 Pii
1664 1635 1852 1679 praedeces-
1890 1620 1987 1645 ‘mem
2058 1638 2059 1641 ’

318 1693 442 1726 Sionem
464 1693 567 1725 sssCOl'G
587 1697 716 1736 POSSOHt
736 1696 766 1723 Οἱ
789 1690 954 1730 debssfflssi,
990 1700 1063 1732 pel'-
1083 1713 1085 1752 4
1106 1692 1185 1725 soris
1204 1690 1389 1723 huiusmodi
1413 1689 1529 1721 harum
1561 1688 1644 1722 serie
1676 1690 1802 1732 penitus
1821 1695 1852 1723 et

318 1751 415 1790 petuo
427 1745 584 1778 concessit
599 1750 629 1777 et
648 1744 789 1783 indulsit,
810 1754 847 1776 ac
879 1742 950 1775 aliis
974 1753 1064 1786 prae·
1083 1782 1085 1786 ι
1106 1745 1256 1785 omnino,
1295 1743 1401 1786 quoad
1439 1742 1589 1775 effectum
1625 1742 1851 1786 prohibitionis

317 1798 408 1831 dictis
431 1797 753 1842 desuperdistrictins
772 1796 921 1836 inhibuit,
938 1796 1064 1838 aliaque
1083 1837 1085 1840 Α
1106 1796 1288 1831 celebrandi
1302 1796 1522 1839 processiones
1534 1796 1730 1835 huiusmodi,
1746 1807 1850 1829 cassa-

317 1850 403 1892 fecit,
421 1856 518 1894 prout
539 1851 571 1883 in
587 1850 678 1883 dictis
701 1849 813 1882 litteris
834 1849 961 1894 plenius
986 1859 1063 1881 con-
1083 1862 1085 1873 <
1106 1863 1189 1891 mus,
1212 1850 1374 1882 irritamus
1387 1854 1417 1881 et
1437 1847 1851 1892 annullamus,viribusque

318 1904 448 1936 tinetur.
1083 1874 1086 1927 i
1105 1911 1136 1938 et
1155 1904 1268 1937 effectu
1300 1911 1502 1940 evacuamus,
1525 1905 1566 1941 et,
1586 1905 1752 1944 tamquam
1773 1901 1851 1944 tales

361 1957 376 2000 ἕ
395 1956 426 1989 02.
440 1957 503 1989 Nos
522 1961 640 1996 tamen,
654 1955 852 1988 attendentes
872 1954 903 1987 id
920 1965 983 1987 non
996 1955 1064 1987 sine
1106 1956 1237 1989 minime
1257 1954 1374 1988 attendi
1394 1954 1443 1986 vel
1463 1953 1581 1986 eisdem
1592 1952 1741 1985 fratribus
1753 1954 1850 1986 Prae·-

132 2016 304 2038 fflemodol'on-
318 2010 413 2043 divini
425 2010 531 2044 cultus
540 2009 751 2043 diminutione
763 2018 830 2040 esse
843 2008 951 2050 aliquo
969 2008 1064 2041 modo
1105 2009 1300 2043 dicatoribns
1319 2006 1486 2049 suffragari
1506 2016 1610 2049 posse,
1628 2006 1785 2038 volumus.

123 2048 190 2099 iiiiffffl
209 2048 305 2099 Sfflffliii
319 2072 424 2106 posse,
451 2073 524 2095 cum
545 2072 655 2095 omnes
679 2061 719 2094 ad
751 2071 849 2093 unam
870 2066 900 2093 et
919 2061 1062 2093 eamdem
1142 2060 1164 2105 ’ξ
1178 2061 1208 2094 4.
1241 2060 1420 2093 Districtius
1440 2059 1621 2092 inhibentes
1647 2058 1765 2091 eisdem
1785 2058 1850 2090 sra-
1863 2083 1876 2104 h

123 2109 203 2160 2¹:32¹ss
214 2114 307 2160 ,2¹13ssssss
320 2115 482 2149 dumtaxat
518 2115 686 2148 ecclesiam
724 2114 932 2153 confluentes,
971 2113 1003 2146 in
1028 2124 1064 2147 ea
1105 2116 1207 2149 tribus
1222 2114 1346 2147 Ordinis
1359 2113 1617 2146 Praedicatornm
1638 2116 1668 2144 et
1687 2110 1851 2154 quibusvis
1864 2116 2043 2174 ἓξέῑέηἰυοῑὶἳὶιιπι-

124 2176 154 2194 re.
166 2172 185 2191 in
197 2177 304 2198 quacum·
320 2169 486 2201 commode
498 2168 597 2212 recipi
615 2167 725 2211 sicque
741 2166 936 2210 processioni
951 2166 1064 2199 huius-
1084 2181 1086 2196 i
1105 2169 1176 2203 aliis
1210 2167 1372 2212 personis,
1407 2167 1641 2208 cuiuscumque
1679 2164 1850 2207 dignitatis,

123 2202 306 2254 giss'iigiasscigss
320 2221 406 2253 modi
426 2221 576 2254 interesse
600 2224 772 2263 nequeant,
787 2224 913 2263 praeter
931 2220 961 2251 id
978 2220 1065 2262 quod
1107 2226 1217 2263 status,
1243 2221 1371 2265 gradus,
1419 2219 1542 2252 ordinis
1571 2219 1620 2252 vel
1658 2217 1850 2251 conditionis

1106 2271 1236 2311 suerint,
1253 2271 1285 2303 in
1306 2269 1418 2302 virtute
1438 2272 1563 2301 sanctae
1580 2265 1791 2303 obedientiae,
1813 2276 1848 2298 ac
2048 2278 2059 2291 ο

123 2264 231 2290 unimus,
319 2273 395 2306 inibi
425 2284 519 2316 saepe
547 2273 703 2316 contingit
721 2278 767 2313 ut,
794 2277 926 2316 propter
953 2273 1064 2315 populi

319 2326 530 2368 frequentiam
556 2326 600 2359 sic
621 2326 847 2365 confluentem,
868 2325 952 2357 varia
973 2336 1064 2358 scan-
1106 2325 1164 2357 sub
1184 2320 1524 2357 excommunicationis
1537 2319 1668 2352 maioris
1686 2319 1765 2351 latae
1780 2328 1850 2351 sen-

1107 2373 1235 2411 tentiae,
1257 2381 1384 2404 necnon
1403 2368 1620 2412 suspensionis
1640 2367 1849 2408 etinterdicti

319 2374 389 2406 dala
410 2381 440 2407 et
460 2374 560 2415 iurgia
592 2374 748 2413 oriantur,
770 2379 801 2406 et
837 2373 975 2416 populus
992 2373 1065 2416 ipse

1106 2421 1241 2464 aliisque
1265 2419 1397 2453 arbitrio
1429 2424 1538 2450 nostro
1566 2414 1779 2452 moderandis,
1800 2415 1848 2447 in-

319 2422 476 2466 spirituali
495 2422 704 2455 venerationis
737 2421 932 2455 Sacramenti
953 2422 1064 2454 huius—

1106 2470 1252 2511 tligendis
1266 2474 1297 2502 et
1312 2466 1513 2510 imponendis
1534 2464 1657 2509 poenis,
1679 2474 1719 2496 ne
1740 2468 1850 2496 contra

320 2471 405 2503 modi
433 2471 600 2514 multiplici
632 2472 737 2504 fructu
775 2471 935 2514 privetur·,
966 2481 1065 2513 reque

320 2524 488 2562 propterea
505 2518 623 2551 diutius
645 2520 794 2559 discussa,
809 2520 979 2552 honestum
999 2530 1064 2551 esse
1107 2518 1323 2562 praesentium
1356 2516 1534 2548 litterarum
1564 2519 1707 2546 tenorem
1730 2512 1848 2552 venire,

322 2572 485 2599 censentes
513 2567 625 2599 litteris
646 2568 815 2610 praedictis
846 2567 977 2602 moduni
1006 2567 1064 2600 ali-
1083 2595 1089 2613 Ι
1107 2572 1159 2600 ant
1179 2563 1476 2611 suprascriptos‘vel
1506 2572 1727 2606 quoscumque
1756 2560 1845 2598 alios,

2057 1513 2059 1549 l

1884 2052 2045 2088 Observandum

1878 2090 1924 2105 uuus
1940 2087 2042 2107 constitu-
