2059 3228
97 222 164 253 ιω

29 438 94 462 nah·
101 444 159 468 pm-

35 470 99 493 ιΙΙνιι
111 471 157 492 huic

63 503 155 531 ιρροιιίις

37 1719 143 1744 meretum

66 1753 134 1776 adiicit
138 1761 144 1780 5

793 217 969 242 Gnnflomus
988 216 1042 240 xm
1063 216 1110 240 I'I’.

1606 202 1670 236 1170

170 271 762 314 travenn=nmsstatuendis,observari
773 272 922 310 debeant,
965 275 1025 310 tes,
1049 268 1167 301 vocatis
1196 268 1346 302 interesse
1371 266 1575 307 habentibus,
1606 265 1713 309 expri-

174 327 302 372 plenam
320 327 521 371 liberamque
539 327 724 360 facultatem
736 326 918 359 tribuimus.
964 322 1146 364 mcndoque
1167 322 1272 353 valore
1293 327 1386 353 enain
1399 319 1546 353 beneficii
1561 318 1613 352 cui
1625 318 1713 351 aliud

215 380 230 424 ἓ
253 380 307 413 11.
334 380 549 414 Decet-nentes
569 379 744 424 praemissa
764 380 872 413 omnia
892 384 922 412 et
963 375 1084 419 petitur
1104 374 1207 414 uniri,
1231 385 1354 406 necnor·
1371 374 1409 405 tle
1426 372 1617 416 praestando
1637 381 1713 405 con-

169 433 296 477 singula
315 445 352 467 ac
378 440 562 478 praesentes
593 434 713 468 litteras
733 434 823 467 nullo
847 445 920 466 utn-

170 497 266 531 quam
287 493 445 531 tempore‚
463 488 526 521 sive
542 498 600 531 pro
621 498 658 521 eo
678 488 764 532 quod
790 498 917 528 causae,

169 545 302 585 propter
320 551 400 584 quas
420 541 498 573 hacc
519 542 625 573 onmia
652 541 735 573 sacta
755 546 840 581 sunt,
867 551 919 573 co-

167 603 236 628 ram
271 593 359 627 dicto
391 594 510 627 vicario
541 595 589 627 vel
615 604 822 637 quocumque
855 594 918 626 alio

167 645 377 687 examinatae,
394 646 578 680 verificatac
599 652 631 680 et
650 647 855 690 approbatae,
881 657 918 680 ac

165 699 365 744 quicumque
394 700 550 733 interesse
572 700 728 733 habentes
746 700 786 733 ad
806 700 837 733 id
864 711 918 733 vo-

166 753 228 786 cati
256 763 321 786 non
346 753 476 794 fuerint,
502 764 562 787 nec
587 753 707 787 eisdem
733 754 917 798 praemissis

165 807 397 847 consenserint,
423 808 486 841 sive
506 808 583 841 alias
599 818 635 841 ex
654 807 915 852 quibuscumque

167 860 284 902 causis,
307 861 346 894 de
362 861 579 905 subreptionis
589 861 638 894 vel
649 861 850 905 obreptionis
859 867 915 895 aut

164 913 320 947 nullitatis
335 915 422 954 vitio,
433 926 489 949 seu
508 914 696 948 intentionis
724 920 852 949 nostrae
866 917 914 949 vel

163 977 338 1011 quocumq,
361 968 424 1001 alio
435 968 574 1009 defectu,
594 968 708 1009 notari,
718 969 913 1013 impugnari,

162 1021 340 1061 retractari,
361 1031 418 1054 seu
447 1021 542 1055 etiam
567 1022 722 1063 revocari,
745 1024 911 1066 suspendi,

161 1072 323 1116 restringi,
345 1073 476 1107 limitari
497 1080 553 1108 aut
580 1075 610 1107 in
639 1075 689 1108 ius
712 1076 761 1108 vel
781 1081 912 1109 contro-

161 1125 296 1160 versiam
312 1127 432 1169 vocari,
455 1139 511 1161 scu
536 1129 575 1161 ad
598 1128 750 1162 terminos
764 1129 844 1162 iuris
860 1141 911 1163 re-

161 1178 349 1223 duciposse;
359 1191 418 1214 nec
427 1192 624 1226 quemquam
635 1183 674 1215 ad
684 1183 810 1216 easdem
820 1194 912 1227 prac-

148 1238 266 1266 'sentes
285 1233 408 1267 litteras
421 1234 454 1267 in
474 1234 606 1268 Camera
626 1236 804 1279 praedlcta,
822 1237 909 1270 iuxta

162 1286 426 1320 constitutionem
464 1288 510 1321 Pii
537 1289 641 1333 Papae
667 1289 691 1321 V
718 1289 742 1329 1,
774 1291 908 1333 praedo-

160 1339 295 1373 cessoris
314 1341 427 1382 nostri,
445 1341 584 1386 desuper
603 1343 734 1384 editam,
757 1350 813 1377 aut
832 1345 908 1378 alias·

159 1392 431 1438 quandocumque
445 1397 728 1438 praesentandum,
743 1397 909 1430 insinuan-

159 1446 236 1481 dum
257 1452 289 1480 et
307 1449 473 1491 registrari
494 1450 679 1483 faciendum
705 1451 819 1491 teneri3
850 1463 907 1485 ne-

158 1510 221 1545 que
241 1507 414 1545 propterca
436 1503 506 1537 illas
526 1503 633 1537 irritas
645 1515 724 1545 esse,
735 1506 789 1538 sed
802 1506 907 1539 omni-

158 1553 255 1587 modo
275 1555 391 1597 valere,
409 1567 446 1589 ac
457 1557 481 1589 si
495 1557 680 1591 constitutio
700 1559 864 1602 praedicta
877 1565 908 1593 et

157 1605 219 1644 alia
238 1609 402 1642 contraria
422 1610 554 1643 minime
571 1618 785 1645 emanassent.

201 1661 217 1705 ἓ
236 1661 290 1694 12.
321 1662 437 1707 Sicque
457 1674 516 1707 per
539 1675 762 1708 quoscumque
783 1666 906 1699 iudices

157 1714 339 1748 ordinarios
357 1723 389 1749 et
409 1717 582 1760 delegatos,
606 1718 701 1751 ctiam
734 1729 904 1752 causarum

156 1759 268 1807 Palatii
296 1768 470 1812 Apostolici
504 1771 676 1813 auditores,
705 1783 741 1805 ac
761 1772 905 1805 eiusdem

156 1819 189 1854 S.
210 1820 247 1854 R.
269 1821 304 1854 E.
333 1822 521 1863 cardinales,
545 1825 669 1857 sublata
690 1825 735 1858 eis
751 1830 905 1859 eteorum

157 1873 288 1914 cuilibet
306 1876 417 1918 quavis
441 1877 535 1909 aliter
551 1877 713 1911 iudicandi
745 1884 776 1911 et
806 1879 905 1912 inter-

156 1928 303 1971 pretandi
322 1929 473 1963 facultate
494 1935 525 1963 et
543 1932 748 1972 auctoritate,
769 1932 905 1967 iudicari

157 1985 188 2013 et
196 1980 323 2018 definiri
335 1982 464 2023 debere;
479 1983 604 2017 irritum
621 1996 750 2029 quoque
758 1986 902 2027 etimne,

156 2032 182 2066 si
200 2044 293 2068 secus
317 2046 415 2079 super
434 2036 483 2069 his
502 2048 519 2070 a
539 2049 715 2082 quoquam,
734 2040 906 2082 quavisau-

156 2087 318 2129 ctoritate,
341 2088 479 2134 scienter
497 2091 547 2123 vel
566 2091 766 2135 ignoranter,
800 2094 902 2127 conti-

155 2140 238 2183 gerit
255 2142 416 2176 attentari.

200 2194 215 2237 fi
234 2193 288 2227 13.
326 2195 395 2229 Non
431 2197 633 2231 obstantibus
660 2200 843 2242 praemissis
875 2206 905 2233 ct

135 2241 377 2277 -Lateranensis
417 2246 545 2279 concilii
581 2247 695 2281 ultimo
729 2249 902 2289 celebrati,

132 2292 142 2297 ”
157 2291 293 2325 uniones
312 2299 497 2335 perpetuas,
517 2294 576 2327 nisi
598 2296 629 2335 in
652 2297 778 2329 casibus
798 2308 815 2330 a
836 2297 904 2331 iure

157 2340 333 2385 permissis,
347 2341 429 2382 fieri,
442 2347 473 2375 et
486 2343 655 2385 pensiones
671 2355 793 2378 annuas
808 2356 905 2389 super

156 2388 314 2422 fructibus
348 2400 533 2423 mensarum
558 2391 803 2435 episcopalium,
845 2395 903 2427 nisi

158 2446 195 2470 ex
208 2438 360 2471 cessionis
378 2444 433 2471 aut
444 2439 505 2472 alia
517 2440 675 2483 probabili
687 2452 792 2482 causa,
804 2453 904 2476 reser-

157 2486 223 2519 vari
242 2487 454 2530 prohibentis,
477 2498 525 2529 ac,
548 2494 706 2532 quatenus
737 2500 818 2533 opus
850 2491 901 2532 sit,

157 2535 275 2569 nostris
293 2536 332 2570 de
344 2536 520 2569 unionibus
535 2537 775 2572 committendis
784 2538 822 2572 ad
832 2550 904 2584 par-

193 2607 205 2634 1
224 2606 358 2643 Cherub„
380 2608 424 2636 Pii
442 2607 535 2645 Papae
550 2608 584 2636 lv
600 2609 640 2645 (R.
659 2609 708 2646 T.).

961 439 1056 461 sensu
1078 427 1109 460 in
1131 427 1357 470 pensionibus,
1387 427 1522 469 aliis-que
1554 424 1711 458 constitu-

962 482 1102 514 tionibus
1123 486 1151 513 et
1175 479 1431 512 ordinationibus
1456 478 1652 522 apostolicis;
1673 487 1710 510 ac

959 534 1053 567 Urbis
1070 534 1217 567 locorum
1239 538 1266 565 ct
1288 532 1437 564 Caincrac
1454 532 1707 575 praedictorum,

959 587 1055 621 etiam
1070 586 1263 625 iuramento,
1278 585 1524 618 confirmatione
1535 584 1709 628 apostolica

958 641 1007 673 vcl
1028 640 1139 683 quavis
1160 639 1310 671 firmitate
1324 638 1564 678 aliaroboratis,
1580 637 1707 670 statutis

959 700 991 727 ct
1011 692 1320 729 consuctudinibus3
1357 691 1531 735 privilegiis
1564 702 1704 734 quoque,

958 748 1090 781 indultis
1111 753 1140 780 et
1161 746 1277 779 litteris
1287 745 1484 789 apostolicis,
1499 745 1607 778 illisac
1624 745 1692 777 vica

957 802 1018 841 rio,
1041 800 1192 840 senatori,
1226 799 1517 839 conservatoribus,
1550 800 1705 831 reforma-

958 855 1094 893 toribus,
1117 852 1289 886 ordinariis
1322 852 1457 895 aliisque
1483 850 1642 884 iudicibus
1676 856 1706 883 ct

953 908 1157 947 officialibus,
1178 916 1306 940 necnon
1321 905 1510 946 camerario,
1520 905 1703 949 praesiden-

956 962 1040 995 tibus
1064 966 1094 994 et
1127 960 1253 994 clericis
1273 959 1458 1004 praedictis,
1481 969 1517 991 ac
1541 958 1704 1002 quibusvis

954 1014 1151 1055 dolianeriis,
1173 1013 1404 1047 commissariis
1421 1017 1451 1045 et
1471 1011 1541 1045 aliis
1559 1015 1703 1055 personis

953 1069 991 1102 ad
1003 1069 1202 1101 exactionem
1215 1067 1465 1110 pedagiorumet
1477 1065 1614 1098 aliorum
1626 1076 1703 1098 one-

953 1134 1025 1155 rum
1051 1122 1238 1154 huiusmodi
1270 1131 1329 1165 pro
1358 1125 1505 1163 tempore
1529 1119 1702 1162 deputatis,

952 1187 1079 1210 necnon
1103 1175 1228 1207 dilectis
1249 1174 1322 1207 siliis
1346 1174 1468 1217 populo
1492 1173 1636 1205 Romano
1665 1183 1702 1205 ac

951 1239 1235 1273 quorumcumque
1246 1228 1392 1260 locorum
1405 1226 1701 1266 communitatibus,

951 1282 1213 1316 universitatibus
1232 1287 1265 1314 et
1283 1281 1482 1321 hominibus,
1499 1280 1558 1313 sub
1568 1279 1701 1323 quibus-

950 1347 1090 1379 cumque
1112 1334 1279 1368 tenoribus
1299 1339 1330 1367 et
1350 1334 1472 1375 formis,
1490 1338 1522 1367 et
1540 1344 1615 1367 cum
1630 1333 1700 1377 qui-

949 1390 1067 1430 busvis,
1092 1389 1188 1422 etiam
1216 1387 1497 1431 derogatoriarum
1527 1387 1699 1430 derogato·

950 1444 1004 1476 riis
1021 1443 1155 1486 aliisque
1168 1441 1402 1475 efficacioribus
1414 1445 1444 1474 et
1454 1440 1601 1481 insolitis,
1614 1441 1700 1474 clau-

948 1497 1038 1538 sulis,
1064 1507 1192 1530 necnon
1213 1496 1416 1529 irritantibus
1436 1500 1467 1528 et
1493 1494 1564 1528 aliis
1588 1495 1700 1528 decre-

948 1551 997 1592 tis,
1021 1551 1053 1584 in
1073 1560 1190 1594 genere
1210 1550 1259 1583 vel
1278 1549 1310 1582 in
1331 1549 1449 1593 specie,
1470 1549 1568 1581 etiam
1593 1555 1695 1588 motu,

947 1604 1079 1638 scientia
1103 1609 1135 1637 et
1154 1603 1323 1648 potestatis
1353 1602 1558 1646 plenitudine
1587 1602 1698 1635 simili-

946 1658 1018 1698 bus,
1045 1669 1081 1691 ac
1104 1658 1182 1690 alias
1203 1656 1466 1700 quomodolibet,
1507 1655 1602 1688 etiam
1635 1655 1695 1688 ite-

947 1712 1024 1744 ratis
1036 1711 1172 1751 vicibus,
1187 1709 1358 1750 concessis,
1372 1708 1555 1752 approbatis
1566 1708 1697 1741 etinno-

945 1764 1037 1804 vatis,
1058 1764 1176 1808 quibus
1197 1763 1358 1802 omnibus,
1391 1761 1483 1795 ctiam
1505 1761 1530 1794 si
1561 1761 1599 1794 de
1634 1761 1695 1794 illis

946 1828 1125 1861 eorumque
1145 1817 1219 1850 totis
1237 1816 1403 1849 tenoribus
1426 1814 1695 1858 specialis-,speci-

947 1872 1018 1911 fica,
1042 1882 1189 1915 expressa
1210 1876 1241 1903 et
1268 1869 1433 1902 individua
1461 1879 1497 1901 ac
1529 1868 1568 1901 de
1596 1867 1692 1900 verbo

946 1925 983 1958 ad
1003 1925 1150 1964 verbum,
1172 1934 1237 1957 non
1257 1928 1362 1956 autem
1384 1933 1442 1966 pcr
1461 1922 1621 1955 clausulas
1639 1931 1693 1963 ge-

946 1979 1071 2011 nerales
1098 1978 1181 2010 idem
1223 1978 1444 2021 importantes,
1477 1975 1596 2008 mentio
1637 1985 1693 2007 seu

946 2031 1075 2075 quaevis
1095 2031 1154 2063 alia
1167 2030 1328 2073 expressio
1348 2028 1505 2067 habenda,
1515 2032 1571 2060 aut
1585 2027 1694 2070 aliqua

945 2084 1005 2117 alia
1027 2084 1183 2128 exquisita
1204 2084 1306 2116 forma
1318 2082 1426 2115 adhoc
1436 2080 1590 2113 servanda
1600 2085 1692 2120 esset,

947 2133 1693 2174 tenoresliuiustnodi,acsideverboadverbum,

946 2190 1025 2223 nihil
1047 2189 1176 2234 penitus
1200 2188 1329 2227 omisso,
1352 2193 1379 2220 et
1402 2186 1545 2220 sormain
1561 2186 1694 2220 illistra-

945 2244 1010 2276 dita
1025 2244 1204 2279 observata,
1219 2241 1327 2274 inserti
1341 2241 1444 2273 forent
1457 2240 1689 2284 praesentibus,

946 2308 1003 2341 pro
1024 2296 1220 2330 sufficienter
1253 2294 1407 2338 expressis
1436 2294 1601 2333 habentes,
1629 2293 1692 2326 illis

946 2350 1021 2383 alias
1043 2350 1075 2382 in
1096 2360 1152 2382 suo
1174 2349 1290 2382 robore
1311 2347 1541 2391 permansuris,
1554 2347 1613 2380 hac
1623 2347 1690 2380 vice

945 2404 1121 2442 durntamt,
1144 2401 1325 2445 specialiter
1344 2406 1374 2434 et
1389 2411 1535 2445 expresse
1558 2400 1691 2444 deroga-

946 2463 1030 2491 mus3
1053 2461 1179 2484 necnon
1199 2450 1349 2483 omnibus
1369 2449 1430 2482 illis
1450 2460 1531 2493 quae
1561 2449 1593 2482 in
1623 2449 1690 2483 sin-

945 2501 1026 2543 gulis
1051 2500 1164 2532 litteris
1183 2499 1353 2542 praedictis
1372 2498 1530 2532 voluimus
1552 2509 1617 2532 non
1635 2498 1691 2532 oh-

945 2554 1040 2588 stare,
1053 2547 1231 2590 ceterisque
1241 2547 1410 2581 contrariis
1417 2547 1686 2592 quibuscumque.

990 2601 1073 2636 Nulli
1091 2611 1166 2645 ergo
1188 2604 1246 2634 etc.
1274 2600 1305 2635 Si
1331 2600 1403 2646 quis
1427 2606 1533 2635 autem
1558 2605 1617 2638 ete.

1730 211 1780 239 An.
1798 208 1827 239 C.
1842 209 1911 237 155st
