2059 3228
73 229 126 258 An.
143 229 171 256 Γ..
190 229 256 258 1587

315 217 378 250 0⁵2ss

272 291 352 313 mus.
372 277 468 311 etiam
490 274 581 308 sicuti
601 273 625 307 si
639 270 809 315 contigerit
820 270 890 304 fieri
905 279 1015 302 earum

270 330 508 366 attestationum
539 328 585 359 vel
617 327 752 359 aliarum
782 323 1016 367 scripturarum

270 385 302 417 in
326 383 469 427 partibus
489 382 644 413 factarum
666 385 694 412 et
715 378 947 422 productarum
968 385 1018 408 co-

271 437 351 481 pias,
374 445 465 479 possi¹
486 438 722 477 competentem
734 431 879 475 recipere
893 439 1016 462 merce-

271 492 354 529 dem,
377 489 459 521 sicut
477 498 574 531 supra
594 486 767 519 diffinitum
787 489 845 518 est.

315 542 436 575 Pariter
465 540 658 574 excessivam
681 538 819 572 voluisse
856 536 1018 570 notarium

272 595 464 635 mercedem,
485 594 510 627 si
537 604 596 637 pro
621 592 811 626 executione
836 592 1019 624 litterarum

271 648 498 681 ‹·itatorialium
519 653 550 680 et
574 645 846 679 inhibitorialium
866 644 906 677 ab
935 642 1019 676 Urbe

271 707 493 736 emanatarum
513 701 562 733 vel
591 700 630 732 ab
655 699 718 732 alio
745 699 829 739 loco,
859 707 924 730 una
946 706 1019 730 cum

272 755 427 789 relatione
440 753 638 794 authentica,
651 752 798 786 auditum
814 755 871 791 est;
894 750 966 783 ideo
981 750 1022 782 ad

272 809 466 853 condignam
487 807 670 841 mercedem
691 806 723 839 id
740 805 944 844 reducentes,
965 814 1021 836 vo-

271 863 379 896 lumus
398 862 491 895 illum
512 866 642 905 praeter
669 870 772 893 unum
793 858 909 892 iulium
940 856 1022 890 nihil

273 915 427 959 consequi
447 914 579 948 audere.

314 969 352 1003 Et
371 969 448 1014 quia
468 967 627 1011 contingit
646 966 765 1000 multos
784 965 865 999 velle
889 974 1021 1008 proces-

273 1035 325 1056 sus
355 1033 430 1056 suos
453 1020 680 1061 authenticari‚
712 1025 744 1053 et
780 1029 839 1063 pro
875 1018 1023 1051 mercede

273 1077 369 1110 etiam
390 1075 582 1109 excessivam
602 1073 763 1107 notarium
784 1071 924 1105 voluisse
941 1082 1041 1113 mer-¹

275 1131 397 1171 cedem,
419 1129 492 1163 ideo
508 1127 760 1162 determinamus
779 1125 942 1159 notarium
961 1124 1024 1158 nisi

273 1183 547 1228 quatuorbolon„
559 1185 745 1224 computata
760 1178 911 1212 mercede
926 1188 1025 1221 quam

273 1237 386 1270 habuit
405 1247 464 1280 pro
489 1235 603 1279 copiis,
624 1234 718 1267 illum
742 1242 836 1277 posse
856 1230 1022 1275 consequi.

276 1291 366 1330 Quod
387 1290 507 1323 nedum
526 1289 560 1322 in
585 1288 675 1322 curia
704 1286 789 1320 civili
821 1285 970 1319 volumus
996 1289 1028 1318 et

277 1344 468 1377 mandamus
488 1342 663 1382 observari,
690 1340 745 1374 sed
770 1339 867 1373 etiam
891 1338 1029 1372 incuria

861 215 1038 240 ΠΙΊᾸΑΠΙΙΤΜ
1064 215 1214 238 ΠΟΜᾹΝῊΜ
1539 204 1548 218 ¹

1058 268 1153 300 luisse
1173 266 1370 310 accepimus,
1391 266 1416 299 si
1437 266 1639 309 contingebat
1659 277 1714 300 eos
1728 276 1801 310 per-

1058 320 1221 361 sonaliter,
1234 319 1379 363 partibus
1391 318 1595 360 instantibus,
1609 320 1648 352 ad
1659 320 1800 363 aliquem

1059 375 1165 408 locum
1191 372 1390 406 differentiae
1406 372 1439 405 in
1459 371 1585 405 civitate
1604 372 1652 405 vel
1671 373 1803 406 surbur-

1058 427 1119 460 biis
1135 427 1182 460 vel
1197 424 1519 469 extra'multiplicare
1531 423 1694 466 viaticum,
1707 430 1804 469 prout

1061 481 1091 513 in
1115 480 1265 514 auditore
1289 479 1450 522 generalis
1473 477 1583 511 curiae
1600 477 1704 511 civilis
1722 478 1804 511 dixi-

1061 545 1131 567 mus
1151 540 1182 568 et
1201 532 1390 573 criminalis,
1406 532 1480 565 ideo
1504 531 1695 564 mandamus
1713 542 1805 575 prae-

1060 588 1161 621 dictos
1168 587 1401 630 gubernatores
1410 584 1630 618 tantummodo
1638 584 1807 628 percipere

1061 651 1152 686 posse
1162 640 1326 679 viaticum,
1340 644 1435 682 prout
1446 649 1546 682 supra
1559 637 1593 671 in
1605 637 1808 671 auditoribus

1059 693 1254 738 supradictis
1273 693 1395 726 dictum
1416 697 1463 726 est
1482 697 1513 725 et
1532 691 1717 725 diffinitum.

1103 749 1141 781 Et
1159 747 1313 792 quoniam
1334 746 1552 780 intelleximus
1576 746 1809 789 gubernatores

1059 802 1210 842 voluisse,
1232 811 1291 845 pro
1309 800 1439 834 decreto
1459 800 1499 833 de
1521 799 1723 833 habilitando
1748 799 1808 833 ali-

1059 867 1157 899 quem
1174 867 1192 889 a
1215 854 1402 889 carceribus
1422 853 1457 886 in
1476 853 1596 898 palatio
1624 853 1675 887 vel
1706 852 1805 895 domi,

1058 910 1107 943 vel
1131 920 1190 953 pro
1211 908 1364 942 cassanda
1383 907 1607 948 fideiussione,
1626 912 1658 940 et
1675 906 1710 940 in
1739 907 1810 940 aliis

1060 962 1231 1002 similibus,
1245 962 1430 995 mercedem
1446 960 1600 1004 exegisse,
1613 971 1687 994 cum
1701 965 1810 994 tamen

1060 1016 1249 1060 Magalottus
1262 1026 1320 1060 pro
1337 1014 1512 1060 praedictis
1520 1013 1601 1048 nihil
1612 1013 1658 1048 eis
1675 1014 1808 1048 tribuat:

1060 1070 1145 1110 ideo,
1170 1074 1339 1112 sequentes
1362 1067 1521 1111 Magalotti
1542 1073 1697 1109 mentem,
1719 1077 1810 1101 man·
1839 1073 1843 1076 ’

1061 1124 1176 1157 damus
1195 1123 1290 1157 etiam
1310 1122 1476 1168 praedicta
1495 1132 1514 1155 a
1532 1121 1624 1155 dictis
1650 1121 1811 1165 guberna-

1061 1177 1186 1211 toribus
1205 1177 1304 1220 gratis
1330 1176 1401 1210 fieri
1434 1175 1565 1216 debere,
1586 1186 1646 1209 nec
1674 1174 1810 1219 aliquid,

1061 1236 1227 1276 praetextu
1248 1230 1387 1263 alicuius
1398 1229 1518 1262 abusus
1537 1234 1592 1262 aut
1605 1239 1722 1273 pravae
1732 1239 1811 1262 con-

1062 1284 1255 1324 suetudinis,
1277 1294 1371 1328 posse
1388 1294 1443 1317 eos
1457 1283 1618 1326 accipere,
1640 1281 1736 1316 sicuti
1751 1292 1812 1316 nec

1064 1338 1212 1372 volumus
1231 1337 1409 1381 quidquam
1434 1336 1479 1370 eis
1496 1346 1555 1380 pro
1575 1335 1813 1378 subscriptione

277 1397 437 1431 criminali
457 1409 475 1430 a
495 1395 689 1430 cancellario
709 1404 767 1428 seu
786 1392 912 1427 notario
941 1392 1034 1438 illius
1064 1392 1160 1426 etiam
1177 1391 1319 1424 mandati
1339 1391 1379 1425 de
1398 1390 1572 1424 relaxando
1592 1388 1672 1423 solvi
1682 1389 1810 1422 debere.

278 1452 388 1486 curiae
408 1449 595 1486 criminalis.

327 1537 375 1570 De
394 1535 493 1579 officio
514 1533 660 1567 baricelli
678 1532 789 1565 curiae
807 1530 978 1574 ρεπεν-αἰῶ.

1107 1445 1189 1485 Quia
1208 1445 1365 1488 contingit
1384 1444 1592 1489 quandoque,
1612 1443 1662 1484 vel
1682 1442 1823 1487 propte?

1041 1513 1046 1532 t
1066 1499 1278 1532 mutationem
1302 1498 1556 1541 gubernatorum
1577 1500 1633 1529 aut
1650 1495 1812 1536 iudicum,

1011 1585 1014 1588 ,
1031 1533 1046 1604 ᾗ
1067 1553 1114 1586 vel
1134 1552 1276 1597 partium
1296 1550 1503 1595 negligentia,
1526 1560 1593 1583 non
1609 1549 1680 1582 fieri
1697 1559 1814 1582 execu-

322 1611 481 1650 Quoniam
507 1607 715 1653 reprimenda
734 1612 781 1640 est
809 1605 943 1640 audacia
971 1605 1047 1655 ba-3
1068 1607 1188 1640 tionem
1220 1605 1362 1639 mandati
1391 1603 1547 1638 executivi
1579 1603 1712 1643 obtenti,
1740 1602 1815 1636 ideo

280 1665 382 1698 ricelli
408 1664 518 1697 curiae
542 1661 721 1706 generalis,
743 1661 829 1701 ideo,
857 1659 933 1703 quia
953 1656 1047 1706 con-'3
1070 1672 1126 1705 pro
1151 1659 1399 1703 subscriptione,
1419 1658 1446 1691 si
1466 1656 1652 1700 requiratur
1674 1662 1706 1690 et
1721 1655 1818 1689 suerit

281 1718 373 1762 tingit
393 1719 484 1751 illum
505 1717 609 1750 facere
623 1715 788 1759 duplicem
804 1714 1032 1748 executionum

283 1771 434 1816 speciem,
459 1771 560 1804 altera
579 1775 626 1802 est
646 1779 729 1812 quae
749 1778 808 1812 pro
833 1766 1033 1801 executioni-

284 1826 343 1858 hus
362 1824 478 1858 fiendis
497 1833 611 1856 eorum
624 1833 706 1865 quae
719 1826 896 1855 occurrunt
910 1820 943 1853 in
960 1831 1035 1865 pro-

238 1878 243 1882 ”
283 1878 384 1912 vincia
400 1905 408 1918 ,
434 1878 535 1910 altera
555 1881 601 1909 est
621 1885 733 1909 eorum
754 1885 837 1919 quae
853 1874 923 1908 fieri
939 1874 1036 1908 dehet

284 1932 393 1975 vigore
412 1932 593 1964 litterarum
608 1929 875 1963 executorialium
891 1929 930 1962 ab
950 1929 1036 1962 Urbe

285 1986 335 2018 vel
360 1986 399 2018 ab
419 1984 482 2017 alio
506 1985 578 2017 loco
605 1988 840 2022 emanatarum,
866 1982 953 2015 unde
973 1982 1036 2014 im-

289 2038 430 2072 modicas
450 2038 483 2070 in
501 2038 562 2070 hac
582 2036 696 2069 ultima
709 2036 836 2069 volebat
855 2036 1033 2069 mercedes:

331 2091 394 2124 Nos
418 2096 539 2131 autem,
569 2090 768 2123 attendentes
800 2089 833 2122 id
862 2090 949 2133 quod
974 2089 1038 2122 iuri

1039 1893 1056 2148 l
1248 2143 1254 2149 ,

1068 1713 1262 1754 necessaria,
1285 1712 1476 1745 mandamus
1490 1710 1673 1755 praedictos
1700 1709 1818 1752 guber-

1070 1774 1198 1802 natores
1217 1776 1432 1805 successores,
1457 1765 1507 1798 vel
1527 1764 1553 1797 si
1573 1763 1653 1796 fiant
1669 1765 1703 1798 in
1717 1762 1825 1806 subsif

1070 1823 1160 1856 dium
1184 1820 1276 1862 iuris,
1309 1820 1390 1853 nihil
1421 1829 1475 1852 eos
1506 1819 1676 1863 percipere
1710 1829 1816 1862 posse,

1071 1876 1131 1910 nisi
1150 1875 1266 1908 iulium
1280 1884 1394 1914 unum,
1409 1873 1496 1916 quod
1511 1873 1712 1916 intelligatur
1723 1872 1819 1906 etiam

1071 1931 1110 1964 de
1126 1929 1277 1962 mandato
1296 1928 1438 1961 relaxato
1451 1937 1509 1971 per
1523 1926 1818 1970 praedecessorem3

1073 1991 1101 2018 et
1127 1983 1213 2016 idem
1243 1991 1369 2015 servare
1397 1980 1512 2013 debeat
1549 1979 1677 2013 auditor
1711 1979 1821 2014 curiae

1073 2036 1243 2081 generalis.
1692 2032 1694 2034 ’

1086 2124 1105 2137 ⁴
1119 2089 1321 2124 Abolendum
1349 2088 1481 2122 omnino
1500 2087 1698 2120 arbitramur
1720 2085 1821 2131 quod,

291 2151 319 2177 et
333 2144 484 2188 aequitati
501 2143 659 2184 convenit,
674 2143 823 2176 volumus
832 2142 941 2176 ambas
953 2149 1056 2176 com-.
1076 2155 1150 2179 eum
1172 2153 1312 2177 maximo
1343 2142 1460 2175 damno
1480 2140 1742 2185 provincialium,
1763 2150 1823 2173 usu

292 2198 472 2231 mensurari
493 2197 684 2241 aequaliter,
712 2201 743 2229 et
762 2196 848 2239 quod
869 2196 902 2229 in
935 2195 1039 2240 primo

1076 2208 1174 2243 pravo
1199 2196 1422 2230 introductum
1442 2200 1500 2235 est,
1522 2193 1681 2237 siquidem
1698 2193 1824 2226 contin-

294 2252 398 2294 capite
426 2262 461 2284 ex
497 2250 655 2283 taxatione
694 2249 854 2292 Magalotti
890 2249 1040 2289 solvitur,
1078 2251 1172 2296 gebat
1191 2260 1250 2295 pro
1261 2259 1468 2293 quocumque
1484 2247 1601 2281 delicto
1611 2247 1754 2290 aliquem
1768 2256 1827 2290 per

295 2304 374 2335 illud
392 2304 474 2337 idem
488 2302 689 2348 praedictum
701 2303 823 2336 habere
841 2302 969 2343 debere,
983 2313 1042 2336 nec
1078 2306 1162 2339 viam
1183 2303 1302 2338 decreti
1332 2301 1480 2342 relaxari,
1510 2300 1650 2333 voluisse
1668 2300 1827 2343 guberna-

297 2357 436 2400 aliquem
457 2357 489 2390 in
514 2358 587 2401 plus
606 2367 721 2399 cogere
751 2366 843 2400 posse
859 2356 919 2390 sub
940 2366 1044 2401 poena
1081 2365 1166 2392 tores
1185 2369 1222 2391 ex
1246 2355 1433 2390 huiusmodi
1463 2355 1595 2388 decreto
1620 2353 1824 2392 mercedem;

298 2410 429 2443 arbitrio
447 2411 521 2443 dicti
555 2409 712 2454 praesidis
736 2410 784 2443 vel
808 2410 942 2443 rectoris
970 2420 1045 2454 pro·
1084 2409 1156 2442 ideo
1171 2407 1250 2440 illud
1267 2405 1428 2444 tollentes,
1441 2404 1633 2436 mandamus
1648 2402 1827 2446 praefatum

299 2463 419 2496 vinciae
441 2463 646 2507 imponenda.
1060 2461 1066 2496 ⁸.
1083 2457 1163 2490 nihil
1184 2467 1243 2500 pro
1257 2455 1385 2488 decreto
1396 2451 1582 2486 huiusmodi
1594 2451 1712 2484 habere
1722 2460 1826 2494 posse,

1084 2506 1170 2549 quod
1189 2505 1220 2537 in
1240 2503 1387 2537 auditore
1407 2500 1584 2535 criminalis
1595 2499 1704 2534 curiae
1722 2498 1828 2542 dispo-

1063 2556 1182 2605 'situm
1207 2563 1275 2587 esse
1297 2553 1456 2585 iubemus.

347 2602 584 2639 Gubernator-es
604 2604 766 2638 civitatum
787 2604 969 2649 provinciae
993 2615 1046 2637 vo·
1064 2611 1070 2652 ΙΙ
1131 2603 1163 2636 ln
1184 2601 1289 2636 causis
1309 2599 1591 2639 communitatum,
1622 2596 1695 2630 licet
1723 2595 1828 2638 Maga-

352 2538 396 2569 Dc
420 2538 518 2579 officio
541 2539 790 2581 aubernctlorum
810 2538 990 2571 civitatum.

1816 203 1859 232 An
1884 199 1914 238 ο.
1923 183 1931 210 ³
