2059 3228
794 228 970 255 Gnnssonms
993 228 1048 252 xm
1072 229 1119 251 rr.

155 276 157 278 ¹
191 289 243 319 cto
266 285 319 319 die
336 285 416 319 sesto
434 283 698 319 Circumcisionis
712 290 959 326 quoscumque·

189 337 248 372 sibi
278 338 445 372 benevisos
477 345 509 371 et
542 338 674 371 idoncos
712 335 934 380 presbyteros,

160 429 164 434 .
189 391 370 425 saeculares
393 391 439 423 vet
459 390 599 424 cuiusvis
614 389 741 424 Ordinis
759 389 934 431 regulares,

187 454 248 488 per
258 444 460 478 ordinarium
476 444 537 477 loci
557 443 796 488 approbandos,
814 442 846 474 in
861 451 936 474 snos

187 502 315 542 possent
339 497 458 540 eligere
483 498 693 537 confessores,
720 495 788 540 qni,
813 495 936 529 conses-

185 550 330 584 sionibus
355 561 467 583 corum
493 550 664 592 diligenter
683 549 812 589 auditis,
834 559 889 582 cos
905 552 936 581 ct

186 613 298 638 eorum
323 604 499 647 quemlibet
520 604 559 636 ab
577 602 663 636 omni
682 608 713 636 ct
728 612 935 646 quacumque

185 656 538 696 excommunicationis,
555 656 649 689 ctiam
664 655 807 695 maioris,
823 660 853 688 et
866 655 936 688 aliis

183 709 361 750 sententiis,
389 709 535 743 censuris
559 714 589 742 et
613 709 738 753 poenis,
761 719 778 741 a
796 709 866 741 iure
886 708 934 741 vel

1613 216 1680 250 349

975 289 1041 312 non
1067 279 1224 313 dedissent
1244 280 1424 317 interdicto,
1438 288 1550 314 eorum
1572 280 1726 313 cadavera

977 343 1051 365 cum
1073 333 1236 366 moderata
1267 345 1383 377 pompa
1413 333 1541 377 sepeliri
1574 333 1674 366 libere
1694 337 1726 366 et

976 384 1062 418 licite
1093 386 1246 425 valerent,
1273 393 1299 419 ct
1333 387 1459 419 interim
1495 385 1662 420 interdicta
1695 390 1725 419 ct

975 439 1168 471 cessationes
1192 450 1208 471 a
1235 440 1349 471 divinis
1379 439 1587 479 huiusmodi,
1623 450 1722 483 quae—

975 502 1116 534 cumque
1137 498 1251 531 essent,
1277 493 1314 524 ad
1336 494 1484 525 ellectum
1512 493 1723 537 praemissum

974 545 1108 577 omnino
1128 546 1403 589 Stlspcntivt't‘nltlt'
1427 553 1454 579 et
1477 556 1631 590 suspensa
1655 555 1723 580 esse

975 604 1195 637 censerentur,
1220 599 1360 631 indulsit.

1019 652 1033 694 ξ
1057 651 1088 684 3.
1117 652 1153 684 Et
1177 652 1292 684 deinde
1332 652 1403 695 piae
1442 653 1616 686 memoriae
1648 653 1724 686 Pius

973 705 1058 748 Papa
1078 705 1112 744 V,
1133 705 1227 738 etiam
1247 706 1473 748 praedecessor
1494 714 1612 747 noster,
1635 707 1723 750 quod

183 762 224 796 ab
248 762 378 796 homine
403 767 459 795 aut
483 761 618 802 mixtim,
637 762 748 805 quavis
763 761 934 794 occasione
975 759 1006 791 in
1027 758 1218 799 civitatibus
1237 760 1364 802 oppidis
1381 766 1410 792 et
1426 760 1502 792 toci>-
1521 761 1617 793 totius
1636 761 1722 793 orbis

182 816 230 850 vel
255 826 362 857 causa,
389 816 473 857 latis,
496 817 580 848 salvo
606 821 712 848 tamen
738 815 808 848 iure
832 815 934 855 teitii,
973 812 1152 850 christiani,
1181 812 1210 844 in
1233 813 1349 854 quibus
1370 813 1473 845 serent
1494 814 1647 847 ‹cclesiae
1667 815 1722 847 Οι-

183 880 309 904 neenon
335 869 486 903 omnibus
514 869 696 902 excessibus
734 875 765 902 et
795 868 932 909 demtis,
952 868 955 903 t
973 866 1057 898 dinis
1077 865 1350 905 praedicatorum
1362 865 1550 902 ibitz„tntt1m
1573 867 1722 900 videlicet

183 929 483 967 quantumcumque
508 923 657 965 gtavibus
681 928 713 956 et
736 922 934 962 enormibus,
952 906 953 953 i
973 919 1005 951 in
1029 919 1126 952 liuius
1131 920 1213 952 modi
1230 933 1243 949 ι·
1250 920 1310 952 ixmit
1314 920 1421 959 itibus,
1444 920 1570 963 oppidis
1590 926 1620 953 et
1644 920 1722 954 locis

182 976 279 1011 etiam
311 977 456 1010 locorum
490 976 663 1009 ordinariis
697 982 726 1008 et
750 975 821 1008 Sedi
848 973 956 1019 Apo-¹
973 978 1003 1005 et
1024 973 1055 1005 in
1076 973 1168 1006 dictis
1184 973 1327 1006 cttlesiis
1348 974 1387 1005 Ρι
1390 973 1479 1005 aedit·
1483 980 1609 1006 ἰίοιιιιιι
1630 975 1722 1007 dum-

182 1029 315 1064 stolicae
339 1029 517 1069 reservatis,
544 1036 771 1073 praeterquam
794 1029 825 1061 in
846 1029 934 1062 bulla

182 1083 234 1117 die
257 1083 374 1117 Coenae
392 1082 518 1116 Domini
546 1083 607 1125 legi
629 1089 783 1115 consueta
803 1088 935 1115 conten-

182 1137 233 1178 tis,
259 1136 432 1177 absolvere,
457 1148 493 1170 ac
514 1143 582 1170 vota
603 1147 840 1180 quaecumque,
863 1136 934 1168 Hie-

182 1189 422 1235 rosolymitano,
446 1190 634 1223 visitationis
654 1190 804 1222 liminum
829 1190 935 1222 beato-

183 1254 257 1277 rum
280 1244 501 1288 apostolorum
526 1243 610 1276 Petri
636 1249 665 1276 et
689 1243 779 1275 Pauli
807 1243 934 1286 praesa-

183 1302 290 1331 torum
310 1297 348 1331 de
362 1297 457 1337 Urbe,
473 1308 510 1330 ac
531 1296 638 1330 Sancti
659 1297 764 1330 Iacchi
788 1297 818 1329 in
839 1296 954 1330 Com-

973 1034 1067 1068 taxat,
1079 1029 1163 1061 dicta
1177 1029 1421 1062 confraternitas
1435 1029 1512 1071 erigi
1524 1037 1643 1072 possem
1662 1041 1722 1063 nec

973 1082 1125 1125 deinceps
1144 1093 1223 1114 nova
1244 1083 1379 1115 societas
1402 1093 1458 1115 seu
1480 1082 1723 1116 confraternitas

974 1135 1159 1167 huiusmodi
1194 1135 1415 1168 institueretur
1449 1135 1479 1167 in
1522 1136 1721 1176 civitatibus,

973 1190 1101 1232 oppidis
1121 1196 1174 1221 aut
1197 1189 1286 1229 locis,
1310 1190 1340 1221 in
1363 1189 1481 1232 quibus
1496 1200 1561 1222 non
1577 1189 1658 1223 foret
1678 1191 1724 1227 di:

973 1244 1013 1275 cti
1030 1242 1157 1275 Ordinis
1178 1244 1306 1281 domus,
1328 1249 1383 1275 aut
1404 1243 1434 1275 in
1456 1242 1603 1275 finitimis
1622 1244 1723 1277 ecclc-

972 1296 1037 1336 siis,
1065 1296 1119 1329 abs
1107 1308 1184 1339 «pic
1212 1296 1339 1329 licentia
1373 1296 1491 1339 piiotis
1516 1297 1723 1339 provincialis

183 1351 338 1396 postella,
365 1361 491 1384 necnon
516 1350 668 1384 castitatis
696 1357 726 1384 et
759 1340 1028 1391 Rcliaionislsen
1054 1356 1222 1382 contentu
1226 1349 1273 1381 ι1ι5
1302 1349 1378 1381 dicti
1406 1348 1550 1389 Otdinis,
1574 1348 1605 1381 in
1630 1351 1723 1383 cuius

181 1405 265 1438 votis
288 1404 452 1438 dumtaxat
475 1405 636 1448 exceptis,
663 1403 695 1436 in
720 1404 783 1436 alia
808 1404 954 1447 pietatis
952 1424 954 1433 ,-
952 1390 1117 1434 districtu
1144 1403 1200 1435 sita
1226 1403 1305 1435 toret
1333 1402 1479 1442 ecclesia,
1508 1402 1539 1434 in
1559 1414 1622 1461 qua
1639 1403 1723 1437 dicta

182 1468 283 1503 opera
320 1463 522 1491 commutare
560 1458 726 1497 valelQent
758 1454 1218 1524 concess-1135contratetnitas
1244 1467 1291 1489 ess
1295 1462 1326 1489 et
1359 1456 1405 1488 vel
1435 1456 1517 1488 tolet
1551 1456 1614 1499 frig
1600 1458 1721 1497 Ι(3ιιι1ιι;

181 1516 349 1557 praeterea
372 1511 494 1545 eisdem
515 1511 772 1550 consessoribus,
799 1515 835 1542 ut
860 1510 935 1554 ipsis
952 1531 954 1547 ;
972 1509 1057 1552 quod
1075 1509 1099 1541 si
1121 1520 1213 1542 secus
1233 1510 1353 1543 sactum
1367 1515 1461 1550 esset,
1484 1511 1660 1543 conti-atres
1680 1516 1724 1543 ta-

183 1565 399 1599 confratribus
418 1566 599 1599 iuramenta
618 1565 780 1608 quaelibet
800 1564 867 1597 sine
888 1565 953 1596 al-
971 1563 1046 1595 litet
1066 1563 1195 1595 admissi
1217 1564 1321 1596 dictae
1336 1565 1434 1596 contr·
1429 1563 1606 1596 aternitatis
1620 1564 1723 1596 indul-

183 1619 285 1654 terius
309 1619 511 1663 praeiudicio
541 1619 707 1658 rme-laxam
732 1628 857 1651 necnon
889 1618 953 1652 Qi-
952 1622 954 1630 ¹
972 1616 1095 1655 geffznlitss
1120 1626 1184 1648 non
1213 1627 1375 1660 conseque
1381 1623 1508 1656 lentur,
1529 1627 1587 1649 nec
1609 1617 1723 1649 favori-

184 1673 258 1707 dem
277 1673 534 1706 confr-iternitati
550 1672 700 1715 illiusque
718 1671 936 1704 confratribus
952 1688 954 1703 t
972 1669 1032 1701 bus
1052 1679 1103 1701 ιιιιι
1127 1670 1301 1713 privilegiis
1323 1671 1426 1712 gand«
1430 1676 1520 1709 ient,
1543 1681 1625 1712 quae
1646 1681 1722 1703 con-

184 1737 222 1760 ae
237 1725 393 1766 ecclesiis,
411 1725 565 1769 cappellis
577 1724 777 1758 etaltfflilms
790 1725 957 1758 eiusdclm
953 1722 1126 1755 sistitiibus
1157 1723 1204 1764 leg
1200 1723 1297 1755 itime
1330 1723 1501 1765 adscriptis
1532 1734 1589 1766 per
1609 1722 1722 1755 Scdem

184 1779 320 1814 ubilibet
331 1779 520 1819 constitutis,
534 1778 621 1823 quod
636 1789 843 1822 quocumque
858 1784 936 1811 tem-

184 1843 265 1878 pore
299 1833 440 1866 cuiusvis
463 1832 623 1865 interdicti
653 1837 683 1864 et
707 1831 893 1864 cessationis
919 1843 937 1864 a

185 1885 313 1927 divinis,
338 1886 486 1919 videlicet
509 1886 594 1919 dicto
618 1885 669 1918 die
690 1885 769 1918 festo
789 1884 935 1918 Circum-

186 1939 316 1974 cisionis
335 1951 353 1973 a
372 1939 486 1983 primis
504 1939 646 1982 vesperis
662 1949 764 1981 usque
785 1938 824 1971 ad
845 1948 937 1971 occa-

185 2003 256 2028 sum
271 1993 348 2027 solis
362 1993 505 2026 eiusdem
516 1992 578 2025 diei
591 1992 757 2032 inclusive,
775 2002 936 2035 vesperae,

186 2046 302 2080 missae
326 2047 453 2090 aliaque
477 2046 583 2079 divina
603 2045 708 2078 officia
733 2045 763 2078 in
783 2045 936 2086 ecclesiis,

186 2099 340 2133 altaribus
360 2105 390 2133 et
401 2099 557 2144 cappellis
577 2099 729 2142 praefatis
749 2099 937 2132 solemniter

187 2159 219 2187 et
242 2153 370 2197 publice
390 2153 566 2194 celebrari;
584 2153 727 2195 qualibet
740 2163 815 2185 vero
834 2153 936 2196 prima
956 2183 957 2187 ,

186 2205 239 2239 die
263 2205 423 2239 dominica
448 2206 621 2239 cuiuslibet
645 2206 775 2246 mensis,
802 2202 957 2250 praefati}

956 2264 1134 2310 {quatenns
1160 2258 1271 2290 lineri—3
1301 2258 1447 2300 praetatis
1477 2256 1577 2290 robur
1595 2263 1724 2301 aposto-

188 2259 366 2292 coni'ratres
393 2259 548 2302 privatam
574 2270 687 2292 eornm
714 2259 841 2292 missam
857 2286 866 2298 ‚
901 2271 936 2294 ex

188 2312 332 2346 eiusdem
344 2312 612 2345 confraternitatis
624 2312 768 2346 instituto
780 2313 937 2346 celebrari

189 2366 328 2405 solitam,
342 2365 497 2398 celebrari
511 2365 628 2405 facere,
643 2365 754 2408 illique
770 2366 935 2407 interesse,

972 1776 1187 1818 Apostolicam
1203 1777 1470 1815 concederentur,
1487 1783 1576 1809 motu
1590 1776 1722 1819 proprio

973 1829 1083 1862 statuit
1103 1836 1133 1862 et
1153 1830 1322 1870 ordinavit,
1347 1837 1441 1873 prout
1463 1830 1494 1862 in
1518 1829 1649 1862 diversis
1671 1829 1722 1861 lit-

973 1883 1049 1915 teris
1083 1883 1242 1916 dictorum
1273 1884 1558 1926 praedecessorum
1585 1883 1724 1926 desuper

975 1936 1128 1969 confectis
1150 1937 1277 1981 plenius
1299 1936 1494 1969 continetur.

1019 1990 1034 2033 ξ
1059 1990 1090 2022 4.
1113 1990 1229 2030 Quare,
1246 1997 1405 2034 proparte
1428 1990 1621 2022 dilectorum
1642 1989 1724 2022 fitio-

955 2078 957 2085 χ
974 2054 1045 2076 rum
1077 2044 1275 2076 contratrum
1297 2042 1567 2076 confraternitatis·
1587 2042 1724 2075 Sanctis-

974 2097 1046 2129 simi
1067 2097 1209 2130 Nominis
1230 2098 1282 2129 Dei
1306 2097 1334 2128 in
1369 2097 1503 2129 ecclesia
1527 2096 1640 2129 Beatae
1660 2096 1724 2129 Ma-

975 2150 1040 2183 riae
1061 2150 1165 2194 Supra
1188 2151 1357 2183 Minervam
1387 2151 1424 2181 de
1456 2149 1538 2181 Urbe
1569 2150 1724 2183 canonice

975 2204 1137 2244 institutae,
1150 2205 1243 2237 nobis
1258 2205 1314 2237 suit
1331 2204 1496 2236 humiliter
1507 2203 1724 2246 supplicatum

975 2310 1055 2343 licae
1077 2310 1329 2344 confirmationis
1351 2310 1503 2350 adiicere,
1525 2309 1669 2354 aliasque
1691 2310 1724 2342 in

977 2365 1162 2409 praemissis
1182 2372 1363 2407 opportune
1385 2363 1553 2406 providere
1573 2363 1612 2396 de
1632 2363 1723 2396 beni-

189 2425 226 2448 ac
250 2414 348 2448 semel
374 2414 405 2446 in
431 2424 538 2447 mense
564 2415 711 2447 Divinum
736 2414 860 2458 Corpus
884 2426 936 2448 sn-
956 2441 958 2456 ‚
977 2414 1094 2455 gnitate
1111 2413 1285 2456 apostolica
1303 2412 1521 2454 dignaremur.
1536 2412 1598 2445 Nos
1616 2413 1723 2455 igitur,

190 2474 297 2503 mere,
319 2469 350 2496 et
370 2463 494 2506 quoties
519 2463 660 2506 aliquem
681 2474 737 2496 scu
758 2464 882 2505 aliquos
901 2476 938 2497 cx

190 2511 268 2556 ipsis
280 2512 496 2545 confratribus
512 2522 720 2554 quocumque
733 2518 876 2556 tempore
893 2514 939 2545 in-
956 2508 959 2528 ι

137 2566 145 2582 ’“
190 2559 317 2594 terdicti
350 2571 406 2593 sen
437 2560 622 2593 cessationis
647 2572 663 2593 a
689 2560 801 2593 divinis
827 2561 938 2593 liuius-
955 2560 959 2565 ’
977 2572 1039 2604 qne
1061 2560 1281 2593 ccclesiastici>v

191 2609 278 2643 modi
304 2609 385 2643 mori
411 2609 590 2652 contigerit,
612 2608 788 2642 dummodo
808 2620 936 2642 causam

977 2463 1079 2495 dictos
1097 2462 1273 2493 confratres
1292 2472 1308 2493 a
1329 2461 1492 2504 quibusvis
1505 2461 1724 2494 excommuni-

978 2511 1131 2549 cationis,
1161 2509 1381 2552 snspensionis
1410 2515 1440 2541 et
1462 2509 1619 2542 interdicti
1641 2509 1725 2543 aliis-

1316 2559 1498 2599 scntentiis,
1525 2560 1667 2593 censuris
1693 2565 1721 2591 et

978 2609 1102 2652 poenis,
1125 2619 1140 2641 a
1163 2609 1231 2640 iure
1252 2608 1296 2641 vel
1319 2609 1358 2640 ab
1379 2608 1521 2649 homine,
1539 2609 1649 2651 quavis
1668 2618 1723 2641 oc-

1741 223 1796 252 An.
1813 223 1841 253 C.
1856 221 1924 253 1580

1784 2005 1921 2027 confirmatio

1738 2035 1853 2056 litterarum
1870 2037 1926 2057 atio-

1737 2066 1924 2093 ruanonfificum,

1739 2097 1763 2118 de
1797 2098 1871 2124 qmtsus
1898 2098 1922 2119 iu

1738 2129 1901 2150 constitutione.
