2059 3228
350 185 413 220 63⁶2

349 248 464 281 Datum
484 247 602 280 Romae
623 247 708 292 apud
734 247 886 282 Sanctum
911 250 1051 292 Petrum,

305 311 389 334 anno
426 300 657 334 Incarnationis
699 301 881 336 dominicae
918 304 1050 338 millesi-

305 364 357 387 mo
386 354 644 398 quingentesimo
677 355 896 399 octuagesimo
921 357 1048 401 quinto,

303 417 358 440 mn
377 407 528 440 kalendas
548 407 740 450 decembris,
766 409 971 453 pontificatus
990 422 1049 444 no-

311 461 359 493 ,tri
379 471 494 494 annot.

329 519 393 549 Dat.
411 519 457 549 die
471 519 506 549 19
524 524 658 553 novemb.
674 521 762 561 1585,
776 523 882 563 pontif.
902 533 979 555 anno
1002 532 1019 553 1.

94 191 162 226 An.
177 192 206 224 C.
223 195 291 226 ¹585

321 635 475 680 Sequitur
490 638 632 670 extensio
652 638 756 672 dictae
776 640 1028 673 constitutionis.

375 715 472 745 Sixtus
487 716 639 752 episcopus,
655 724 748 746 servus
765 725 904 748 servorum
917 719 973 753 Dei,

448 765 482 793 ad
503 767 662 802 perpetuam
677 768 718 795 rei
732 769 901 797 memoriam.

127 866 166 888 Μ
185 866 284 888 Pomm
342 839 619 875 Divinaecaritatis
633 843 768 877 altitudo
782 843 1046 884 eminentissima,

100 898 285 951 fsssffssssnwssjssssssj
299 899 330 927 et
349 894 467 927 summi
484 895 604 929 amoris
623 897 782 941 seraphici
793 897 981 931 inexhausta
990 897 1048 931 bo-

100 936 207 987 dememp
302 946 385 980 nitas
410 952 466 981 etc.
486 948 512 981 1.

343 1002 358 1044 ξ
383 1001 414 1034 1.
437 1001 480 1035 Ne
497 1007 605 1036 autem
622 1003 661 1036 de
675 1004 926 1047 praemissorum
938 1003 1049 1037 validi-

125 1059 150 1080 sst
174 1060 235 1081 modo
259 1065 283 1081 ο·
298 1059 362 1087 tate
383 1056 449 1088 ullo
470 1066 624 1099 umquam
647 1063 792 1102 tempore
812 1058 954 1091 dubitari
969 1068 1046 1091 con-

101 1092 284 1149 filifflpssssffi,
301 1108 413 1150 tingat,
436 1115 578 1142 nostram
599 1110 707 1143 denuo
728 1111 761 1143 in
781 1111 964 1154 praemissis
989 1122 1046 1144 au-

100 1154 476 1206 }2;„‘,¹,³„⁰1¹,⁸‡¹,¹e,2‘52ctoritatem
503 1162 722 1207 interponere,
754 1164 918 1208 ipsiusque
943 1164 1048 1197 archi-

99 1216 282 1274 {sszerffig'ss‘ejff-
298 1215 568 1249 confraternitatis
597 1217 822 1251 auctoritatem
852 1218 1023 1251 extendere
1037 1243 1045 1258 ,

100 1279 282 1313 summumcou-
297 1279 334 1301 ac
354 1268 445 1312 pium
466 1269 626 1303 dictorum
648 1270 845 1303 confratrum
872 1271 1046 1314 Cliordige-

100 1311 178 1335 ⁵²¹‘”'²⁵
297 1333 409 1356 rorum
436 1324 638 1367 propositum
673 1324 812 1368 amplius
841 1335 1044 1368 promovere,

298 1387 416 1420 eosque
429 1377 651 1420 spiritualibus
662 1378 862 1418 muneribus,
874 1378 1046 1422 indulgen-

296 1430 349 1462 tiis
367 1430 515 1464 videlicet
534 1437 565 1464 et
584 1438 789 1475 peccatorum
804 1432 1047 1465 remissionibus

297 1483 448 1527 prosequi
465 1484 641 1528 cupientes,
660 1485 950 1529 supplicationibus
970 1485 1046 1518 dieti

297 1536 471 1570 Clementis
490 1537 551 1570 hac
577 1537 608 1570 in
630 1544 719 1581 parte
740 1538 898 1579 inclinati,
921 1539 1047 1571 institu-

296 1590 417 1623 tionem
437 1591 639 1632 huiusmodi,
660 1592 836 1636 apostolica
855 1593 1045 1626 auctoritate

296 1644 450 1688 praefata,
480 1651 592 1679 tenore
618 1646 856 1689 praesentium,
888 1652 1046 1690 perpetuo

297 1698 515 1742 approbamus
535 1704 566 1732 et
589 1700 831 1741 confirmamus,
858 1701 1047 1744 supplentes

296 1761 409 1785 omnes
429 1757 460 1785 et
478 1751 621 1795 singulos
640 1758 705 1785 tam
739 1753 818 1786 iuris
846 1764 942 1797 quam
972 1753 1044 1787 facti

297 1805 453 1846 defectus,
475 1805 559 1849 siqui
587 1805 816 1840 intervenerint
845 1807 876 1840 in
906 1807 1044 1847 eisdem;

295 1858 464 1902 ipsamque
488 1859 873 1893 archiconfraternitatem
896 1860 928 1893 in
949 1866 1046 1904 caput

296 1912 443 1945 omnium
460 1913 759 1946 confraternitatum
773 1913 1045 1957 Cbordigerorum

295 1965 498 2006 huiusmodi,
530 1966 666 1999 ubilibet
694 1966 915 2000 institutarum
941 1973 972 2000 et
996 1967 1045 2000 in-

297 2019 545 2061 stituendarum,
572 2020 666 2053 etiam
694 2026 875 2065 perpetuo,
901 2021 1045 2054 auctori-

296 2077 361 2107 tate
381 2079 412 2106 et
431 2079 543 2107 tenore
566 2073 764 2118 praemissis,
791 2074 945 2118 erigimus
956 2080 986 2108 et
1000 2074 1046 2107 in-

297 2126 472 2160 stituimus.

318 2180 356 2223 g
379 2179 411 2213 ⁹2.
437 2179 620 2224 Omnesque
634 2186 664 2214 et
677 2181 1045 2224 singulasindulgentias

101 2237 284 2290 'rnlrffllgffii‘js
299 2237 329 2264 et
346 2239 553 2276 peccatorum
562 2233 768 2267 remissiones
785 2239 815 2267 et
836 2234 1045 2267 relaxationes

103 2300 275 2321 ruwaveraioeon
299 2285 456 2328 Religioni
477 2293 508 2320 et
529 2286 639 2320 Ordini
660 2287 794 2320 fratrum
809 2287 964 2321 Minorum
984 2288 1045 2320 liu-

103 2331 166 2354 “‘¹'¹³
299 2338 439 2372 iusmodi
460 2351 518 2384 per
530 2351 753 2385 quoscumque
767 2342 928 2374 Romanos
940 2340 1046 2374 Ponti-

299 2391 375 2425 fices
394 2393 659 2436 praedecessores
683 2400 809 2427 nostros
833 2405 870 2427 ac
890 2404 948 2427 nos
967 2404 1044 2426 con-

299 2455 413 2486 cessas,
430 2447 536 2490 quoad
553 2457 605 2480 eas
617 2448 776 2480 dumtaxat
793 2459 875 2491 quae
891 2448 1045 2481 hactenus

298 2507 362 2530 non
372 2505 627 2541 suntrevocatae,
639 2508 779 2534 necsunt
791 2502 864 2534 ullis
875 2501 1046 2534 revocatio-

335 2584 345 2611 1
365 2582 510 2612 Omittitur
524 2585 620 2613 relatio
636 2586 761 2614 ciusdem
782 2585 885 2616 bullae.

895 196 1074 222 numanum
1097 196 1247 224 ROMANUM

1093 251 1189 285 nibus
1209 251 1473 296 comprehensae,
1499 254 1619 289 eisdem
1649 256 1840 291 auctoritate

1093 310 1124 338 et
1138 309 1262 346 tenore,
1283 305 1433 340 similiter
1448 314 1602 351 perpetuo
1622 311 1839 354 approbamus

1093 362 1123 391 et
1141 358 1385 400 confirmamus,
1408 371 1443 393 ac
1466 360 1528 394 illis
1544 368 1717 405 perpetuae
1738 370 1768 397 et
1787 364 1839 398 in-

1092 411 1250 444 violabilis
1267 413 1427 446 firmitatis
1446 414 1547 447 robur
1566 415 1747 450 adiicimus.
1794 432 1807 443 ·-

1136 464 1192 508 §3
1220 466 1357 510 Illasque
1368 467 1714 502 archiconfraternitati
1725 476 1755 503 et
1765 481 1841 504 con-

1092 518 1243 552 fratribus
1251 519 1522 563 Chordigerorum
1535 521 1719 555 huiusmodi
1731 523 1842 556 simili-

1092 577 1141 605 ter
1160 578 1318 616 perpetuo
1334 573 1542 608 concedimus
1561 585 1598 608 ac
1618 576 1840 610 communica-

1093 636 1174 666 mus,
1195 632 1225 659 et
1244 626 1283 659 ad
1298 626 1369 660 illas
1383 627 1660 668 extendimus,scu
1675 629 1842 673 indulgen-

1092 679 1149 712 tias
1170 685 1202 712 et
1223 684 1428 722 peccatorum
1449 681 1654 715 remissiones
1669 687 1701 715 et
1716 683 1839 716 relaxa-

1091 732 1196 765 tiones
1215 732 1373 776 Religioni
1391 738 1421 767 et
1436 733 1545 767 Ordini
1566 734 1723 768 Minorum
1744 746 1838 779 prae-

1091 785 1193 826 dictis,
1210 792 1243 819 ut
1266 787 1456 829 praefertur,
1480 797 1658 830 concessas,
1672 788 1840 822 archieon-

1091 839 1283 872 fraternitati
1299 845 1329 873 et
1342 840 1557 873 confratribus
1566 840 1838 885 Chordigerorum

1090 892 1276 926 huiusmodi
1305 893 1365 926 sub
1394 893 1512 926 eisdem
1543 894 1638 928 modo
1666 900 1695 928 et
1725 895 1837 937 forma,

1090 945 1208 990 quibus
1236 946 1308 980 illae
1328 947 1488 989 Religioni
1517 953 1548 980 et
1571 947 1724 981 fratribus
1743 959 1837 992 prae-

1091 1000 1162 1033 fatis
1191 1011 1362 1033 concessae
1401 1001 1554 1037 fuerunt,
1580 1001 1756 1035 dummodo
1785 1002 1839 1046 (ut

1089 1054 1292 1098 praefertur)
1311 1064 1376 1087 non
1397 1054 1517 1087 fuerint
1537 1060 1713 1095 revocatae,
1741 1055 1837 1089 etiam

1090 1113 1245 1151 perpetuo
1263 1107 1482 1148 concedimus,
1505 1107 1682 1151 elargimur
1699 1114 1731 1141 et
1752 1119 1839 1142 com-

1090 1161 1303 1194 municamus.
1326 1161 1457 1194 Necnon
1477 1162 1515 1194 de
1533 1161 1763 1205 omnipotentis
1782 1162 1837 1196 Dei

1090 1214 1322 1256 miscricordia‚
1340 1225 1377 1248 ac
1400 1215 1569 1248 beatorum
1594 1214 1680 1248 Petri
1700 1221 1728 1248 et
1746 1215 1837 1248 Pauli

1089 1268 1308 1311 apostolorum
1348 1268 1417 1301 eius
1463 1268 1655 1301 auctoritate
1696 1268 1808 1302 contisi
1825 1295 1834 1309 ‚

1090 1321 1257 1364 utriusque
1286 1332 1379 1354 sexus
1412 1321 1626 1354 confratribus
1659 1321 1836 1364 Cliordige-

1089 1384 1200 1406 rorum
1232 1373 1429 1413 huiusmodi,
1460 1380 1588 1418 praeter
1621 1374 1837 1418 indulgentias

1090 1427 1246 1470 Religioni
1282 1428 1441 1471 praefatae
1472 1439 1653 1468 concessas,
1686 1428 1719 1461 in
1748 1438 1835 1461 mor-

1090 1481 1129 1513 tis
1148 1481 1304 1521 articulo,
1325 1492 1452 1514 necnon
1472 1481 1599 1524 quoties
1624 1481 1836 1524 processioni-

1089 1535 1148 1567 bus
1176 1535 1539 1568 arebiconfraternitatis
1563 1535 1835 1577 Chordigerorum

1088 1587 1275 1620 huiusmodi
1305 1588 1438 1631 singulis
1463 1588 1625 1621 mensibus
1646 1588 1715 1621 fieri
1735 1588 1836 1621 solitis

1088 1641 1305 1681 interfuerint,
1328 1641 1447 1674 eisdem
1469 1641 1598 1684 quidem
1621 1641 1836 1675 confratribus

1088 1694 1268 1738 plenariam
1297 1695 1442 1727 omnium
1472 1700 1681 1738 pcccatorum
1701 1705 1834 1728 suorum

1088 1748 1321 1783 indulgentiam
1356 1753 1386 1781 et
1419 1748 1640 1781 remissionem
1678 1754 1835 1792 perpetuo

1089 1802 1310 1834 concedimus.

1132 1856 1146 1899 ἓ
1170 1855 1202 1888 4.
1229 1856 1307 1888 Aliis
1337 1865 1411 1888 vero
1440 1865 1503 1888 non
1527 1854 1758 1897 confratribus,
1781 1846 1846 1899 qui¹

1087 1908 1348 1952 processionibus
1385 1908 1572 1941 huiusmodi
1610 1908 1833 1951 interfuerint,

1088 1967 1217 1995 centum
1251 1972 1352 1995 annos
1381 1962 1419 1994 de
1445 1961 1597 1994 iniunctis
1625 1973 1671 1994 eis
1691 1962 1738 1995 vel
1759 1962 1836 1996 alias

1088 2015 1331 2058 quomodolibet
1347 2015 1462 2048 debitis
1482 2015 1689 2058 poenitentiis
1708 2015 1834 2049 miseri-

1912 93 1925 105 ·
1992 125 1993 128 Ἴ
2025 92 2027 119 2

1851 202 1907 233 -Ᾰιι,
2001 230 2008 240 ,

1972 335 2041 386 r*

1882 479 1941 501 Alia
1973 478 1991 500 ,Μ’

1856 517 1942 538 pressu
1976 514 1986 525 ¹⁴
1996 514 1998 516 '
2009 517 2011 528 ³

1856 545 1897 567 um

1875 1867 1900 1889 132
1922 1871 1984 1891 nn
2009 1869 2013 1871 ”

1851 1897 1949 1920 tran-thu
1978 1899 1980 1904 ⁸

1851 1929 1940 1957 tribuitg

1088 2068 1228 2101 corditer
1249 2068 1279 2100 in
1301 2068 1437 2101 Domino
1457 2068 1649 2102 relaxamus,
1676 2069 1719 2102 Ac
1738 2079 1833 2113 prae-
1882 2069 1886 2074 '

1087 2121 1159 2154 fatis
1183 2120 1410 2160 confratribus,
1440 2121 1495 2164 qui
1516 2121 1587 2154 aliis
1607 2121 1710 2155 dietae
1730 2121 1835 2155 archi·
1854 2120 1865 2130 ⁸

1087 2174 1356 2208 confraternitatis
1375 2174 1646 2218 processionibus,
1677 2182 1733 2208 aut
1755 2175 1833 2208 dum

1087 2228 1121 2260 B.
1145 2227 1259 2261 Mariae
1279 2228 1326 2260 v=l
1346 2228 1479 2271 quodvis
1497 2226 1590 2261 aliud'
1605 2227 1748 2262 divinum
1762 2228 1834 2261 ossi-

1089 2281 1174 2313 cium
1193 2291 1250 2324 per
1275 2281 1360 2325 ipsos
1379 2280 1554 2313 confratres
1565 2280 1833 2323 Chol-(ligcrorum

1088 2334 1286 2374 recitabitur,
1311 2333 1527 2374 interfuerint,
1549 2344 1586 2366 ac
1610 2334 1736 2377 quotics
1760 2344 1834 2367 san-

1088 2383 1265 2416 ctissimum
1293 2382 1405 2416 Christi
1433 2382 1566 2424 Corpus,
1589 2382 1665 2415 dum
1696 2383 1834 2416 infirmis

1088 2431 1243 2469 defertur,
1271 2432 1317 2464 vel
1347 2432 1534 2464 defunctum
1560 2431 1599 2464 ad
1635 2432 1832 2474 sepulturam

1088 2480 1326 2521 associaverint,
1355 2486 1407 2513 aut
1435 2480 1532 2512 alicui
1562 2479 1736 2513 miserabili
1761 2490 1832 2524 per-

1088 2539 1184 2562 sonae
1217 2528 1435 2568 subvenerint,
1463 2529 1510 2560 rel
1538 2539 1650 2572 pacem
1671 2528 1754 2560 inter
1772 2528 1831 2560 ini-

1088 2578 1188 2611 micos
1208 2577 1461 2621 composuerint,
1488 2587 1544 2610 seu
1564 2576 1694 2621 aliquod
1713 2576 1830 2611 boi-uin

2000 3063 2001 3068 „
1987 3048 1990 3050 ι
1973 2805 2005 3017 ετξ-»Μή
