<?xml version="1.0" encoding="UTF-8"?>
<!DOCTYPE html PUBLIC "-//W3C//DTD XHTML 1.0 Transitional//EN"
    "http://www.w3.org/TR/xhtml1/DTD/xhtml1-transitional.dtd">
<html xmlns="http://www.w3.org/1999/xhtml" xml:lang="en" lang="en">
 <head>
  <title>
</title>
<meta http-equiv="Content-Type" content="text/html;charset=utf-8" />
  <meta name='ocr-system' content='tesseract 3.04.00' />
  <meta name='ocr-capabilities' content='ocr_page ocr_carea ocr_par ocr_line ocrx_word'/>
</head>
<body>
  <div class='ocr_page' id='page_1' title='image "./bullarumdiplomat08cath_0621.png"; bbox 0 0 2059 3228; ppageno 0'>
   <div class='ocr_carea' id='block_1_1' title="bbox 71 0 114 57">
    <p class='ocr_par' dir='ltr' id='par_1_1' title="bbox 71 0 114 57">
     <span class='ocr_line' id='line_1_1' title="bbox 71 0 114 57; baseline 0 -53"><span class='ocrx_word' id='word_1_1' title='bbox 71 0 114 57; x_wconf 53' lang='grc' dir='ltr'>ξ,</span> 
     </span>
    </p>
   </div>
   <div class='ocr_carea' id='block_1_2' title="bbox 0 0 89 624">
    <p class='ocr_par' dir='ltr' id='par_1_2' title="bbox 0 0 89 624">
     <span class='ocr_line' id='line_1_2' title="bbox 0 0 89 228; baseline 0 -69"><span class='ocrx_word' id='word_1_2' title='bbox 0 0 89 228; x_wconf 95' lang='lat' dir='ltr'>   </span> 
     </span>
     <span class='ocr_line' id='line_1_3' title="bbox 0 371 72 624; baseline 0 -59"><span class='ocrx_word' id='word_1_3' title='bbox 0 371 72 624; x_wconf 95' lang='lat' dir='ltr'>     </span> 
     </span>
    </p>
   </div>
   <div class='ocr_carea' id='block_1_3' title="bbox 98 176 972 211">
    <p class='ocr_par' dir='ltr' id='par_1_3' title="bbox 98 176 972 211">
     <span class='ocr_line' id='line_1_4' title="bbox 98 176 972 211; baseline -0.005 -1"><span class='ocrx_word' id='word_1_4' title='bbox 98 177 128 211; x_wconf 74' lang='lat' dir='ltr'>G.</span> <span class='ocrx_word' id='word_1_5' title='bbox 141 176 213 210; x_wconf 72' lang='lat'>¹585</span> <span class='ocrx_word' id='word_1_6' title='bbox 869 185 972 208; x_wconf 75' lang='lat' dir='ltr'>sixrrs</span> 
     </span>
    </p>
   </div>
   <div class='ocr_carea' id='block_1_4' title="bbox 60 234 966 492">
    <p class='ocr_par' dir='ltr' id='par_1_4' title="bbox 221 234 966 329">
     <span class='ocr_line' id='line_1_5' title="bbox 222 234 966 281; baseline 0.004 -14"><span class='ocrx_word' id='word_1_7' title='bbox 222 234 459 279; x_wconf 75' lang='lat' dir='ltr'>spectantibus,</span> <span class='ocrx_word' id='word_1_8' title='bbox 485 242 641 280; x_wconf 88' lang='lat' dir='ltr'>quantum</span> <span class='ocrx_word' id='word_1_9' title='bbox 667 247 739 269; x_wconf 85' lang='lat' dir='ltr'>cum</span> <span class='ocrx_word' id='word_1_10' title='bbox 772 237 835 270; x_wconf 80' lang='lat' dir='ltr'>Deo</span> <span class='ocrx_word' id='word_1_11' title='bbox 855 248 966 281; x_wconf 89' lang='lat' dir='ltr'>possu-</span> 
     </span>
     <span class='ocr_line' id='line_1_6' title="bbox 221 287 744 329; baseline 0.002 -8"><span class='ocrx_word' id='word_1_12' title='bbox 221 297 305 329; x_wconf 90' lang='lat' dir='ltr'>mus,</span> <span class='ocrx_word' id='word_1_13' title='bbox 318 287 534 323; x_wconf 78' lang='lat' dir='ltr'>favorabiliter</span> <span class='ocrx_word' id='word_1_14' title='bbox 553 300 744 324; x_wconf 81' lang='lat' dir='ltr'>annuamus.</span> 
     </span>
    </p>

    <p class='ocr_par' dir='ltr' id='par_1_5' title="bbox 60 339 964 492">
     <span class='ocr_line' id='line_1_7' title="bbox 264 339 964 387; baseline 0.003 -14"><span class='ocrx_word' id='word_1_15' title='bbox 264 339 280 384; x_wconf 78' lang='lat'><strong>§</strong></span> <span class='ocrx_word' id='word_1_16' title='bbox 304 341 334 374; x_wconf 81' lang='lat' dir='ltr'>t.</span> <span class='ocrx_word' id='word_1_17' title='bbox 363 342 484 385; x_wconf 84' lang='lat' dir='ltr'>Exponi</span> <span class='ocrx_word' id='word_1_18' title='bbox 506 343 611 387; x_wconf 85' lang='lat' dir='ltr'>itaque</span> <span class='ocrx_word' id='word_1_19' title='bbox 636 344 729 376; x_wconf 86' lang='lat' dir='ltr'>nobis</span> <span class='ocrx_word' id='word_1_20' title='bbox 757 354 863 387; x_wconf 86' lang='lat' dir='ltr'>nuper</span> <span class='ocrx_word' id='word_1_21' title='bbox 886 343 964 376; x_wconf 86' lang='lat' dir='ltr'>seci-</span> 
     </span>
     <span class='ocr_line' id='line_1_8' title="bbox 75 393 963 438; baseline 0 -8"><span class='ocrx_word' id='word_1_22' title='bbox 75 405 206 430; x_wconf 59' lang='lat' dir='ltr'>lunii-0</span> <span class='ocrx_word' id='word_1_23' title='bbox 219 393 275 428; x_wconf 83' lang='lat' dir='ltr'>stis</span> <span class='ocrx_word' id='word_1_24' title='bbox 293 405 351 438; x_wconf 91' lang='lat' dir='ltr'>per</span> <span class='ocrx_word' id='word_1_25' title='bbox 379 396 512 429; x_wconf 71' lang='lat' dir='ltr'>dilectos</span> <span class='ocrx_word' id='word_1_26' title='bbox 539 397 621 430; x_wconf 81' lang='lat' dir='ltr'>filios</span> <span class='ocrx_word' id='word_1_27' title='bbox 641 398 791 430; x_wconf 82' lang='lat' dir='ltr'>comitem</span> <span class='ocrx_word' id='word_1_28' title='bbox 812 398 963 430; x_wconf 91' lang='lat' dir='ltr'>loannem</span> 
     </span>
     <span class='ocr_line' id='line_1_9' title="bbox 60 437 963 492; baseline 0.004 -13"><span class='ocrx_word' id='word_1_29' title='bbox 60 437 148 461; x_wconf 73' lang='lat' dir='ltr'>mmm</span> <span class='ocrx_word' id='word_1_30' title='bbox 168 437 391 492; x_wconf 76' lang='lat' dir='ltr'>¹¹⁰&#39;Baptistam</span> <span class='ocrx_word' id='word_1_31' title='bbox 412 450 577 483; x_wconf 86' lang='lat' dir='ltr'>Ferrctum</span> <span class='ocrx_word' id='word_1_32' title='bbox 595 451 617 483; x_wconf 89' lang='lat'>1.</span> <span class='ocrx_word' id='word_1_33' title='bbox 642 451 677 483; x_wconf 92' lang='lat' dir='ltr'>U.</span> <span class='ocrx_word' id='word_1_34' title='bbox 701 450 751 489; x_wconf 66' lang='lat' dir='ltr'>D„</span> <span class='ocrx_word' id='word_1_35' title='bbox 778 455 808 483; x_wconf 89' lang='lat' dir='ltr'>et</span> <span class='ocrx_word' id='word_1_36' title='bbox 834 451 963 483; x_wconf 84' lang='lat' dir='ltr'>Franci-</span> 
     </span>
    </p>
   </div>
   <div class='ocr_carea' id='block_1_5' title="bbox 55 473 962 543">
    <p class='ocr_par' dir='ltr' id='par_1_6' title="bbox 55 473 962 543">
     <span class='ocr_line' id='line_1_10' title="bbox 76 473 203 492; baseline -0.016 0"><span class='ocrx_word' id='word_1_37' title='bbox 76 473 132 492; x_wconf 73' lang='lat' dir='ltr'>·nn</span> <span class='ocrx_word' id='word_1_38' title='bbox 152 475 203 491; x_wconf 73' lang='lat' dir='ltr'>oon-</span> 
     </span>
     <span class='ocr_line' id='line_1_11' title="bbox 55 498 962 543; baseline 0 -7"><span class='ocrx_word' id='word_1_39' title='bbox 55 498 134 524; x_wconf 62' lang='lat' dir='ltr'>dono·</span> <span class='ocrx_word' id='word_1_40' title='bbox 172 500 205 536; x_wconf 57' lang='grc' dir='ltr'>’θ’</span> <span class='ocrx_word' id='word_1_41' title='bbox 217 510 308 534; x_wconf 83' lang='lat' dir='ltr'>scum</span> <span class='ocrx_word' id='word_1_42' title='bbox 328 502 498 543; x_wconf 71' lang='lat' dir='ltr'>Totlinum,</span> <span class='ocrx_word' id='word_1_43' title='bbox 519 509 662 537; x_wconf 88' lang='lat' dir='ltr'>oratores</span> <span class='ocrx_word' id='word_1_44' title='bbox 681 509 801 536; x_wconf 76' lang='lat' dir='ltr'>vestros</span> <span class='ocrx_word' id='word_1_45' title='bbox 815 503 852 536; x_wconf 88' lang='lat' dir='ltr'>ad</span> <span class='ocrx_word' id='word_1_46' title='bbox 861 504 962 537; x_wconf 89' lang='lat' dir='ltr'>nosin</span> 
     </span>
    </p>
   </div>
   <div class='ocr_carea' id='block_1_6' title="bbox 57 532 961 2310">
    <p class='ocr_par' dir='ltr' id='par_1_7' title="bbox 57 532 961 2310">
     <span class='ocr_line' id='line_1_12' title="bbox 57 532 961 600; baseline 0.003 -14"><span class='ocrx_word' id='word_1_47' title='bbox 57 532 203 586; x_wconf 49' lang='lat' dir='ltr'>:niumm</span> <span class='ocrx_word' id='word_1_48' title='bbox 215 552 277 587; x_wconf 90' lang='lat' dir='ltr'>hac</span> <span class='ocrx_word' id='word_1_49' title='bbox 295 558 416 597; x_wconf 79' lang='lat' dir='ltr'>nostra,</span> <span class='ocrx_word' id='word_1_50' title='bbox 450 556 573 589; x_wconf 84' lang='lat' dir='ltr'>meritis</span> <span class='ocrx_word' id='word_1_51' title='bbox 593 557 667 589; x_wconf 87' lang='lat' dir='ltr'>licet</span> <span class='ocrx_word' id='word_1_52' title='bbox 696 556 892 600; x_wconf 80' lang='lat' dir='ltr'>imparibus,</span> <span class='ocrx_word' id='word_1_53' title='bbox 923 557 961 590; x_wconf 91' lang='lat' dir='ltr'>ad</span> 
     </span>
     <span class='ocr_line' id='line_1_13' title="bbox 214 608 960 654; baseline 0.005 -14"><span class='ocrx_word' id='word_1_54' title='bbox 214 608 332 641; x_wconf 91' lang='lat' dir='ltr'>summi</span> <span class='ocrx_word' id='word_1_55' title='bbox 363 610 561 653; x_wconf 85' lang='lat' dir='ltr'>apostolatus</span> <span class='ocrx_word' id='word_1_56' title='bbox 584 610 707 653; x_wconf 82' lang='lat' dir='ltr'>apicem</span> <span class='ocrx_word' id='word_1_57' title='bbox 741 611 960 654; x_wconf 72' lang='lat' dir='ltr'><strong>assumptione</strong></span> 
     </span>
     <span class='ocr_line' id='line_1_14' title="bbox 213 659 960 706; baseline 0.003 -12"><span class='ocrx_word' id='word_1_58' title='bbox 213 659 400 703; x_wconf 80' lang='lat' dir='ltr'>destinatos,</span> <span class='ocrx_word' id='word_1_59' title='bbox 428 663 514 706; x_wconf 88' lang='lat' dir='ltr'>quod</span> <span class='ocrx_word' id='word_1_60' title='bbox 539 663 660 695; x_wconf 87' lang='lat' dir='ltr'>dudum</span> <span class='ocrx_word' id='word_1_61' title='bbox 691 663 792 696; x_wconf 86' lang='lat' dir='ltr'>felicis</span> <span class='ocrx_word' id='word_1_62' title='bbox 811 664 960 697; x_wconf 83' lang='lat' dir='ltr'>recorda-</span> 
     </span>
     <span class='ocr_line' id='line_1_15' title="bbox 212 714 956 759; baseline 0.004 -13"><span class='ocrx_word' id='word_1_63' title='bbox 212 714 309 747; x_wconf 85' lang='lat' dir='ltr'>tionis</span> <span class='ocrx_word' id='word_1_64' title='bbox 329 714 403 748; x_wconf 86' lang='lat' dir='ltr'>Pius</span> <span class='ocrx_word' id='word_1_65' title='bbox 422 716 505 759; x_wconf 85' lang='lat' dir='ltr'>Papa</span> <span class='ocrx_word' id='word_1_66' title='bbox 525 716 572 755; x_wconf 92' lang='lat' dir='ltr'>IV,</span> <span class='ocrx_word' id='word_1_67' title='bbox 596 716 823 759; x_wconf 78' lang='lat' dir='ltr'>praedecessor</span> <span class='ocrx_word' id='word_1_68' title='bbox 835 722 956 757; x_wconf 83' lang='lat' dir='ltr'>noster,</span> 
     </span>
     <span class='ocr_line' id='line_1_16' title="bbox 211 770 958 813; baseline 0.004 -13"><span class='ocrx_word' id='word_1_69' title='bbox 211 773 342 811; x_wconf 78' lang='lat' dir='ltr'>accepto</span> <span class='ocrx_word' id='word_1_70' title='bbox 372 775 430 812; x_wconf 87' lang='lat' dir='ltr'>per</span> <span class='ocrx_word' id='word_1_71' title='bbox 456 780 529 802; x_wconf 85' lang='lat' dir='ltr'>eum</span> <span class='ocrx_word' id='word_1_72' title='bbox 561 770 647 812; x_wconf 90' lang='lat' dir='ltr'>quod</span> <span class='ocrx_word' id='word_1_73' title='bbox 682 770 753 813; x_wconf 90' lang='lat' dir='ltr'>piae</span> <span class='ocrx_word' id='word_1_74' title='bbox 782 770 958 803; x_wconf 78' lang='lat' dir='ltr'>memoriae</span> 
     </span>
     <span class='ocr_line' id='line_1_17' title="bbox 209 817 956 865; baseline 0.004 -12"><span class='ocrx_word' id='word_1_75' title='bbox 209 817 329 853; x_wconf 82' lang='lat' dir='ltr'>Paulus</span> <span class='ocrx_word' id='word_1_76' title='bbox 348 817 433 865; x_wconf 89' lang='lat' dir='ltr'>Papa</span> <span class='ocrx_word' id='word_1_77' title='bbox 448 822 496 860; x_wconf 69' lang='lat' dir='ltr'>lv,</span> <span class='ocrx_word' id='word_1_78' title='bbox 521 822 747 865; x_wconf 81' lang='lat' dir='ltr'>praedecessor</span> <span class='ocrx_word' id='word_1_79' title='bbox 763 829 882 864; x_wconf 85' lang='lat' dir='ltr'>noster,</span> <span class='ocrx_word' id='word_1_80' title='bbox 893 829 956 856; x_wconf 83' lang='lat' dir='ltr'>sta-</span> 
     </span>
     <span class='ocr_line' id='line_1_18' title="bbox 200 861 958 920; baseline 0.007 -14"><span class='ocrx_word' id='word_1_81' title='bbox 200 861 280 907; x_wconf 64' lang='lat' dir='ltr'>huia</span> <span class='ocrx_word' id='word_1_82' title='bbox 298 880 419 908; x_wconf 86' lang='lat' dir='ltr'>vestrae</span> <span class='ocrx_word' id='word_1_83' title='bbox 444 876 590 916; x_wconf 83' lang='lat' dir='ltr'>civitatis,</span> <span class='ocrx_word' id='word_1_84' title='bbox 606 883 765 920; x_wconf 86' lang='lat' dir='ltr'>quatenus</span> <span class='ocrx_word' id='word_1_85' title='bbox 782 883 886 911; x_wconf 79' lang='lat' dir='ltr'>essent</span> <span class='ocrx_word' id='word_1_86' title='bbox 901 878 958 910; x_wconf 91' lang='lat' dir='ltr'>ho-</span> 
     </span>
     <span class='ocr_line' id='line_1_19' title="bbox 199 917 955 975; baseline 0.005 -15"><span class='ocrx_word' id='word_1_87' title='bbox 199 917 298 975; x_wconf 57' lang='lat' dir='ltr'>{nesta</span> <span class='ocrx_word' id='word_1_88' title='bbox 318 934 348 962; x_wconf 85' lang='lat' dir='ltr'>et</span> <span class='ocrx_word' id='word_1_89' title='bbox 380 928 467 962; x_wconf 90' lang='lat' dir='ltr'>licita</span> <span class='ocrx_word' id='word_1_90' title='bbox 498 940 534 962; x_wconf 92' lang='lat' dir='ltr'>ac</span> <span class='ocrx_word' id='word_1_91' title='bbox 565 936 677 963; x_wconf 88' lang='lat' dir='ltr'>contra</span> <span class='ocrx_word' id='word_1_92' title='bbox 705 931 955 964; x_wconf 86' lang='lat' dir='ltr'>ecclesiasticam</span> 
     </span>
     <span class='ocr_line' id='line_1_20' title="bbox 201 979 955 1031; baseline 0.005 -17"><span class='ocrx_word' id='word_1_93' title='bbox 201 979 388 1031; x_wconf 30' lang='lat' dir='ltr'>&#39;libertatem</span> <span class='ocrx_word' id='word_1_94' title='bbox 417 992 481 1015; x_wconf 94' lang='lat' dir='ltr'>non</span> <span class='ocrx_word' id='word_1_95' title='bbox 513 984 692 1024; x_wconf 85' lang='lat' dir='ltr'>tenderent,</span> <span class='ocrx_word' id='word_1_96' title='bbox 723 984 955 1028; x_wconf 79' lang='lat' dir='ltr'>approbaverat</span> 
     </span>
     <span class='ocr_line' id='line_1_21' title="bbox 199 1035 955 1086; baseline 0.005 -18"><span class='ocrx_word' id='word_1_97' title='bbox 199 1040 239 1086; x_wconf 76' lang='lat' dir='ltr'>¹et</span> <span class='ocrx_word' id='word_1_98' title='bbox 250 1035 508 1077; x_wconf 87' lang='lat' dir='ltr'>confirmaverat,</span> <span class='ocrx_word' id='word_1_99' title='bbox 531 1043 561 1070; x_wconf 81' lang='lat' dir='ltr'>et</span> <span class='ocrx_word' id='word_1_100' title='bbox 580 1038 768 1081; x_wconf 82' lang='lat' dir='ltr'>praesertim</span> <span class='ocrx_word' id='word_1_101' title='bbox 780 1038 955 1082; x_wconf 81' lang='lat' dir='ltr'>reintegra-</span> 
     </span>
     <span class='ocr_line' id='line_1_22' title="bbox 199 1087 953 1131; baseline 0.004 -9"><span class='ocrx_word' id='word_1_102' title='bbox 199 1087 326 1122; x_wconf 54' lang='lat' dir='ltr'>&#39;tionem</span> <span class='ocrx_word' id='word_1_103' title='bbox 347 1089 386 1122; x_wconf 91' lang='lat' dir='ltr'>ad</span> <span class='ocrx_word' id='word_1_104' title='bbox 407 1090 558 1129; x_wconf 80' lang='lat' dir='ltr'>honores,</span> <span class='ocrx_word' id='word_1_105' title='bbox 581 1091 703 1131; x_wconf 80' lang='lat' dir='ltr'>officia,</span> <span class='ocrx_word' id='word_1_106' title='bbox 725 1091 809 1124; x_wconf 88' lang='lat' dir='ltr'>bona</span> <span class='ocrx_word' id='word_1_107' title='bbox 838 1098 868 1125; x_wconf 91' lang='lat' dir='ltr'>ct</span> <span class='ocrx_word' id='word_1_108' title='bbox 892 1093 953 1126; x_wconf 87' lang='lat' dir='ltr'>alia</span> 
     </span>
     <span class='ocr_line' id='line_1_23' title="bbox 199 1135 951 1186; baseline 0.003 -10"><span class='ocrx_word' id='word_1_109' title='bbox 199 1135 276 1176; x_wconf 68' lang='lat' dir='ltr'>⁴iur‘t</span> <span class='ocrx_word' id='word_1_110' title='bbox 295 1153 354 1186; x_wconf 89' lang='lat' dir='ltr'>per</span> <span class='ocrx_word' id='word_1_111' title='bbox 379 1143 480 1177; x_wconf 83' lang='lat' dir='ltr'>felicis</span> <span class='ocrx_word' id='word_1_112' title='bbox 505 1145 738 1178; x_wconf 85' lang='lat' dir='ltr'>recordationis</span> <span class='ocrx_word' id='word_1_113' title='bbox 758 1145 893 1178; x_wconf 84' lang='lat' dir='ltr'>Paulum</span> <span class='ocrx_word' id='word_1_114' title='bbox 914 1147 951 1179; x_wconf 91' lang='lat' dir='ltr'>Ill</span> 
     </span>
     <span class='ocr_line' id='line_1_24' title="bbox 203 1195 953 1241; baseline 0.005 -13"><span class='ocrx_word' id='word_1_115' title='bbox 203 1195 293 1229; x_wconf 72' lang='lat' dir='ltr'>vobis</span> <span class='ocrx_word' id='word_1_116' title='bbox 312 1195 441 1238; x_wconf 84' lang='lat' dir='ltr'>factam,</span> <span class='ocrx_word' id='word_1_117' title='bbox 459 1202 489 1230; x_wconf 87' lang='lat' dir='ltr'>et</span> <span class='ocrx_word' id='word_1_118' title='bbox 509 1209 566 1241; x_wconf 89' lang='lat' dir='ltr'>per</span> <span class='ocrx_word' id='word_1_119' title='bbox 585 1198 702 1231; x_wconf 92' lang='lat' dir='ltr'>Iulium</span> <span class='ocrx_word' id='word_1_120' title='bbox 723 1198 818 1232; x_wconf 88' lang='lat' dir='ltr'>etiam</span> <span class='ocrx_word' id='word_1_121' title='bbox 840 1200 890 1239; x_wconf 84' lang='lat' dir='ltr'>Ill,</span> <span class='ocrx_word' id='word_1_122' title='bbox 921 1205 953 1232; x_wconf 88' lang='lat' dir='ltr'>et</span> 
     </span>
     <span class='ocr_line' id='line_1_25' title="bbox 203 1248 950 1296; baseline 0.005 -14"><span class='ocrx_word' id='word_1_123' title='bbox 203 1248 339 1283; x_wconf 88' lang='lat' dir='ltr'>Pau&#39;um</span> <span class='ocrx_word' id='word_1_124' title='bbox 358 1250 396 1283; x_wconf 93' lang='lat' dir='ltr'>IV</span> <span class='ocrx_word' id='word_1_125' title='bbox 410 1251 651 1292; x_wconf 86' lang='lat' dir='ltr'>confirmatam;</span> <span class='ocrx_word' id='word_1_126' title='bbox 673 1262 800 1285; x_wconf 84' lang='lat' dir='ltr'>necnon</span> <span class='ocrx_word' id='word_1_127' title='bbox 812 1263 876 1296; x_wconf 88' lang='lat' dir='ltr'>quo</span> <span class='ocrx_word' id='word_1_128' title='bbox 898 1264 950 1286; x_wconf 84' lang='lat' dir='ltr'>ca-</span> 
     </span>
     <span class='ocr_line' id='line_1_26' title="bbox 202 1303 951 1350; baseline 0.005 -15"><span class='ocrx_word' id='word_1_129' title='bbox 202 1303 268 1335; x_wconf 83' lang='lat' dir='ltr'>veri</span> <span class='ocrx_word' id='word_1_130' title='bbox 287 1304 479 1338; x_wconf 84' lang='lat' dir='ltr'>asserebatis</span> <span class='ocrx_word' id='word_1_131' title='bbox 498 1305 585 1348; x_wconf 89' lang='lat' dir='ltr'>quod</span> <span class='ocrx_word' id='word_1_132' title='bbox 606 1306 726 1345; x_wconf 87' lang='lat' dir='ltr'>nullus,</span> <span class='ocrx_word' id='word_1_133' title='bbox 744 1306 798 1350; x_wconf 91' lang='lat' dir='ltr'>qui</span> <span class='ocrx_word' id='word_1_134' title='bbox 819 1312 899 1339; x_wconf 87' lang='lat' dir='ltr'>esset</span> <span class='ocrx_word' id='word_1_135' title='bbox 912 1307 951 1339; x_wconf 90' lang='lat' dir='ltr'>de</span> 
     </span>
     <span class='ocr_line' id='line_1_27' title="bbox 197 1355 952 1402; baseline 0.004 -13"><span class='ocrx_word' id='word_1_136' title='bbox 197 1355 287 1389; x_wconf 75' lang='lat' dir='ltr'>‘dicia</span> <span class='ocrx_word' id='word_1_137' title='bbox 306 1357 470 1401; x_wconf 86' lang='lat' dir='ltr'>provincia</span> <span class='ocrx_word' id='word_1_138' title='bbox 483 1358 641 1391; x_wconf 86' lang='lat' dir='ltr'>Marchiae</span> <span class='ocrx_word' id='word_1_139' title='bbox 654 1359 952 1402; x_wconf 81' lang='lat' dir='ltr'>Anconitanaepos-</span> 
     </span>
     <span class='ocr_line' id='line_1_28' title="bbox 194 1407 950 1455; baseline 0.005 -13"><span class='ocrx_word' id='word_1_140' title='bbox 194 1407 252 1452; x_wconf 51' lang='lat' dir='ltr'>sset</span> <span class='ocrx_word' id='word_1_141' title='bbox 271 1410 344 1454; x_wconf 62' lang='lat' dir='ltr'>eligi</span> <span class='ocrx_word' id='word_1_142' title='bbox 370 1411 416 1444; x_wconf 90' lang='lat' dir='ltr'>vel</span> <span class='ocrx_word' id='word_1_143' title='bbox 437 1412 556 1445; x_wconf 81' lang='lat' dir='ltr'>assumi</span> <span class='ocrx_word' id='word_1_144' title='bbox 576 1412 608 1444; x_wconf 93' lang='lat' dir='ltr'>in</span> <span class='ocrx_word' id='word_1_145' title='bbox 628 1418 818 1455; x_wconf 85' lang='lat' dir='ltr'>potestatem</span> <span class='ocrx_word' id='word_1_146' title='bbox 831 1419 885 1446; x_wconf 89' lang='lat' dir='ltr'>aut</span> <span class='ocrx_word' id='word_1_147' title='bbox 899 1412 950 1446; x_wconf 88' lang='lat' dir='ltr'>iu-</span> 
     </span>
     <span class='ocr_line' id='line_1_29' title="bbox 195 1461 949 1508; baseline 0.003 -11"><span class='ocrx_word' id='word_1_148' title='bbox 195 1461 304 1497; x_wconf 79' lang='lat' dir='ltr'>dicem</span> <span class='ocrx_word' id='word_1_149' title='bbox 321 1465 574 1508; x_wconf 68' lang='lat' dir='ltr'>appellationum</span> <span class='ocrx_word' id='word_1_150' title='bbox 595 1466 643 1498; x_wconf 86' lang='lat' dir='ltr'>vel</span> <span class='ocrx_word' id='word_1_151' title='bbox 669 1465 800 1498; x_wconf 88' lang='lat' dir='ltr'>militiae</span> <span class='ocrx_word' id='word_1_152' title='bbox 826 1466 949 1499; x_wconf 87' lang='lat' dir='ltr'>socium</span> 
     </span>
     <span class='ocr_line' id='line_1_30' title="bbox 202 1510 949 1563; baseline 0.004 -13"><span class='ocrx_word' id='word_1_153' title='bbox 202 1510 259 1550; x_wconf 78' lang='lat' dir='ltr'>aut</span> <span class='ocrx_word' id='word_1_154' title='bbox 275 1518 435 1553; x_wconf 72' lang='lat' dir='ltr'>notarium</span> <span class='ocrx_word' id='word_1_155' title='bbox 455 1518 559 1551; x_wconf 80' lang='lat' dir='ltr'>dictae</span> <span class='ocrx_word' id='word_1_156' title='bbox 580 1519 729 1558; x_wconf 75' lang='lat' dir='ltr'>civitatis;</span> <span class='ocrx_word' id='word_1_157' title='bbox 751 1524 782 1551; x_wconf 91' lang='lat' dir='ltr'>et</span> <span class='ocrx_word' id='word_1_158' title='bbox 801 1519 827 1552; x_wconf 85' lang='lat' dir='ltr'>si</span> <span class='ocrx_word' id='word_1_159' title='bbox 856 1525 949 1563; x_wconf 90' lang='lat' dir='ltr'>pote-</span> 
     </span>
     <span class='ocr_line' id='line_1_31' title="bbox 201 1570 949 1616; baseline 0.001 -12"><span class='ocrx_word' id='word_1_160' title='bbox 201 1574 266 1604; x_wconf 85' lang='lat' dir='ltr'>stas</span> <span class='ocrx_word' id='word_1_161' title='bbox 284 1570 333 1604; x_wconf 87' lang='lat' dir='ltr'>vel</span> <span class='ocrx_word' id='word_1_162' title='bbox 345 1570 441 1604; x_wconf 78' lang='lat' dir='ltr'>iudex</span> <span class='ocrx_word' id='word_1_163' title='bbox 462 1571 623 1615; x_wconf 77' lang='lat' dir='ltr'>praefatus</span> <span class='ocrx_word' id='word_1_164' title='bbox 639 1577 694 1604; x_wconf 89' lang='lat' dir='ltr'>aut</span> <span class='ocrx_word' id='word_1_165' title='bbox 707 1582 820 1604; x_wconf 86' lang='lat' dir='ltr'>eorum</span> <span class='ocrx_word' id='word_1_166' title='bbox 832 1573 949 1616; x_wconf 85' lang='lat' dir='ltr'>aliquis</span> 
     </span>
     <span class='ocr_line' id='line_1_32' title="bbox 200 1623 949 1672; baseline 0.003 -15"><span class='ocrx_word' id='word_1_167' title='bbox 200 1623 335 1672; x_wconf 75' lang='lat' dir='ltr'>duceret</span> <span class='ocrx_word' id='word_1_168' title='bbox 352 1624 397 1658; x_wconf 82' lang='lat' dir='ltr'>vel</span> <span class='ocrx_word' id='word_1_169' title='bbox 417 1630 541 1658; x_wconf 86' lang='lat' dir='ltr'>teneret</span> <span class='ocrx_word' id='word_1_170' title='bbox 570 1625 711 1669; x_wconf 81' lang='lat' dir='ltr'>aliquem</span> <span class='ocrx_word' id='word_1_171' title='bbox 732 1625 872 1659; x_wconf 89' lang='lat' dir='ltr'>iudicem</span> <span class='ocrx_word' id='word_1_172' title='bbox 900 1627 949 1659; x_wconf 89' lang='lat' dir='ltr'>vel</span> 
     </span>
     <span class='ocr_line' id='line_1_33' title="bbox 195 1671 949 1722; baseline 0.004 -12"><span class='ocrx_word' id='word_1_173' title='bbox 195 1671 336 1711; x_wconf 59' lang='lat' dir='ltr'>&#39;militem</span> <span class='ocrx_word' id='word_1_174' title='bbox 368 1678 492 1712; x_wconf 89' lang='lat' dir='ltr'>socium</span> <span class='ocrx_word' id='word_1_175' title='bbox 518 1679 566 1711; x_wconf 86' lang='lat' dir='ltr'>vel</span> <span class='ocrx_word' id='word_1_176' title='bbox 592 1678 766 1718; x_wconf 89' lang='lat' dir='ltr'>notarium,</span> <span class='ocrx_word' id='word_1_177' title='bbox 789 1679 845 1722; x_wconf 89' lang='lat' dir='ltr'>qui</span> <span class='ocrx_word' id='word_1_178' title='bbox 867 1687 949 1713; x_wconf 80' lang='lat' dir='ltr'>esset</span> 
     </span>
     <span class='ocr_line' id='line_1_34' title="bbox 201 1730 947 1776; baseline 0.004 -12"><span class='ocrx_word' id='word_1_179' title='bbox 201 1730 242 1764; x_wconf 85' lang='lat' dir='ltr'>de</span> <span class='ocrx_word' id='word_1_180' title='bbox 267 1730 351 1764; x_wconf 88' lang='lat' dir='ltr'>dicta</span> <span class='ocrx_word' id='word_1_181' title='bbox 367 1731 533 1776; x_wconf 86' lang='lat' dir='ltr'>provincia</span> <span class='ocrx_word' id='word_1_182' title='bbox 546 1759 553 1772; x_wconf 96' lang='lat'>,</span> <span class='ocrx_word' id='word_1_183' title='bbox 576 1732 749 1775; x_wconf 83' lang='lat' dir='ltr'>puniretur</span> <span class='ocrx_word' id='word_1_184' title='bbox 769 1738 800 1765; x_wconf 90' lang='lat' dir='ltr'>et</span> <span class='ocrx_word' id='word_1_185' title='bbox 827 1734 947 1767; x_wconf 85' lang='lat' dir='ltr'>conde-</span> 
     </span>
     <span class='ocr_line' id='line_1_35' title="bbox 198 1773 948 1829; baseline 0.005 -13"><span class='ocrx_word' id='word_1_186' title='bbox 198 1773 357 1826; x_wconf 57' lang='lat' dir='ltr'>fmnaretui</span> <span class='ocrx_word' id='word_1_187' title='bbox 382 1785 415 1818; x_wconf 91' lang='lat' dir='ltr'>in</span> <span class='ocrx_word' id='word_1_188' title='bbox 435 1792 564 1818; x_wconf 89' lang='lat' dir='ltr'>centum</span> <span class='ocrx_word' id='word_1_189' title='bbox 585 1785 709 1818; x_wconf 87' lang='lat' dir='ltr'>ducatis</span> <span class='ocrx_word' id='word_1_190' title='bbox 729 1796 787 1829; x_wconf 90' lang='lat' dir='ltr'>pro</span> <span class='ocrx_word' id='word_1_191' title='bbox 804 1787 948 1829; x_wconf 89' lang='lat' dir='ltr'>quolibet</span> 
     </span>
     <span class='ocr_line' id='line_1_36' title="bbox 199 1836 947 1881; baseline 0.004 -11"><span class='ocrx_word' id='word_1_192' title='bbox 199 1836 343 1881; x_wconf 74' lang='lat' dir='ltr'>ipsorum</span> <span class='ocrx_word' id='word_1_193' title='bbox 370 1839 531 1878; x_wconf 85' lang='lat' dir='ltr'>iudicum,</span> <span class='ocrx_word' id='word_1_194' title='bbox 553 1839 693 1871; x_wconf 84' lang='lat' dir='ltr'>rnilitum</span> <span class='ocrx_word' id='word_1_195' title='bbox 733 1839 896 1872; x_wconf 81' lang='lat' dir='ltr'>sociorum</span> <span class='ocrx_word' id='word_1_196' title='bbox 917 1845 947 1873; x_wconf 87' lang='lat' dir='ltr'>et</span> 
     </span>
     <span class='ocr_line' id='line_1_37' title="bbox 197 1891 946 1936; baseline 0.003 -12"><span class='ocrx_word' id='word_1_197' title='bbox 197 1891 412 1933; x_wconf 66' lang='lat' dir='ltr'>notarim-11:113</span> <span class='ocrx_word' id='word_1_198' title='bbox 423 1898 454 1926; x_wconf 89' lang='lat' dir='ltr'>et</span> <span class='ocrx_word' id='word_1_199' title='bbox 464 1892 611 1925; x_wconf 87' lang='lat' dir='ltr'>similiter</span> <span class='ocrx_word' id='word_1_200' title='bbox 620 1892 707 1936; x_wconf 88' lang='lat' dir='ltr'>quod</span> <span class='ocrx_word' id='word_1_201' title='bbox 722 1894 831 1926; x_wconf 89' lang='lat' dir='ltr'>nullus</span> <span class='ocrx_word' id='word_1_202' title='bbox 846 1894 885 1926; x_wconf 91' lang='lat' dir='ltr'>de</span> <span class='ocrx_word' id='word_1_203' title='bbox 897 1894 946 1926; x_wconf 88' lang='lat' dir='ltr'>di-</span> 
     </span>
     <span class='ocr_line' id='line_1_38' title="bbox 199 1946 946 2004; baseline 0.003 -26"><span class='ocrx_word' id='word_1_204' title='bbox 199 1950 249 1978; x_wconf 88' lang='lat' dir='ltr'>cta</span> <span class='ocrx_word' id='word_1_205' title='bbox 267 1946 431 2004; x_wconf 49' lang='lat' dir='ltr'>proviigia</span> <span class='ocrx_word' id='word_1_206' title='bbox 450 1951 532 1979; x_wconf 86' lang='lat' dir='ltr'>esset</span> <span class='ocrx_word' id='word_1_207' title='bbox 552 1946 699 1979; x_wconf 83' lang='lat' dir='ltr'>officialis</span> <span class='ocrx_word' id='word_1_208' title='bbox 718 1946 751 1979; x_wconf 92' lang='lat' dir='ltr'>in</span> <span class='ocrx_word' id='word_1_209' title='bbox 767 1947 852 1979; x_wconf 86' lang='lat' dir='ltr'>dicta</span> <span class='ocrx_word' id='word_1_210' title='bbox 872 1947 946 1980; x_wconf 84' lang='lat' dir='ltr'>civi-</span> 
     </span>
     <span class='ocr_line' id='line_1_39' title="bbox 198 1999 944 2042; baseline 0.004 -11"><span class='ocrx_word' id='word_1_211' title='bbox 198 2002 262 2031; x_wconf 84' lang='lat' dir='ltr'>tate</span> <span class='ocrx_word' id='word_1_212' title='bbox 279 2008 336 2032; x_wconf 85' lang='lat' dir='ltr'>seu</span> <span class='ocrx_word' id='word_1_213' title='bbox 356 2000 375 2031; x_wconf 84' lang='lat' dir='ltr'>ii</span> <span class='ocrx_word' id='word_1_214' title='bbox 391 1999 433 2032; x_wconf 84' lang='lat' dir='ltr'>ibi</span> <span class='ocrx_word' id='word_1_215' title='bbox 452 1999 584 2042; x_wconf 86' lang='lat' dir='ltr'>aliquod</span> <span class='ocrx_word' id='word_1_216' title='bbox 599 1999 742 2032; x_wconf 83' lang='lat' dir='ltr'>officium</span> <span class='ocrx_word' id='word_1_217' title='bbox 763 2006 944 2041; x_wconf 79' lang='lat' dir='ltr'>exerceret;</span> 
     </span>
     <span class='ocr_line' id='line_1_40' title="bbox 198 2051 946 2096; baseline 0.004 -12"><span class='ocrx_word' id='word_1_218' title='bbox 198 2061 235 2084; x_wconf 89' lang='lat' dir='ltr'>ac</span> <span class='ocrx_word' id='word_1_219' title='bbox 247 2051 348 2095; x_wconf 86' lang='lat' dir='ltr'>ipsius</span> <span class='ocrx_word' id='word_1_220' title='bbox 358 2052 492 2086; x_wconf 71' lang='lat' dir='ltr'>cixitatis</span> <span class='ocrx_word' id='word_1_221' title='bbox 512 2053 730 2086; x_wconf 83' lang='lat' dir='ltr'>Anconitanae</span> <span class='ocrx_word' id='word_1_222' title='bbox 747 2054 946 2096; x_wconf 80' lang='lat' dir='ltr'>regulatores</span> 
     </span>
     <span class='ocr_line' id='line_1_41' title="bbox 197 2107 945 2151; baseline 0.004 -14"><span class='ocrx_word' id='word_1_223' title='bbox 197 2115 262 2138; x_wconf 90' lang='lat' dir='ltr'>non</span> <span class='ocrx_word' id='word_1_224' title='bbox 286 2111 402 2145; x_wconf 86' lang='lat' dir='ltr'>essent,</span> <span class='ocrx_word' id='word_1_225' title='bbox 425 2117 528 2150; x_wconf 88' lang='lat' dir='ltr'>neque</span> <span class='ocrx_word' id='word_1_226' title='bbox 548 2107 701 2139; x_wconf 86' lang='lat' dir='ltr'>deberent</span> <span class='ocrx_word' id='word_1_227' title='bbox 724 2118 837 2140; x_wconf 90' lang='lat' dir='ltr'>curare</span> <span class='ocrx_word' id='word_1_228' title='bbox 858 2108 945 2151; x_wconf 90' lang='lat' dir='ltr'>quod</span> 
     </span>
     <span class='ocr_line' id='line_1_42' title="bbox 198 2157 942 2203; baseline 0.003 -12"><span class='ocrx_word' id='word_1_229' title='bbox 198 2157 290 2191; x_wconf 84' lang='lat' dir='ltr'>fieret</span> <span class='ocrx_word' id='word_1_230' title='bbox 307 2158 415 2202; x_wconf 87' lang='lat' dir='ltr'>aliqua</span> <span class='ocrx_word' id='word_1_231' title='bbox 444 2165 596 2203; x_wconf 73' lang='lat' dir='ltr'>proposta</span> <span class='ocrx_word' id='word_1_232' title='bbox 616 2160 654 2193; x_wconf 90' lang='lat' dir='ltr'>ad</span> <span class='ocrx_word' id='word_1_233' title='bbox 675 2160 859 2203; x_wconf 81' lang='lat' dir='ltr'>eligendum</span> <span class='ocrx_word' id='word_1_234' title='bbox 889 2171 942 2194; x_wconf 85' lang='lat' dir='ltr'>seu</span> 
     </span>
     <span class='ocr_line' id='line_1_43' title="bbox 196 2213 944 2247; baseline 0.003 -2"><span class='ocrx_word' id='word_1_235' title='bbox 196 2213 424 2246; x_wconf 86' lang='lat' dir='ltr'>assumendum</span> <span class='ocrx_word' id='word_1_236' title='bbox 445 2213 546 2246; x_wconf 89' lang='lat' dir='ltr'>dictos</span> <span class='ocrx_word' id='word_1_237' title='bbox 571 2213 724 2246; x_wconf 84' lang='lat' dir='ltr'>officiales</span> <span class='ocrx_word' id='word_1_238' title='bbox 747 2224 803 2246; x_wconf 85' lang='lat' dir='ltr'>seu</span> <span class='ocrx_word' id='word_1_239' title='bbox 832 2224 944 2247; x_wconf 89' lang='lat' dir='ltr'>eorum</span> 
     </span>
     <span class='ocr_line' id='line_1_44' title="bbox 196 2264 944 2310; baseline 0.001 -12"><span class='ocrx_word' id='word_1_240' title='bbox 196 2264 337 2309; x_wconf 87' lang='lat' dir='ltr'>aliquem</span> <span class='ocrx_word' id='word_1_241' title='bbox 355 2272 467 2299; x_wconf 88' lang='lat' dir='ltr'>contra</span> <span class='ocrx_word' id='word_1_242' title='bbox 484 2267 620 2299; x_wconf 80' lang='lat' dir='ltr'>sormam</span> <span class='ocrx_word' id='word_1_243' title='bbox 641 2266 742 2310; x_wconf 82' lang='lat' dir='ltr'>ipsius</span> <span class='ocrx_word' id='word_1_244' title='bbox 753 2266 872 2306; x_wconf 79' lang='lat' dir='ltr'>statuti,</span> <span class='ocrx_word' id='word_1_245' title='bbox 887 2268 944 2300; x_wconf 76' lang='lat' dir='ltr'>sub</span> 
     </span>
    </p>
   </div>
   <div class='ocr_carea' id='block_1_7' title="bbox 168 2318 968 2611">
    <p class='ocr_par' dir='ltr' id='par_1_8' title="bbox 168 2318 968 2611">
     <span class='ocr_line' id='line_1_45' title="bbox 195 2318 942 2362; baseline 0.001 -11"><span class='ocrx_word' id='word_1_246' title='bbox 195 2328 300 2362; x_wconf 87' lang='lat' dir='ltr'>poena</span> <span class='ocrx_word' id='word_1_247' title='bbox 332 2318 442 2362; x_wconf 79' lang='lat' dir='ltr'>viginti</span> <span class='ocrx_word' id='word_1_248' title='bbox 472 2319 616 2362; x_wconf 86' lang='lat' dir='ltr'>quinque</span> <span class='ocrx_word' id='word_1_249' title='bbox 649 2320 840 2352; x_wconf 83' lang='lat' dir='ltr'>ducatorum</span> <span class='ocrx_word' id='word_1_250' title='bbox 872 2321 942 2353; x_wconf 86' lang='lat' dir='ltr'>auri</span> 
     </span>
     <span class='ocr_line' id='line_1_46' title="bbox 195 2367 945 2411; baseline 0.001 -11"><span class='ocrx_word' id='word_1_251' title='bbox 195 2377 255 2410; x_wconf 89' lang='lat' dir='ltr'>pro</span> <span class='ocrx_word' id='word_1_252' title='bbox 274 2367 421 2411; x_wconf 86' lang='lat' dir='ltr'>quolibet</span> <span class='ocrx_word' id='word_1_253' title='bbox 440 2373 471 2400; x_wconf 89' lang='lat' dir='ltr'>et</span> <span class='ocrx_word' id='word_1_254' title='bbox 490 2368 633 2411; x_wconf 85' lang='lat' dir='ltr'>qualibet</span> <span class='ocrx_word' id='word_1_255' title='bbox 655 2368 723 2401; x_wconf 86' lang='lat' dir='ltr'>vice</span> <span class='ocrx_word' id='word_1_256' title='bbox 739 2380 745 2408; x_wconf 90' lang='lat'>;</span> <span class='ocrx_word' id='word_1_257' title='bbox 777 2374 807 2401; x_wconf 86' lang='lat' dir='ltr'>et</span> <span class='ocrx_word' id='word_1_258' title='bbox 836 2369 945 2401; x_wconf 88' lang='lat' dir='ltr'>nullus</span> 
     </span>
     <span class='ocr_line' id='line_1_47' title="bbox 195 2417 945 2460; baseline 0.001 -11"><span class='ocrx_word' id='word_1_259' title='bbox 195 2425 295 2460; x_wconf 84' lang='lat' dir='ltr'>super</span> <span class='ocrx_word' id='word_1_260' title='bbox 313 2417 397 2449; x_wconf 86' lang='lat' dir='ltr'>dicta</span> <span class='ocrx_word' id='word_1_261' title='bbox 416 2423 569 2460; x_wconf 85' lang='lat' dir='ltr'>proposta</span> <span class='ocrx_word' id='word_1_262' title='bbox 582 2417 613 2448; x_wconf 96' lang='lat' dir='ltr'>in</span> <span class='ocrx_word' id='word_1_263' title='bbox 629 2422 731 2449; x_wconf 88' lang='lat' dir='ltr'>vestro</span> <span class='ocrx_word' id='word_1_264' title='bbox 749 2417 883 2451; x_wconf 87' lang='lat' dir='ltr'>consilio</span> <span class='ocrx_word' id='word_1_265' title='bbox 895 2428 945 2450; x_wconf 83' lang='lat' dir='ltr'>ar-</span> 
     </span>
     <span class='ocr_line' id='line_1_48' title="bbox 195 2466 944 2510; baseline 0.004 -13"><span class='ocrx_word' id='word_1_266' title='bbox 195 2474 329 2508; x_wconf 78' lang='lat' dir='ltr'>rengare</span> <span class='ocrx_word' id='word_1_267' title='bbox 349 2466 398 2498; x_wconf 86' lang='lat' dir='ltr'>vel</span> <span class='ocrx_word' id='word_1_268' title='bbox 418 2466 586 2501; x_wconf 83' lang='lat' dir='ltr'>consulere</span> <span class='ocrx_word' id='word_1_269' title='bbox 611 2471 733 2507; x_wconf 82' lang='lat' dir='ltr'>posset,</span> <span class='ocrx_word' id='word_1_270' title='bbox 765 2471 800 2498; x_wconf 85' lang='lat' dir='ltr'>ut</span> <span class='ocrx_word' id='word_1_271' title='bbox 829 2466 944 2510; x_wconf 86' lang='lat' dir='ltr'>aliquis</span> 
     </span>
     <span class='ocr_line' id='line_1_49' title="bbox 168 2513 943 2559; baseline 0.004 -13"><span class='ocrx_word' id='word_1_272' title='bbox 168 2524 173 2527; x_wconf 86' lang='lat'>·</span> <span class='ocrx_word' id='word_1_273' title='bbox 196 2513 235 2548; x_wconf 85' lang='lat' dir='ltr'>de</span> <span class='ocrx_word' id='word_1_274' title='bbox 267 2513 360 2547; x_wconf 83' lang='lat' dir='ltr'>dictis</span> <span class='ocrx_word' id='word_1_275' title='bbox 392 2514 584 2548; x_wconf 81' lang='lat' dir='ltr'>officialibus</span> <span class='ocrx_word' id='word_1_276' title='bbox 611 2520 841 2555; x_wconf 82' lang='lat' dir='ltr'>assumeretur;</span> <span class='ocrx_word' id='word_1_277' title='bbox 875 2515 943 2559; x_wconf 84' lang='lat' dir='ltr'>ipse</span> 
     </span>
     <span class='ocr_line' id='line_1_50' title="bbox 195 2563 968 2611; baseline -0.001 -12"><span class='ocrx_word' id='word_1_278' title='bbox 195 2571 326 2609; x_wconf 66' lang='lat' dir='ltr'>quoque</span> <span class='ocrx_word' id='word_1_279' title='bbox 346 2563 421 2598; x_wconf 88' lang='lat' dir='ltr'>Pius</span> <span class='ocrx_word' id='word_1_280' title='bbox 440 2564 616 2609; x_wconf 82' lang='lat' dir='ltr'>praemissa</span> <span class='ocrx_word' id='word_1_281' title='bbox 632 2573 760 2598; x_wconf 85' lang='lat' dir='ltr'>necnon</span> <span class='ocrx_word' id='word_1_282' title='bbox 780 2564 889 2599; x_wconf 88' lang='lat' dir='ltr'>omnia</span> <span class='ocrx_word' id='word_1_283' title='bbox 913 2570 943 2598; x_wconf 88' lang='lat' dir='ltr'>et</span> <span class='ocrx_word' id='word_1_284' title='bbox 959 2591 968 2611; x_wconf 68' lang='lat'>,</span> 
     </span>
    </p>
   </div>
   <div class='ocr_carea' id='block_1_8' title="bbox 1005 175 1710 209">
    <p class='ocr_par' dir='ltr' id='par_1_9' title="bbox 1005 175 1710 209">
     <span class='ocr_line' id='line_1_51' title="bbox 1005 175 1710 209; baseline 0.001 -3"><span class='ocrx_word' id='word_1_285' title='bbox 1005 184 1023 206; x_wconf 88' lang='lat' dir='ltr'>v</span> <span class='ocrx_word' id='word_1_286' title='bbox 1058 184 1102 207; x_wconf 82' lang='lat' dir='ltr'>rr.</span> <span class='ocrx_word' id='word_1_287' title='bbox 1647 175 1710 209; x_wconf 74' lang='lat'>605</span> 
     </span>
    </p>
   </div>
   <div class='ocr_carea' id='block_1_9' title="bbox 992 235 1755 1348">
    <p class='ocr_par' dir='ltr' id='par_1_10' title="bbox 992 235 1755 1348">
     <span class='ocr_line' id='line_1_52' title="bbox 1007 235 1755 279; baseline 0.004 -12"><span class='ocrx_word' id='word_1_288' title='bbox 1007 235 1132 279; x_wconf 70' lang='lat' dir='ltr'>singula</span> <span class='ocrx_word' id='word_1_289' title='bbox 1149 236 1208 268; x_wconf 91' lang='lat' dir='ltr'>alia</span> <span class='ocrx_word' id='word_1_290' title='bbox 1230 242 1354 276; x_wconf 70' lang='lat' dir='ltr'>statuta,</span> <span class='ocrx_word' id='word_1_291' title='bbox 1371 237 1600 278; x_wconf 73' lang='lat' dir='ltr'>ordinationes,</span> <span class='ocrx_word' id='word_1_292' title='bbox 1619 247 1755 270; x_wconf 87' lang='lat' dir='ltr'>consue-</span> 
     </span>
     <span class='ocr_line' id='line_1_53' title="bbox 1008 288 1750 333; baseline 0.003 -12"><span class='ocrx_word' id='word_1_293' title='bbox 1008 288 1133 321; x_wconf 87' lang='lat' dir='ltr'>tudines</span> <span class='ocrx_word' id='word_1_294' title='bbox 1153 294 1179 321; x_wconf 89' lang='lat' dir='ltr'>et</span> <span class='ocrx_word' id='word_1_295' title='bbox 1213 290 1454 323; x_wconf 73' lang='lat' dir='ltr'>reformationes</span> <span class='ocrx_word' id='word_1_296' title='bbox 1479 290 1579 333; x_wconf 88' lang='lat' dir='ltr'>ipsius</span> <span class='ocrx_word' id='word_1_297' title='bbox 1604 289 1750 331; x_wconf 80' lang='lat' dir='ltr'>civitatis,</span> 
     </span>
     <span class='ocr_line' id='line_1_54' title="bbox 1006 341 1752 377; baseline 0.004 -4"><span class='ocrx_word' id='word_1_298' title='bbox 1006 341 1091 374; x_wconf 91' lang='lat' dir='ltr'>licita</span> <span class='ocrx_word' id='word_1_299' title='bbox 1111 346 1217 374; x_wconf 85' lang='lat' dir='ltr'>tamen</span> <span class='ocrx_word' id='word_1_300' title='bbox 1239 348 1268 374; x_wconf 73' lang='lat' dir='ltr'>ct</span> <span class='ocrx_word' id='word_1_301' title='bbox 1288 343 1420 376; x_wconf 76' lang='lat' dir='ltr'>honesta</span> <span class='ocrx_word' id='word_1_302' title='bbox 1439 354 1476 376; x_wconf 88' lang='lat' dir='ltr'>ac</span> <span class='ocrx_word' id='word_1_303' title='bbox 1496 343 1594 377; x_wconf 80' lang='lat' dir='ltr'>sacris</span> <span class='ocrx_word' id='word_1_304' title='bbox 1618 343 1752 377; x_wconf 91' lang='lat' dir='ltr'>canoni-</span> 
     </span>
     <span class='ocr_line' id='line_1_55' title="bbox 1006 394 1752 436; baseline 0.005 -10"><span class='ocrx_word' id='word_1_305' title='bbox 1006 394 1066 427; x_wconf 80' lang='lat' dir='ltr'>bus</span> <span class='ocrx_word' id='word_1_306' title='bbox 1096 405 1159 427; x_wconf 93' lang='lat' dir='ltr'>non</span> <span class='ocrx_word' id='word_1_307' title='bbox 1189 396 1371 436; x_wconf 89' lang='lat' dir='ltr'>contraria,</span> <span class='ocrx_word' id='word_1_308' title='bbox 1401 408 1436 429; x_wconf 85' lang='lat' dir='ltr'>ac</span> <span class='ocrx_word' id='word_1_309' title='bbox 1457 407 1531 429; x_wconf 72' lang='lat' dir='ltr'>cum</span> <span class='ocrx_word' id='word_1_310' title='bbox 1552 397 1702 430; x_wconf 90' lang='lat' dir='ltr'>omnibus</span> <span class='ocrx_word' id='word_1_311' title='bbox 1721 401 1752 430; x_wconf 83' lang='lat' dir='ltr'>et</span> 
     </span>
     <span class='ocr_line' id='line_1_56' title="bbox 1004 448 1752 494; baseline 0.004 -14"><span class='ocrx_word' id='word_1_312' title='bbox 1004 448 1140 490; x_wconf 72' lang='lat' dir='ltr'>singulis</span> <span class='ocrx_word' id='word_1_313' title='bbox 1165 448 1197 480; x_wconf 90' lang='lat' dir='ltr'>in</span> <span class='ocrx_word' id='word_1_314' title='bbox 1218 449 1261 481; x_wconf 87' lang='lat' dir='ltr'>eis</span> <span class='ocrx_word' id='word_1_315' title='bbox 1274 449 1431 481; x_wconf 74' lang='lat' dir='ltr'>contentis</span> <span class='ocrx_word' id='word_1_316' title='bbox 1452 449 1604 483; x_wconf 82' lang='lat' dir='ltr'>clausulis</span> <span class='ocrx_word' id='word_1_317' title='bbox 1623 461 1682 494; x_wconf 86' lang='lat' dir='ltr'>per</span> <span class='ocrx_word' id='word_1_318' title='bbox 1699 449 1752 483; x_wconf 89' lang='lat' dir='ltr'>lit-</span> 
     </span>
     <span class='ocr_line' id='line_1_57' title="bbox 1004 502 1750 546; baseline 0.005 -13"><span class='ocrx_word' id='word_1_319' title='bbox 1004 507 1087 534; x_wconf 84' lang='lat' dir='ltr'>teras</span> <span class='ocrx_word' id='word_1_320' title='bbox 1106 502 1297 546; x_wconf 79' lang='lat' dir='ltr'>apostolicas</span> <span class='ocrx_word' id='word_1_321' title='bbox 1318 504 1456 546; x_wconf 78' lang='lat' dir='ltr'>desuper</span> <span class='ocrx_word' id='word_1_322' title='bbox 1476 504 1508 536; x_wconf 90' lang='lat' dir='ltr'>in</span> <span class='ocrx_word' id='word_1_323' title='bbox 1529 503 1631 536; x_wconf 81' lang='lat' dir='ltr'>forma</span> <span class='ocrx_word' id='word_1_324' title='bbox 1645 503 1750 537; x_wconf 88' lang='lat' dir='ltr'>brevis</span> 
     </span>
     <span class='ocr_line' id='line_1_58' title="bbox 1003 555 1748 599; baseline 0.004 -12"><span class='ocrx_word' id='word_1_325' title='bbox 1003 555 1164 588; x_wconf 79' lang='lat' dir='ltr'>consectas</span> <span class='ocrx_word' id='word_1_326' title='bbox 1180 555 1366 599; x_wconf 74' lang='lat' dir='ltr'>approbavit</span> <span class='ocrx_word' id='word_1_327' title='bbox 1387 562 1417 589; x_wconf 90' lang='lat' dir='ltr'>et</span> <span class='ocrx_word' id='word_1_328' title='bbox 1437 556 1654 590; x_wconf 84' lang='lat' dir='ltr'>confirmavit:</span> <span class='ocrx_word' id='word_1_329' title='bbox 1676 568 1748 591; x_wconf 90' lang='lat' dir='ltr'>vos-</span> 
     </span>
     <span class='ocr_line' id='line_1_59' title="bbox 1002 608 1747 654; baseline 0.005 -14"><span class='ocrx_word' id='word_1_330' title='bbox 1002 617 1077 650; x_wconf 85' lang='lat' dir='ltr'>que,</span> <span class='ocrx_word' id='word_1_331' title='bbox 1105 608 1281 641; x_wconf 77' lang='lat' dir='ltr'>dummodo</span> <span class='ocrx_word' id='word_1_332' title='bbox 1303 616 1491 643; x_wconf 77' lang='lat' dir='ltr'>consuetum</span> <span class='ocrx_word' id='word_1_333' title='bbox 1519 616 1612 651; x_wconf 79' lang='lat' dir='ltr'>esset,</span> <span class='ocrx_word' id='word_1_334' title='bbox 1639 610 1747 654; x_wconf 92' lang='lat' dir='ltr'>quoli-</span> 
     </span>
     <span class='ocr_line' id='line_1_60' title="bbox 1001 661 1748 706; baseline 0.007 -13"><span class='ocrx_word' id='word_1_335' title='bbox 1001 661 1053 694; x_wconf 89' lang='lat' dir='ltr'>bet</span> <span class='ocrx_word' id='word_1_336' title='bbox 1073 672 1158 695; x_wconf 88' lang='lat' dir='ltr'>anno</span> <span class='ocrx_word' id='word_1_337' title='bbox 1173 663 1424 706; x_wconf 80' lang='lat' dir='ltr'>quadringentas</span> <span class='ocrx_word' id='word_1_338' title='bbox 1451 664 1612 697; x_wconf 74' lang='lat' dir='ltr'>dumtaxat</span> <span class='ocrx_word' id='word_1_339' title='bbox 1631 665 1748 698; x_wconf 86' lang='lat' dir='ltr'>salmas</span> 
     </span>
     <span class='ocr_line' id='line_1_61' title="bbox 1000 715 1746 758; baseline 0.007 -12"><span class='ocrx_word' id='word_1_340' title='bbox 1000 715 1166 756; x_wconf 83' lang='lat' dir='ltr'>frumenti,</span> <span class='ocrx_word' id='word_1_341' title='bbox 1190 717 1274 758; x_wconf 79' lang='lat' dir='ltr'>quod</span> <span class='ocrx_word' id='word_1_342' title='bbox 1297 716 1328 748; x_wconf 92' lang='lat' dir='ltr'>iu</span> <span class='ocrx_word' id='word_1_343' title='bbox 1355 717 1518 750; x_wconf 87' lang='lat' dir='ltr'>territorio</span> <span class='ocrx_word' id='word_1_344' title='bbox 1534 723 1638 751; x_wconf 88' lang='lat' dir='ltr'>vestro</span> <span class='ocrx_word' id='word_1_345' title='bbox 1655 717 1746 750; x_wconf 89' lang='lat' dir='ltr'>colli-</span> 
     </span>
     <span class='ocr_line' id='line_1_62' title="bbox 999 768 1746 813; baseline 0.007 -13"><span class='ocrx_word' id='word_1_346' title='bbox 999 768 1146 810; x_wconf 80' lang='lat' dir='ltr'>gebatur,</span> <span class='ocrx_word' id='word_1_347' title='bbox 1169 769 1289 812; x_wconf 83' lang='lat' dir='ltr'>absque</span> <span class='ocrx_word' id='word_1_348' title='bbox 1315 775 1433 803; x_wconf 88' lang='lat' dir='ltr'>tractae</span> <span class='ocrx_word' id='word_1_349' title='bbox 1458 776 1511 803; x_wconf 89' lang='lat' dir='ltr'>aut</span> <span class='ocrx_word' id='word_1_350' title='bbox 1537 770 1746 813; x_wconf 81' lang='lat' dir='ltr'>resignaeso-</span> 
     </span>
     <span class='ocr_line' id='line_1_63' title="bbox 999 822 1747 867; baseline 0.004 -13"><span class='ocrx_word' id='word_1_351' title='bbox 999 822 1121 855; x_wconf 88' lang='lat' dir='ltr'>lutione</span> <span class='ocrx_word' id='word_1_352' title='bbox 1138 823 1304 855; x_wconf 81' lang='lat' dir='ltr'>extrahere</span> <span class='ocrx_word' id='word_1_353' title='bbox 1329 828 1359 855; x_wconf 89' lang='lat' dir='ltr'>et</span> <span class='ocrx_word' id='word_1_354' title='bbox 1378 834 1442 867; x_wconf 83' lang='lat' dir='ltr'>quo</span> <span class='ocrx_word' id='word_1_355' title='bbox 1468 824 1568 857; x_wconf 76' lang='lat' dir='ltr'>velitis</span> <span class='ocrx_word' id='word_1_356' title='bbox 1600 835 1656 867; x_wconf 87' lang='lat' dir='ltr'>per</span> <span class='ocrx_word' id='word_1_357' title='bbox 1684 830 1747 858; x_wconf 86' lang='lat' dir='ltr'>ter-</span> 
     </span>
     <span class='ocr_line' id='line_1_64' title="bbox 999 875 1746 920; baseline 0.004 -12"><span class='ocrx_word' id='word_1_358' title='bbox 999 886 1066 908; x_wconf 88' lang='lat' dir='ltr'>ram</span> <span class='ocrx_word' id='word_1_359' title='bbox 1084 875 1146 909; x_wconf 89' lang='lat' dir='ltr'>sive</span> <span class='ocrx_word' id='word_1_360' title='bbox 1166 887 1224 920; x_wconf 90' lang='lat' dir='ltr'>per</span> <span class='ocrx_word' id='word_1_361' title='bbox 1239 887 1354 919; x_wconf 90' lang='lat' dir='ltr'>aquam</span> <span class='ocrx_word' id='word_1_362' title='bbox 1373 883 1540 920; x_wconf 74' lang='lat' dir='ltr'>exportare</span> <span class='ocrx_word' id='word_1_363' title='bbox 1554 877 1652 911; x_wconf 88' lang='lat' dir='ltr'>libere</span> <span class='ocrx_word' id='word_1_364' title='bbox 1663 878 1746 912; x_wconf 87' lang='lat' dir='ltr'>vale-</span> 
     </span>
     <span class='ocr_line' id='line_1_65' title="bbox 998 929 1744 974; baseline 0.004 -12"><span class='ocrx_word' id='word_1_365' title='bbox 998 929 1085 970; x_wconf 81' lang='lat' dir='ltr'>retis,</span> <span class='ocrx_word' id='word_1_366' title='bbox 1107 929 1193 963; x_wconf 74' lang='lat' dir='ltr'>iuxta</span> <span class='ocrx_word' id='word_1_367' title='bbox 1212 936 1357 964; x_wconf 83' lang='lat' dir='ltr'>tenorem</span> <span class='ocrx_word' id='word_1_368' title='bbox 1384 930 1563 963; x_wconf 79' lang='lat' dir='ltr'>litterarum</span> <span class='ocrx_word' id='word_1_369' title='bbox 1584 931 1657 974; x_wconf 89' lang='lat' dir='ltr'>piae</span> <span class='ocrx_word' id='word_1_370' title='bbox 1676 942 1744 965; x_wconf 82' lang='lat' dir='ltr'>me-</span> 
     </span>
     <span class='ocr_line' id='line_1_66' title="bbox 998 983 1745 1027; baseline 0.004 -12"><span class='ocrx_word' id='word_1_371' title='bbox 998 983 1118 1016; x_wconf 87' lang='lat' dir='ltr'>moriae</span> <span class='ocrx_word' id='word_1_372' title='bbox 1131 983 1206 1016; x_wconf 81' lang='lat' dir='ltr'>Sixti</span> <span class='ocrx_word' id='word_1_373' title='bbox 1220 984 1323 1027; x_wconf 81' lang='lat' dir='ltr'>Papae</span> <span class='ocrx_word' id='word_1_374' title='bbox 1334 984 1383 1024; x_wconf 79' lang='lat' dir='ltr'>IV,</span> <span class='ocrx_word' id='word_1_375' title='bbox 1394 984 1489 1016; x_wconf 86' lang='lat' dir='ltr'>etiam</span> <span class='ocrx_word' id='word_1_376' title='bbox 1501 984 1745 1027; x_wconf 72' lang='lat' dir='ltr'>pra³decessoris</span> 
     </span>
     <span class='ocr_line' id='line_1_67' title="bbox 996 1037 1745 1078; baseline 0.004 -10"><span class='ocrx_word' id='word_1_377' title='bbox 996 1037 1110 1077; x_wconf 87' lang='lat' dir='ltr'>nostri,</span> <span class='ocrx_word' id='word_1_378' title='bbox 1132 1037 1233 1076; x_wconf 74' lang='lat' dir='ltr'>vobis,</span> <span class='ocrx_word' id='word_1_379' title='bbox 1265 1042 1300 1069; x_wconf 90' lang='lat' dir='ltr'>ut</span> <span class='ocrx_word' id='word_1_380' title='bbox 1330 1037 1426 1070; x_wconf 87' lang='lat' dir='ltr'>etiam</span> <span class='ocrx_word' id='word_1_381' title='bbox 1446 1037 1646 1078; x_wconf 77' lang='lat' dir='ltr'>asserebatis,</span> <span class='ocrx_word' id='word_1_382' title='bbox 1669 1048 1745 1071; x_wconf 92' lang='lat' dir='ltr'>con·</span> 
     </span>
     <span class='ocr_line' id='line_1_68' title="bbox 995 1091 1744 1134; baseline 0.003 -12"><span class='ocrx_word' id='word_1_383' title='bbox 995 1100 1168 1130; x_wconf 76' lang='lat' dir='ltr'>cessurum,</span> <span class='ocrx_word' id='word_1_384' title='bbox 1190 1097 1219 1123; x_wconf 79' lang='lat' dir='ltr'>ct</span> <span class='ocrx_word' id='word_1_385' title='bbox 1231 1091 1474 1124; x_wconf 83' lang='lat' dir='ltr'>conventionem</span> <span class='ocrx_word' id='word_1_386' title='bbox 1493 1101 1588 1134; x_wconf 83' lang='lat' dir='ltr'>quam</span> <span class='ocrx_word' id='word_1_387' title='bbox 1604 1102 1677 1124; x_wconf 92' lang='lat' dir='ltr'>cum</span> <span class='ocrx_word' id='word_1_388' title='bbox 1689 1091 1744 1125; x_wconf 91' lang='lat' dir='ltr'>Ca-</span> 
     </span>
     <span class='ocr_line' id='line_1_69' title="bbox 995 1144 1741 1188; baseline 0.001 -12"><span class='ocrx_word' id='word_1_389' title='bbox 995 1154 1082 1176; x_wconf 89' lang='lat' dir='ltr'>mera</span> <span class='ocrx_word' id='word_1_390' title='bbox 1102 1145 1285 1188; x_wconf 81' lang='lat' dir='ltr'>Apostolica</span> <span class='ocrx_word' id='word_1_391' title='bbox 1305 1144 1337 1177; x_wconf 93' lang='lat' dir='ltr'>in</span> <span class='ocrx_word' id='word_1_392' title='bbox 1351 1144 1551 1177; x_wconf 88' lang='lat' dir='ltr'>dohanarum</span> <span class='ocrx_word' id='word_1_393' title='bbox 1565 1150 1741 1178; x_wconf 87' lang='lat' dir='ltr'>vestrarum</span> 
     </span>
     <span class='ocr_line' id='line_1_70' title="bbox 994 1197 1742 1241; baseline 0.001 -12"><span class='ocrx_word' id='word_1_394' title='bbox 994 1197 1209 1230; x_wconf 87' lang='lat' dir='ltr'>conductione</span> <span class='ocrx_word' id='word_1_395' title='bbox 1229 1197 1406 1230; x_wconf 87' lang='lat' dir='ltr'>habebatis.</span> <span class='ocrx_word' id='word_1_396' title='bbox 1434 1198 1471 1230; x_wconf 87' lang='lat' dir='ltr'>Et</span> <span class='ocrx_word' id='word_1_397' title='bbox 1491 1208 1565 1230; x_wconf 90' lang='lat' dir='ltr'>cum</span> <span class='ocrx_word' id='word_1_398' title='bbox 1585 1197 1742 1241; x_wconf 86' lang='lat' dir='ltr'>pecuniae</span> 
     </span>
     <span class='ocr_line' id='line_1_71' title="bbox 994 1251 1742 1295; baseline 0.003 -13"><span class='ocrx_word' id='word_1_399' title='bbox 994 1261 1031 1283; x_wconf 76' lang='lat' dir='ltr'>ex</span> <span class='ocrx_word' id='word_1_400' title='bbox 1051 1251 1217 1284; x_wconf 84' lang='lat' dir='ltr'>maleficiis</span> <span class='ocrx_word' id='word_1_401' title='bbox 1233 1251 1336 1285; x_wconf 88' lang='lat' dir='ltr'>dictae</span> <span class='ocrx_word' id='word_1_402' title='bbox 1361 1251 1498 1284; x_wconf 87' lang='lat' dir='ltr'>civitatis</span> <span class='ocrx_word' id='word_1_403' title='bbox 1517 1251 1742 1295; x_wconf 78' lang='lat' dir='ltr'>provenientes</span> 
     </span>
     <span class='ocr_line' id='line_1_72' title="bbox 992 1303 1741 1348; baseline 0.001 -13"><span class='ocrx_word' id='word_1_404' title='bbox 992 1314 1051 1347; x_wconf 91' lang='lat' dir='ltr'>pro</span> <span class='ocrx_word' id='word_1_405' title='bbox 1071 1303 1196 1336; x_wconf 86' lang='lat' dir='ltr'>duabus</span> <span class='ocrx_word' id='word_1_406' title='bbox 1221 1304 1323 1337; x_wconf 88' lang='lat' dir='ltr'>tertiis</span> <span class='ocrx_word' id='word_1_407' title='bbox 1345 1304 1491 1347; x_wconf 88' lang='lat' dir='ltr'>partibus</span> <span class='ocrx_word' id='word_1_408' title='bbox 1511 1304 1548 1337; x_wconf 89' lang='lat' dir='ltr'>ad</span> <span class='ocrx_word' id='word_1_409' title='bbox 1569 1315 1623 1337; x_wconf 86' lang='lat' dir='ltr'>vos</span> <span class='ocrx_word' id='word_1_410' title='bbox 1642 1304 1741 1348; x_wconf 88' lang='lat' dir='ltr'>perti-</span> 
     </span>
    </p>
   </div>
   <div class='ocr_carea' id='block_1_10' title="bbox 970 1357 1740 1401">
    <p class='ocr_par' dir='ltr' id='par_1_11' title="bbox 970 1357 1740 1401">
     <span class='ocr_line' id='line_1_73' title="bbox 970 1357 1740 1401; baseline 0.003 -13"><span class='ocrx_word' id='word_1_411' title='bbox 970 1359 972 1370; x_wconf 92' lang='lat'>&#39;</span> <span class='ocrx_word' id='word_1_412' title='bbox 992 1362 1117 1397; x_wconf 82' lang='lat' dir='ltr'>nerent,</span> <span class='ocrx_word' id='word_1_413' title='bbox 1141 1357 1294 1400; x_wconf 73' lang='lat' dir='ltr'>vobisque</span> <span class='ocrx_word' id='word_1_414' title='bbox 1314 1357 1387 1390; x_wconf 86' lang='lat' dir='ltr'>illae</span> <span class='ocrx_word' id='word_1_415' title='bbox 1407 1368 1535 1401; x_wconf 82' lang='lat' dir='ltr'>semper</span> <span class='ocrx_word' id='word_1_416' title='bbox 1562 1357 1740 1401; x_wconf 81' lang='lat' dir='ltr'>applicatae</span> 
     </span>
    </p>
   </div>
   <div class='ocr_carea' id='block_1_11' title="bbox 984 1410 1738 2608">
    <p class='ocr_par' dir='ltr' id='par_1_12' title="bbox 984 1410 1738 2608">
     <span class='ocr_line' id='line_1_74' title="bbox 992 1410 1738 1455; baseline 0.001 -12"><span class='ocrx_word' id='word_1_417' title='bbox 992 1410 1139 1451; x_wconf 83' lang='lat' dir='ltr'>fuissent,</span> <span class='ocrx_word' id='word_1_418' title='bbox 1158 1412 1245 1454; x_wconf 90' lang='lat' dir='ltr'>quod</span> <span class='ocrx_word' id='word_1_419' title='bbox 1267 1411 1371 1444; x_wconf 80' lang='lat' dir='ltr'>dictae</span> <span class='ocrx_word' id='word_1_420' title='bbox 1392 1411 1527 1444; x_wconf 82' lang='lat' dir='ltr'>civitatis</span> <span class='ocrx_word' id='word_1_421' title='bbox 1544 1411 1738 1455; x_wconf 81' lang='lat' dir='ltr'>gubernato-</span> 
     </span>
     <span class='ocr_line' id='line_1_75' title="bbox 991 1465 1737 1508; baseline 0.001 -11"><span class='ocrx_word' id='word_1_422' title='bbox 991 1475 1042 1498; x_wconf 82' lang='lat' dir='ltr'>res</span> <span class='ocrx_word' id='word_1_423' title='bbox 1060 1465 1108 1497; x_wconf 88' lang='lat' dir='ltr'>vel</span> <span class='ocrx_word' id='word_1_424' title='bbox 1131 1465 1350 1498; x_wconf 79' lang='lat' dir='ltr'>locatenentes</span> <span class='ocrx_word' id='word_1_425' title='bbox 1366 1475 1424 1508; x_wconf 92' lang='lat' dir='ltr'>pro</span> <span class='ocrx_word' id='word_1_426' title='bbox 1445 1471 1590 1508; x_wconf 83' lang='lat' dir='ltr'>tempore</span> <span class='ocrx_word' id='word_1_427' title='bbox 1601 1465 1737 1498; x_wconf 76' lang='lat' dir='ltr'>existen-</span> 
     </span>
     <span class='ocr_line' id='line_1_76' title="bbox 991 1517 1738 1561; baseline 0.001 -11"><span class='ocrx_word' id='word_1_428' title='bbox 991 1524 1048 1558; x_wconf 82' lang='lat' dir='ltr'>tes,</span> <span class='ocrx_word' id='word_1_429' title='bbox 1071 1518 1130 1551; x_wconf 89' lang='lat' dir='ltr'>sub</span> <span class='ocrx_word' id='word_1_430' title='bbox 1150 1518 1362 1561; x_wconf 78' lang='lat' dir='ltr'>reparationis</span> <span class='ocrx_word' id='word_1_431' title='bbox 1383 1519 1429 1551; x_wconf 89' lang='lat' dir='ltr'>vel</span> <span class='ocrx_word' id='word_1_432' title='bbox 1451 1517 1592 1551; x_wconf 81' lang='lat' dir='ltr'>cuiusvis</span> <span class='ocrx_word' id='word_1_433' title='bbox 1603 1518 1738 1551; x_wconf 83' lang='lat' dir='ltr'>alterius</span> 
     </span>
     <span class='ocr_line' id='line_1_77' title="bbox 991 1571 1737 1616; baseline 0 -12"><span class='ocrx_word' id='word_1_434' title='bbox 991 1572 1155 1616; x_wconf 85' lang='lat' dir='ltr'>impensae</span> <span class='ocrx_word' id='word_1_435' title='bbox 1179 1571 1212 1604; x_wconf 89' lang='lat' dir='ltr'>in</span> <span class='ocrx_word' id='word_1_436' title='bbox 1231 1577 1334 1604; x_wconf 88' lang='lat' dir='ltr'>vestro</span> <span class='ocrx_word' id='word_1_437' title='bbox 1358 1572 1477 1615; x_wconf 88' lang='lat' dir='ltr'>palatio</span> <span class='ocrx_word' id='word_1_438' title='bbox 1499 1571 1662 1604; x_wconf 79' lang='lat' dir='ltr'>faciendae</span> <span class='ocrx_word' id='word_1_439' title='bbox 1682 1577 1737 1605; x_wconf 89' lang='lat' dir='ltr'>aut.</span> 
     </span>
     <span class='ocr_line' id='line_1_78' title="bbox 989 1625 1736 1669; baseline -0.001 -11"><span class='ocrx_word' id='word_1_440' title='bbox 989 1625 1101 1669; x_wconf 81' lang='lat' dir='ltr'>quovis</span> <span class='ocrx_word' id='word_1_441' title='bbox 1112 1626 1175 1658; x_wconf 91' lang='lat' dir='ltr'>alio</span> <span class='ocrx_word' id='word_1_442' title='bbox 1194 1631 1360 1669; x_wconf 82' lang='lat' dir='ltr'>praetextu</span> <span class='ocrx_word' id='word_1_443' title='bbox 1373 1625 1405 1657; x_wconf 91' lang='lat' dir='ltr'>in</span> <span class='ocrx_word' id='word_1_444' title='bbox 1421 1625 1513 1657; x_wconf 81' lang='lat' dir='ltr'>dictis</span> <span class='ocrx_word' id='word_1_445' title='bbox 1530 1625 1653 1658; x_wconf 86' lang='lat' dir='ltr'>duabus</span> <span class='ocrx_word' id='word_1_446' title='bbox 1672 1636 1736 1658; x_wconf 89' lang='lat' dir='ltr'>ma-</span> 
     </span>
     <span class='ocr_line' id='line_1_79' title="bbox 988 1678 1734 1723; baseline 0 -11"><span class='ocrx_word' id='word_1_447' title='bbox 988 1679 1170 1712; x_wconf 84' lang='lat' dir='ltr'>leficiorum</span> <span class='ocrx_word' id='word_1_448' title='bbox 1195 1679 1338 1723; x_wconf 79' lang='lat' dir='ltr'>partibus</span> <span class='ocrx_word' id='word_1_449' title='bbox 1362 1679 1546 1712; x_wconf 89' lang='lat' dir='ltr'>nullatenus</span> <span class='ocrx_word' id='word_1_450' title='bbox 1570 1689 1602 1711; x_wconf 87' lang='lat' dir='ltr'>se</span> <span class='ocrx_word' id='word_1_451' title='bbox 1632 1678 1734 1712; x_wconf 80' lang='lat' dir='ltr'>intro-</span> 
     </span>
     <span class='ocr_line' id='line_1_80' title="bbox 988 1731 1737 1776; baseline 0 -11"><span class='ocrx_word' id='word_1_452' title='bbox 988 1733 1125 1773; x_wconf 78' lang='lat' dir='ltr'>mittere,</span> <span class='ocrx_word' id='word_1_453' title='bbox 1136 1739 1191 1766; x_wconf 88' lang='lat' dir='ltr'>aut</span> <span class='ocrx_word' id='word_1_454' title='bbox 1203 1733 1324 1776; x_wconf 89' lang='lat' dir='ltr'>aliquid</span> <span class='ocrx_word' id='word_1_455' title='bbox 1338 1744 1374 1765; x_wconf 78' lang='lat' dir='ltr'>ex</span> <span class='ocrx_word' id='word_1_456' title='bbox 1389 1733 1434 1766; x_wconf 90' lang='lat' dir='ltr'>eis</span> <span class='ocrx_word' id='word_1_457' title='bbox 1446 1731 1611 1776; x_wconf 88' lang='lat' dir='ltr'>percipere</span> <span class='ocrx_word' id='word_1_458' title='bbox 1627 1733 1737 1776; x_wconf 78' lang='lat' dir='ltr'>(prout</span> 
     </span>
     <span class='ocr_line' id='line_1_81' title="bbox 987 1786 1735 1830; baseline 0 -11"><span class='ocrx_word' id='word_1_459' title='bbox 987 1786 1046 1819; x_wconf 78' lang='lat' dir='ltr'>sub</span> <span class='ocrx_word' id='word_1_460' title='bbox 1062 1787 1178 1819; x_wconf 85' lang='lat' dir='ltr'>talibus</span> <span class='ocrx_word' id='word_1_461' title='bbox 1189 1786 1501 1830; x_wconf 81' lang='lat' dir='ltr'>praesentationibus</span> <span class='ocrx_word' id='word_1_462' title='bbox 1511 1796 1605 1829; x_wconf 86' lang='lat' dir='ltr'>saepe</span> <span class='ocrx_word' id='word_1_463' title='bbox 1616 1786 1735 1819; x_wconf 79' lang='lat' dir='ltr'>sactum</span> 
     </span>
     <span class='ocr_line' id='line_1_82' title="bbox 988 1840 1735 1883; baseline 0 -11"><span class='ocrx_word' id='word_1_464' title='bbox 988 1840 1179 1882; x_wconf 83' lang='lat' dir='ltr'>dicebatur),</span> <span class='ocrx_word' id='word_1_465' title='bbox 1202 1841 1322 1883; x_wconf 80' lang='lat' dir='ltr'>absque</span> <span class='ocrx_word' id='word_1_466' title='bbox 1343 1840 1646 1879; x_wconf 74' lang='lat' dir='ltr'>vesu-ointerventu‚</span> <span class='ocrx_word' id='word_1_467' title='bbox 1663 1850 1735 1882; x_wconf 83' lang='lat' dir='ltr'>pos-</span> 
     </span>
     <span class='ocr_line' id='line_1_83' title="bbox 987 1892 1735 1933; baseline -0.001 -7"><span class='ocrx_word' id='word_1_468' title='bbox 987 1900 1055 1927; x_wconf 85' lang='lat' dir='ltr'>sent</span> <span class='ocrx_word' id='word_1_469' title='bbox 1075 1894 1139 1926; x_wconf 86' lang='lat' dir='ltr'>sive</span> <span class='ocrx_word' id='word_1_470' title='bbox 1159 1894 1334 1933; x_wconf 83' lang='lat' dir='ltr'>deberent;</span> <span class='ocrx_word' id='word_1_471' title='bbox 1357 1899 1387 1926; x_wconf 82' lang='lat' dir='ltr'>et</span> <span class='ocrx_word' id='word_1_472' title='bbox 1408 1900 1442 1926; x_wconf 90' lang='lat' dir='ltr'>ut</span> <span class='ocrx_word' id='word_1_473' title='bbox 1455 1892 1692 1926; x_wconf 80' lang='lat' dir='ltr'>extorsionibus</span> <span class='ocrx_word' id='word_1_474' title='bbox 1704 1898 1735 1926; x_wconf 88' lang='lat' dir='ltr'>et</span> 
     </span>
     <span class='ocr_line' id='line_1_84' title="bbox 987 1946 1735 1990; baseline -0.001 -11"><span class='ocrx_word' id='word_1_475' title='bbox 987 1948 1165 1985; x_wconf 79' lang='lat' dir='ltr'>fraudibus,</span> <span class='ocrx_word' id='word_1_476' title='bbox 1183 1957 1265 1990; x_wconf 88' lang='lat' dir='ltr'>quae</span> <span class='ocrx_word' id='word_1_477' title='bbox 1286 1947 1399 1979; x_wconf 77' lang='lat' dir='ltr'>exinde</span> <span class='ocrx_word' id='word_1_478' title='bbox 1415 1946 1484 1979; x_wconf 84' lang='lat' dir='ltr'>lieri</span> <span class='ocrx_word' id='word_1_479' title='bbox 1505 1947 1661 1985; x_wconf 85' lang='lat' dir='ltr'>solebant,</span> <span class='ocrx_word' id='word_1_480' title='bbox 1679 1946 1735 1978; x_wconf 94' lang='lat' dir='ltr'>ob-</span> 
     </span>
     <span class='ocr_line' id='line_1_85' title="bbox 986 1999 1732 2043; baseline -0.003 -10"><span class='ocrx_word' id='word_1_481' title='bbox 986 2000 1135 2039; x_wconf 84' lang='lat' dir='ltr'>viaretur,</span> <span class='ocrx_word' id='word_1_482' title='bbox 1157 2001 1243 2043; x_wconf 86' lang='lat' dir='ltr'>quod</span> <span class='ocrx_word' id='word_1_483' title='bbox 1264 2000 1466 2033; x_wconf 82' lang='lat' dir='ltr'>barisellatus</span> <span class='ocrx_word' id='word_1_484' title='bbox 1490 2000 1617 2042; x_wconf 83' lang='lat' dir='ltr'>aliaque</span> <span class='ocrx_word' id='word_1_485' title='bbox 1643 1999 1732 2031; x_wconf 87' lang='lat' dir='ltr'>simi-</span> 
     </span>
     <span class='ocr_line' id='line_1_86' title="bbox 986 2052 1731 2095; baseline -0.001 -9"><span class='ocrx_word' id='word_1_486' title='bbox 986 2054 1028 2086; x_wconf 85' lang='lat' dir='ltr'>lia</span> <span class='ocrx_word' id='word_1_487' title='bbox 1048 2054 1149 2087; x_wconf 82' lang='lat' dir='ltr'>dictae</span> <span class='ocrx_word' id='word_1_488' title='bbox 1171 2053 1303 2086; x_wconf 80' lang='lat' dir='ltr'>civitatis</span> <span class='ocrx_word' id='word_1_489' title='bbox 1324 2053 1429 2086; x_wconf 82' lang='lat' dir='ltr'>officia</span> <span class='ocrx_word' id='word_1_490' title='bbox 1450 2063 1486 2085; x_wconf 81' lang='lat' dir='ltr'>ex</span> <span class='ocrx_word' id='word_1_491' title='bbox 1506 2052 1615 2095; x_wconf 84' lang='lat' dir='ltr'>quavis</span> <span class='ocrx_word' id='word_1_492' title='bbox 1635 2063 1731 2085; x_wconf 84' lang='lat' dir='ltr'>causa</span> 
     </span>
     <span class='ocr_line' id='line_1_87' title="bbox 986 2106 1730 2150; baseline -0.003 -10"><span class='ocrx_word' id='word_1_493' title='bbox 986 2118 1191 2150; x_wconf 81' lang='lat' dir='ltr'>nequaquam</span> <span class='ocrx_word' id='word_1_494' title='bbox 1213 2107 1306 2140; x_wconf 80' lang='lat' dir='ltr'>vendi</span> <span class='ocrx_word' id='word_1_495' title='bbox 1321 2117 1376 2139; x_wconf 87' lang='lat' dir='ltr'>seu</span> <span class='ocrx_word' id='word_1_496' title='bbox 1388 2106 1537 2149; x_wconf 77' lang='lat' dir='ltr'>supereis</span> <span class='ocrx_word' id='word_1_497' title='bbox 1546 2106 1658 2149; x_wconf 82' lang='lat' dir='ltr'>pensio</span> <span class='ocrx_word' id='word_1_498' title='bbox 1674 2116 1730 2138; x_wconf 90' lang='lat' dir='ltr'>seu</span> 
     </span>
     <span class='ocr_line' id='line_1_88' title="bbox 986 2159 1732 2203; baseline -0.003 -10"><span class='ocrx_word' id='word_1_499' title='bbox 986 2161 1103 2193; x_wconf 90' lang='lat' dir='ltr'>solutio</span> <span class='ocrx_word' id='word_1_500' title='bbox 1128 2161 1234 2203; x_wconf 81' lang='lat' dir='ltr'>aliqua</span> <span class='ocrx_word' id='word_1_501' title='bbox 1264 2159 1385 2202; x_wconf 90' lang='lat' dir='ltr'>imponi</span> <span class='ocrx_word' id='word_1_502' title='bbox 1410 2170 1465 2192; x_wconf 81' lang='lat' dir='ltr'>seu</span> <span class='ocrx_word' id='word_1_503' title='bbox 1495 2159 1577 2201; x_wconf 76' lang='lat' dir='ltr'>exigi</span> <span class='ocrx_word' id='word_1_504' title='bbox 1602 2164 1732 2202; x_wconf 85' lang='lat' dir='ltr'>possent</span> 
     </span>
     <span class='ocr_line' id='line_1_89' title="bbox 986 2212 1732 2256; baseline -0.004 -9"><span class='ocrx_word' id='word_1_505' title='bbox 986 2214 1049 2247; x_wconf 86' lang='lat' dir='ltr'>sive</span> <span class='ocrx_word' id='word_1_506' title='bbox 1069 2215 1244 2253; x_wconf 85' lang='lat' dir='ltr'>deberent;</span> <span class='ocrx_word' id='word_1_507' title='bbox 1268 2220 1297 2246; x_wconf 91' lang='lat' dir='ltr'>et</span> <span class='ocrx_word' id='word_1_508' title='bbox 1313 2223 1371 2256; x_wconf 88' lang='lat' dir='ltr'>pro</span> <span class='ocrx_word' id='word_1_509' title='bbox 1397 2219 1540 2256; x_wconf 87' lang='lat' dir='ltr'>tempore</span> <span class='ocrx_word' id='word_1_510' title='bbox 1561 2212 1732 2245; x_wconf 77' lang='lat' dir='ltr'>existentes</span> 
     </span>
     <span class='ocr_line' id='line_1_90' title="bbox 984 2265 1730 2310; baseline -0.003 -10"><span class='ocrx_word' id='word_1_511' title='bbox 984 2268 1227 2310; x_wconf 74' lang='lat' dir='ltr'>gubernatores,</span> <span class='ocrx_word' id='word_1_512' title='bbox 1250 2266 1476 2299; x_wconf 66' lang='lat' dir='ltr'>colonnelli·t·t</span> <span class='ocrx_word' id='word_1_513' title='bbox 1498 2266 1662 2298; x_wconf 81' lang='lat' dir='ltr'>castellani</span> <span class='ocrx_word' id='word_1_514' title='bbox 1682 2265 1730 2298; x_wconf 94' lang='lat' dir='ltr'>di-</span> 
     </span>
     <span class='ocr_line' id='line_1_91' title="bbox 985 2319 1730 2363; baseline -0.001 -10"><span class='ocrx_word' id='word_1_515' title='bbox 985 2327 1053 2354; x_wconf 85' lang='lat' dir='ltr'>ctae</span> <span class='ocrx_word' id='word_1_516' title='bbox 1075 2320 1209 2353; x_wconf 83' lang='lat' dir='ltr'>civitatis</span> <span class='ocrx_word' id='word_1_517' title='bbox 1230 2319 1379 2363; x_wconf 75' lang='lat' dir='ltr'>illiusque</span> <span class='ocrx_word' id='word_1_518' title='bbox 1397 2319 1490 2359; x_wconf 73' lang='lat' dir='ltr'>areis,</span> <span class='ocrx_word' id='word_1_519' title='bbox 1512 2319 1636 2352; x_wconf 87' lang='lat' dir='ltr'>ratione</span> <span class='ocrx_word' id='word_1_520' title='bbox 1659 2330 1730 2352; x_wconf 90' lang='lat' dir='ltr'>car-</span> 
     </span>
     <span class='ocr_line' id='line_1_92' title="bbox 985 2368 1730 2413; baseline -0.004 -11"><span class='ocrx_word' id='word_1_521' title='bbox 985 2371 1085 2409; x_wconf 88' lang='lat' dir='ltr'>nium,</span> <span class='ocrx_word' id='word_1_522' title='bbox 1106 2369 1243 2413; x_wconf 86' lang='lat' dir='ltr'>piscium</span> <span class='ocrx_word' id='word_1_523' title='bbox 1268 2375 1298 2401; x_wconf 90' lang='lat' dir='ltr'>et</span> <span class='ocrx_word' id='word_1_524' title='bbox 1322 2369 1457 2401; x_wconf 89' lang='lat' dir='ltr'>aliarum</span> <span class='ocrx_word' id='word_1_525' title='bbox 1484 2378 1592 2400; x_wconf 89' lang='lat' dir='ltr'>rerum</span> <span class='ocrx_word' id='word_1_526' title='bbox 1617 2368 1655 2400; x_wconf 93' lang='lat' dir='ltr'>ad</span> <span class='ocrx_word' id='word_1_527' title='bbox 1684 2368 1730 2400; x_wconf 84' lang='lat' dir='ltr'>vi-</span> 
     </span>
     <span class='ocr_line' id='line_1_93' title="bbox 985 2416 1731 2460; baseline -0.004 -9"><span class='ocrx_word' id='word_1_528' title='bbox 985 2424 1072 2452; x_wconf 90' lang='lat' dir='ltr'>ctum</span> <span class='ocrx_word' id='word_1_529' title='bbox 1094 2418 1346 2451; x_wconf 81' lang='lat' dir='ltr'>necessariarum</span> <span class='ocrx_word' id='word_1_530' title='bbox 1368 2428 1426 2460; x_wconf 88' lang='lat' dir='ltr'>per</span> <span class='ocrx_word' id='word_1_531' title='bbox 1445 2417 1542 2449; x_wconf 87' lang='lat' dir='ltr'>eosin</span> <span class='ocrx_word' id='word_1_532' title='bbox 1559 2417 1644 2449; x_wconf 81' lang='lat' dir='ltr'>dicta</span> <span class='ocrx_word' id='word_1_533' title='bbox 1655 2416 1731 2449; x_wconf 90' lang='lat' dir='ltr'>civi-</span> 
     </span>
     <span class='ocr_line' id='line_1_94' title="bbox 985 2465 1729 2510; baseline -0.004 -10"><span class='ocrx_word' id='word_1_534' title='bbox 985 2473 1047 2500; x_wconf 86' lang='lat' dir='ltr'>tate</span> <span class='ocrx_word' id='word_1_535' title='bbox 1077 2477 1134 2510; x_wconf 91' lang='lat' dir='ltr'>pro</span> <span class='ocrx_word' id='word_1_536' title='bbox 1164 2473 1308 2510; x_wconf 65' lang='lat' dir='ltr'>tempore</span> <span class='ocrx_word' id='word_1_537' title='bbox 1337 2466 1560 2505; x_wconf 89' lang='lat' dir='ltr'>emendarum,</span> <span class='ocrx_word' id='word_1_538' title='bbox 1583 2465 1729 2498; x_wconf 87' lang='lat' dir='ltr'>illudmet</span> 
     </span>
     <span class='ocr_line' id='line_1_95' title="bbox 984 2514 1729 2558; baseline -0.001 -10"><span class='ocrx_word' id='word_1_539' title='bbox 984 2516 1104 2548; x_wconf 85' lang='lat' dir='ltr'>solvant</span> <span class='ocrx_word' id='word_1_540' title='bbox 1126 2525 1162 2547; x_wconf 89' lang='lat' dir='ltr'>ac</span> <span class='ocrx_word' id='word_1_541' title='bbox 1183 2516 1302 2547; x_wconf 82' lang='lat' dir='ltr'>solvere</span> <span class='ocrx_word' id='word_1_542' title='bbox 1324 2514 1472 2554; x_wconf 80' lang='lat' dir='ltr'>debeant,</span> <span class='ocrx_word' id='word_1_543' title='bbox 1494 2515 1579 2556; x_wconf 83' lang='lat' dir='ltr'>quod</span> <span class='ocrx_word' id='word_1_544' title='bbox 1600 2525 1658 2558; x_wconf 86' lang='lat' dir='ltr'>pro</span> <span class='ocrx_word' id='word_1_545' title='bbox 1683 2514 1729 2547; x_wconf 78' lang='lat' dir='ltr'>eis</span> 
     </span>
     <span class='ocr_line' id='line_1_96' title="bbox 985 2563 1726 2608; baseline -0.005 -9"><span class='ocrx_word' id='word_1_546' title='bbox 985 2565 1068 2599; x_wconf 76' lang='lat' dir='ltr'>cive-s</span> <span class='ocrx_word' id='word_1_547' title='bbox 1079 2570 1131 2597; x_wconf 87' lang='lat' dir='ltr'>aut</span> <span class='ocrx_word' id='word_1_548' title='bbox 1150 2564 1204 2597; x_wconf 82' lang='lat' dir='ltr'>alii</span> <span class='ocrx_word' id='word_1_549' title='bbox 1221 2564 1343 2597; x_wconf 79' lang='lat' dir='ltr'>incolae</span> <span class='ocrx_word' id='word_1_550' title='bbox 1360 2563 1458 2608; x_wconf 48' lang='lat' dir='ltr'>ipr‘ius</span> <span class='ocrx_word' id='word_1_551' title='bbox 1469 2563 1601 2597; x_wconf 84' lang='lat' dir='ltr'>civitatis</span> <span class='ocrx_word' id='word_1_552' title='bbox 1612 2564 1726 2605; x_wconf 86' lang='lat' dir='ltr'>solent;</span> 
     </span>
    </p>
   </div>
   <div class='ocr_carea' id='block_1_12' title="bbox 1769 177 1952 212">
    <p class='ocr_par' dir='ltr' id='par_1_13' title="bbox 1769 177 1952 212">
     <span class='ocr_line' id='line_1_97' title="bbox 1769 177 1952 212; baseline 0.016 -3"><span class='ocrx_word' id='word_1_553' title='bbox 1769 181 1822 210; x_wconf 79' lang='lat' dir='ltr'>An.</span> <span class='ocrx_word' id='word_1_554' title='bbox 1835 177 1866 211; x_wconf 85' lang='lat' dir='ltr'>C.</span> <span class='ocrx_word' id='word_1_555' title='bbox 1883 179 1952 212; x_wconf 76' lang='grc'>1585</span> 
     </span>
    </p>
   </div>
  </div>
 </body>
</html>
