2059 3228
801 237 896 262 uzonx
914 236 1018 262 neuun
1554 227 1635 263 1065

232 298 339 331 regem
357 289 507 322 bortatur
524 289 562 322 ad
579 289 765 333 exequenda
783 290 958 334 praedicta,
976 291 1069 326 ibina:
1097 290 1333 324 absolutionem
1352 303 1369 324 a
1391 291 1536 324 censuris
1556 293 1678 325 nuncio

232 348 383 379 reservat,
399 342 477 374 ibid.
1669 387 1674 390 Ι

143 389 306 427 pistorum
328 393 492 438 privilegia
510 394 540 427 in
559 395 642 428 alma
659 395 740 428 Urbe
767 395 1013 436 confirmantur,
1031 392 1094 429 725
1117 407 1148 435 (13
1176 407 1289 430 eorum
1310 397 1497 431 consulibus
1518 398 1551 430 in
1572 398 1679 430 causis

231 456 333 489 usquc
349 443 388 479 ad
407 443 537 489 triginta
557 447 692 480 ducatos
709 447 892 480 iurisdictio
917 454 945 480 ct
973 448 1047 480 inde
1077 459 1174 492 supra
1200 450 1363 493 praesecto
1386 459 1532 482 annonae
1564 455 1677 483 contra

231 509 453 543 quoscumque
479 498 645 538 tribuitur,
670 500 763 538 ibid.;
780 499 939 543 pistorum
964 498 1085 533 credita
1112 499 1228 534 ceteris
1246 501 1377 534 creditis
1393 502 1489 535 etiam
1511 502 1679 535 camerali-

228 551 290 584 bus
305 551 468 585 anteriora
494 552 726 591 decernuntur,
744 552 822 585 ibid.
850 553 880 593 b3
901 553 1055 596 apellatio
1070 553 1109 586 ad
1126 560 1367 588 conservatores
1395 566 1412 587 a
1438 554 1539 588 scutis
1565 555 1677 588 decem

227 608 369 648 etsupra
387 605 601 648 permittitur,
619 605 682 638 7⁶26
696 616 726 637 a.

141 656 251 691 Pontis
265 657 422 690 Monsonii
450 657 647 690 Universitas
661 656 760 690 studii
777 657 936 700 generalis
957 669 1029 691 cum
1055 659 1192 701 collegio
1220 660 1481 704 presbytororum
1507 660 1672 694 societatis

228 710 311 749 lesu,
329 720 407 742 cura
417 709 521 743 Caroli
541 709 713 743 cardinalis
731 716 760 742 et
773 710 879 743 Caroli
896 711 987 744 ducis
1004 710 1230 754 Lotbaringiae
1247 712 1356 745 etBari
1371 713 1506 745 fratrum
1520 713 1660 757 erigitur

226 761 290 796 519
307 763 324 795 b
341 768 370 794 et
387 773 465 806 seq.:
487 761 598 805 eisque
622 763 828 803 assignamur
855 763 971 796 (lomus
995 763 1240 808 praeceptoriae
1257 770 1285 797 et
1306 763 1466 808 hospitale
1481 765 1511 797 S.
1538 766 1672 799 Antonii

227 812 352 848 ordinis
370 814 402 848 S.
429 815 598 857 Augustini
628 826 665 848 ao
695 814 825 848 illorum
851 814 990 849 ambitus
1019 827 1092 849 curn
1117 827 1226 849 annuo
1253 818 1360 850 reditu
1385 818 1474 851 mille
1503 824 1670 852 scutorum

227 877 401 900 aureorum
417 877 454 900 cx
468 867 562 900 bonis
578 867 763 900 monasterii
782 872 811 900 et
831 868 1034 911 prioratuum
1056 867 1208 902 ordinum
1233 868 1265 902 in
1290 867 1491 903 dioecesibus
1504 871 1669 911 Meldensii

226 916 367 952 Tullensi
392 923 423 952 et
439 917 632 952 ‘virdunensi
661 920 868 953 existentium
889 925 918 953 et
941 921 1192 964 quingentorum
1214 932 1249 954 ex
1267 931 1377 955 mensa
1400 923 1577 966 episcopali
1596 923 1672 956 Mel·

229 972 333 1013 densi,
350 970 409 1005 5⁹21
430 976 459 1005 el
475 983 554 1016 seq.;
574 973 731 1005 lectorum
750 982 869 1006 munus
888 979 920 1006 et
940 984 1106 1013 numerus,
1128 974 1191 1007 52⁶3
1208 985 1239 1013 a;
1272 975 1420 1018 personis
1436 974 1514 1008 dicti
1545 976 1673 1019 collegii

231 1024 401 1068 privilegia
425 1035 639 1068 personarum
664 1024 762 1057 studii
786 1025 999 1059 Bononiensis
1019 1031 1049 1058 et
1074 1025 1264 1060 Parisiensis
1285 1027 1519 1067 conceduntur,
1538 1029 1616 1060 ibid.
1644 1029 1674 1068 b3

230 1073 423 1111 Doctoratus
439 1083 471 1110 et
487 1077 645 1119 graduum
664 1077 801 1120 insignia
817 1078 1002 1112 conserendi
1024 1085 1055 1112 et
1072 1079 1251 1123 recipiendi
1275 1080 1408 1113 facultas
1430 1080 1526 1113 datur
1548 1092 1676 1124 promo*

231 1129 338 1173 tisque
354 1126 480 1162 indulta
495 1128 527 1162 in
543 1129 615 1162 aliis
632 1130 747 1163 studiis
761 1130 966 1173 generalibus
981 1131 1113 1165 concedi
1131 1131 1239 1171 solita,
1254 1131 1318 1165 523
1332 1143 1364 1172 α;
1383 1132 1498 1166 Carolo
1517 1133 1674 1166 cardinali

228 1182 322 1215 venia
347 1179 463 1215 edendi
493 1186 612 1215 statuta
631 1193 690 1226 pro
714 1183 811 1215 studii
843 1182 929 1216 bono
960 1183 1115 1226 regimine
1136 1184 1305 1221 tribuitur,
1332 1185 1410 1217 ibid.
1436 1186 1465 1223 ἓν,
1494 1185 1675 1218 iurisdictio

227 1234 381 1268 similiter
403 1232 435 1266 in
461 1245 616 1278 personas
638 1244 703 1268 non
719 1240 827 1268 autem
846 1235 878 1268 in
899 1236 1099 1276 societatem,
1119 1235 1183 1269 524
1197 1247 1228 1276 [13
1251 1242 1283 1269 et
1302 1236 1352 1269 ius
1372 1237 1499 1270 easdem
1521 1247 1675 1280 personas

229 1287 382 1330 eligendi,
407 1287 501 1326 ibid.;
528 1297 652 1330 poenae
681 1287 714 1319 in
725 1288 1018 1327 contravenientes,
1037 1288 1166 1321 ibidem.

142 1336 359 1383 portugalliae
389 1345 421 1372 et
444 1339 672 1381 Algarbiomm
704 1340 811 1382 regnis
835 1340 1054 1374 extenduntur
1082 1340 1222 1381 litterae,
1251 1339 1370 1384 quibus
1395 1341 1428 1374 in
1445 1338 1673 1384 Hispaniarum

230 1391 337 1435 regnis
348 1402 472 1436 poenae
488 1398 600 1425 contra
617 1392 776 1434 agitantes
796 1398 934 1426 taurosa
957 1393 1012 1426 Pio
1029 1390 1052 1425 V
1072 1393 1225 1434 inflictae,
1245 1393 1388 1427 sublatae
1404 1394 1546 1433 suerunt,
1566 1391 1674 1437 quoad

231 1445 330 1478 laicos
349 1451 381 1478 ct
396 1445 528 1484 milites,
551 1441 650 1477 sacris
668 1444 836 1477 ordinibus
856 1455 920 1478 non
938 1444 1094 1485 initiatos,
1111 1445 1175 1479 3802
1190 1446 1219 1478 b.

142 1495 374 1531 Praecedentia
389 1497 422 1530 in
441 1497 705 1540 processionibus
725 1497 809 1530 inter
823 1498 1077 1531 mendicantium
1095 1498 1225 1531 ordines
1239 1503 1270 1531 et
1280 1498 1562 1532 confraternitates
1577 1498 1677 1532 laico*

211 1573 215 1577 -
232 1560 317 1589 rum,
333 1550 398 1584 429
417 1550 434 1583 b
450 1556 479 1583 et
496 1560 559 1593 seq.

143 1601 389 1646 Praeceptoriae
418 1602 553 1635 militiae
577 1609 608 1635 et
632 1602 756 1635 ordinis
777 1602 884 1636 Sancti
910 1602 1038 1636 Ioannis
1054 1603 1335 1647 Hierosolymitani
1356 1613 1414 1647 per
1432 1603 1674 1647 promotionem

233 1655 273 1690 ad
288 1655 510 1700 episcopatum
524 1660 651 1695 vacent,
669 1651 734 1688 4119
753 1655 771 1687 b
787 1660 819 1688 et
837 1666 899 1698 seq.

143 1707 367 1741 praelatorum
388 1709 563 1742 electiones
603 1718 621 1740 a
647 1707 693 1740 Pii
715 1707 737 1739 V
770 1708 1002 1741 constitutione
1033 1708 1200 1742 ordinatae
1228 1719 1288 1752 pro
1318 1708 1470 1742 fratribus
1494 1708 1677 1742 minoribus

231 1761 263 1794 S.
280 1761 442 1795 Francisci
469 1761 508 1794 de
528 1760 729 1794 observantia
754 1761 962 1794 declarantur
984 1772 1002 1793 a
1023 1761 1176 1805 Gregorio
1197 1758 1282 1802 Xlll,
1301 1761 1342 1795 88
1365 1762 1407 1802 b;
1431 1762 1540 1806 quoad
1560 1772 1673 1795 eorum

231 1814 408 1848 discessum
425 1825 443 1847 a
469 1812 627 1858 capitulo,
646 1813 723 1846 ibid.
751 1814 857 1857 quoad
877 1813 1092 1848 subornantes
1119 1821 1149 1848 et
1179 1814 1372 1848 subornatos
1395 1824 1574 1858 eorumque
1594 1825 1674 1859 poe-

232 1877 300 1905 nas,
319 1866 360 1900 59
375 1877 407 1907 a;
424 1863 529 1910 quoad
546 1866 750 1899 durationem
767 1865 922 1909 temporis
942 1864 975 1898 in
990 1866 1096 1899 officio
1121 1873 1152 1900 et
1173 1866 1404 1900 reelectionem
1428 1867 1522 1903 ibid.;
1543 1867 1673 1900 modifi-⁴

233 1924 326 1952 catur
355 1919 444 1952 bulla
458 1919 503 1952 Pii
524 1919 545 1949 Y
570 1917 654 1951 circa
678 1918 867 1952 electionem
893 1917 1031 1951 ministri
1050 1919 1208 1962 generalis
1229 1916 1260 1952 in
1280 1925 1523 1963 procuratorem
1549 1930 1675 1953 necnon

234 1972 320 2006 circa
339 1972 487 2006 custodes
504 1978 534 2005 et
549 1971 729 2013 theologiae
746 1972 892 2010 lectores
907 1971 983 2004 ibid.
1003 1975 1065 2004 aet
1083 1972 1112 2012 b;
1130 1972 1342 2006 confirmatur
1359 1978 1467 2006 autem
1485 1973 1572 2006 bulla
1585 1972 1674 2005 Pauli

234 2026 270 2059 lv
285 2025 371 2059 circa
393 2025 624 2058 descendentes
640 2025 678 2057 ah
702 2024 886 2064 haereticis,
913 2024 1005 2061 ibid.;
1028 2023 1110 2057 aliae
1131 2024 1364 2058 declarationes
1384 2031 1578 2068 sequuntur.
1596 2025 1639 2059 59
1658 2026 1676 2056 b

235 2084 267 2111 et
283 2088 360 2121 seqs,
386 2077 482 2111 etiam
501 2078 586 2110 circa
603 2074 864 2120 procurationem
879 2075 1023 2109 favorum
1044 2081 1131 2112 extra
1153 2077 1352 2120 religionem,
1372 2077 1415 2110 60
1434 2079 1463 2116 b;
1485 2079 1628 2120 generali
1644 2085 1673 2111 et

232 2131 455 2164 visitatoribus
473 2129 700 2167 restituuntur,
728 2128 770 2161 63
785 2139 818 2167 ας
843 2134 976 2172 quartus
995 2129 1126 2162 additur
1144 2130 1303 2170 visitator,
1325 2131 1419 2165 ibid:
1441 2132 1620 2174 capitulum
1645 2137 1674 2164 ef

233 2183 344 2217 omnia
359 2183 465 2216 officia
484 2182 657 2215 triennalia
677 2182 910 2221 decernuntur,
934 2180 1011 2214 ibid.
1039 2182 1067 2221 b;
1089 2188 1162 2226 post
1183 2183 1358 2216 triennium
1379 2184 1515 2227 praelati
1539 2183 1677 2217 adalia*

233 2236 434 2280 praelaturas
456 2234 575 2267 assumi
596 2239 742 2278 possunt,
766 2234 859 2270 ibat:
888 2238 1081 2277 procurator
1095 2234 1256 2277 generalis
1277 2234 1444 2278 eligendus
1469 2235 1559 2269 iuxta
1577 2237 1676 2269 ritum

233 2294 416 2322 ceterorum
433 2288 651 2331 praelatorum
672 2292 704 2319 et
719 2286 904 2319 confirmari
921 2291 1039 2329 potest,
1055 2287 1148 2326 ibid.;
1170 2286 1284 2320 officiis
1301 2288 1553 2321 extraordinarie
1564 2298 1677 2322 mean-

233 2341 320 2374 tibus
338 2340 495 2374 canonice
515 2339 737 2384 provideatur,
758 2339 852 2377 ibid.;
875 2338 1049 2372 electiones
1072 2338 1160 2372 iuxta
1175 2340 1353 2383 praemissa
1375 2341 1478 2375 sactae
1501 2340 1677 2375 canonicae

210 2387 217 2394 ’
234 2394 465 2439 declarantur„
477 2391 520 2426 64
538 2403 569 2424 α.

148 2445 420 2480 Praesentationis
445 2445 480 2478 B.
514 2444 630 2478 Mariae
657 2443 795 2487 Virginis
817 2443 934 2476 festum
961 2443 1013 2477 die
1036 2443 1189 2486 vigesima
1219 2444 1325 2488 prima
1353 2444 1471 2479 mensis
1495 2446 1678 2480 novembris

236 2498 360 2542 duplici
376 2497 482 2534 officio
497 2496 654 2530 celebrari
674 2496 804 2531 mandat
823 2495 930 2529 Sixtus
944 2496 979 2536 V,
1002 2496 1060 2529 591
1080 2496 1097 2529 b
1117 2502 1224 2541 etseq.

148 2551 318 2594 Privilegia
337 2550 446 2584 onmia
463 2549 723 2582 mendicantibus
745 2548 880 2592 aliisque
900 2548 1073 2581 Ordinibus
1089 2560 1241 2583 concessa
1269 2549 1374 2583 tribus
1394 2551 1677 2585 constitutionibus

235 2604 282 2638 Pii
300 2604 323 2636 V
337 2603 438 2636 adius
452 2602 623 2645 antiquum
639 2608 671 2635 et
686 2600 817 2647 concilii
830 2600 1009 2635 Tridentini
1019 2601 1237 2636 ordinationes
1250 2603 1510 2646 reducuntur-,39
1520 2615 1540 2637 a
1554 2611 1586 2638 et
1597 2616 1673 2650 seq.;

225 2657 300 2688 Buta.
325 2657 400 2687 Rom.
426 2655 479 2685 l'oi'.
502 2654 574 2684 VIII.
1346 2655 1403 2686 134
