2059 3228
57 228 91 259 C.
109 228 176 258 15⁷³

182 302 262 337 quos
283 293 322 326 ad
346 293 418 326 fidei
443 294 613 328 catholicae
639 295 866 327 incrementum
890 292 919 324 in

185 345 257 378 sinu
280 350 386 377 nostro
410 347 618 379 confovemus.

227 397 243 440 ἓ
259 396 289 430 1.
301 396 461 436 Quocirca,
476 403 507 430 ut
521 399 684 441 collegium
701 397 920 431 Germanicum

22 448 307 500 ⁰wigtgtffleffuggpridem
331 459 348 481 a
373 449 463 482 nobis
487 450 518 481 in
544 451 625 483 Urbe
650 455 755 483 nostra
780 450 817 482 dc
843 450 921 482 intc-

185 510 243 544 gro
266 500 456 541 institutum,
482 502 513 534 iu
539 513 599 545 quo
623 512 685 534 non
709 502 814 534 minus
827 511 920 543 quam

184 556 309 585 centum
333 562 446 594 pueros
471 565 505 586 ex
530 554 673 586 universa
696 554 863 586 Germania
877 564 922 586 sc-

182 604 509 648 ptentrionalibusque
535 606 575 638 illi
593 606 808 638 adiacentibus
821 605 922 647 regio-

182 657 277 690 nibus
299 657 498 699 colligendos,
524 657 702 690 liberalibus
726 657 864 689 scientiis
888 667 922 688 ac

151 725 167 752 *v
182 709 357 752 disciplinis
396 720 519 742 necnon
557 710 653 742 sacris
691 709 863 741 canonibus
894 714 921 741 et

182 761 340 803 theologia
366 762 487 794 institui
512 767 604 804 atque
628 761 747 793 erudiri
772 761 923 800 volumus,

183 818 212 846 et
238 813 276 845 ad
302 814 424 846 illorum
441 813 698 846 sustentationem
713 813 853 845 redditus
870 823 924 845 an-

182 875 264 898 nuos
286 865 392 898 decem
419 865 550 897 millium
585 875 754 897 aureorum
780 865 839 907 ipsi
864 865 924 896 col-

183 917 264 959 legio
287 921 437 960 perpetuo
461 917 686 956 attribuimus,
711 917 836 959 speciali
862 917 925 960 pri-

183 969 295 1011 vilegio
318 969 464 1012 prosequi
490 969 625 1001 volentes
642 996 649 1008 ,
686 973 772 1001 motu
797 969 925 1012 proprio

185 1021 286 1064 deque
310 1026 416 1054 nostra
442 1032 527 1054 mera
552 1022 746 1063 liberalitate,
760 1023 924 1065 collegium

185 1074 360 1117 praefatum
384 1074 514 1116 eiusque
532 1079 634 1109 rcssst
659 1075 741 1107 bona
758 1085 925 1118 quaecum—

183 1136 255 1169 que,
278 1126 456 1169 praesentia
480 1131 508 1158 ct
534 1127 648 1166 sutura,
673 1137 707 1159 ac
722 1127 819 1170 ipsius
836 1128 926 1159 colle-

184 1178 228 1221 gii
252 1178 410 1211 scholares
433 1183 464 1210 et
488 1178 563 1210 alios
588 1178 620 1210 in
644 1188 680 1211 eo
704 1179 861 1221 degentes,
887 1179 926 1210 ab

181 1231 330 1264 omnibus
352 1235 383 1263 et
407 1230 538 1273 singulis
563 1236 735 1273 portarum,
775 1230 926 1263 molendi-

182 1290 298 1316 norum
323 1283 452 1322 farinae,
478 1283 573 1314 trium
598 1293 655 1325 pro
687 1283 867 1316 centenario
891 1294 926 1316 ac

180 1339 317 1378 quatuor
342 1335 489 1367 iuliorum
515 1346 571 1377 pro
585 1336 726 1378 quolibet
744 1342 849 1379 vegete
862 1337 926 1369 vini

182 1387 258 1420 solvi
282 1387 457 1427 solitorum,
482 1388 612 1430 aliisque
637 1388 745 1427 datiis,
769 1389 927 1431 vectigali-

181 1440 251 1481 bus,
275 1440 415 1483 angariis
440 1451 475 1472 ac
500 1445 602 1473 terrae
628 1440 785 1483 marisque
799 1441 928 1483 gabellis

179 1498 211 1526 et
233 1493 377 1533 dohanis,
403 1492 574 1525 ordinariis
599 1498 628 1525 et
658 1493 926 1533 extraordinariis,

183 1545 336 1580 hactenus
353 1546 588 1590 quomodolibet
603 1545 767 1588 impositis,
781 1550 810 1577 et
827 1545 860 1577 in
873 1555 928 1587 po-

179 1604 308 1639 sterum,
333 1599 607 1642 quandocumque,
632 1598 741 1640 quavis
765 1597 928 1630 occasione

178 1652 227 1684 vel
249 1662 353 1691 causa,
393 1651 487 1683 etiam
527 1651 565 1683 de
604 1650 788 1682 necessitate
827 1650 928 1692 expri-

179 1704 304 1744 menda,
329 1703 539 1746 imponendis,
553 1703 648 1735 etiam
663 1702 701 1734 ad
715 1702 814 1735 instar
827 1713 928 1735 exem-

179 1756 300 1800 ptionis
324 1756 510 1789 dilectorum
534 1755 671 1787 filiorum
688 1755 929 1797 CameraeApo-

181 1808 310 1842 stolicae
334 1809 531 1848 clericorum,
557 1808 651 1840 etiam
687 1807 808 1840 ratione
833 1807 929 1850 Ripae

181 1865 210 1893 et
233 1860 387 1904 Ripettae‚
412 1860 556 1893 dohanae
580 1865 682 1892 terrae
699 1870 735 1891 ae
748 1859 842 1892 etiam
860 1870 930 1902 gra-

181 1914 263 1947 soiae
287 1918 491 1956 nuncupatae
518 1913 611 1945 Urbis
644 1912 833 1955 praedictae,
860 1923 930 1945 nec-

181 1976 247 1998 non
270 1966 425 2006 carnium,
452 1966 609 2005 vinorum,
650 1975 829 2007 pannorum
865 1965 930 2004 lini,

183 2019 284 2059 lanae,
309 2019 411 2059 serici,
437 2023 464 2050 et
491 2028 764 2060 quarumcumque
799 2018 932 2050 aliarum

185 2080 293 2103 rerum
317 2071 356 2103 ad
380 2071 556 2102 humanum
592 2070 709 2102 victum
734 2074 763 2102 et
787 2070 932 2103 vestitum

187 2124 447 2164 necessariarum,
472 2135 508 2157 ex
532 2129 596 2156 toto
621 2124 708 2156 Statu
747 2128 855 2156 nostro
878 2124 933 2156 Ec-

188 2175 361 2209 clesiastico
384 2182 412 2208 et
438 2176 690 2218 quibuscumque
707 2176 777 2208 aliis
793 2176 868 2208 locis
885 2186 934 2208 ex-

188 2234 237 2261 tra
263 2228 382 2260 dictum
399 2229 520 2261 Statum
545 2228 801 2267 consistentibus,
820 2228 857 2259 ad
874 2229 934 2260 col-

190 2281 308 2323 legium
333 2280 517 2323 praei'atum,
544 2286 606 2313 tam
631 2291 686 2323 per
712 2285 827 2312 terram
841 2289 933 2322 quam

190 2343 248 2376 per
271 2342 357 2364 mare
381 2336 412 2364 et
436 2342 550 2374 aquam
575 2333 696 2365 dulcem
722 2343 757 2365 ac
771 2333 846 2364 alias
859 2343 935 2375 quo-

191 2385 374 2423 modolibet,
398 2384 683 2423 conducendorum,
709 2395 744 2417 ac
760 2385 854 2417 etiam
873 2385 936 2417 iam

191 2438 231 2470 ad
255 2437 371 2470 dictam
388 2436 504 2468 Urbem
518 2437 748 2478 quomodolibet
768 2438 936 2470 conducto-

190 2500 262 2522 rum
301 2500 336 2522 ac
377 2489 408 2520 in
447 2499 483 2520 ea
515 2488 722 2529 existentium,
748 2500 804 2532 pro
829 2491 937 2522 eodem

191 2541 333 2584 collegio,
359 2541 392 2573 in
416 2550 532 2583 magna
558 2550 612 2572 seu
635 2551 730 2582 parva
754 2542 937 2584 quantitate,

323 2658 401 2684 Ball.
425 2658 499 2684 Rom.
526 2658 582 2682 Vol.
601 2657 671 2682 Ytll.

781 239 958 263 onsscontus
975 239 1030 262 xm
1049 241 1097 262 Pr.

195 2597 259 2626 tam
274 2594 306 2626 in
319 2593 447 2625 barchis
473 2603 566 2636 quam
585 2592 616 2624 in
630 2595 806 2636 magazenis
819 2600 846 2627 ct
865 2595 940 2629 alias

1602 228 1642 262 57
1709 227 1761 254 An.
1779 226 1811 254 C.
1825 225 1892 253 1573

951 293 1076 326 ubilibet
1103 294 1318 334 emendorum,
1353 293 1542 327 auctoritate
1566 297 1690 335 aposto-

951 345 1017 384 lica,
1043 350 1149 378 tenore
1173 347 1394 388 praesentium,
1435 350 1588 389 perpetuo
1625 344 1688 377 exi-

951 397 1064 429 mimus
1088 403 1115 430 et
1140 398 1317 438 liberamus,
1343 400 1512 442 liberaque,
1535 397 1688 431 immunia

949 455 977 482 ct
1002 456 1142 493 exempta
1165 461 1232 483 csse
1255 452 1405 483 volumus.

993 504 1007 545 ᾗ
1031 503 1059 535 9.
1083 503 1258 535 Districtius
1283 503 1462 536 intuitu-ntes
1490 501 1637 534 omnibus
1659 497 1889 547 etconpffiif,'¹¹⁰d¹{{

951 555 1081 595 singulis
1104 560 1167 586 tam
1182 554 1273 587 Urbis
1286 565 1379 596 quam
1395 556 1500 586 Status
1517 553 1763 597 praetlicto-{ssfff‘
1786 551 1888 570 “¹⁰¹²“2‘

952 617 1031 645 rum,
1057 606 1258 647 gabellarutn,
1277 606 1435 638 datiorum
1452 612 1480 638 et
1495 606 1692 649 vectigalium

951 658 1133 691 corumdem
1158 658 1316 697 datiariis,
1356 659 1600 691 conductoribus
1639 669 1693 691 seu

953 710 1198 752 appaltatoribus
1223 710 1395 752 ceterisque
1436 711 1473 741 ad
1512 722 1589 752 quos
1626 720 1694 752 spe—

953 767 1013 793 ctat
1040 767 1068 793 et
1094 766 1233 804 spectare
1257 761 1373 804 poterit
1404 763 1638 804 quomodolibet
1662 762 1694 793 in

953 814 1104 855 futurum,
1128 824 1166 846 ne
1191 814 1355 856 collegium
1388 814 1561 856 praefatum
1601 814 1696 845 illius-

957 877 1016 908 que
1040 866 1196 899 scholares
1220 871 1249 898 et
1274 876 1433 909 personas,
1452 867 1500 898 vel
1523 876 1579 908 pro
1597 866 1641 898 eis
1665 875 1697 897 a-

955 922 1072 959 gentes,
1096 922 1126 950 et
1149 927 1260 949 eorum
1284 917 1369 950 bona
1404 926 1621 960 quaecumque
1645 920 1699 948 aut

953 979 1062 1001 eorum
1088 969 1270 1011 quemlibet,
1295 970 1412 1002 directe
1451 970 1497 1002 vel
1536 968 1701 1007 indirecte,

955 1022 1064 1065 quovis
1088 1022 1229 1065 quaesito
1254 1023 1356 1054 colore
1380 1023 1428 1054 vel
1452 1022 1590 1064 ingenio,
1605 1021 1700 1053 mole-

955 1080 1048 1115 stare,
1073 1075 1225 1118 impedire
1263 1075 1310 1107 vel
1348 1075 1538 1117 perturbare
1565 1073 1702 1105 audeant

955 1137 1009 1159 seu
1032 1132 1246 1170 praesumant.
1270 1126 1443 1166 Quinimo,
1483 1126 1529 1158 eis
1553 1125 1585 1157 in
1610 1135 1700 1167 prae-

955 1178 1059 1211 missis
1083 1178 1216 1211 efficacis
1240 1178 1430 1211 defensionis
1444 1178 1601 1221 praesidio
1626 1177 1701 1209 assi-

955 1236 1081 1271 stentes,
1107 1231 1223 1263 faciant
1246 1231 1330 1274 ipsos
1354 1235 1384 1262 et
1408 1240 1518 1262 eorum
1531 1228 1703 1272 quemlibet

956 1283 1167 1324 immunitate,
1192 1283 1390 1326 exemptione
1414 1288 1444 1315 et
1468 1283 1537 1315 aliis
1549 1280 1701 1325 praemis-

956 1336 998 1368 sis
1022 1335 1151 1379 pacifice
1164 1335 1225 1368 srui
1250 1340 1278 1367 et
1304 1335 1450 1377 gaudere.
1471 1335 1512 1367 Ac
1531 1334 1701 1366 decernen-

957 1393 1002 1420 tes
1026 1388 1152 1421 irritum
1176 1393 1206 1421 et
1232 1388 1334 1427 inane,
1352 1388 1376 1421 si
1395 1399 1483 1421 secus
1501 1398 1595 1430 super
1619 1387 1667 1419 his
1685 1396 1702 1417 a

957 1451 1127 1483 quoquam,
1152 1440 1261 1483 quavis
1285 1440 1483 1479 auctoritate,
1508 1441 1643 1471 scienter
1655 1438 1703 1470 vel

958 1492 1150 1533 ignoranter,
1176 1492 1344 1535 contigerit
1368 1491 1528 1525 attentari.

999 1546 1014 1587 g
1047 1544 1078 1577 3.
1116 1545 1184 1577 Non
1223 1544 1422 1577 obstantibus
1445 1541 1627 1586 praemissis
1664 1551 1700 1574 ac
1726 1553 1840 1584 ”cronno
1852 1558 1905 1573 eon-

957 1596 1234 1629 constitutionibus
1258 1601 1288 1629 et
1311 1595 1567 1628 ordinationibus
1580 1583 1836 1638 aposto-“⁸¹¹⁰mm'

957 1649 1034 1688 licis;
1059 1659 1181 1681 necnon
1206 1649 1307 1682 dictae
1332 1649 1426 1682 Urbis
1450 1653 1479 1681 et
1504 1649 1703 1681 dohanarum

958 1701 1190 1745 praedictarum
1228 1711 1263 1733 ac
1302 1711 1578 1744 quorumcumque
1602 1700 1703 1734 tribu-

958 1754 1078 1786 nalium
1103 1758 1133 1786 et>
1157 1753 1328 1793 curiarum,
1368 1753 1566 1794 iuramento,
1592 1754 1706 1786 confir-

959 1805 1097 1838 matione
1121 1806 1291 1848 apostolica
1329 1805 1376 1838 vel
1415 1806 1525 1849 quavis
1553 1806 1704 1839 firmitate

959 1859 1018 1890 alia
1042 1858 1208 1899 roboratis,
1227 1858 1352 1891 statutis
1368 1863 1399 1891 et
1411 1860 1706 1899 consuetudinibus;

960 1910 1133 1954 privilegiis
1157 1921 1292 1953 quoque,
1318 1911 1449 1944 indultis
1462 1916 1492 1943 et
1505 1911 1617 1943 litteris
1633 1921 1706 1954 apo-

961 1964 1095 2003 stolicis,
1119 1963 1238 1996 eisdem
1278 1964 1492 1996 tribunalibus
1531 1969 1562 1996 etv
1599 1963 1706 2001 curiis,

963 2017 1150 2059 illorumque
1175 2016 1333 2048 iudicibus
1357 2026 1480 2049 necnon
1506 2015 1709 2058 appaltatori-

963 2070 1021 2102 bus
1044 2075 1073 2102 et
1098 2069 1280 2102 dohaneriis
1305 2069 1492 2112 praedictis,
1519 2079 1554 2100 ac
1579 2068 1709 2110 quibus-

963 2132 1097 2164 cumque
1122 2122 1191 2154 aliis
1215 2122 1368 2164 personis,
1383 2121 1440 2153 sub
1458 2120 1711 2162 quibuscumque

965 2174 1126 2207 tenoribus
1150 2179 1181 2206 et
1204 2174 1322 2213 formis,
1363 2183 1398 2205 ac
1437 2183 1509 2205 cum
1548 2171 1711 2215 quibusvis

963 2227 1057 2260 etiam
1071 2226 1344 2268 derogatoriarum
1357 2225 1566 2267 derogatoriis
1579 2225 1711 2268 aliisque

963 2279 1193 2312 efficacioribus
1216 2283 1246 2310 et
1264 2277 1396 2309 insolitis
1413 2277 1570 2318 clausulis,
1587 2288 1711 2311 necnon

964 2331 1164 2364 irritantibus
1188 2335 1217 2363 et
1242 2330 1310 2361 aliis
1329 2329 1472 2370 decretis,
1487 2330 1520 2362 in
1533 2340 1649 2373 genere
1663 2330 1712 2362 vel

966 2385 998 2418 in
1023 2385 1136 2428 specie,
1151 2383 1246 2415 etiam
1260 2387 1348 2414 motu
1360 2387 1391 2414 et
1404 2382 1536 2415 scientia
1554 2381 1711 2415 similibus

966 2450 1001 2471 ac
1026 2438 1102 2470 alias
1127 2434 1376 2479 quomodolibet,
1401 2435 1496 2467 etiam
1522 2434 1644 2467 iteratis
1666 2433 1711 2465 vi-

966 2492 1055 2524 cibus
1079 2488 1244 2527 concessis,
1271 2487 1453 2530 approbatis
1476 2492 1507 2520 et
1530 2485 1711 2523 innovatis;

967 2544 1081 2587 quibus
1106 2541 1262 2580 omnibus,
1287 2539 1381 2572 etiam
1406 2540 1442 2580 si,
1467 2550 1524 2583 pro
1543 2536 1710 2572 sufficienti

968 2606 1078 2629 eorum
1103 2593 1316 2636 derogatione,
1341 2593 1379 2626 de
1404 2593 1464 2626 illis
1479 2602 1654 2636 eorumque
1667 2596 1714 2624 to-

1559 2657 1575 2682 8
