2059 3228
88 207 140 235 An.
158 208 186 236 C.
206 208 271 236 1587

331 198 394 229 858

287 258 428 301 collegis,
454 256 614 294 fratribus,
649 254 806 295 religiosis
835 258 865 286 et
892 252 1038 296 personis

286 312 344 344 sul»
366 311 628 354 quibuscumque
654 307 822 340 tenoribus
847 311 878 339 et
909 306 1034 346 formis,

285 376 321 397 ae
343 374 416 396 eum
442 361 619 406 quibusvis,
643 360 738 393 etiam
756 359 1035 402 derogatoriaru1n

285 417 518 460 derogatoriis,
553 415 689 458 aliisque
732 413 968 446 efficacioribus
1006 418 1035 445 et

286 471 422 504 insolitis
462 469 628 509 clausulis,
668 477 796 501 necnon
833 466 1036 499 irritantilnis

284 532 310 557 et
333 525 404 557 aliis
433 523 572 557 decretis
593 533 651 566 per
673 531 897 566 quoscumque
918 520 1035 552 lloma-

285 588 341 610 nos
362 577 534 611 Pontifices
563 576 828 619 praedecessores
853 579 979 607 nostros
999 584 1035 605 ac

283 644 352 672 nos,
367 632 552 675 dii-tamque
564 631 693 670 Sedem,
707 629 802 662 etiam
815 634 917 668 motu,
934 627 1036 660 scien-

282 687 324 719 tia
345 692 372 718 et
398 685 563 729 potestatis
583 683 784 729 plenitudine
809 682 981 721 similibus,
1001 692 1035 714 e-

284 740 359 771 tiam
390 737 658 772 consistorialiter
676 737 725 769 vel
751 736 829 769 alias
852 735 1035 779 quomodo-

282 793 359 824 libet
381 793 475 824 etiam
499 791 621 825 iteratis
640 790 764 824 vicibus
788 789 961 829 concessis,
981 800 1035 831 ap-

281 847 425 890 probatis
450 853 479 879 et
512 846 680 879 innovatis.
715 845 837 884 Quibus
868 844 1032 883 omuibus,

282 900 419 940 etiamsi,
432 911 490 944 pro
501 911 613 933 eorum
627 899 799 932 sufficienti
811 897 1032 941 derogatione,

280 954 359 987 alias
392 954 430 987 de
465 953 528 986 illis
557 963 739 995 eorumque
768 952 843 985 totis
869 950 1035 984 tenoribus

283 1008 444 1050 specialis,
467 1007 630 1051 specifica,
654 1017 803 1049 expressa
819 1011 849 1038 et
870 1004 1035 1037 individua

281 1074 315 1093 ae
338 1062 376 1094 de
397 1061 494 1094 rerbo
514 1061 554 1093 ad
579 1060 726 1099 verbum,
757 1069 822 1091 non
843 1064 950 1091 autem
977 1068 1036 1102 per

281 1115 443 1147 clausulas
480 1114 647 1157 «generales
688 1113 772 1146 idem
807 1112 1032 1156 importantes,

280 1169 401 1201 mentio
439 1179 497 1201 seu
534 1167 666 1212 quaevis
699 1167 762 1199 alia
795 1165 955 1209 expressio
975 1165 1033 1197 lia-

279 1222 397 1262 lwnda,
420 1228 474 1254 aut
489 1221 597 1265 aliqua
622 1220 684 1254 alia
701 1220 857 1264 exquisita
872 1220 976 1252 forma
995 1218 1035 1251 ad

280 1276 341 1309 hoe
368 1276 524 1309 servanda
544 1276 638 1316 soret,
671 1281 801 1308 tenores
830 1272 1032 1312 huiusmodi,

279 1342 315 1362 ae
337 1330 361 1362 si
388 1330 427 1362 de
452 1329 549 1362 verbo
572 1329 611 1362 ad
643 1328 777 1362 verbum
798 1327 880 1360 nihil
905 1326 1034 1370 penitus

280 1383 397 1416 omisso
433 1389 463 1416 et.
493 1384 596 1417 forma
621 1382 652 1415 in
682 1382 746 1415 illis
778 1381 895 1414 tradita
923 1381 1034 1413 obser-

280 1443 360 1477 vata,
381 1437 494 1469 inserti
516 1437 621 1470 forent
641 1435 876 1480 praesentibus,
891 1444 950 1478 pro
971 1433 1035 1466 sus-

281 1490 428 1523 tieienter
453 1490 612 1534 expressis
627 1489 803 1528 liabentes;
821 1487 884 1521 illis
909 1487 986 1520 alias
1002 1486 1035 1519 in

281 1554 340 1576 suo
362 1544 479 1577 robore
498 1542 733 1587 permansuris,
751 1542 790 1575 ad
806 1542 869 1574 hoc
887 1546 924 1574 ut
938 1550 1034 1584 prae-

281 1602 386 1630 sentes
407 1597 532 1630 litterae
553 1607 647 1630 suum
675 1596 807 1629 omnino
832 1604 1034 1638 consequan-

283 1657 336 1683 tur
366 1656 397 1683 et
427 1651 583 1694 consequi
616 1650 756 1683 debeant
775 1648 938 1689 ess'eetum,
961 1658 1034 1691 spe-

281 1704 406 1737 cialiter
431 1709 462 1737 et.
490 1714 639 1747 expresse
670 1703 880 1745 derogamus,
907 1712 943 1734 ae
968 1701 1034 1734 suf-

281 1758 428 1790 ficienter
453 1757 644 1800 derogatum
670 1757 739 1790 sore
765 1761 797 1789 et
829 1766 897 1789 esse
925 1755 1036 1788 decer-

280 1811 400 1851 nimus,
423 1810 602 1854 ceterisque
623 1810 795 1844 contrariis
820 1807 1034 1853 quibuscum-

281 1876 356 1907 qne.

320 1918 435 1950 Datum
453 1918 574 1951 Romae
595 1917 682 1962 apud
702 1917 855 1951 Sane-tum
877 1916 1033 1956 Marcum,

283 1972 343 2004 sub
387 1973 508 2005 annulo
555 1971 748 2009 I'iscatoris,
789 1971 840 2003 die
883 1980 912 2002 iv
955 1969 1035 2002 iunii

285 2036 466 2066 nmxxxvu,
488 2026 696 2070 pontificatus
715 2025 816 2058 nostri
837 2035 922 2057 anno
942 2033 988 2057 111.

345 2094 408 2124 Dat.
425 2094 471 2125 die
487 2095 506 2124 4
520 2093 698 2133 iunii1587,
713 2092 818 2134 pontis.
833 2102 910 2122 anno
926 2100 971 2122 111.

581 2296 738 2330 LXXXIX.

291 2383 416 2416 Erectio
441 2382 601 2426 cappellae
619 2382 662 2415 acl
677 2391 829 2426 praesepe
850 2380 921 2413 Iesu
944 2378 1038 2412 Cleri-

333 2438 376 2469 sti
405 2437 439 2469 in
465 2437 599 2469 basilica
622 2435 658 2469 S.
686 2435 812 2468 Mariae
836 2433 972 2466 Maioris
1003 2432 1039 2465 de

338 2490 507 2530 Urbe,cum
519 2490 708 2533 praepositi,
728 2490 894 2528 sacristae,
913 2486 1038 2530 cappel-

335 2544 485 2576 lanorum
505 2548 532 2576 et
544 2544 805 2586 beneficiatorum
817 2541 1037 2581 institutione,

337 2601 430 2640 atque
457 2597 637 2630 cardinalis
653 2595 844 2640 protectoris
868 2598 896 2627 et
922 2594 1040 2627 *italicis

898 195 1076 224 numanum
1098 199 1250 224 nomam«

1123 261 1294 284 causarum
1315 252 1357 284 act
1375 262 1425 284 eos
1448 254 1664 294 spectantium
1691 253 1826 288 iurisdi-

1123 305 1238 338 ctione.

1147 376 1244 405 Sixtus
1263 376 1414 412 episcopus.
1436 383 1531 406 servus
1548 384 1687 408 servorum
1699 379 1754 414 Dei.

1230 431 1265 458 ad
1283 432 1445 466 perpetuam
1458 431 1499 459 rei
1513 431 1682 460 memoriam.

1123 497 1286 531 Gloriosae
1303 504 1333 531 et
1357 509 1486 542 semper
1503 498 1642 542 Virginis
1660 498 1716 532 Dei
1735 500 1826 543 geni-

1077 550 1166 583 tricis
1195 551 1312 585 Mariae
1348 552 1548 586 salutiferam
1576 553 1827 587 faecunditatern

1078 605 1247 638 humiliter
1266 612 1468 647 venerantes,
1491 606 1575 642 intra
1605 605 1697 639 cuius
1720 606 1830 640 castis·

1077 658 1158 691 sima
1184 659 1317 700 viscera,
1347 660 1464 692 virtute
1491 659 1644 692 Altissimi
1669 659 1828 693 mirabili-

1078 718 1127 745 ter
1146 713 1374 753 obumbrante,
1397 712 1502 745 divina
1517 712 1682 756 Sapientia
1701 712 1760 746 sihi
1773 713 1830 746 do-

1077 776 1166 798 mum
1192 765 1382 806 aedificavit,
1408 776 1550 799 summas
1570 765 1657 799 illius
1676 765 1830 800 laudeset

1077 820 1244 863 praeclara
1260 820 1293 852 in
1312 820 1499 853 universum
1510 830 1613 863 genus
1631 820 1826 860 humanum,

1077 873 1131 906 sed
1152 873 1185 905 in
1204 883 1263 906 nos
1282 873 1499 917 potissimum,
1526 873 1652 913 merita,
1674 878 1705 906 et
1722 873 1830 907 verbis

1077 932 1108 960 et
1125 927 1228 967 sactis,
1247 932 1405 970 quantum
1426 938 1485 970 pro
1506 926 1828 961 humanaimbecilli-

1078 985 1141 1013 tate
1153 991 1338 1024 possumus,
1358 980 1568 1013 libentissime
1589 979 1824 1023 praedicamus.

1077 1033 1166 1066 Hanc
1187 1033 1272 1066 enim
1290 1033 1509 1066 beatissimam
1527 1032 1690 1075 Virginem
1707 1033 1829 1076 gratiae

1077 1093 1108 1119 et
1127 1085 1368 1119 misericordiae
1392 1091 1560 1129 parentem
1586 1084 1626 1118 ab
1652 1085 1721 1129 ipsa
1744 1083 1849 1130 pene'

1076 1140 1210 1173 infantia
1231 1140 1326 1173 nobis
1349 1140 1536 1172 advocatam
1558 1139 1748 1182 delegimus,
1769 1150 1828 1173 cu-

1077 1194 1127 1226 ius
1164 1193 1346 1238 patrocinio
1380 1199 1410 1226 et
1451 1192 1683 1226 intercessione
1718 1193 1828 1227 multis

1076 1247 1233 1291 periculis
1257 1247 1359 1291 erepti
1384 1247 1516 1286 suimus,
1548 1253 1579 1279 et
1602 1246 1704 1280 multa
1726 1247 1827 1280 hene-

1076 1301 1150 1333 ficia
1169 1312 1187 1333 a
1213 1301 1374 1333 bonorum
1401 1299 1547 1333 omnium
1581 1291 1734 1343 largitore
1762 1300 1828 1334 Deo

1076 1355 1274 1399 accepimus.

1120 1409 1135 1452 g
1158 1408 1191 1442 t.
1218 1409 1340 1452 ltaque,
1358 1418 1433 1441 cum
1453 1407 1531 1441 alias
1541 1407 1686 1441 eiusdem
1696 1407 1829 1442 sanctis-

1076 1463 1176 1496 simae
1209 1463 1347 1505 Virginis
1374 1463 1506 1495 nomine
1533 1468 1564 1495 et
1594 1461 1827 1496 miraculorum

1076 1516 1250 1561 splendore
1270 1516 1411 1549 illustres
1423 1515 1574 1549 ecelesias
1585 1526 1713 1559 semper
1723 1515 1756 1548 in
1766 1515 1827 1550 ho-

1076 1581 1155 1604 nore
1167 1569 1354 1609 habuimus,
1375 1575 1444 1602 tum
1466 1569 1498 1602 in
1519 1569 1633 1613 primis
1648 1579 1726 1612 erga
1741 1569 1828 1603 cele-

1074 1623 1250 1657 berrimam
1268 1623 1338 1657 eius
1355 1623 1387 1655 in
1402 1623 1487 1655 alma
1507 1623 1591 1656 Urbe
1601 1622 1770 1656 basilicam
1787 1622 1827 1656 ad

1076 1679 1233 1722 Praesepe
1252 1676 1393 1717 Domini,
1415 1686 1497 1718 quae
1514 1676 1545 1710 S.
1569 1676 1686 1709 Mariae
1701 1675 1828 1710 Maioris

1076 1732 1270 1776 appellatur,
1287 1730 1466 1775 praecipua
1484 1730 1623 1774 quadam
1648 1735 1680 1763 et
1698 1729 1752 1774 pia
1771 1730 1826 1764 de-

1076 1785 1206 1819 votione
1226 1784 1332 1818 affecti
1356 1795 1478 1818 sumus.

1121 1840 1136 1883 g
1160 1839 1193 1872 ἓ.
1219 1838 1364 1881 Cumque
1393 1837 1674 1871 consideraremus
1704 1837 1734 1871 S.
1764 1837 1827 1872 Do-

1077 1893 1188 1926 miniei
1207 1892 1374 1936 Praesepis
1395 1892 1550 1925 sacellum
1571 1891 1604 1924 in
1615 1891 1728 1925 eadem
1740 1892 1825 1925 bast-

1076 1948 1138 1980 lica
1155 1947 1265 1986 situm,
1281 1947 1322 1979 ob
1334 1955 1441 1979 saeras
1461 1945 1548 1978 illius
1566 1945 1733 1989 praesepis
1749 1945 1824 1978 reli-

1077 2001 1182 2045 quias,
1202 2001 1234 2033 in
1259 2011 1324 2044 quo
1347 2000 1410 2032 Rex
1437 1999 1562 2032 Gloriae
1579 1998 1665 2031 nasei
1684 2009 1750 2032 non
1769 1999 1825 2032 ab-

1077 2055 1217 2095 horruit,
1239 2060 1269 2087 et
1295 2053 1399 2086 infans
1419 2053 1528 2091 iacuit,
1546 2062 1663 2096 inagna
1683 2052 1714 2084 in
1734 2062 1827 2085 vene-

1078 2107 1202 2140 ratione
1224 2107 1338 2140 merito
1359 2106 1519 2145 habitum,
1542 2105 1647 2138 minus
1676 2105 1828 2138 decenter

1078 2172 1138 2206 pro
1158 2161 1220 2195 loci
1245 2160 1398 2203 dignitate
1426 2165 1457 2192 et
1481 2158 1650 2192 sanctitate
1675 2163 1826 2192 ornatum

1079 2221 1109 2248 et
1127 2219 1307 2248 extructum
1320 2223 1401 2253 esse,
1413 2223 1483 2253 nos,
1499 2213 1668 2256 cupientes
1680 2217 1743 2245 tam
1761 2211 1826 2244 exi-

1079 2269 1182 2302 mium
1203 2274 1236 2302 et
1253 2267 1442 2310 religiosum
1459 2271 1707 2298 monumentum
1721 2265 1828 2298 debito

1837 201 1938 232 An.C.
1964 213 1978 229 :⁷

1839 511 1938 534 Pontilex
1978 523 1980 529 ·

1840 542 1912 570 tantia,
1937 542 1985 567 801

1842 573 1950 600 virginem

1840 605 1964 626 :dvoutam
1977 615 1979 618 ·

1841 635 1900 662 legii,
1934 631 1972 657 ei&
2003 639 2006 641 ·

1841 665 1960 692 patrocinio
1980 666 1982 668 ’

1842 698 1863 717 tu
1881 697 1962 724 peri
1973 695 1984 714 ἦ

1841 727 1904 749 nsit.
1972 722 1983 733 ⁹

2010 622 2024 708 ω·
2010 530 2023 618 ψ

1869 1423 1977 1446 tuideo

1840 1455 1959 1478 elesius-ot
1983 1478 1986 1481 ,
2024 1460 2025 1463 ’

1840 1487 1896 1508 xime
1914 1486 1989 1508 basili

1840 1517 1861 1539 S.
1883 1517 1964 1539 Uarine
1990 1539 1994 1540 ⁷

1841 1549 1893 1570 iuris
1901 1549 1990 1571 dewi
2018 1556 2021 1557 ⁷

1841 1579 1925 1602 modum
1936 1585 1963 1602 oo
1981 1581 1984 1584 ’

1865 1830 1983 1874 meapte.
1991 1846 2001 1865 ι’-

1800 1891 1807 1897 .
1839 1877 1999 1904 quesaeessu
2022 1895 2024 1898 .

1839 1907 1859 1928 d.
1873 1906 1965 1929 basina

1839 1944 1880 1960 nus
1919 1939 1973 1966 depe
1993 1942 2005 1968 ζ’
2022 1948 2024 1952 v

1839 1969 1957 1991 extructum

1839 2002 1899 2022 dens.
1907 2002 1954 2022 dum
1963 2007 1975 2023 c
1990 2019 2000 2027 ,Α

1839 2035 1893 2059 emt,
1907 2032 1930 2054 Β.
1955 2031 1998 2055 Vt..
2024 2056 2027 2057 ⁷

1839 2064 1873 2084 nis
1893 2069 1934 2090 ope
1947 2063 1999 2090 1η·ν

1839 2095 1944 2121 insignem
2029 2115 2031 2117 .

1839 2125 1944 2153 capenam
1951 2131 1972 2147 a
1994 2121 1998 2148 Ῐ

1840 2157 1904 2179 cavit.

1080 2322 1169 2356 cultu
1189 2321 1384 2364 decentique
1409 2325 1522 2353 ornatu
1545 2329 1676 2362 augere,
1705 2329 1743 2351 ac
1771 2328 1844 2366 no-⁴

1079 2376 1134 2408 bili
1155 2375 1302 2408 aedificio
1329 2374 1581 2416 circumseptum
1611 2371 1827 2410 communire,

1080 2441 1162 2473 opus
1191 2439 1267 2462 sane
1299 2427 1421 2460 xii-ibus
1445 2427 1562 2460 nostris
1591 2431 1620 2459 et
1640 2425 1828 2458 facultatum

1080 2488 1264 2516 nostrarum
1281 2482 1336 2514 illo
1357 2480 1486 2524 quidem
1504 2486 1650 2523 tempore
1675 2477 1828 2512 tenuitate

1082 2537 1197 2576 maius,
1224 2535 1294 2568 freti
1316 2545 1377 2578 ope
1402 2533 1545 2567 eiusdem
1568 2533 1723 2576 Deiparae
1746 2541 1828 2563 sem-

1082 2602 1140 2633 per
1165 2589 1312 2633 Virginis,
1334 2594 1364 2622 et
1388 2587 1496 2620 animo
1520 2586 1720 2630 suscepimus
1738 2589 1767 2617 et
1791 2593 1826 2616 re
