2059 3228
129 207 182 236 An.
199 206 228 236 C.
245 182 317 237 ¹586·

164 2103 317 2127 Adultertorum

134 2139 251 2155 execratio.

375 198 439 233 790

328 266 386 300 est,
409 258 514 292 carnis
534 258 566 290 in
585 255 746 290 lasciviam
763 255 960 300 prolabentis
981 260 1074 299 petu-

327 313 472 352 lantiam,
499 311 673 355 praecipue
699 320 774 343 vero
808 309 1019 343 continendos
1043 309 1075 341 in

328 365 433 399 officio
453 364 663 398 sanctissimis
682 363 857 408 pudicitiae
875 371 906 397 et
921 364 1074 397 honesta-

326 418 366 452 tis
384 418 510 462 legibus
529 418 675 451 subditos
695 423 831 458 nostros,
851 418 990 451 libenter
1003 429 1074 451 om-

325 482 400 505 nem
421 482 533 505 curam
554 477 585 505 et
599 471 851 505 sollicitudinem
870 472 1071 504 adhibemus.

324 525 403 558 Nam
424 531 454 558 et
477 525 540 559 hoc
565 524 671 569 ipsum
702 525 899 558 arbitramur
924 530 1075 568 paternae

326 578 467 612 caritatis
487 584 518 612 et
537 579 756 623 providentiae
776 579 959 624 proprium,
977 579 1075 612 maxi-

326 643 442 676 meque
460 643 641 676 congruum
666 644 797 675 munus,
820 634 975 676 exquisita
995 643 1074 676 qua-

327 686 401 718 dam
421 685 597 729 diligentia,
621 697 702 721 nova
721 687 866 731 quotidie
886 687 1030 720 remedia
1046 691 1076 719 et

324 739 468 772 subsidia
488 751 691 785 comparare,
714 740 833 784 quibus
852 752 869 773 a
882 740 1073 773 christifide-

323 792 410 826 libus
430 794 553 837 peccati
574 800 604 827 et
623 795 766 828 scandali
780 795 997 833 occasionem,
1012 795 1074 827 Do—

323 846 411 880 mino
425 846 605 889 adiuvante,
626 849 894 890 submoveamus3
910 853 941 882 et
957 858 1073 881 occur-

323 901 459 935 rendum
471 909 516 935 est
529 902 761 935 vehementiori
775 902 882 936 studio
900 908 933 935 ut
955 913 1075 946 nequa-

323 965 420 997 quam
454 955 632 988 inolescant
659 955 691 988 in
724 955 872 998 publicae
899 956 1074 989 honestatis

323 1008 474 1049 dedecus,
496 1009 629 1053 pudoris
648 1013 677 1042 et
708 1009 902 1042 christianae
928 1010 1073 1053 discipti-

322 1072 383 1094 nae
403 1061 632 1095 detrimentum
643 1073 680 1095 ac
690 1062 873 1095 animarum
885 1063 1074 1106 perniciem,

323 1115 506 1157 graviorum
536 1116 754 1159 quorumdam
780 1113 977 1159 flagitiorum
1005 1128 1075 1149 eor-

323 1169 486 1212 ruptelae,
517 1171 612 1213 quale
644 1175 691 1203 est
719 1169 928 1212 adulterium,
960 1170 1075 1204 divinis

325 1222 541 1267 humanisque
562 1224 687 1266 legibus
707 1223 907 1263 damnatum,
930 1234 1075 1268 praeser-

325 1278 380 1309 tim
401 1277 426 1310 si
443 1278 573 1320 publi-:o
593 1278 745 1310 seandalo
765 1277 972 1321 impudenter
990 1289 1076 1311 com-

325 1331 481 1370 mittatur,
504 1342 561 1375 per
585 1331 672 1375 quod
697 1336 844 1364 sanctum
876 1331 1075 1365 matrimonii

326 1384 449 1425 foedus,
471 1385 535 1418 Deo
568 1390 699 1418 auctore
731 1384 892 1424 iunctum,
919 1385 1075 1428 sacrilege

326 1437 472 1478 violatur,
499 1449 571 1471 eum
594 1444 700 1471 tamen
725 1438 806 1470 illud
826 1444 973 1481 oporteat
992 1445 1076 1472 vaste

328 1496 358 1524 et
378 1492 527 1535 religiose
553 1492 720 1532 custodiri,
747 1491 875 1524 dicente
904 1492 1074 1534 Apostolo‚

326 1545 524 1578 Hormi-abile
539 1546 736 1578 connubium
756 1546 793 1578 in
814 1546 1013 1586 omnibzcs,ec
1034 1551 1078 1580 to-

325 1609 381 1631 ras
398 1600 647 1639 2'mmac1clatzcs,·
673 1610 709 1632 ac
730 1600 886 1642 coniuges
906 1605 1019 1633 mutua
1044 1611 1078 1633 se

327 1652 465 1685 debeant
485 1654 641 1687 charitate
672 1653 817 1696 diligere,
850 1654 963 1687 eedem
992 1656 1077 1698 Apo-

327 1707 409 1739 stolo
431 1714 601 1747 monente,
629 1707 710 1748 Viri,
733 1707 860 1751 clilz'yt'te
886 1719 1001 1741 arares
1028 1720 1077 1741 rc-

327 1765 411 1793 strcts
430 1763 513 1794 sicut
535 1767 563 1794 et
585 1761 735 1796 Christus
751 1762 867 1795 ctileoeit
886 1762 1075 1804 Ecclesiam,

327 1819 356 1846 et
383 1826 414 1847 sc
442 1816 548 1858 ipsum
575 1816 711 1848 tradidit
726 1826 787 1858 pro
807 1827 854 1848 ea.
879 1816 917 1848 Et
936 1816 1076 1857 iterum,

327 1867 486 1908 Mulieres,
503 1869 648 1901 subditae
669 1873 765 1902 estote
783 1870 864 1902 viris*
883 1870 965 1902 sicut
986 1881 1074 1913 opor·

331 1925 372 1953 let
392 1923 429 1954 in
450 1922 604 1963 Dumium
640 1923 718 1963 Viri,
743 1923 870 1966 ditt'yz'te
893 1934 1009 1956 umores
1026 1935 1078 1956 ‘ue-
1097 1902 1101 1954 Ι

328 1979 425 2015 stim,
447 1982 474 2007 el
496 1976 595 2009 notite
622 1978 730 2009 tunam*
754 1987 817 2009 esee
841 1977 883 2009 ad
902 1977 987 2009 illas.
1057 1999 1074 2013 .,

374 2029 443 2071 gl.
483 2030 717 2073 invigilandum
754 2041 885 2074 quoque
916 2031 1010 2064 nobis
1035 2036 1081 2063 est

332 2088 367 2115 ut
403 2090 582 2117 avertamus
613 2096 631 2117 a
660 2084 923 2117 christifidelibus
957 2084 1081 2117 divinae

331 2136 501 2169 Maiestatis
520 2137 612 2179 iram,
633 2137 891 2180 indignationem
911 2143 1007 2181 atque
1023 2138 1079 2170 tla-

332 2190 512 2232 gclla‚quae
526 2198 657 2234 propter
671 2190 856 2224 huiusmodi
872 2191 965 2224 foeda
975 2191 1081 2224 carnis

332 2249 463 2286 peecata
488 2249 519 2276 et
535 2245 674 2285 scelera,
705 2245 737 2277 in
763 2245 847 2278 tilios
873 2244 1080 2286 diffidentiae,

334 2297 523 2338 praesertim
552 2309 626 2331 vero
658 2298 689 2330 in
716 2298 886 2332 violatores
910 2298 1006 2331 alieni
1036 2305 1082 2331 to-

337 2349 373 2388 ri,
405 2351 589 2390 gravissima
621 2351 773 2385 divinitus
807 2352 935 2384 immitti
966 2352 1081 2393 solent,

335 2400 610 2440 quemadmodum
623 2411 788 2433 sacrarum
802 2401 985 2434 testimonio
997 2401 1083 2434 Scri-

336 2452 517 2488 pturarum,
537 2454 604 2481 tum
622 2449 717 2482 variis
728 2450 932 2483 successibus
943 2451 1084 2494 permul-

337 2495 438 2538 tisque
463 2499 616 2541 exemplis
651 2500 907 2542 comprobatur,
941 2505 1007 2532 tum
1036 2501 1083 2533 vel

338 2545 473 2577 maxime
500 2557 535 2579 cx
566 2547 615 2588 iis,
652 2559 735 2591 quae
768 2548 925 2582 Pharaoni
957 2550 1084 2594 AEgypti

339 2593 418 2635 regi,
441 2601 472 2627 et
502 2595 686 2629 Abimelech
715 2597 782 2640 regi
811 2597 961 2640 Ceratae,
999 2598 1086 2642 quod

921 202 1101 226 BULLARIUM
1125 201 1275 226 ROMANUM

1115 253 1226 286 Saram
1247 254 1393 287 Abrahae
1417 264 1550 288 uxorem
1574 255 1790 298 abduxissent,
1818 257 1860 290 si-

1114 307 1184 350 gnis
1215 307 1406 341 clarioribus
1438 314 1626 350 evenerunt,
1653 316 1780 354 praeter
1806 322 1859 344 ae-

1117 365 1225 394 ternae
1246 361 1462 395 damnationis
1482 372 1630 406 poenam,
1651 374 1746 407 quam
1763 365 1860 398 iidem

1117 415 1342 449 miserabiliter
1356 415 1541 468 incqrrunt.
1560 416 1651 457 Nam,
1674 417 1757 451 sicut
1776 418 1861 452 idem

1117 469 1310 512 pronunciat
1329 470 1522 514 Apostolus,
1544 471 1714 504 Adulteros
1742 476 1770 505 et
1793 473 1861 515 sor-

1115 523 1274 555 nicatores
1299 524 1456 557 iudicabit
1475 523 1570 556 Deus.
1601 524 1639 557 Et
1660 524 1687 557 si
1713 525 1779 558 ulla
1805 537 1863 559 un-

1115 586 1210 619 quam
1234 581 1379 620 temp01·a
1399 576 1541 618 fuerunt,
1563 588 1646 620 quae
1666 577 1863 612 iudiciorum

1115 635 1143 662 et
1170 631 1277 673 legum
1309 630 1510 663 severitatem
1536 631 1753 674 requirerent,
1775 638 1863 666 certe

1115 683 1193 716 haec
1225 685 1293 728 ipsa
1319 690 1502 728 temporum
1527 685 1682 727 conditio,
1715 697 1780 729 qua
1803 697 1862 720 nos

1113 737 1196 771 Deus
1220 739 1259 771 ad
1285 739 1446 772 Ecclesiae
1467 750 1542 772 suae
1567 739 1787 782 gubernacula
1805 752 1861 774 vo-

1114 792 1208 828 cavit,
1236 793 1298 826 hoc
1317 793 1366 826 vel
1386 793 1524 826 maxime
1545 793 1698 837 exposcit.
1721 794 1859 836 Nam‚ut

1113 851 1159 879 est
1183 845 1305 889 fragilis
1325 851 1355 879 et
1374 846 1458 880 ssuxa
1479 847 1663 880 mortalium
1687 853 1815 890 natura,
1832 853 1864 882 et

1113 899 1153 932 ad
1175 900 1297 932 malum
1317 910 1433 944 prona,
1455 900 1516 933 nisi
1542 901 1648 934 divina
1663 902 1791 935 bonitas
1809 903 1865 936 ad-

1116 953 1211 993 iuvet,
1234 958 1265 986 et
1296 964 1422 994 eorum,
1445 954 1500 997 qui
1526 959 1692 998 praesunt,
1714 956 1863 990 fraenum

1113 1006 1279 1047 cohibeat3
1302 1007 1345 1040 ita
1364 1007 1512 1051 plurimis
1529 1008 1654 1042 abhinc
1665 1009 1770 1051 annis,
1783 1020 1861 1053 pro-

1114 1066 1183 1104 pter
1202 1060 1335 1093 nimiam
1357 1061 1500 1105 ipsorum
1524 1061 1679 1101 malitiam
1709 1062 1864 1106 deprava-

1114 1120 1241 1157 tamque
1266 1115 1421 1158 peccandi
1455 1115 1723 1149 consuetudinem
1757 1123 1788 1150 et
1816 1116 1862 1150 ef-

1114 1168 1289 1200 fraenatam
1319 1169 1487 1202 audaciam
1513 1169 1730 1213 vitiorumque
1760 1171 1863 1204 licen-

1116 1221 1202 1262 tiam,
1226 1221 1367 1266 improbi
1388 1222 1535 1256 homines
1553 1218 1679 1256 tantum
1694 1223 1756 1256 sibi
1775 1234 1862 1257 sum-

1115 1280 1259 1318 pserunt,
1281 1281 1317 1308 ut
1336 1281 1504 1319 sperarent
1523 1276 1680 1319 quicquid
1710 1276 1755 1310 eis
1787 1276 1865 1319 libi<

1115 1335 1181 1360 tum
1202 1334 1294 1369 esset,
1315 1328 1347 1362 id
1363 1339 1396 1361 se
1417 1329 1548 1373 impune
1560 1335 1861 1374 perpetrareposse.

1116 1383 1222 1426 igitur,
1244 1388 1314 1426 post
1329 1393 1508 1427 repressam
1520 1384 1750 1417 sceleratorum
1763 1384 1863 1423 auda-

1116 1437 1215 1477 ciam,
1241 1437 1297 1479 qui
1328 1437 1480 1470 caedibus
1509 1443 1540 1470 et
1569 1437 1747 1471 latrociniis
1766 1438 1863 1472 ditio-

1116 1501 1188 1522 nvm
1223 1490 1473 1523 ecclesiasticam
1502 1496 1598 1533 atque
1629 1491 1709 1524 adeo
1747 1491 1864 1525 subur-
1905 1502 1907 1505 ’

1117 1545 1197 1576 bana
1217 1543 1288 1576 loca
1307 1545 1474 1584 vexabant,
1492 1554 1581 1577 nunc
1601 1544 1697 1577 etiam
1717 1545 1750 1578 in
1765 1545 1862 1587 Urbe,

1117 1604 1160 1637 ut,
1183 1597 1271 1640 quod
1290 1607 1393 1640 aeque
1416 1598 1635 1631 necessarium
1648 1604 1706 1640 est,
1721 1599 1799 1632 inde
1809 1610 1864 1632 su-

1118 1662 1243 1684 mamus
1263 1652 1405 1693 initium,
1429 1653 1670 1686 corroboranda
1686 1653 1766 1687 fides
1785 1664 1865 1687 con-

1118 1705 1268 1746 nubialis,
1301 1707 1563 1749 comprimendae
1592 1706 1743 1750 publicae
1768 1718 1863 1752 prae-

1117 1759 1226 1792 sertim
1248 1759 1489 1793 moechantium
1515 1760 1679 1801 libidines,
1701 1765 1733 1793 et
1752 1761 1866 1795 alienis

1119 1813 1275 1856 coniugiis
1306 1814 1527 1847 insidiantium
1554 1814 1727 1858 impudens
1751 1808 1866 1860 nequi-

1121 1867 1162 1899 tia
1182 1868 1377 1908 coercenda‚
1394 1867 1545 1911 legitimze
1571 1868 1689 1901 sobolis
1713 1868 1868 1902 honestae

1119 1921 1345 1966 propagationi
1366 1922 1616 1962 consulendum,
1639 1928 1669 1955 et
1688 1922 1781 1966 siqua
1805 1922 1869 1956 dis-

1119 1976 1225 2008 soluta
1253 1981 1308 2008 aut
1334 1975 1457 2019 dilapsa
1489 1975 1664 2017 fluxerunt,
1687 1976 1803 2009 severis
1826 1977 1870 2010 le-

1120 2030 1213 2072 gibus
1240 2029 1409 2062 vincienda
1438 2034 1525 2069 sunt,
1553 2029 1794 2074 praecipueque
1815 2041 1870 2064 cu—

1122 2082 1259 2115 randum
1280 2093 1321 2115 ne
1340 2083 1395 2127 qui
1422 2083 1505 2116 cives
1526 2088 1581 2116 aut
1597 2083 1722 2117 incolae
1742 2089 1870 2118 sanctae

1122 2136 1218 2169 huius
1233 2142 1264 2170 et
1288 2137 1494 2170 sacerdotalis
1520 2137 1654 2170 civitatis
1673 2137 1870 2181 flagitiorum

1122 2190 1333 2234 turpitudine,
1363 2202 1419 2234 per
1443 2191 1544 2224 varias
1565 2191 1819 2225 machinationes
1839 2197 1870 2224 et

1122 2243 1426 2285 sraudes‚diabolico
1437 2250 1505 2277 astu
1520 2244 1870 2289 adinventas,polluan-

1124 2302 1184 2337 tur,
1205 2298 1260 2330 sed
1280 2303 1319 2331 ab
1340 2309 1452 2331 eorum
1474 2298 1669 2331 commercio
1690 2299 1868 2341 praviahu-

1123 2363 1176 2384 sus
1196 2357 1228 2384 et
1247 2351 1397 2395 publicae
1423 2351 1618 2395 ignominiae
1639 2352 1727 2385 labes
1751 2352 1870 2386 nostris

1123 2400 1326 2443 potissimum
1364 2401 1563 2444 temporibus
1602 2401 1866 2442 exterminentur,

1124 2454 1155 2481 et
1175 2455 1332 2493 perpetuo
1348 2450 1488 2491 exulent,
1512 2461 1548 2482 ac
1573 2450 1678 2494 potius
1691 2451 1770 2484 haec
1785 2451 1870 2484 alma

1123 2497 1205 2531 Urbs
1233 2505 1353 2540 nostra,
1377 2499 1464 2533 omni
1492 2499 1644 2533 virtutum
1664 2510 1782 2543 genere
1809 2500 1868 2533 flo-

1124 2558 1210 2589 rens,
1232 2559 1314 2593 pura
1338 2554 1369 2582 et
1399 2549 1604 2582 immaculata
1625 2550 1730 2583 luccat
1760 2549 1867 2593 splen-

1125 2597 1203 2631 dore
1219 2603 1251 2632 et
1267 2598 1425 2632 munditia
1444 2598 1619 2632 honestatis
1638 2609 1725 2640 suae,
1744 2608 1868 2632 omnes-

1938 0 1955 10 ,,

1953 0 2006 58 a*

1977 62 1993 75 'z—

1900 90 1907 99 ,
1984 91 1987 93 ,

1874 204 1924 234 An.
1939 192 2014 236 (535

1994 1411 2016 1455 ι’ς..
1998 1315 2017 1404 ''vx-&r
2005 1289 2013 1306 ι.
2006 1233 2016 1276 μι-

1996 1461 2021 1597 massa:-

2000 1808 2024 1991 >-j,fm-';‘l-0‚ae;<:'.
2009 1770 2018 1791 ,;
2012 1736 2014 1741 -
2009 1708 2017 1718 a
2003 1675 2013 1683 ἒ
2002 1637 2019 1658 “x
