2059 3228
762 259 937 286 GnEGORIUS
960 258 1015 284 xm
1040 259 1088 284 1³1².

160 314 260 350 sacris
270 315 386 349 litteris
398 304 529 359 operam
541 319 705 354 navantes,
715 313 754 347 ad
768 313 908 353 lectoris,

158 368 363 403 baccalaurei
385 374 415 402 et
435 374 597 411 postremo
615 367 757 411 magistri
778 377 834 400 scu
853 366 908 400 do-

160 421 258 456 ctoris
276 421 310 454 in
329 432 419 455 sacra
438 420 599 463 theologia
620 421 755 463 gradum
777 426 907 464 promo-

157 474 237 516 veri,
260 481 291 509 et
311 474 450 519 promoti
471 474 566 507 certis
587 473 773 518 privilegiis,
793 473 907 507 immu-

139 545 141 548 ·
155 528 309 562 nitatibus
323 527 353 569 ,⁶
368 528 635 572 exemptionibus,
655 526 906 571 pioecminentiis

155 587 188 616 et,
210 581 502 626 superioritatilius‚
526 581 611 614 iuxta
636 580 764 621 Ordinis
790 585 820 613 et
844 577 905 613 Rc-

153 635 248 679 gulae
261 640 396 676 vestrae,
414 640 604 668 statutorum
619 640 646 668 et
666 633 904 667 institutionum

154 689 290 722 formam
311 693 342 722 ct
361 688 605 729 continentiam,
632 687 694 720 frui
715 692 745 720 et
764 686 904 729 gaudere

154 737 388 773 consueverint.
405 738 442 771 Et
457 742 627 782 propterca
644 736 746 776 multi,
764 735 904 779 propriis

152 789 260 835 potius
279 793 377 834 quam
397 790 625 824 communibus
645 788 825 822 commodis
840 799 904 821 ser-

152 843 285 885 vientes,
307 844 428 889 seipsos
444 843 583 888 puhlicis
601 843 729 883 officiis,
750 842 903 876 oneribus

152 902 184 930 et
194 896 362 931 laboribus
377 897 566 930 subtrahere
581 901 771 939 satagentes,
786 896 825 929 ad
838 907 903 929 ma-

151 950 273 994 gisterii
293 961 351 985 seu
372 951 515 994 magistri
535 951 599 984 sive
620 950 763 984 doctoris
783 950 902 993 gradus

150 1009 365 1048 properanter
373 1004 632 1045 anhelant,illum
640 1004 901 1038 modisomnihus

149 1057 345 1099 ambientes,
365 1058 446 1092 adeo
466 1063 513 1099 ut,
535 1058 596 1091 nisi
610 1058 694 1091 malo
714 1057 900 1091 huiusmodi

151 1111 300 1145 celeriter
318 1117 519 1152 occurratur,
539 1111 626 1144 brevi
647 1116 794 1155 tempore
807 1111 902 1144 dubi-

149 1165 284 1199 tandum
303 1164 344 1198 sit
362 1176 403 1199 ne
429 1166 538 1209 plures
567 1165 711 1209 magistri
738 1176 836 1208 quam
856 1165 901 1197 di-

149 1217 265 1262 scipuli
291 1218 325 1252 in
354 1223 457 1252 vestro
483 1217 621 1256 Ordine.
651 1218 840 1261 praesertim
867 1217 900 1250 in

150 1271 323 1315 provinciis
348 1272 478 1312 Italiae,
509 1272 736 1316 reperiantur,
767 1277 798 1305 et
826 1281 900 1304 cum

151 1335 262 1359 omnes
285 1325 451 1369 privilegio
480 1325 654 1367 magisterii
679 1336 736 1358 seu
757 1324 900 1367 magistri

150 1379 198 1412 vel
207 1378 348 1412 doctoris
361 1378 483 1412 suffulti
500 1379 632 1419 suerint,
649 1389 756 1419 nemo,
775 1379 830 1422 qui
846 1388 900 1411 ne-

150 1432 288 1466 cessaria
313 1432 516 1477 singulorum
544 1433 814 1466 monasteriorum
843 1443 899 1465 seu

150 1486 322 1520 domorum
333 1491 510 1520 vestrarum
527 1487 637 1520 munia
652 1495 802 1519 exercere
811 1485 897 1526 velit,

149 1539 295 1584 reliquus
319 1539 448 1573 futurus
468 1540 518 1573 sit.
547 1540 637 1573 Unde
660 1540 779 1573 sactum
799 1544 846 1572 est
865 1546 901 1572 ut

150 1592 263 1626 fratres
281 1592 441 1626 Eremitae
460 1592 590 1627 Ordinis
604 1593 698 1626 vestri
719 1592 899 1636 provincia-

149 1655 224 1679 rum
247 1652 336 1679 extra
361 1646 484 1681 Italiam
509 1646 771 1687 constitutarum,
798 1645 900 1689 magi-

151 1704 232 1732 stros
251 1708 308 1733 seu
327 1699 487 1740 doctores,
508 1700 570 1733 nisi
592 1710 708 1743 magna
728 1710 803 1733 cuin
823 1710 900 1732 cau-

150 1752 214 1785 tela
238 1757 269 1786 et
293 1763 390 1797 parvo
415 1753 448 1786 in
474 1764 631 1794 numero,
652 1764 671 1787 a
696 1753 790 1787 certis
809 1753 901 1786 annis

151 1805 233 1840 citra
256 1816 323 1840 non
347 1807 551 1848 admiserint,
580 1818 641 1842 nec
665 1807 836 1841 admittant
862 1806 901 1840 de

151 1859 326 1903 praesenti.

175 1913 211 1956 ,ἓ
224 1912 332 1947 2.Nos
342 1913 451 1957 igitur,
462 1914 555 1947 malis
576 1914 765 1948 huiusmodi
785 1923 901 1947 oecur-

117 1977 122 1982 ·
151 1975 236 2010 rere,
246 1971 278 2000 et
287 1967 453 2000 communi
463 1967 594 2000 utilitati
603 1973 744 2001 vestrum
755 1967 901 2000 omnium

123 2020 139 2055 -2
152 2020 334 2063 consulere,
344 2025 374 2054 et
381 2025 416 2054 ut
423 2021 557 2065 posthac
570 2021 699 2054 nonnisi
710 2020 817 2054 idonei
827 2027 857 2054 et
868 2021 901 2054 in

152 2083 290 2108 numero
309 2074 437 2108 decenti
457 2074 497 2107 ad
513 2074 734 2117 magisterium
755 2074 817 2107 sive
833 2085 901 2107 ma-

153 2127 243 2170 gistri
261 2132 318 2160 aut
331 2126 472 2161 doctoris
486 2127 622 2171 gradum
640 2133 901 2172 promoveantur,

153 2179 322 2224 providere
348 2181 500 2222 volentes,
528 2181 815 2225 praedecessorum
842 2191 901 2214 no-

154 2239 296 2277 strorum
308 2239 340 2267 et
349 2234 538 2278 praesertim
553 2234 653 2268 felicis
669 2234 903 2268 recordationis

153 2286 308 2330 Bonifacii
327 2287 431 2331 Papae
457 2288 533 2320 noni
547 2315 554 2328 ‚
575 2288 629 2332 qui
655 2289 733 2321 alias
753 2298 810 2331 per
830 2298 903 2321 suas

154 2340 290 2386 litteras,
311 2341 370 2374 sub
384 2341 499 2373 Datum
514 2341 635 2374 Romae
651 2342 735 2385 apud
751 2341 902 2374 Sanctum

154 2393 304 2435 Petrum,
330 2393 444 2437 quinto
470 2394 622 2428 kalendas
650 2394 743 2434 maii,
772 2394 902 2438 pontifi-

156 2453 245 2483 catus
265 2446 314 2481 sui
334 2458 418 2480 anno
439 2447 675 2487 decimotertio,
697 2446 823 2480 Ordinis
839 2448 903 2480 sra-

156 2501 243 2532 ttum
258 2496 519 2530 praedicatorum
536 2497 704 2539 magistros
717 2496 904 2529 huiusmodi

109 2565 115 2572 =
157 2545 287 2578 creandi
312 2545 445 2578 modum
470 2550 501 2577 et
523 2555 672 2578 normam
688 2545 903 2588 praescripsit,

158 2593 299 2637 vestigiis
312 2594 525 2634 inhaerentes,
538 2599 626 2626 motu
636 2593 780 2637 proprio,
790 2604 854 2626 non
865 2594 904 2626 ad

157 2648 295 2677 vestram
323 2654 380 2678 seu
409 2643 546 2677 alicuius
568 2649 709 2677 vestrum
730 2653 827 2686 super
843 2643 904 2677 hoc

1586 247 1651 281 423

950 312 1044 345 nobis
1072 311 1197 344 oblatae
1226 311 1388 355 petitionis
1414 310 1619 352 instantiam,
1641 310 1696 345 sed

952 376 988 399 ex
1009 370 1117 399 nostra
1138 371 1223 398 coita
1243 366 1377 399 seientia
1397 371 1427 400 ct
1447 371 1623 410 spontanea
1642 374 1698 399 vo-

950 419 1083 459 luntate,
1106 430 1143 451 ac
1167 418 1205 452 de
1226 419 1421 462 apostolicae
1444 418 1609 464 potestatis
1630 418 1698 462 ple-

950 472 1109 512 nitudine,
1132 472 1312 513 statuimus,
1333 473 1547 514 decernimus,
1568 472 1698 506 ordina-

951 536 1041 565 mus,
1070 526 1228 565 volumus,
1256 526 1447 559 mandamus
1458 516 1478 567 ,¹
1494 531 1638 560 vetamus
1666 529 1698 559 et

950 578 1172 622 prohibemus,
1202 589 1241 611 ne
1267 579 1400 622 posthac
1428 579 1517 623 prior
1540 578 1698 622 generalis

950 631 1077 664 Ordinis
1092 632 1185 665 vestri
1203 642 1261 676 pro
1274 637 1418 675 tempore
1430 632 1576 673 existens,
1592 641 1698 676 neque

946 685 1040 718 ctiam
1058 685 1163 728 ipsum
1185 685 1362 729 capitulum
1379 686 1526 729 generale
1545 685 1700 730 capitula-

948 737 1025 771 riter
1046 744 1290 782 congregatum,
1318 744 1373 772 aut
1392 739 1621 783 quodcumque
1650 748 1702 772 ca-

946 791 1086 834 pitulum
1110 791 1172 825 sive
1193 791 1404 835 congregatio*
1417 792 1631 835 provincialis,
1647 802 1702 825 cu-

950 845 1144 889 iuscumque
1170 846 1354 890 provinciae
1379 845 1461 878 intra
1480 845 1602 878 ltaliam
1623 855 1702 879 con-

946 898 1087 939 stitutae,
1110 899 1173 932 sive
1194 899 1248 932 alii
1265 899 1475 943 quicumque,
1487 908 1697 943 quacumque

949 952 1167 989 ecclesiastica
1175 952 1237 985 sive
1248 952 1411 985 mundana
1421 952 1646 996 praefulgeant
1656 952 1704 985 di·

944 1005 1066 1049 gnitate
1094 1011 1125 1039 ct
1153 1011 1322 1050 potestate,
1355 1006 1452 1039 etiam
1479 1011 1608 1039 sanctae
1638 1005 1704 1038 Ro-

947 1070 1059 1092 manae
1096 1059 1256 1093 Ecclesiae
1290 1059 1471 1093 cardinales
1484 1087 1491 1098 ,
1533 1063 1702 1104 praetextu

943 1113 1180 1157 cuiuscumque
1197 1112 1454 1154 consuetudinis,
1472 1113 1568 1146 etiam
1584 1112 1697 1146 imme-

957 1166 1134 1207 morabilis,
1158 1167 1220 1199 sive
1241 1165 1400 1210 privilegii
1417 1171 1473 1200 aut
1491 1165 1607 1199 indulti
1628 1174 1707 1210 apo-

955 1219 1060 1253 stolici
1081 1231 1117 1253 ex
1131 1231 1337 1264 quacumque
1353 1230 1450 1253 causa
1465 1218 1709 1264 quomodolibet

942 1279 1003 1311 pro
1029 1279 1197 1318 tempore,
1228 1274 1323 1306 etiam
1356 1278 1447 1307 motu
1478 1272 1627 1318 proprio,
1657 1283 1697 1316 pe

941 1337 1165 1371 quoscumque
1195 1327 1459 1370 praedecessores
1490 1331 1617 1366 nostros
1645 1330 1701 1358 aut

942 1390 1000 1413 nos
1020 1381 1127 1413 sors-an
1148 1380 1291 1414 concessi
1312 1385 1342 1413 et
1354 1380 1507 1421 innovati,
1522 1390 1697 1424 quoscum-

942 1444 1016 1476 que,
1037 1438 1337 1478 quautumcumque
1358 1434 1491 1468 idoneos
1509 1439 1539 1467 et
1554 1434 1690 1474 habiles,

942 1488 980 1520 ad
1002 1488 1222 1529 magisterium
1243 1488 1306 1521 sive
1324 1488 1467 1530 magistri
1485 1487 1587 1520 autin
1604 1497 1694 1520 sacra

941 1541 1102 1583 theologia
1122 1541 1263 1576 doctoris
1283 1542 1419 1584 gradum
1445 1547 1477 1575 et
1504 1541 1691 1583 dignitatem

941 1595 1185 1638 quomodolibet
1204 1596 1319 1628 efferre
1339 1601 1394 1628 aut
1414 1605 1615 1638 promovere,
1636 1605 1692 1627 seu

942 1647 1050 1681 efferri
1063 1653 1093 1682 et
1105 1649 1287 1692 promoveri
1304 1649 1491 1693 permittere
1507 1648 1630 1691 possint
1647 1652 1701 1679 aut

946 1702 1084 1742 valeant,
1096 1702 1235 1735 audeant
1254 1713 1310 1735 seu
1328 1707 1547 1746 praesumant,
1562 1700 1623 1733 nisi
1639 1701 1703 1733 sin-

945 1756 1029 1799 gulis
1038 1755 1201 1796 sexannis,
1214 1756 1246 1788 in
1259 1755 1395 1799 singulis
1408 1755 1556 1800 capitulis
1569 1765 1701 1797 genera-

942 1810 1038 1850 libus,
1053 1819 1160 1842 coram
1178 1808 1414 1850 definitoribus,
1427 1814 1457 1843 et
1468 1808 1499 1841 in
1510 1808 1579 1852 ipso
1587 1807 1700 1841 defini-

942 1863 1036 1903 torio,
1047 1868 1078 1896 et
1100 1872 1165 1895 non
1179 1863 1263 1896 ultra
1280 1862 1361 1895 duos
1381 1873 1418 1895 ex
1437 1861 1572 1905 singulis
1592 1861 1700 1894 Italiae

942 1916 1121 1961 provinciis
1137 1927 1193 1949 seu
1210 1915 1531 1959 congregationibus,
1560 1925 1597 1948 ac
1620 1914 1699 1947 alias

942 1969 1064 2010 modis,
1100 1969 1228 2009 formis,
1260 1969 1359 2009 locis,
1394 1967 1594 2012 temporibus
1623 1972 1653 1999 et
1681 1977 1698 1999 a

944 2022 1091 2067 personis
1111 2022 1323 2065 infrascriptis
1344 2021 1572 2055 examinandos
1589 2025 1620 2054 et
1638 2030 1695 2063 ap-

942 2075 1140 2120 probandos,
1163 2075 1322 2116 videlieet,
1346 2080 1379 2108 ut
1400 2075 1433 2107 in
1451 2073 1600 2118 capitulis
1618 2083 1695 2117 pro-

942 2129 1131 2162 vincialibus
1149 2155 1156 2167 ,
1191 2140 1208 2161 a
1238 2129 1327 2161 vobis
1357 2134 1387 2162 et.
1417 2127 1551 2171 singulis
1584 2127 1696 2161 vestris

942 2183 1052 2215 ltaliae
1090 2182 1262 2226 provinciis
1297 2193 1353 2215 seu
1392 2180 1696 2225 congregationibus

943 2236 1069 2269 statutis
1097 2235 1297 2279 temporibus
1325 2234 1479 2267 celebrari
1509 2234 1627 2276 solitis,
1658 2245 1695 2268 ex

943 2289 1032 2321 vohis
1052 2289 1128 2332 ipsis
1159 2294 1189 2321 et
1210 2299 1246 2320 ex
1279 2288 1413 2330 singulis
1433 2288 1620 2331 'quibusque
1647 2298 1695 2321 re-

944 2342 1082 2385 spective
1102 2342 1276 2384 provinciis
1297 2351 1352 2374 seu
1377 2330 1692 2384 congregationibus,

945 2395 969 2428 si
989 2395 1059 2428 sieri
1081 2394 1191 2438 possit,
1214 2395 1261 2427 sin
1281 2399 1400 2435 autem,
1421 2405 1458 2427 ex
1471 2394 1692 2434 vicinioribus,

944 2448 1002 2481 viri
1029 2448 1171 2491 magistri
1198 2448 1230 2480 in
1257 2459 1348 2482 sacra
1366 2449 1529 2492 theologia
1549 2449 1693 2487 moribus

945 2503 975 2530 et
995 2498 1141 2530 doctrina
1162 2497 1267 2531 idonei
1289 2499 1366 2539 duo,
1388 2498 1443 2541 qui
1463 2499 1502 2531 ad
1517 2499 1691 2542 magisterii

945 2547 1092 2589 gradum,
1111 2546 1205 2579 modo
1225 2552 1256 2579 et
1275 2547 1377 2580 forma
1395 2547 1606 2592 infrascriptis
1619 2558 1693 2592 pro-

945 2596 1117 2628 movendos
1130 2596 1324 2637 examinare,
1336 2596 1409 2630 etin
1420 2607 1533 2631 eorum
1545 2602 1575 2631 et
1586 2598 1693 2631 cuius--

946 2644 1018 2677 libet
1042 2655 1153 2678 eorum
1175 2645 1269 2678 vitam
1290 2651 1319 2679 et
1340 2657 1445 2680 mores
1462 2646 1637 2690 inquirere,
1657 2647 1693 2679 il-

1717 246 1769 277 ΑΒ.
1792 244 1820 274 C.
1849 244 1915 276 1583
