2059 3228
54 1980 58 1982 ’
46 1799 74 1942 “.·-·Ἂῧ,λῒῑ
50 1773 61 1780 ⁴
47 1736 52 1747 '

54 2278 150 2328 'iiddo-

118 611 122 615 -
159 601 245 624 sores
258 592 434 624 non-solnm
451 593 680 631 =·i;,··01·osissin1e
697 591 896 635 procedatur,

139 1756 222 1783 ,vice
239 1758 246 1784 ;

108 1816 116 1827 ·
155 1800 352 1843 porrexerint
375 1801 421 1833 vel
444 1800 571 1843 aliquod
589 1806 698 1833 eontra
715 1801 796 1833 hane
813 1801 898 1833 ordi-

331 0 414 12 ῚΙΓἿ
428 0 458 16 7⁷

319 15 322 18 .
377 18 414 31 ’,ἣ
439 20 441 22 ,

758 270 938 295 GREGORlUS

160 337 231 362 rare
253 328 339 362 omni
372 329 528 362 industria
559 335 588 364 et
621 330 785 373 diligentia
817 330 898 373 apud

160 391 390 424 quemcumque
408 382 570 415 dominum
595 376 788 426 superiorem
805 388 833 416 et
853 383 898 414 iu-

160 433 274 473 dicem,
294 439 326 466 ut
345 440 454 467 contra
473 435 547 467 tales
565 440 810 477 transgressores
827 443 898 476 pro-

158 485 288 519 cedatur
300 486 386 519 omni
402 487 479 519 iuris
494 493 522 519 et
542 488 611 519 sacti
627 486 740 529 rigore,
755 486 852 518 immo
866 485 897 517 in

158 537 305 571 omnibus
314 538 436 571 casibus
447 539 569 582 praedit-t
577 539 585 571 i
594 551 602 568 ι
612 544 719 571 contra
728 544 898 581 transgres-

158 643 211 678 sed
233 638 289 677 n‘ee
313 645 409 687 possit
433 645 494 687 peti
520 645 565 676 vel
587 644 653 676 lieri
671 644 776 686 aliqua
794 642 896 685 gratia

158 696 205 729 vel
221 696 364 729 remissio
382 707 556 740 poenarum
582 696 762 729 huiusmodi
781 696 820 727 al)
838 695 894 727 ali-

158 758 221 791 quo
244 749 387 791 praeside
412 749 458 780 vel
482 748 584 780 iudice
608 747 774 780 comitatus
790 746 897 779 Came-

159 800 243 840 rini,
267 810 324 832 nec
348 811 365 832 a
391 800 502 832 maiori
531 800 669 842 generali
701 799 748 831 vel
780 799 895 830 minori

157 852 290 885 concilio
314 858 342 885 et
369 852 564 895 magistratu;
582 852 679 884 immo
696 851 781 894 quod
805 862 898 894 super

156 904 262 948 aliqua
278 905 380 948 gratia
397 905 592 938 remissionis
609 915 784 947 poenarum
808 915 899 947 prae-

157 957 312 990 dictarum
351 957 395 989 vel
430 956 704 1000 infrascriptarum
724 984 730 997 ‚
767 968 825 990 nec
866 958 897 989 in

156 1009 291 1042 concilio
322 1009 434 1041 maiori
463 1009 509 1041 vel
533 1009 648 1041 minori
676 1019 771 1052 penes
796 1009 895 1051 magi-

156 1066 290 1094 stratum
306 1062 354 1094 vel
369 1061 514 1094 dominos
531 1063 709 1104 superiores
727 1068 756 1095 et
779 1062 898 1094 iudices

157 1114 252 1147 huius
286 1115 523 1147 communitatis
558 1126 621 1148 non
655 1117 749 1158 possit
777 1117 896 1158 porrigi

157 1167 204 1200 vel
220 1167 295 1210 poni
311 1167 417 1211 aliqua
433 1168 544 1210 petitio
561 1169 699 1211 gratiae,
718 1179 797 1210 quae
820 1174 899 1200 esset

155 1220 274 1253 directe
301 1221 348 1253 vel
370 1220 523 1253 indirecte
556 1225 668 1252 contra
701 1226 898 1263 praesentem

155 1272 299 1306 ordinem
323 1273 369 1305 vel
392 1273 530 1316 aliquam
548 1273 629 1305 illius
648 1279 769 1316 partem
787 1274 832 1305 vel
849 1283 900 1304 ca-

155 1330 230 1368 put3
253 1330 284 1358 et.
307 1325 332 1357 si
358 1325 408 1358 fiet
433 1325 537 1368 aliqua
561 1326 663 1368 gratia
678 1353 685 1366 ,
710 1326 896 1368 rescriptum

157 1378 204 1411 vel
225 1378 389 1421 abrogatio
421 1378 549 1421 quaevis
581 1378 756 1420 praesentis
789 1378 895 1410 statuti

156 1430 203 1463 vel
226 1431 358 1463 alicuius
375 1430 475 1474 partis
491 1431 568 1471 eius,
586 1431 624 1463 sit
643 1431 710 1474 ipso
729 1431 796 1463 iure
815 1432 896 1463 nulla

155 1490 187 1517 et.
209 1485 324 1517 nultius
348 1485 471 1517 roboris
497 1485 541 1516 vel
566 1486 728 1525 momenti,
745 1491 772 1517 et
793 1491 896 1517 tamen

156 1536 289 1580 priores,
307 1536 480 1569 consiliarii
509 1542 536 1569 et
557 1537 700 1579 quilibet,
719 1537 772 1580 qui
798 1537 897 1569 admi-

155 1588 230 1622 serit
255 1589 372 1622 similes
395 1589 573 1632 petitiones,
599 1590 844 1632 supplicationes
868 1596 895 1622 et

156 1640 348 1681 instantias,
372 1641 524 1684 puniatur
557 1642 595 1674 ad
628 1653 761 1684 poenam
795 1649 897 1676 scuto-

155 1704 226 1726 rum
243 1693 451 1727 ducentorum
476 1705 533 1738 pro
558 1696 696 1738 quolibet
715 1701 743 1728 et
762 1697 898 1739 qualiter

280 1752 309 1779 et
346 1747 399 1790 qui
435 1747 616 1780 huiusmodi
653 1748 897 1792 supplicationes

155 1851 316 1884 nationem
351 1852 526 1895 petierint,
549 1852 695 1885 similiter
725 1854 898 1896 puniantur

120 1927 124 1931 -
155 1904 194 1937 ad
215 1915 351 1948 poenam
375 1910 536 1937 scutorum
562 1905 781 1945 ducentorum,
799 1907 898 1949 appli-

155 1958 330 1991 eandm-um
366 1964 400 1991 ut
423 1968 539 2001 supra,
564 1968 644 2000 quae
683 1958 897 2000 intelligatur,

157 2011 327 2044 dummodo
351 2010 452 2053 gratia
476 2016 506 2043 et
530 2021 649 2053 poenae
673 2011 819 2044 remissio
836 2022 898 2044 non

157 2065 351 2098 emanaverit
373 2074 392 2096 a
409 2063 612 2096 Sanctissimo
637 2063 767 2096 domino
792 2069 899 2096 nostro

157 2117 250 2161 Papa.

200 2171 216 2214 ἓ
238 2170 269 2204 8
292 2171 329 2204 Et
344 2171 370 2204 si
386 2170 526 2204 eveneiit
543 2170 712 2212 quod,p10
729 2179 777 2212 pi
769 2168 900 2201 ‘tedicus

50 2220 149 2257 ssssbfflt
161 2223 356 2264 maritandis,
372 2223 486 2266 aliquis
508 2223 597 2255 vellet
623 2222 697 2255 dare
714 2228 743 2254 et
763 2222 897 2261 tradere,

138 2287 217 2321 p·ro
234 2276 305 2309 dote
321 2281 351 2308 et
375 2277 456 2309 dotis
480 2276 608 2308 nomine
625 2286 675 2308 res
692 2281 722 2307 et
739 2275 821 2307 bona
839 2280 901 2306 sta-

159 2329 256 2370 bilia,
279 2339 359 2372 quae
382 2329 589 2369 excederent,
614 2329 723 2371 quovis
756 2328 900 2370 quaesito

159 2385 274 2423 colore,
292 2384 431 2415 summas
455 2382 575 2414 dotium
599 2381 832 2424 praedictarum
852 2392 901 2413 re-

160 2436 316 2480 spective,
340 2445 403 2467 non
428 2434 544 2477 possint
571 2445 607 2467 ea
632 2434 722 2473 dari,
748 2433 828 2471 tradi
854 2434 901 2465 vel

161 2488 314 2532 assignari
332 2487 485 2530 possessio
503 2492 532 2519 et
549 2492 656 2519 tenuta
670 2487 826 2518 dictorum
845 2487 900 2519 bo-

161 2552 291 2581 norum,
317 2540 377 2573 nisi
402 2540 620 2573 aestimatione
646 2540 785 2582 legitima
810 2550 901 2582 prae-

161 2596 299 2635 cedente,
313 2594 451 2628 saeienda
471 2605 488 2625 a
505 2593 627 2626 duobus
645 2593 900 2625 aestimatoribus

161 2648 313 2690 eligendis
337 2653 366 2680 et
392 2647 579 2689 deputandis
603 2658 619 2679 a
644 2646 769 2690 publico
794 2652 823 2679 et
847 2657 915 2690 <ge-¹

929 330 1025 362 ncrali
1050 330 1182 363 coneilio
1206 331 1305 364 dictae
1329 330 1475 369 civitatis,
1500 329 1667 362 baliottan-

927 382 974 414 dis
990 387 1019 414 et
1043 382 1223 414 obtinendis
1247 393 1333 416 more
1350 383 1440 415 solito
1457 387 1486 415 et
1506 388 1664 415 consueto.

928 434 980 477 qui
999 439 1165 467 teneantur
1186 434 1289 466 iurare
1307 435 1345 466 ad
1363 436 1478 467 Sancta
1497 433 1549 466 Dei
1568 433 1664 465 Evan-

927 486 1016 528 gelia,
1043 486 1073 517 in
1099 485 1242 517 manibus
1267 487 1417 528 priorum,
1438 492 1468 518 et
1495 486 1534 517 ad
1558 495 1666 518 eorum

927 539 1124 577 delationem,
1139 539 1296 580 praedicta
1320 539 1401 571 bona
1426 539 1595 571 aestimare
1620 538 1666 569 iu-

926 595 973 622 sto
997 595 1022 621 et
1049 590 1247 622 convenienti
1273 591 1373 632 pretio

971 645 983 685 ,ζ’
1006 644 1035 675 a.
1062 642 1266 681 Declarantes,
1284 643 1321 673 ad
1341 643 1510 674 tollendum
1530 643 1665 681 fraudes,

927 705 1006 737 quae
1039 695 1071 727 in
1102 694 1281 738 praemissis
1312 695 1378 726 lieri
1409 700 1558 736 possent,
1583 695 1666 737 quod

929 748 1107 781 huiusmodi
1132 748 1219 780 dotes
1242 747 1366 779 alterari
1394 748 1439 778 vel
1465 747 1572 788 augeri
1604 757 1667 779 nou

928 800 1057 842 possint,
1090 805 1277 839 mercatura,
1308 800 1524 839 mercenariis,
1553 800 1668 831 exerci-

930 852 981 890 tio,
1006 858 1083 892 arte,
1108 853 1264 891 socictate,
1291 857 1433 885 monetae
1451 863 1546 884 censu
1563 863 1667 885 annuo

928 909 979 935 aut
1004 905 1064 937 alio
1088 915 1287 948 quocumque
1310 910 1481 948 praetextu,
1500 916 1533 937 ex
1551 906 1667 947 quibus

929 956 1014 988 dotes
1038 957 1215 999 praedictae
1239 964 1340 990 essent
1365 963 1474 990 auctae
1498 964 1569 990 ante
1594 968 1670 990 eon-

929 1009 1138 1042 sumationem
1163 1011 1378 1043 matrimonii:
1404 1012 1455 1044 sed
1485 1011 1664 1043 huiusmodi

929 1068 1155 1100 augumentum
1186 1068 1215 1096 et
1247 1063 1366 1096 fruetus
1391 1069 1586 1096 mercaturae
1610 1070 1664 1096 aut

929 1114 1061 1146 aliorum
1105 1115 1339 1158 praedictorum
1378 1121 1598 1148 contractuum
1636 1122 1667 1148 et

929 1167 1148 1199 exercitiorum
1173 1168 1236 1200 sint
1258 1174 1287 1200 et
1312 1168 1488 1208 pertineant
1514 1168 1554 1207 ad
1578 1169 1665 1200 illum

931 1221 974 1252 rel
1005 1221 1081 1260 illos,
1105 1221 1158 1263 qui
1191 1222 1278 1254 dotes
1308 1227 1336 1254 et
1370 1222 1482 1253 harum
1517 1221 1666 1264 pecunias

930 1273 1070 1305 miserint
1096 1279 1124 1305 et
1148 1274 1310 1316 posuerint
1329 1275 1361 1306 in
1379 1279 1566 1313 mercatura,
1586 1283 1668 1305 mer-

928 1325 1072 1366 cenariis,
1096 1331 1173 1367 arte,
1190 1326 1338 1359 exercitio
1355 1332 1383 1359 et
1402 1326 1470 1358 aliis
1488 1325 1668 1369 praedictis,

927 1382 956 1409 et
980 1388 1111 1420 sponsus
1127 1383 1156 1411 et
1174 1389 1296 1421 sponsa,
1315 1379 1446 1411 maritus
1463 1384 1492 1411 et
1509 1389 1587 1411 uxor
1605 1387 1669 1410 non

927 1431 1063 1463 sentiant
1093 1432 1215 1464 lucrum
1244 1437 1296 1464 aut
1326 1432 1498 1471 damnum,
1522 1440 1660 1463 commo-

927 1485 1000 1516 dum
1024 1489 1078 1517 aut.
1102 1485 1346 1525 incommodum,
1372 1485 1432 1516 nisi
1458 1489 1528 1527 post
1555 1493 1669 1516 consu-

928 1537 1098 1569 mationem
1123 1537 1331 1570 matrimonii.

970 1590 984 1632 ἐ
1008 1590 1059 1622 sit).
1084 1590 1159 1622 Item
1184 1589 1331 1622 statuitur
1354 1595 1385 1622 et
1401 1590 1567 1622 ordinatur
1585 1589 1668 1633 quod

928 1654 983 1685 pro
1007 1643 1142 1682 arredio,
1166 1642 1336 1675 mobilibus
1367 1654 1420 1675 seu
1452 1653 1575 1675 camera
1601 1653 1668 1675 non

927 1695 1045 1738 possint
1068 1695 1107 1727 ad
1135 1706 1294 1727 summum
1319 1696 1386 1728 dari
1411 1701 1441 1727 et
1469 1696 1663 1735 consignari,

927 1748 987 1780 nisi
1020 1748 1102 1781 bona
1133 1748 1264 1781 inferius
1293 1748 1496 1790 designanda,
1523 1749 1668 1781 videlieet

927 1801 1073 1834 camisiae
1090 1811 1277 1844 sponsarum
1295 1812 1426 1833 numero
1440 1801 1559 1839 decem,
1575 1801 1667 1843 giup-

928 1864 1169 1896 ponesnumero
1182 1854 1254 1893 duo,
1268 1855 1381 1886 valoris
1395 1860 1556 1886 scutorum
1571 1854 1667 1886 trium

928 1919 983 1952 pro
1006 1908 1145 1951 quolibet
1164 1908 1201 1939 ad
1219 1908 1303 1950 plus;
1322 1907 1435 1939 colletti
1456 1911 1528 1945 tres,
1547 1906 1665 1948 absque

928 1972 1004 1995 auro
1028 1966 1056 1993 et
1083 1966 1213 2002 argento
1238 1966 1265 1992 et
1293 1959 1424 2002 gemmis
1443 1969 1494 1989 seu
1514 1958 1608 2000 perlis
1626 1960 1672 1992 ve}

928 2015 997 2048 aliis
1021 2015 1114 2047 rebus
1138 2013 1283 2057 pretiosis
1308 2018 1358 2043 aut
1378 2011 1520 2051 ree-amis,
1539 2021 1600 2043 non
1620 2020 1669 2042 ex-

929 2067 1112 2100 cedentibus
1128 2066 1264 2098 valorem
1289 2064 1367 2097 scuti
1393 2064 1487 2095 unius
1513 2063 1581 2095 auri
1607 2073 1665 2105 pro

929 2121 1085 2163 quolibet.;
1109 2119 1271 2162 pannellae
1297 2128 1350 2149 seu
1367 2115 1530 2158 gremialia
1549 2116 1667 2150 decem,

929 2173 1039 2205 cussiae
1067 2171 1244 2210 duodecim,
1273 2168 1423 2212 eapezzoli
1454 2168 1507 2199 lini
1538 2177 1670 2199 numero

930 2225 1052 2268 viginti,
1081 2229 1110 2257 et
1143 2224 1271 2256 totidem
1302 2221 1438 2259 sudaria,
1463 2220 1569 2252 omnia
1602 2220 1669 2252 sine

930 2289 1007 2311 auro
1031 2283 1061 2310 et
1084 2282 1214 2318 argento
1239 2281 1268 2307 et
1293 2274 1361 2306 aliis
1386 2273 1479 2305 rebus
1505 2272 1669 2315 pretiosis:

932 2333 1052 2366 tobalea
1068 2341 1130 2363 una
1148 2330 1225 2362 telae
1249 2328 1369 2360 rentiae
1395 2327 1441 2359 vel
1458 2326 1558 2365 linere,
1576 2326 1670 2365 lons-ra

931 2385 1132 2417 brachiorum
1158 2387 1276 2424 septem
1300 2380 1337 2411 de
1362 2378 1474 2421 palmis
1492 2377 1592 2410 tribus
1609 2388 1667 2419 pro

930 2438 1067 2481 quolibet
1100 2434 1250 2467 brachiiu
1275 2433 1411 2474 spatolae
1445 2431 1521 2463 telae
1548 2430 1669 2462 rentiae

929 2491 976 2522 vel
1007 2488 1134 2521 alterius
1164 2487 1241 2519 telae
1273 2485 1362 2517 lineze
1393 2494 1527 2516 numero
1555 2483 1672 2515 duode-

929 2543 1001 2579 cim,
1025 2548 1055 2573 et
1079 2541 1157 2572 aliae
1182 2538 1325 2570 salvietae
1350 2546 1458 2569 omnes
1476 2546 1608 2568 numero
1628 2535 1671 2566 vi-

1060 2593 1218 2636 speculum
1250 2601 1358 2629 unum,
1390 2589 1504 2621 valoris
1538 2589 1577 2621 ad
1602 2589 1671 2630 plus

1186 2643 1368 2686 guancealia
1386 2654 1436 2676 sex
1454 2643 1531 2675 telae
1549 2641 1670 2674 rentiae

964 271 1018 294 KH!
1044 273 1092 295 PP.

928 2595 1006 2637 giuti
1023 2605 1029 2630 ;

929 2647 1022 2681 unius
1040 2645 1166 2679 lloreni:

1673 247 1720 272 An.
1740 245 1766 269 (j.
1795 245 1860 270 10?ss

1693 652 1705 671 I
1712 652 1825 672 cetui-atio.

1696 1580 1819 1600 Ari-edium.
