2059 3228
161 291 304 327 eiusdem
327 291 508 335 provinciae
533 291 703 336 Hispaniae
725 290 833 324 abbati
851 301 905 323 seu

760 235 938 261 GREGORIUS
955 235 1013 259 xm
1032 236 1080 259 Pr.

1575 226 1638 259 30⁴.)
1694 228 1746 254 An.
1766 227 1794 254 C.
1816 228 1882 255 1679

979 289 994 332 ξ
1018 289 1068 322 10.
1094 289 1280 324 Eorumdem
1306 291 1370 324 sive
1386 291 1511 324 abbatis
1524 290 1683 333 generalia
1693 295 1820 343 triengfficigff
1840 297 1884 315 aiut

164 345 283 379 vicario
295 344 435 388 generali
455 345 710 388 congregationis
726 343 905 378 huiusmodi
938 342 1000 375 sive
1025 342 1221 375 visitatorum
1262 344 1325 377 sive
1365 343 1581 387 procuratoris
1604 343 1679 376 item

148 394 197 431 vin
224 397 312 430 ltalia
335 408 392 440 pro
417 402 558 441 tempore
591 398 737 440 eligendo
775 397 907 431 subieci·
939 395 1093 431 generalis
1118 406 1249 429 munera
1289 397 1352 430 sive
1380 397 1483 430 officia
1513 396 1681 430 triennalia

168 461 247 490 mus,
271 456 303 483 et
327 450 367 483 ab
391 461 427 483 eo
445 450 623 493 dependere
641 450 848 490 decrevimus,
863 450 909 482 iu-
940 448 1025 487 sint;
1062 448 1167 481 licebit
1208 455 1314 482 tamen
1354 450 1384 483 in
1409 451 1519 483 eodem
1543 450 1683 494 capitulo

169 509 217 536 ter
239 503 310 544 alia,
336 504 602 547 quemadmodum
628 505 745 538 nostris
779 505 892 537 diversi
948 502 1088 542 :enei-ali,
1113 502 1167 535 ubi
1192 503 1356 535 manifeste
1389 504 1550 545 cognitum
1589 503 1685 536 suerit

168 557 292 597 litteris,
316 557 476 600 prioribus
501 558 643 591 videlicet
667 557 807 590 kalendis
824 557 909 591 maii.
951 556 1095 599 ·xpcdirc‚
1119 556 1245 589 eosdem
1270 566 1378 588 omncs
1411 563 1461 589 aut
1493 567 1603 589 eorum
1628 556 1685 589 ali-

168 609 318 649 secundo;
343 610 571 652 posterioribus
595 621 667 643 vero
685 637 693 650 ‚
725 615 833 642 octavo
859 609 910 640 lm·
954 621 1019 652 'uos
1043 609 1082 642 ad
1105 610 1190 642 aliud
1215 609 1388 642 triennium
1413 610 1445 641 in
1463 611 1583 651 eodem,
1601 610 1685 653 quod

171 662 278 695 lendas
301 662 381 702 iulii,
406 668 490 696 sexto
514 663 715 706 pontificatus
740 662 838 695 nostri
857 673 909 694 an-
952 662 1108 702 :ossei-int,
1132 662 1246 702 officio,
1272 673 1329 695 nec
1353 663 1444 701 ultra,
1475 663 1685 701 confirmare;

168 715 219 755 nis
243 715 333 756 datis,
358 716 481 757 plenius
505 715 695 748 continetur.
955 716 995 757 pii
1022 716 1158 756 tandem,
1182 715 1222 748 ab
1246 716 1362 748 eisdem
1387 717 1572 750 muneribus
1595 717 1685 749 abso-

212 767 228 811 ἓ
252 767 281 803 6.
306 769 454 802 Iubemus
478 769 584 812 itaque
609 769 773 802 universos
795 775 826 803 et
849 769 911 801 sin·
956 769 1011 808 uti,
1035 769 1144 801 saltem
1169 779 1226 811 per
1249 768 1332 800 al-ud
1357 768 1600 802 similetriennii
1616 780 1686 813 spa·

173 822 263 864 gulos
294 822 436 855 eiusdem
461 822 716 865 congregationis
748 822 777 856 S.
809 822 911 855 Basilii
947 822 1022 853 1ium
1046 822 1149 854 officio
1173 826 1292 854 vacent.

171 875 314 916 abbates,
340 876 461 919 priores
475 881 503 908 et
528 876 694 919 praelatos,
711 886 836 909 necnon
850 886 911 908 mo·
989 876 1003 918 ἓ
1027 876 1077 908 tl.
1102 876 1257 917 Ceterum,
1281 875 1307 908 si
1331 875 1415 908 dicto
1438 875 1603 908 Guillelmo
1619 885 1687 908 car-

173 929 291 964 naclios
307 934 335 962 ct
355 929 430 962 alias
451 939 665 972 quascumque
678 939 838 972 personas,
857 928 913 971 ipsi
957 929 1041 961 linali
1066 934 1093 961 et
1120 939 1177 971 pro
1193 933 1335 972 tempore
1351 928 1427 961 dicti
1440 928 1568 962 Ordinis
1584 934 1689 972 prote-

173 981 280 1014 abbati
305 982 454 1024 generali,
473 987 634 1025 tamquam
651 983 794 1015 membra
810 982 915 1025 capiti,
958 983 1023 1015 ¹tori
1050 982 1209 1014 videbitur
1247 987 1486 1025 opportunum,
1516 992 1551 1014 ac
1576 992 1689 1024 quous-

174 1040 202 1067 et
229 1045 338 1067 eorum
364 1034 504 1077 legitimo
522 1036 691 1079 superiori,
709 1037 741 1069 in
757 1036 917 1076 omnibus,
961 1046 1008 1077 [ue
1033 1035 1082 1067 ille
1106 1034 1138 1068 id
1161 1035 1307 1077 expedire
1331 1034 1498 1075 censuerit,
1524 1034 1690 1067 consilium

175 1096 256 1129 quae
280 1087 320 1120 ad
351 1087 490 1120 officium
520 1089 641 1122 abbatis
664 1090 819 1132 generalis
849 1100 918 1132 per·
959 1095 977 1121 ·t
1002 1089 1153 1122 auxilium
1193 1088 1328 1122 alicuius
1355 1088 1480 1121 abbatis
1518 1097 1692 1131 congrega·

179 1138 291 1179 tinent3
321 1149 495 1184 eorumque
519 1142 644 1175 animae
669 1144 800 1176 salutem
826 1154 919 1186 regu-
953 1142 1045 1175 tionis
1070 1142 1274 1183 Cassinensis,
1300 1143 1333 1175 in
1351 1141 1534 1175 huiusmodi
1547 1140 1692 1184 capitulis

1723 875 1822 901 Capitale
1835 880 1888 900 1)ιέ-

1697 903 1769 922 siden
1804 902 1888 925 eligen-

1698 930 1738 949 dus
1752 935 1765 948 ι
1780 929 1886 948 cardinal}

1699 958 1826 980 protectore.

177 1193 314 1237 larisque
353 1194 571 1229 observantiae
602 1198 758 1231 rationem
791 1208 919 1231 concer-

139 1246 143 1251 '
179 1252 268 1287 nunt,
285 1253 431 1291 prompte
454 1255 485 1282 et
508 1249 671 1284 humiliter
693 1252 832 1285 obedire.

220 1299 236 1343 ἓ
261 1299 289 1333 7.
314 1300 352 1334 Et
383 1308 414 1334 ut
446 1302 586 1344 habitus,
603 1304 658 1347 qui
686 1304 822 1337 exterius
839 1303 922 1346 geri-

180 1357 241 1395 tur,
273 1354 428 1397 religiosis
460 1357 575 1390 mentis
606 1357 770 1391 affectibus
803 1356 922 1400 pariter

181 1408 379 1449 respondeat,
396 1409 563 1443 statuimus
591 1416 625 1443 ut
651 1421 761 1444 omnes
792 1420 923 1452 congre-

182 1459 318 1507 gationis
334 1460 476 1495 eiusdem
493 1464 686 1506 professores
703 1463 850 1496 eumdem
869 1462 923 1494 ha-

181 1512 282 1546 bitum
307 1524 325 1546 a
348 1515 475 1548 novitiis
500 1516 683 1550 distinctum
707 1528 743 1550 ex
760 1526 865 1559 panno
879 1517 924 1548 ni-

182 1566 231 1608 gri
255 1568 368 1601 coloris
389 1579 459 1601 cum
483 1570 609 1612 caputio
630 1570 693 1603 sive
717 1570 837 1603 cuculla
860 1580 924 1601 mo-

183 1620 283 1652 nacali
301 1621 431 1654 omnino
450 1623 600 1663 deserant,
617 1623 723 1663 veluti,
741 1633 778 1655 ex
795 1622 925 1664 antiquo

183 1673 323 1706 eiusdem
356 1674 483 1712 Ordinis
522 1676 666 1708 instituto
694 1674 790 1718 prisci
822 1678 926 1716 patres

184 1731 212 1760 et
231 1727 378 1759 monachi
395 1733 518 1771 gestare
535 1729 687 1763 solebant.

227 1780 242 1823 ἓ
265 1779 296 1814 8.
327 1780 430 1823 thue
472 1791 583 1814 omnes
622 1782 762 1814 eiusdem
801 1781 927 1814 Ordinis

186 1833 289 1878 Sancti
314 1834 418 1867 Basilii
450 1835 597 1868 monachi
622 1841 649 1867 et
678 1835 816 1877 religiosi
832 1862 839 1875 ,
872 1835 925 1878 qui

43 1871 219 1945 ἴωῗῗαῇῐι
250 1888 333 1920 dicto
357 1888 474 1921 Ordine
498 1889 560 1921 iam
584 1889 712 1922 admissi
738 1894 831 1929 sunt,
857 1899 927 1931 pro-

84 1929 92 1951 ⁸
185 1941 352 1978 sessionem
378 1943 554 1983 regularem
582 1943 722 1976 eiusdem
755 1942 881 1976 Ordinis
898 1943 928 1974 in

186 1995 333 2032 manibus
361 1995 495 2036 abbatis,
527 1996 553 2028 si
567 1995 611 2028 ibi
632 1996 737 2037 suerit,
755 1997 801 2029 vel
814 1997 930 2040 prioris

187 2049 382 2089 monasterii,
400 2050 434 2081 in
463 2061 525 2093 quo
544 2050 754 2093 reperientur,
787 2062 930 2094 expresse

187 2102 342 2137 emittant.
375 2095 526 2147 Deinceps
558 2114 631 2137 vero
663 2115 756 2137 nemo
782 2105 815 2137 in
847 2105 931 2138 dicto

189 2154 306 2190 Ordine
323 2155 469 2199 illiusque
494 2157 704 2195 monasteriis,
730 2158 768 2190 ad
792 2158 930 2192 eiusdem

190 2210 316 2247 Ordinis
347 2209 493 2243 habitum
525 2211 726 2253 regularem,
751 2211 814 2244 sive
839 2212 932 2244 tacite

191 2265 255 2299 sive
278 2275 433 2307 expresse,
456 2264 665 2306 admittatur,
693 2265 754 2298 nisi
775 2266 808 2298 in
833 2271 933 2299 aetate

191 2318 334 2361 legitima
357 2318 558 2359 constitutus,
575 2329 659 2351 anno
668 2318 796 2351 demum
810 2319 934 2361 integro

192 2372 226 2405 in
250 2371 448 2415 probatione,
466 2371 551 2404 iuxta
567 2371 708 2404 eiusdem
725 2371 848 2404 concilii
866 2373 934 2404 Tri-

193 2426 314 2459 dentini
339 2425 475 2465 decreta,
498 2424 681 2467 perstiterit.

237 2480 252 2523 ἓ
275 2479 305 2512 9.
322 2478 474 2512 Generale
491 2482 596 2510 autem
613 2477 798 2520 capitulum,
823 2478 857 2511 in
874 2489 936 2521 quo

51 2529 186 2583 ’ᾞῗῃξξζ
198 2533 234 2566 de
258 2532 384 2566 Ordinis
406 2530 561 2575 praedicti
585 2531 811 2563 reformatione
835 2536 866 2563 et
889 2541 938 2563 re-

49 2583 99 2631 ᾞ·
130 2584 179 2608 ⁰⁰⁸¹
199 2585 300 2628 gulari
323 2584 524 2618 observantia
547 2583 706 2626 agendum
737 2583 798 2617 erit
814 2611 822 2625 ,
846 2584 939 2620 tertio

199 2649 325 2683 quoque
349 2648 433 2672 anno
457 2637 643 2671 celebretur.

950 1195 1155 1236 celebrandis,
1180 1207 1215 1229 ex
1238 1196 1333 1239 longa
1356 1195 1583 1229 consuetudine
1599 1199 1692 1228 etex-

953 1249 1106 1291 perientia
1129 1250 1253 1293 plenius
1278 1251 1434 1291 instructi,
1459 1251 1499 1283 ad
1516 1250 1620 1293 ipsum
1644 1258 1694 1280 ca-

954 1303 1085 1345 pitulum
1111 1308 1257 1348 generale
1291 1307 1407 1351 poterit
1445 1303 1616 1344 adhiberi,
1640 1301 1693 1345 qui

953 1355 1093 1389 eiusdem
1129 1360 1317 1402 protectoris
1364 1359 1551 1393 auctoritate
1598 1356 1692 1389 etiam

955 1408 1055 1441 eidem
1080 1411 1216 1454 capitulo
1241 1413 1416 1456 praesideat
1441 1411 1592 1455 generali.

997 1461 1012 1504 g
1036 1461 1085 1495 1⁶2.
1110 1464 1144 1496 ln
1169 1466 1302 1509 singulis
1315 1477 1388 1500 vero
1401 1466 1547 1509 capitulis
1563 1459 1800 1510 genera-c„¹;,‘{,⁶,¹1¹{¹
1827 1457 1894 1505 ’3ζῖξῖ

956 1512 1037 1547 libus
1061 1516 1156 1559 locus,
1182 1519 1215 1551 in
1239 1530 1302 1563 quo
1326 1520 1468 1564 proxime
1491 1519 1634 1551 futurum
1647 1516 1791 1549 ca-ffl‘uf‘

957 1572 1090 1615 pitulum
1114 1574 1261 1614 generale
1285 1573 1509 1606 celebrandum
1542 1572 1592 1612 sit,
1617 1570 1697 1603 desi-

957 1631 1078 1667 gnetur.

999 1679 1013 1722 ἕ
1038 1679 1090 1713 13.
1116 1680 1286 1713 Electiones
1323 1686 1428 1713 autem
1459 1689 1515 1723 per
1550 1676 1899 1728 suffragiasecmffeggoffssgg

958 1738 1076 1765 secreta
1100 1733 1200 1773 fiant,
1239 1738 1333 1776 prout
1373 1732 1498 1765 concilii
1522 1729 1698 1763 Tridentini
1709 1736 1750 1759 giis
1763 1735 1825 1754 fmu-

961 1786 1109 1827 praedicti
1135 1786 1269 1819 decretis
1292 1791 1335 1819 est
1361 1790 1523 1819 statutum.

1002 1838 1016 1881 §
1040 1839 1091 1872 14.
1116 1839 1161 1872 Ad
1186 1839 1274 1879 haec,
1291 1845 1324 1872 ut
1342 1839 1401 1883 ipsi
1418 1837 1566 1872 monachi
1583 1837 1700 1880 degen·
1709 1828 1900 1877 rmnssoffissffi

1709 1885 1737 1904 tis
1755 1887 1831 1902 mensa
1849 1885 1900 1899 con-

962 1898 1005 1924 tes
1031 1892 1062 1924 in
1081 1892 1291 1933 monasteriis,
1309 1892 1341 1924 in
1359 1892 1475 1935 quibus
1498 1899 1607 1923 mensa
1624 1898 1699 1922 con·
1710 1909 1820 1930 vamum„
1833 1907 1902 1926 suas·

962 1945 1113 1977 ventualis
1137 1955 1201 1977 non
1225 1951 1272 1978 est
1295 1945 1335 1977 ab
1359 1943 1507 1977 abbatiali
1533 1946 1677 1985 separata
1695 1933 1903 1986 ,ῗζξζῗξῗοζζ

961 2009 1104 2041 quaeque
1143 1998 1265 2031 clericis
1303 1997 1516 2031 saecularibus
1553 2002 1584 2028 et
1608 1994 1678 2027 aliis
1695 1988 1903 2040 ,ξζξξζῗήζοζζ

963 2053 1189 2094 cuiuscumque
1213 2051 1331 2094 gradus
1355 2056 1385 2083 et
1409 2048 1582 2092 dignitatis,
1606 2046 1832 2088 etiam‘gxssfioffi',
1851 2045 1904 2085 ,¹332

964 2107 986 2138 si
1005 2105 1218 2138 cardinalatus
1234 2104 1355 2137 honore
1371 2102 1599 2146 praefulgeant,
1617 2111 1703 2134 com·
1711 2096 1816 2143 {sffif'm
1841 2092 1904 2112 ὠ·

966 2158 1111 2191 mendata
1135 2163 1217 2197 sunt,
1234 2157 1393 2200 obsequiis
1410 2155 1559 2188 Altissimi
1572 2154 1703 2187 liberius

964 2223 1073 2245 vacare
1105 2211 1250 2255 possint,
1286 2220 1426 2243 mensam
1465 2208 1702 2241 conventualem

964 2276 981 2297 a
1008 2275 1118 2297 mensa
1145 2264 1295 2296 abbatiali
1335 2263 1560 2305 distinguimus
1578 2290 1585 2302 ,
1610 2268 1640 2295 et
1663 2263 1704 2294 ab

964 2318 1081 2350 eisdem
1105 2316 1320 2355 monasteriis,
1346 2326 1509 2359 quousque
1535 2316 1586 2348 illa
1617 2326 1704 2348 com-

966 2371 1111 2404 mendata
1134 2370 1260 2409 suerint,
1284 2379 1352 2401 eam
1366 2369 1519 2402 bonorum
1534 2369 1707 2408 stabilium,

968 2424 1194 2469 proprietatum
1236 2422 1417 2466 iuriumque
1451 2426 1575 2464 partem
1592 2449 1600 2462 ,
1624 2432 1706 2464 quae

967 2486 1070 2511 tamen
1094 2476 1176 2508 inter
1200 2475 1374 2507 immobilia
1405 2480 1612 2516 censeantur,
1637 2486 1707 2518 pcr-

968 2537 1061 2575 petuo
1085 2529 1349 2562 dismembramus
1387 2532 1480 2571 atque
1512 2528 1683 2561 dividimus
1700 2555 1707 2565 ‚

969 2595 1048 2628 quae
1072 2583 1111 2615 ad
1127 2581 1272 2614 alendum
1290 2581 1416 2614 solitum
1433 2581 1661 2614 monachorum
1679 2588 1708 2613 et

969 2638 1187 2671 ministrorum
1212 2645 1392 2676 numerum,
1416 2645 1452 2670 ac
1475 2634 1592 2667 victum
1616 2640 1643 2667 et
1661 2644 1710 2665 ve-
