2059 3228
53 255 81 285 (2.
99 255 166 284 1578

775 257 953 285 GREGORIUS
970 258 1025 283 xm
1044 259 1093 282 Pr.

164 325 266 350 -sonas
290 313 450 348 Societatis
486 312 666 347 huiusmodi
699 324 717 346 a
752 313 914 356 quibusvis

175 367 517 407 excommunicationis,
542 367 753 410 sospensionis
772 371 803 400 et
820 366 914 398 inter-

165 420 251 454 -dicti
290 420 419 463 aliisque
465 419 680 453 ecclesiasticis
726 417 889 451 sententiis
906 444 913 457 ,

161 472 315 506 ·censuris
338 477 368 505 et
393 473 510 514 poenis,
536 484 553 505 a
570 473 638 505 inre
656 473 701 505 vel
718 472 757 504 ab
774 470 913 510 homine,

175 524 282 567 quavis
291 524 453 557 occasione
469 526 515 559 vel
532 536 634 565 causa,
651 524 729 564 latis,
749 523 773 556 si
800 523 914 565 quibus

175 575 405 619 quomodolibet
435 576 575 609 innodati
603 577 747 616 existant,
777 576 816 607 ad
841 575 914 608 etl'c-

175 632 259 660 ctum
283 628 496 670 praesentium
520 629 677 661 dumtaxat
720 638 913 671 consequen-

175 680 258 720 dum,
284 680 396 713 harum
422 681 501 713 serie
525 682 719 714 absolventes
742 686 773 713 et
791 681 915 712 absolu-

173 738 221 766 tos
243 733 308 766 fore
339 739 523 773 censentes;
557 744 680 766 necnon
719 733 914 774 singularum

173 784 348 818 litterarum
372 787 604 830 praedictarum
629 786 765 819 veriores
780 792 914 824 tenores,

173 848 209 870 ac
243 849 513 882 quarumcumque
547 839 649 871 litium
684 845 715 872 et
748 850 913 872 causarum

173 900 266 934 super
283 891 463 934 praemissis
479 892 541 924 iam
559 892 664 925 forsan
683 899 838 925 motarum
855 899 914 924 sta-

173 946 239 975 tum
263 948 294 990 et
317 943 438 983 merita,
464 945 657 988 nominaque
681 951 710 978 et
727 946 915 988 cognomina

136 1034 140 1039 ·
172 993 313 1027 iudicum
340 1001 370 1028 et
393 996 634 1039 collitigantium
653 1025 660 1039 ,
686 1010 721 1031 ac
756 999 862 1031 titulos
886 1005 912 1031 ct

173 1047 243 1080 iura
266 1059 385 1089 eorum,
410 1051 628 1092 praesentibus
651 1062 708 1093 pro
726 1051 916 1084 sufficienter

163 1101 510 1144 ‚expressishabentes
530 1103 627 1146 ipsius
648 1104 819 1147 praepositi
844 1115 915 1147 sup-

161 1152 395 1195 -plicationibus
411 1154 444 1186 in
471 1155 528 1187 hac
556 1160 644 1198 parte
661 1156 813 1197 inclinati,
832 1158 916 1189 volu-

172 1216 252 1246 mus,
269 1217 304 1239 ac
322 1206 467 1240 Societati
487 1208 630 1251 illiusque
646 1209 801 1249 domibus,
821 1209 915 1241 ctiam

164 1258 378 1302 ¹probationis,
406 1260 545 1302 collegiis
571 1265 602 1293 et
625 1261 768 1303 personis
792 1262 916 1304 praedi-

173 1312 231 1345 ctis
257 1313 366 1346 eadem
394 1313 579 1346 auctoritate
607 1314 809 1347 concedimus
833 1314 915 1357 quod

172 1365 314 1408 singulae
345 1366 467 1399 litterae
490 1366 668 1410 praedictae
683 1394 690 1407 ‚
715 1378 786 1399 cum
811 1378 915 1400 exem-

162 1418 297 1462 ptionis
312 1419 485 1462 ceterisque
501 1419 649 1452 omnibus
666 1424 696 1452 et
723 1420 857 1463 singulis
882 1421 913 1452 in

171 1471 217 1504 eis
233 1472 388 1505 contentis
405 1473 551 1506 clausulis
569 1478 597 1505 et
616 1473 760 1512 decretis,
790 1485 913 1517 proces-

171 1535 285 1568 susque
303 1524 402 1557 habiti
419 1535 476 1567 per
499 1525 624 1558 easdem
649 1536 684 1558 ac
710 1525 782 1558 inde
809 1532 913 1559 secuta

160 1587 388 1620 -quaecumque
412 1578 544 1618 valeant,
570 1579 758 1622 plenamque
788 1580 912 1612 roboris

170 1630 352 1664 firmitatem
369 1631 577 1671 obtineant;et
590 1632 645 1673 eis,
660 1633 913 1676 quibusconces-

170 1694 212 1717 see
227 1684 373 1725 existunt,
387 1690 539 1728 perpetuo
553 1685 912 1727 stiffi-ugenturinomni-

163 1738 229 1770 *bus
244 1744 276 1771 et
306 1749 362 1782 per
387 1738 505 1778 onmia,
530 1738 661 1780 perinde
694 1750 729 1771 ac
746 1739 770 1771 si
796 1739 829 1771 in
853 1740 913 1772 illis

169 1794 206 1826 de
229 1792 452 1826 constitutione
484 1791 658 1824 Innocentii
694 1792 912 1834 praedecesso-

169 1846 213 1879 ris
235 1850 266 1879 εἰ
290 1845 369 1878 sacri
398 1843 523 1877 concilii
548 1844 702 1886 generalis
730 1844 910 1877 huiusmodi

159 1897 312 1941 *specifica
337 1902 368 1930 et
391 1907 536 1940 expressa
561 1897 681 1930 mentio
704 1897 795 1937 sacta,
820 1898 911 1941 eique

160 1951 343 1995 specialiter
366 1955 397 1983 et
420 1961 561 1993 expresse
586 1950 770 1994 derogatum
789 1950 905 1990 suisset,

168 2008 260 2047 prout
292 2013 349 2036 nos
372 2002 474 2035 eidem
506 2002 749 2043 constitutioni,
776 2003 814 2035 ad
838 2003 911 2035 effe—

170 2061 255 2089 ctum
271 2055 490 2098 praemissum,
508 2055 685 2098 specialiter
710 2060 737 2088 et
757 2066 909 2098 expresse,

169 2108 283 2141 harum
307 2108 386 2141 serie
411 2108 608 2150 derogamus.
635 2108 843 2141 Decernentes
868 2109 910 2141 ita

168 2162 202 2194 in
225 2162 474 2205 quibuscumque
499 2161 622 2201 causis,
647 2161 857 2204 pendentibus
881 2167 911 2194 et

168 2214 290 2254 futuris,
315 2225 371 2257 per
394 2226 607 2257 quoscumque
632 2215 751 2248 iudices
774 2220 804 2248 et
827 2226 911 2248 com-

170 2267 339 2308 missarios,
368 2267 476 2309 quavis
500 2268 686 2300 auctoritaie
720 2268 885 2311 fungentes
902 2296 909 2309 ‚

168 2319 303 2353 iudicari
327 2325 357 2352 et
380 2319 503 2353 definiri
534 2321 652 2360 lebere,
676 2321 802 2354 irritum
835 2333 910 2365 quo—

161 2385 230 2417 ·que
254 2379 283 2406 et
308 2373 401 2405 inane
418 2373 569 2416 quicquid
591 2385 679 2407 secus
703 2386 796 2418 super
820 2376 869 2408 liis
893 2387 909 2408 a

160 2438 338 2472 quoquam,
363 2427 472 2470 quavis
488 2429 684 2469 auctoritate,
712 2430 848 2463 scienter
866 2432 909 2463 vel

24 2596 110 2618 nstantia
124 2598 162 2618 tol-

170 2481 363 2524 ignoranter,
387 2479 554 2522 contigerit
577 2483 735 2515 attentari.

163 2545 166 2548 ·
213 2534 272 2577 §5
289 2534 357 2567 Non
375 2533 572 2567 obstantibus
594 2535 656 2567 litis
673 2537 860 2577 pendentiis,
885 2539 908 2570 si

171 2599 249 2631 quae
273 2588 345 2628 sint,
370 2592 397 2620 et
416 2587 485 2619 aliis
503 2587 692 2630 praemissis3
706 2599 742 2620 ac
759 2588 910 2622 Innocen-

1583 248 1646 282 ‘¹99

943 312 975 344 lii
1001 311 1178 344 huiusmodi
1203 313 1333 355 aliisque
1350 312 1537 356 apostolicis,
1563 323 1683 344 necnon

944 365 975 396 in
1000 363 1242 406 provincialibus
1266 370 1293 396 et
1319 365 1520 407 synodalibus
1543 364 1683 397 conciliis

943 416 1044 456 editis,
1069 417 1268 458 generalibus
1293 418 1337 449 vel
1362 417 1548 460 specialibus
1568 418 1685 450 consti-

944 469 1118 502 tutionibus
1141 475 1170 501 et
1195 470 1456 507 ordinationilms,
1481 481 1515 503 ac
1539 471 1686 504 omnibus

945 520 1022 561 illis,
1047 532 1126 563 quae
1151 521 1182 554 in
1208 522 1338 564 singulis
1373 523 1483 555 litteris
1517 523 1686 566 praedictis

943 584 1121 617 expressum
1157 575 1215 607 suit
1254 586 1317 607 non
1352 576 1476 609 obstare
1509 577 1684 619 ceterisque

944 626 1110 659 contrariis
1134 627 1393 670 ‹ptibuscttuique.

987 680 1001 721 ἓ
1025 679 1054 712 6.
1079 680 1225 711 Volumus
1250 686 1353 712 autem
1379 681 1461 722 qnod
1501 681 1683 713 carumdem
1695 675 1884 727 „„,¹s1⁵,‘,³5‘}¹‘',„5¹1‚'332

945 732 1155 773 praesentium
1183 732 1386 774 transumptis
1411 737 1463 764 ele.

988 785 1097 817 [latum
1123 785 1237 817 Romae
1263 785 1345 828 apud
1374 786 1403 817 S.
1440 785 1591 825 Petrum,
1627 785 1686 817 sub

944 838 1060 870 annulo
1077 838 1252 877 Piscatoris,
1267 838 1317 871 die
1335 838 1488 870 iianuarii
1505 849 1686 879 MDLxxV111,

946 891 1144 933 pontificatus
1169 891 1266 923 nostri
1292 902 1376 924 anno
1393 901 1434 923 vi.

987 943 1054 976 Dat.
1067 944 1141 976 (liel
1164 944 1298 977 ianuarii
1318 944 1531 987 11578‚p0ntif.
1545 954 1628 977 anno
1646 954 1685 976 vt.

948 1143 1151 1187 Confirmatio
1173 1147 1365 1189 oratiarum,
1383 1148 1616 1190 eoemnptionum
1643 1153 1689 1180 αι-

987 1209 1046 1240 que
1062 1199 1335 1241 imlalgyrntiarum
1360 1201 1604 1242 eonqreqaliom's
1620 1202 1688 1243 fra-

987 1254 1073 1283 cram
1096 1252 1297 1284 [escatorem.
1320 1252 1350 1284 S.
1375 1253 1572 1295 Hieronymi.

1158 1341 1294 1376 Gregorius
1317 1342 1387 1377 Papa
1408 1341 1465 1370 xlll.

945 1389 1041 1418 Dilecta
1056 1390 1104 1422 titi,
1119 1391 1229 1418 satutem
1244 1394 1271 1419 et
1284 1392 1450 1426 apostoticam
1473 1392 1684 1421 benedictionem.

1701 248 1751 276 Au.
1771 251 1797 277 C.
1820 251 1886 277 1578

987 1472 1159 1515 Spectatus,
1184 1473 1237 1515 qui
1263 1473 1294 1505 in
1314 1473 1475 1513 castitatis,
1493 1475 1688 1518 paupertatis
1734 1485 1800 1519 causa
1823 1488 1887 1507 nutus

943 1529 972 1557 et
1007 1525 1204 1559 obedientiae
1239 1528 1414 1570 praeceptis
1451 1529 1619 1571 diligenter
1657 1520 1721 1561 et⁰⁰

942 1583 1046 1611 exacte
1070 1579 1281 1612 custodiendis
1305 1580 1337 1612 in
1362 1581 1448 1613 vobis
1472 1582 1581 1622 elucet,
1606 1581 1686 1614 Reli-

943 1631 1045 1674 gionis
1068 1633 1161 1672 zelus,
1186 1643 1248 1675 quo
1272 1634 1360 1672 duee,
1386 1633 1527 1666 coelestis
1551 1634 1686 1666 beatitu—

942 1684 1024 1717 dinis
1059 1685 1182 1718 assidua
1207 1687 1506 1739 contemplatione„
1530 1687 1593 1720 sive
1617 1696 1685 1719 eor-

942 1736 1027 1778 poris
1044 1737 1211 1770 atllietione
1227 1738 1289 1771 sive
1306 1739 1459 1771 orationis
1472 1745 1595 1772 sanctae
1621 1745 1685 1773 stu-

942 1790 993 1822 dio
1009 1795 1119 1823 contra
1133 1790 1263 1823 humani
1275 1791 1398 1833 generis
1408 1792 1622 1825 adversarium
1632 1804 1685 1826 vos

942 1842 1154 1883 communitis,
1171 1854 1227 1876 nos
1245 1845 1396 1877 inducunt
1423 1849 1457 1877 ut
1482 1846 1540 1886 liis,
1564 1857 1643 1888 quae
1667 1857 1684 1878 a

943 1896 1241 1937 praedecessoribus
1266 1898 1382 1931 nostris
1405 1899 1443 1931 ad
1469 1904 1588 1931 vestrae
1611 1909 1686 1931 con*

941 1950 1134 1993 gregationis
1159 1951 1254 1983 decus
1272 1977 1279 1987 ,
1303 1952 1501 1984 commodum
1539 1956 1568 1984 et
1591 1962 1683 1984 orna-

941 2009 1081 2036 mentum
1107 2014 1141 2039 ac
1166 2004 1345 2036 animarum
1376 2005 1506 2036 salutem
1538 2015 1683 2037 concessa

940 2063 1025 2094 sunt,
1052 2056 1240 2100 apostolicae
1271 2057 1429 2089 firmitatis
1465 2058 1562 2090 robur
1590 2058 1685 2090 adiit-

940 2109 1082 2149 ciamus,
1118 2109 1255 2151 aliasque
1291 2110 1424 2152 desuper
1458 2110 1681 2153 disponamus,

942 2167 1033 2204 prout
1057 2161 1088 2192 in
1113 2161 1244 2194 Domino
1269 2162 1479 2203 conspicimus
1503 2163 1659 2206 expedire.

983 2215 997 2257 ᾖ
1022 2214 1051 2246 ’1.
1075 2214 1197 2246 Dudum
1222 2214 1374 2256 siquidem
1401 2214 1497 2246 felicis
1531 2216 1680 2248 &ecorda-

940 2268 1035 2301 tionis
1051 2268 1200 2300 Martinus
1213 2268 1294 2310 Papa
1308 2268 1446 2309 «quintus,
1460 2268 1679 2310 praedecessor
1689 2276 1770 2321 {2353

940 2326 1054 2361 noster,
1080 2326 1199 2353 vestrae
1219 2326 1483 2361 congregationis,
1509 2331 1588 2363 quae
1605 2327 1679 2355 tunc

939 2380 1039 2408 essent
1065 2381 1093 2407 et
1119 2375 1151 2406 in
1176 2379 1333 2417 posterum
1360 2373 1480 2413 forent,
1505 2385 1655 2417 personas
1673 2402 1680 2415 ‚

940 2430 1087 2467 oratoria,
1112 2429 1221 2460 domos
1234 2432 1325 2468 atque
1343 2427 1418 2463 loca,
1446 2432 1625 2459 constructa
1649 2434 1677 2460 et

940 2482 1157 2521 construenda,
1175 2481 1364 2521 ubicumque
1382 2479 1482 2512 forent
1499 2481 1677 2520 constituta,

939 2537 1009 2569 cn'm
1035 2535 1187 2579 personis,
1212 2533 1332 2565 iuribus
1349 2537 1375 2564 et
1392 2533 1590 2575 pertinentiis
1607 2545 1678 2567 nec-

941 2601 1001 2621 non
1038 2587 1308 2631 possessionibus,
1334 2586 1427 2618 relnts
1450 2591 1478 2619 et
1504 2587 1595 2619 bonis
1620 2588 1678 2620 sul)

173 2642 206 2674 tii
230 2640 476 2685 praedecessoris
493 2645 523 2672 et
548 2651 601 2673 seu
626 2641 779 2683 generalis
807 2643 1025 2676 conci-iSedis
1049 2641 1241 2685 Apostolicae
1265 2640 1457 2682 protectione
1482 2641 1626 2684 suscepit.

1725 1515 1834 1533 nstitiuion

1731 2221 1836 2241 Martinus
1868 2219 1884 2241 V

1692 2249 1745 2267 lianc
1765 2254 1883 2272 congrega-

1802 2281 1881 2299 appro-
