2059 3228
18 203 43 223 u.
53 195 82 223 G.
96 195 160 225 1573

183 312 437 353 constitutorum;

224 364 240 407 ἓ
264 364 293 397 5.
311 365 426 409 illaque
445 377 480 399 ae
499 367 529 399 in
549 369 688 413 propriis
704 380 813 403 eorum
831 371 924 403 rebus

12 412 210 461 irpffffiffiget
227 417 318 449 bonis
334 428 405 450 cum
428 419 473 451 eis
497 423 719 456 contrahentes
735 434 753 456 a
770 423 923 456 solutione

19 467 211 519 ffigfgffiffljet
234 470 395 503 exactione
419 483 693 518 quorumcumque
717 477 853 519 pedagii,
870 488 923 520 ga—

11 520 288 573 ⁸2⁴¹0⁴³¹ffl2¹¹²·bellae,
314 522 488 565 bollettini,
514 527 708 561 decimarum
733 534 763 562 et
787 530 922 563 cuiusvis

179 574 318 615 alteriuS,
337 580 400 609 tam
425 579 578 612 ordinarii
597 591 691 623 quam
709 582 922 614 extraordina-

177 626 218 659 rii
242 628 356 669 oneris,
375 640 411 662 ex
434 642 632 677 quacumque
649 644 742 666 causa
760 635 921 677 imposito-

177 689 250 712 rum
267 685 295 713 et
314 680 589 725 imponendorum,
604 686 768 719 eximimus
784 692 815 720 et
832 698 920 730 pror-

177 742 231 765 sus
255 733 437 777 liberamus,
456 748 491 769 ac
509 738 568 770 sub
585 738 668 771 beati
686 739 768 772 Petri
785 744 812 772 et
832 739 919 772 Sedis

174 785 369 828 Apostolicae
400 794 494 833 atque
518 796 626 824 nostra
649 793 844 834 protectione
868 805 918 826 su-

175 829 337 881 scipimus,
355 842 509 885 nobisque
532 849 563 876 et
586 844 687 878 dictae
712 846 782 879 Sedi
809 847 918 880 imme-

175 888 260 924 diate
285 893 480 936 subiieimus,
505 906 541 929 ac
564 897 690 939 liberos,
708 899 864 933 immunes
887 907 916 934 et

173 950 333 987 exemptos
357 947 564 982 declaramus.

217 996 232 1038 ἓ
256 996 285 1030 6.
309 998 409 1042 Atque
433 1000 563 1045 insuper
591 1004 693 1037 eidem
726 1006 855 1050 collegio
886 1013 916 1040 et

26 1051 163 1099 most-8⁸:²-
173 1048 378 1093 scholaribus,
397 1055 574 1089 rectoribus
590 1063 619 1089 et
637 1059 913 1101 gubernatoribus,

152 1091 207 1134 ‘ut
229 1104 377 1137 omnibus
400 1111 431 1138 et
455 1108 707 1153 quibuscumque
731 1112 913 1155 privilegiis,

170 1157 423 1199 exemptionibus
436 1187 444 1200 ,
470 1161 670 1196 libertatibus
683 1191 690 1205 ‚
715 1165 914 1198 facultatibus

168 1212 199 1240 ct
223 1208 365 1248 indultis,
390 1213 507 1255 quibus
532 1215 676 1249 Studium
701 1220 847 1260 generale
871 1219 913 1252 al-

166 1270 237 1294 mae
254 1262 348 1296 Urbis
371 1266 509 1301 etillius
533 1275 637 1302 rector
660 1271 866 1315 doctoresque
883 1278 910 1305 ct

165 1312 198 1345 in
208 1324 245 1347 eo
255 1315 393 1357 legentes
407 1320 516 1361 quovis
529 1323 622 1354 modo
632 1328 774 1366 utuntur,
786 1327 912 1369 potiun-

165 1370 218 1399 tur
241 1373 271 1401 et
294 1371 442 1413 gaudent,
467 1384 503 1406 ac
527 1376 583 1415 uti,
601 1377 695 1419 potiri
720 1384 748 1411 et
773 1381 910 1421 gaudere

164 1424 317 1461 poterunt
341 1426 577 1468 quomodolibet
601 1429 633 1462 in
658 1431 820 1473 futurum,
846 1444 909 1467 non

165 1472 266 1506 solum
282 1475 321 1507 ad
338 1486 447 1510 eorum
465 1479 574 1521 instar,
592 1483 646 1515 sed
662 1493 761 1528 aeque
779 1492 809 1519 et
824 1488 910 1531 pari-

163 1524 317 1569 tet-miter,
335 1530 391 1571 uti,
409 1532 504 1573 potiri
529 1540 559 1567 et
583 1537 721 1577 gaudere
737 1540 857 1574 valeant
876 1543 907 1575 in

161 1579 310 1615 omnibus
334 1587 363 1615 et
388 1594 444 1626 per
459 1587 576 1628 omnia,
595 1591 797 1626 concedimus
813 1600 841 1627 et
860 1595 906 1627 in-

162 1632 338 1677 dulgemus,
364 1637 479 1681 illaque
502 1640 547 1673 eis
571 1645 851 1681 communicamus.

205 1687 220 1731 ἓ
245 1688 273 1721 7.
297 1690 425 1724 Necnon
450 1695 598 1735 senatori,
623 1699 814 1740 consulibus,
833 1711 905 1733 con-

19 1744 152 1782 Jntnbeique
163 1743 396 1785 servatoribus,
421 1746 684 1781 reformatoribus
695 1778 702 1791 ,
727 1753 905 1797 rectorique

18 1775 191 1827 ''³:2⁰3i1'23et
215 1795 285 1828 aliis
298 1796 479 1843 judicibus,
498 1801 684 1835 officialibus
708 1810 739 1837 et
762 1807 904 1847 personis

15 1829 150 1882 2¹=1012¹1¹2⁸⁰⁹⁶¹⁸
158 1848 323 1890 praedicti,
341 1860 376 1882 ac
394 1861 452 1893 pro
469 1856 610 1895 tempore
627 1855 771 1890 existenti
789 1858 861 1891 S.R.
872 1859 901 1891 E.

158 1902 354 1943 camerario,
379 1905 695 1950 praesidentibusque
719 1915 750 1943 et
781 1912 902 1945 clericis

157 1948 304 1983 Gamerae
336 1951 531 1994 Apostolieae
564 1966 600 1988 ac
631 1957 792 1999 quibusvis
816 1971 902 1993 com-

121 2011 125 2014 *
158 2001 310 2036 missariis
319 2004 357 2036 ad
367 2006 561 2040 exactionem
575 2009 769 2045 decimarum
783 2018 813 2045 et
826 2015 900 2047 alio-

157 2062 229 2085 rum
246 2064 520 2101 quorumcumque
537 2070 669 2094 onerum
687 2066 898 2106 praestitorum

156 2116 215 2148 pro
239 2111 378 2151 tempore
402 2111 573 2155 deputatis,
600 2125 648 2155 ne,
674 2128 898 2160 quarumcum-

156 2167 218 2200 que
236 2159 413 2195 litterarum
432 2164 477 2196 eis
502 2166 560 2198 sub
585 2167 838 2215 quibuscumque
855 2178 898 2206 te-

155 2212 289 2245 noribus
306 2218 337 2245 et
353 2214 463 2249 formis
486 2228 707 2253 concessarum
725 2229 897 2267 praetextu,

154 2265 331 2308 collegium,
349 2267 516 2310 scholares,
534 2277 671 2305 rectores
688 2279 718 2306 et
742 2276 897 2317 guberna-

150 2322 238 2351 tores
261 2319 439 2362 praedictos
463 2332 517 2354 seu
541 2331 651 2357 eorum
679 2326 816 2370 aliquem
831 2357 838 2370 ,
864 2330 895 2362 in

129 2386 132 2388 Δ
152 2372 336 2414 praemissis
371 2373 606 2417 quomodolibet
642 2380 807 2414 molestent
842 2394 896 2416 seu

154 2424 314 2457 molestari
355 2426 538 2468 permittant
558 2455 565 2469 ‚
602 2429 775 2466 districtius
814 2435 897 2468 inhi-

153 2476 274 2510 bemus.
434 2504 438 2508 -

196 2530 211 2572 ἓ
235 2529 265 2562 8.
289 2530 324 2563 Et
349 2538 512 2574 praeterea
537 2536 719 2576 regentibus
743 2548 777 2571 ac
806 2551 896 2583 supe-

152 2581 292 2615 rioribus
315 2583 390 2617 dicti
416 2586 547 2627 collegii,
565 2598 635 2619 cum
654 2590 831 2624 assistentia
851 2599 896 2626 ta-

786 213 964 239 Gnncomus
982 216 1038 240 xm
1057 218 1104 240 ΙΨ.

182 260 342 301 ficialium,
368 261 399 294 in
424 262 493 305 ipsa
517 263 600 297 Urbe
624 265 671 299 vel
695 266 771 300 alias
795 268 927 301 ubilibet
957 280 1027 301 men
1060 271 1268 306 cardinalium
1295 280 1527 318 protectorum,
1554 276 1606 320 qui
1639 288 1696 319 pro
1734 281 1899 304 ¹³⁰1<0¹¹²¹bu⁸e0

1614 213 1656 246 55
1723 214 1814 244 An.C.
1831 215 1898 245 1573

1724 310 1883 334 sumerton-thu:1

955 325 1095 364 tempore
1119 325 1281 359 constituti
1312 328 1449 369 suerint,
1475 340 1529 362 seu
1562 330 1894 381 alicuius222¹¹21<s¹gcu353533

953 383 1073 413 corum,
1091 376 1137 407 vel
1154 377 1191 409 <le
1217 377 1356 420 ipsorum
1374 382 1505 414 consilio
1521 387 1549 415 et
1568 393 1692 426 expres-
1703 389 1725 405 ¹¹2
1737 393 1837 407 “mcum
1847 394 1894 412 vro-

1702 414 1821 432 u·ct()rilnu›4
1846 420 1884 438 prm

953 435 986 456 so
1003 436 1167 469 consensii,
1183 429 1258 471 illos,
1273 442 1350 474 quos
1369 434 1398 465 in
1417 435 1499 467 (licto
1516 436 1646 478 collegio
1663 442 1690 469 et
1701 440 1894 490 ffifflfg'fflssr'gssnffi

953 477 1026 510 alibi
1058 490 1115 522 per
1139 482 1279 516 debitum
1306 491 1427 529 tempus
1457 488 1631 528 studuisse,
1656 496 1829 521 nmmum&

952 530 1082 565 scientia
1106 539 1135 566 et
1161 537 1303 569 moribus
1327 538 1454 571 idoneos
1478 551 1543 573 esse
1568 552 1693 584 repere-

952 583 1025 623 rint,
1050 585 1080 617 in
1106 589 1276 629 praedictis
1298 589 1497 624 facultatibus
1521 595 1558 626 ad
1584 595 1695 628 bacca-

951 637 1119 679 lamcatus,
1147 640 1364 675 licentiaturae
1397 645 1638 690 doctomtusque
1662 653 1693 680 et

950 690 1124 732 magisterii
1150 695 1278 735 gradus,
1296 702 1418 729 servata
1443 699 1541 731 tbi-ma
1567 701 1691 734 concilii

951 742 1154 787 Viennensis,
1189 748 1274 781 iuxta
1306 750 1520 785 universitatis
1551 754 1691 787 eiusdem

949 795 1041 829 Urbis
1072 801 1352 844 consuetudinem,
1377 815 1431 837 seu
1460 806 1536 839 alias
1566 819 1691 850 promo-

947 850 1050 890 vendi,
1068 857 1098 884 et
1112 852 1253 896 ipsorum
1272 857 1428 898 graduum
1446 859 1535 892 solita
1553 861 1690 903 insignia

946 901 991 933 eis
1023 904 1212 938 exhibendi:
1246 910 1393 953 quodque
1426 910 1458 943 in
1490 913 1690 947 facultatibus

946 957 1136 998 supradictis
1153 959 1197 992 sic
1214 963 1351 1004 promoti
1377 963 1443 996 illas
1468 965 1570 1007 legere
1593 972 1621 998 et
1642 967 1688 999 in-

947 1010 1111 1051 terpretari
1137 1022 1172 1043 ac
1197 1013 1234 1045 de
1258 1014 1303 1047 eis
1327 1015 1488 1058 disputare
1503 1044 1510 1057 ‚
1533 1024 1564 1051 et
1595 1030 1688 1062 quos—

944 1072 1079 1106 cumque
1104 1065 1215 1106 gradui
1242 1077 1297 1099 seu
1321 1069 1473 1111 gradibus
1505 1071 1686 1106 huiusmodi

944 1116 1165 1150 convenientes
1189 1124 1277 1153 actus
1301 1131 1454 1163 exercere;
1479 1135 1515 1157 ac
1538 1127 1687 1160 omnibus

943 1172 970 1199 et
997 1169 1130 1212 singulis
1154 1171 1338 1215 privilegiis,
1363 1177 1491 1218 gratiis,
1517 1178 1686 1221 favoribus,

944 1223 1170 1264 praerogativis
1201 1230 1230 1257 et
1254 1225 1406 1269 indultis,
1431 1231 1544 1273 quibus
1575 1234 1627 1265 alii
1654 1234 1685 1266 in

944 1275 1103 1315 praedicta
1120 1288 1174 1309 seu
1191 1279 1260 1311 aliis
1278 1281 1540 1318 Universitatibus
1557 1292 1583 1319 et
1599 1288 1686 1327 alibi,

942 1327 1026 1360 iuxta
1050 1329 1132 1361 illius
1156 1336 1186 1363 et
1210 1332 1343 1366 aliarum
1362 1336 1607 1372 Universitatum
1626 1341 1683 1373 liu-

941 1379 1075 1414 iusmodi
1101 1384 1340 1420 constitutiones
1364 1394 1393 1421 et
1418 1401 1531 1433 mores,
1549 1394 1587 1426 ad
1611 1406 1682 1437 gra-

940 1432 996 1465 dus
1020 1436 1197 1477 praedictos
1220 1442 1368 1482 promoti,
1387 1443 1424 1476 de
1445 1444 1514 1478 iure
1538 1448 1585 1479 vel
1609 1459 1681 1481 ron-

939 1488 1114 1530 suetudine,
1132 1495 1276 1533 utuntur,
1294 1495 1460 1536 potiuntur
1484 1503 1512 1530 et
1531 1501 1681 1541 gaudent,

937 1550 972 1572 ac
989 1541 1044 1582 uti,
1062 1543 1157 1585 potiri
1175 1549 1205 1576 et
1229 1547 1368 1587 gaudere
1384 1555 1532 1592 poterunt
1549 1564 1682 1596 quemo-

937 1594 1055 1627 dolibet
1079 1595 1112 1627 in
1136 1597 1289 1640 futurum,
1308 1601 1364 1641 uti,
1383 1603 1477 1645 potiri
1496 1611 1526 1637 et
1543 1608 1680 1647 gaudere

937 1648 1055 1689 possint
1079 1660 1116 1682 ac
1139 1651 1284 1693 debeant,
1302 1655 1433 1696 perinde
1457 1667 1493 1689 ac
1517 1659 1541 1690 si
1564 1661 1680 1701 gradus

937 1701 1113 1741 praedictos
1131 1702 1163 1735 in
1180 1704 1247 1747 ipsa
1266 1706 1484 1750 Universitate,
1503 1711 1587 1744 iuxta
1604 1724 1678 1746 eon-

935 1754 1117 1788 suetudines
1141 1762 1171 1789 et
1195 1768 1298 1792 mores
1322 1763 1508 1805 praedictos,
1526 1767 1678 1810 suscepis-

934 1811 1011 1843 sent,
1037 1810 1229 1843 concedendi
1255 1818 1284 1844 et
1309 1812 1509 1857 indulgendi,
1536 1819 1678 1857 liberam.

933 1861 1042 1893 eadem
1073 1864 1278 1902 auctoritate,
1303 1867 1413 1901 damus
1442 1870 1618 1905 facultatem
1646 1878 1678 1905 et

933 1919 1128 1955 potestatem.

973 1961 988 2004 ᾗ
1005 1961 1035 1995 9.
1049 1961 1087 1995 Ut
1104 1970 1178 1995 vero
1195 1962 1290 1997 etiam
1308 1963 1447 1999 eiusdem
1466 1969 1586 2009 collegii
1601 1968 1877 2023 “0¹¹”„,.111ssi²÷¹'2'50‘fi2'1'-‘.’

930 2014 1099 2047 servationi
1124 2015 1271 2059 bonoque
1295 2018 1453 2060 regimini,
1481 2026 1542 2053 tam
1568 2022 1600 2054 in
1627 2024 1802 2077 hlssssssg‘iffffiffiss
1826 2027 1876 2045 ⁰³²²*

929 2076 1009 2110 quae·
1040 2067 1079 2099 ad
1103 2068 1294 2102 scholarium
1318 2070 1549 2105 institutionem
1574 2080 1603 2108 et
1627 2076 1674 2108 di—

928 2119 1108 2163 sciplinam,
1135 2132 1230 2164 quam
1255 2133 1336 2164 quae
1360 2124 1398 2155 ad
1423 2124 1555 2166 victum,
1581 2128 1674 2162 vesti-

928 2178 994 2205 tum
1020 2173 1143 2216 aliaque
1168 2174 1350 2207 huiusmodi
1376 2178 1551 2211 necessaria
1576 2182 1672 2222 perti-v

927 2230 1023 2265 nent,
1049 2227 1260 2269 opportunius
1285 2230 1486 2271 consulatur,
1511 2237 1540 2264 et
1566 2244 1673 2276 prom-

926 2284 1014 2321 ptum
1039 2277 1083 2311 ti<
1108 2285 1315 2323 paratumque
1339 2283 1489 2316 auxilium
1514 2286 1563 2327 sit,
1581 2298 1672 2321 vene·

927 2333 1041 2365 rahiles
1065 2334 1177 2365 fratres
1201 2339 1325 2367 nostros
1341 2336 1491 2370 Ioannem
1508 2338 1671 2373 Mei-onum

926 2385 1098 2418 Ostiensem
1117 2391 1143 2418 et
1159 2386 1367 2420 Alexandrum
1381 2386 1565 2425 Farnesium
1579 2394 1671 2427 Prae-

926 2438 1138 2471 nestinensem
1163 2439 1348 2483 episcopos,
1372 2452 1408 2474 ac
1432 2443 1561 2478 dilectos
1589 2447 1669 2480 lilios

926 2490 1060 2522 Marcum
1098 2491 1137 2523 ab
1168 2492 1306 2535 Altemps
1338 2494 1367 2527 S.
1395 2495 1541 2540 Georgii,
1566 2501 1668 2533 Ptolo—

926 2553 1049 2575 maeum
1074 2543 1256 2577 Comensem
1281 2545 1310 2579 S.
1333 2547 1482 2590 Agathae,
1508 2561 1543 2584 ac
1567 2552 1668 2585 Ludo-

926 2594 1027 2627 vieum
1060 2595 1271 2630 Madruccium
1296 2598 1326 2632 S.
1350 2599 1543 2645 Honuphrii.
1562 2605 1666 2639 titulo-
