2059 3228
351 245 430 278 tii-20

299 306 503 350 prudentiam
523 305 654 347 requiri,
681 310 714 336 ut
734 303 787 336 det
817 302 861 335 illi
887 303 993 335 cibum
1011 302 1042 334 in

298 365 454 402 tempore,
483 364 513 391 ct
533 359 564 390 in
590 357 704 390 divinis
724 356 891 400 seripturis
915 356 1041 399 pigrum

295 412 333 444 ad
358 412 526 444 formicam
552 411 647 449 mitti,
670 416 705 443 ut
734 410 835 443 discat
862 409 894 442 in
923 415 1042 442 aestate

294 475 407 508 parare
427 465 513 507 quod
534 464 566 496 in
597 465 711 507 breme
738 463 898 503 comedat,
929 468 958 495 ct
985 462 1041 494 de-

293 518 390 560 nique
423 517 585 550 humanae
615 516 834 560 providentiae
853 516 1041 548 adiumenta

292 570 346 604 illa
371 570 487 603 merito
508 570 668 603 laudanda
700 580 780 609 esse,
811 580 893 612 quae
912 569 951 601 ad
984 568 1039 601 Dei

291 623 427 665 gloriam
448 624 557 661 relata,
581 623 650 656 eius
668 624 699 655 in
719 622 832 667 primis
852 633 912 665 ope
933 622 1040 654 nitun-

291 682 343 708 tur
363 682 393 709 et
412 676 444 708 in
465 687 503 709 eo
522 676 694 720 praecipue
719 676 964 719 conquiescunt.
1000 675 1038 707 tt-

104 258 156 286 Au.
174 258 202 286 C.
223 261 287 287 1588

290 729 345 761 lud
376 735 484 762 autem
505 730 726 773 eleemosynae
752 740 853 771 genus
876 728 940 761 Deo
965 738 1037 769 gra-
1079 727 1164 760 illius
1188 729 1370 771 penuriam,
1394 728 1535 771 inopiam
1548 734 1577 761 et
1598 728 1762 761 caritatem
1775 740 1827 762 su-
2002 739 2013 765 ,ε
2036 732 2037 736 ’

290 781 448 814 tissimum
471 793 539 814 esse
559 782 766 822 arbitramur,
790 782 877 824 quod
896 781 927 813 in
948 792 1036 814 com-
1079 782 1263 814 blevandam
1277 782 1451 822 dumtaxat,
1465 781 1670 815 necinaliam
1683 793 1824 821 causam,

288 845 386 867 inune
398 835 618 875 distributum,
641 835 680 867 ad
697 835 842 868 omnium
864 840 1035 877 egestatem

288 889 516 921 sublevandam
526 890 662 922 maxime
670 889 946 922 accommodatur.
957 888 1036 926 Qua-

287 942 443 982 mobrem,
465 943 563 975 nullis
582 942 727 986 quamvis
751 942 874 985 magnis
909 942 1034 985 impen-
1077 942 1225 975 mendam
1247 954 1327 976 esse.

285 995 327 1027 sis
347 1001 525 1038 parcentes,
539 1001 567 1029 et
584 996 734 1039 publicae
754 995 1034 1039 praesertimpau-

285 1059 399 1091 perum
434 1049 562 1082 uiittiaii
588 1055 770 1093 opportune
791 1049 958 1092 providere
980 1060 1035 1081 cu-

284 1102 418 1143 pientes,
431 1103 664 1145 praegrandem
686 1102 856 1145 pecuniam
877 1112 1033 1145 seponere

283 1161 311 1187 et
339 1161 427 1188 certo
457 1156 488 1188 in
520 1156 592 1189 loco
622 1157 783 1188 collocare
815 1155 1029 1194 decrevimus,

281 1219 364 1251 quae
385 1219 533 1241 annonae
550 1215 581 1241 et
600 1208 829 1248 abundantiae,
851 1219 947 1252 quam
973 1219 1031 1252 ap-

281 1262 414 1304 pellant,
456 1268 613 1306 perpetuo
642 1262 795 1295 attributa
827 1262 879 1301 sit,
919 1262 1031 1305 reique

283 1316 511 1348 frumentariae
532 1316 644 1359 copiae
665 1316 827 1348 curandae
847 1321 879 1349 et
899 1326 1030 1358 compa-

283 1368 400 1400 randae
435 1368 466 1401 in
489 1374 654 1411 posterum
683 1375 840 1412 perpetuo
859 1368 1027 1401 deserviat.

324 1422 380 1463 §L
396 1422 508 1455 llabita
519 1422 618 1466 igitur
628 1433 725 1466 super
736 1422 786 1455 his
806 1433 880 1455 cum
896 1432 1029 1454 venera-

95 1483 204 1519 vnucem
219 1484 264 1503 mit·
280 1474 398 1507 bilibus
413 1474 562 1508 fratribus
582 1475 699 1508 nostris
720 1481 847 1508 sanctae
867 1475 1029 1508 Romanae

83 1514 215 1566 {lgmjssssma
233 1515 266 1566 ¹⁵¹3}
279 1528 440 1562 Ecclesiae
465 1529 682 1562 cardinalibus
705 1528 936 1562 deliberatione
960 1539 1028 1561 ma-

81 1577 149 1602 i¹¹⁵¹¹¹⁵
165 1579 186 1597 ⁸²
207 1576 264 1597 ΕΜ
279 1586 360 1621 tura,
381 1582 420 1615 (le
440 1584 628 1615 eorumdem
645 1582 779 1615 fratrum
793 1581 927 1614 consilio
942 1587 1029 1614 etas-

85 1608 99 1626 Λ
118 1611 157 1627 ost.
174 1608 266 1628 dominio

82 1614 173 1663 affra-2«,
184 1643 205 1659 ει
220 1640 266 1665 riae
279 1646 387 1675 sensu,
401 1647 438 1668 ex
458 1641 545 1668 certa
560 1640 668 1668 nostra
679 1635 810 1668 scientia
829 1646 866 1668 ae
878 1635 917 1668 de
936 1635 1029 1668 nobis

80 1674 160 1720 §.iffae
176 1675 266 1721 Z‘ciiicnei
280 1689 450 1721 attributae
484 1689 680 1732 apostolicae
700 1689 865 1732 potestatis
885 1689 1026 1732 plenitu-

83 1730 367 1783 ii1²32¹22³1i⁶a'i¹'.‘¹⁹⁸*(line,
394 1743 532 1775 ducenta
562 1742 663 1775 millia
700 1749 791 1775 scuta
815 1748 964 1775 monetae
988 1742 1027 1775 ad

277 1796 434 1828 rationem
460 1796 570 1829 decem
596 1796 751 1829 iuliorum
788 1806 847 1840 pro
882 1796 1028 1839 quolibet

275 1855 379 1889 scuto,
411 1860 448 1882 ex
477 1849 623 1894 pecuniis
643 1857 752 1882 nostra
772 1849 969 1893 parsimonia
997 1856 1028 1883 et

271 1895 455 1945 frugalitate
474 1914 511 1936 ac
530 1903 696 1946 diligentia
716 1903 754 1935 ad
776 1902 939 1946 publicam
962 1903 1025 1936 uti-

274 1956 395 1988 litatem
413 1956 619 2000 comparasss,
641 1957 725 2000 alriud
750 1956 903 1990 dilectum
921 1956 1024 1989 filium

275 2010 426 2042 loannem
460 2010 674 2052 Augustinum
712 2009 870 2042 Pinellurn
906 2010 1024 2042 laicum

276 2063 489 2102 (leonensem,
512 2068 696 2095 nostrarum
717 2069 742 2095 ct
766 2062 916 2096 Gamerae
927 2064 1026 2106 Apos-

276 2115 391 2148 {olicae
404 2115 616 2159 pecuniarum
634 2117 879 2159 depositarium,
896 2116 1026 2149 realiter

277 2174 304 2199 ct
338 2179 411 2200 cum
442 2169 558 2201 effectu
595 2170 740 2213 deposita
774 2175 805 2202 et
842 2170 1000 2203 collocata
1015 2198 1023 2211 ,

277 2228 371 2264 prout
389 2223 427 2255 de
441 2233 553 2255 eorum
570 2223 647 2255 reali
662 2229 692 2256 et.
703 2223 821 2256 actuali
839 2224 1025 2267 receptione

280 2286 313 2306 ac
331 2275 531 2308 consessione
551 2281 582 2308 et
601 2276 798 2319 quietatione
813 2276 913 2320 ipsius
932 2277 1024 2310 Ioan-

278 2327 327 2359 nis
357 2328 525 2370 Augustini
555 2329 685 2372 publico
723 2329 937 2365 instrumento
969 2341 1027 2374 per

277 2380 430 2412 dilectum
443 2381 544 2414 tilium
560 2382 701 2425 Tydeum
717 2382 757 2415 de
777 2382 911 2415 Marchis
922 2382 1025 2416 dictae

277 2431 427 2461 kamerac
449 2430 609 2462 notarium
629 2430 768 2474 desuper
787 2436 945 2473 rogatum,
966 2432 1024 2465 ho-

278 2476 390 2508 dierno
408 2488 499 2510 inane
526 2478 556 2509 in
577 2477 687 2510 cadem
708 2478 839 2512 Cainera
865 2479 1022 2519 consecto,

278 2525 372 2566 pleno
395 2532 527 2566 constat,
551 2527 734 2569 praedictae
755 2527 827 2571 piae
853 2539 966 2561 causae
986 2529 1023 2561 ad

279 2583 437 2605 annonam
461 2575 630 2616 pertinenti
645 2577 1023 2619 perpetuoapplicardus,

280 2622 528 2666 appropi-{anius
557 2630 583 2656 ct
620 2624 877 2667 incorporamus,
899 2637 936 2659 ac
966 2637 1024 2669 pro

888 250 1065 274 erimantum
1085 249 1234 274 normann
1842 248 1896 278 An.
1915 248 1946 277 C.
1960 246 2022 286 153
2038 246 2040 262 :

1085 301 1201 344 potiori
1230 302 1367 341 cautela,
1399 302 1492 335 titulo
1521 303 1714 344 donationis,
1747 315 1829 348 quae

1084 354 1203 387 dicitur
1240 354 1324 388 inter
1347 355 1443 396 vivos,
1480 363 1637 399 perpetuo
1659 358 1826 394 valiturae,

1084 407 1336 441 irrevocabiliter
1344 409 1563 449 concedimus,
1574 410 1739 452 donamus,
1748 411 1830 444 elar-

1085 460 1203 503 gimur,
1218 466 1312 505 atque
1323 473 1453 496 omnem
1474 463 1657 506 praedictae
1673 465 1828 507 pecuniae

1083 515 1327 557 proprietatem,
1350 516 1400 549 ius
1428 522 1459 549 et
1485 516 1665 549 dominium
1692 516 1787 549 etiam
1809 528 1826 550 a

1081 568 1320 612 nobismetipsis
1351 574 1381 602 et
1405 569 1538 604 Camera
1565 569 1746 613 Apostolica
1770 581 1827 613 pe-

1080 622 1167 654 nitus
1187 622 1384 661 abdicantes,
1416 622 1527 655 eadem
1555 622 1693 655 ducenta
1727 622 1828 655 millia

1079 680 1169 707 scuta
1188 675 1227 708 ad
1251 675 1427 718 parandam
1439 685 1587 708 annonae
1607 676 1747 719 copiam,
1763 675 1827 708 sive

1078 834 1140 866 sive
1177 836 1360 868 universam
1397 835 1611 878 quantitatem
1636 835 1700 868 sive
1738 835 1825 868 illius

1078 895 1212 932 partem,
1244 899 1470 932 quaecumque
1508 889 1561 921 itta
1591 888 1707 930 suerit,
1733 888 1823 922 insu-

2007 914 2013 927 Ι

2008 945 2017 958 1

1119 996 1134 1039 g
1158 995 1189 1028 ⁹2.
1215 996 1335 1039 quue,
1366 996 1490 1029 etiamsi
1520 996 1660 1029 cuiusvis
1687 996 1931 1050 ³¹¹e¹'i¹¹⁹n.E0”1‘i¹-¹¹J
1946 997 2022 1046 crof}-

1075 1049 1121 1082 rei
1142 1050 1346 1093 propositae,
1364 1055 1419 1082 aut
1446 1050 1484 1083 de
1504 1060 1567 1093 qua
1585 1055 1661 1082 tunc
1682 1056 1765 1083 esset
1788 1061 1821 1082 a·
1833 1043 1882 1081 aba
1901 1037 2035 1090 ᾬῖᾏῖζῖἷξ

1073 1103 1226 1145 gendum,
1246 1103 1350 1136 maior
1368 1108 1497 1146 urgeret
1518 1102 1699 1143 necessitas,
1721 1103 1769 1136 vel
1785 1114 1818 1135 a-
1833 1080 2021 1149 {ffffibeff'ffi}
2046 1139 2050 1158 ι

1074 1156 1140 1188 liud
1165 1162 1313 1199 expetere
1333 1161 1388 1189 aut
1414 1156 1589 1199 efflagitare
1609 1166 1761 1199 praesens
1780 1168 1818 1188 u-
1832 1159 1870 1179 μω
1884 1154 1931 1174 ²¹³⁵
1945 1148 2020 1182 3¹⁸⁵}
2045 1171 2049 1186 ι

1074 1204 1169 1238 tilitas
1197 1206 1381 1246 videretur,
1409 1212 1517 1238 sancte
1545 1211 1577 1237 et
1601 1205 1748 1247 religiose
1782 1185 2049 1245 0-15.i'⁵i0t3}‚i23i2'}¹

1074 1254 1184 1287 mnino
1205 1254 1322 1287 servari
1348 1254 1475 1295 debere,
1498 1255 1537 1287 dc
1557 1254 1716 1286 similibus
1740 1265 1817 1287 con-
1832 1234 2021 1306 ζζῒζωνζξζζξξέ
2057 1280 2059 1292 .,

1072 1302 1143 1335 silio
1159 1309 1190 1336 et
1205 1313 1347 1342 assensu,
1367 1303 1556 1336 auctoritate
1569 1303 1757 1345 apostolica,
1774 1309 1818 1335 te·
1832 1310 1887 1345 dmin
1919 1296 2019 1349 conexu}
2057 1312 2059 1322 ¹

1073 1362 1151 1385 nore
1171 1353 1402 1395 praesentium,
1424 1352 1546 1396 pariter
1574 1356 1731 1396 perpetuo
1757 1340 2022 1399 εῑῑι-ξῖᾒῖζζξῖξεζῗ
2056 1370 2059 1374 <

1071 1401 1191 1434 inimus
1211 1408 1241 1434 et
1269 1401 1468 1434 ordinamus.
1495 1400 1664 1443 Siquidem
1685 1400 1724 1432 ad
1750 1411 1818 1433 cer·
1832 1405 1902 1431 Ροευὶῑ
1915 1404 1934 1425 1-
2057 1402 2059 1405 “

1071 1450 1118 1478 tas
1137 1446 1216 1478 alias
1236 1451 1388 1488 urgentes
1407 1451 1439 1478 et
1457 1455 1580 1487 graves,
1594 1455 1677 1488 quae
1689 1444 1816 1478 contin-

1070 1504 1144 1536 gere
1165 1500 1302 1537 possent,
1323 1493 1514 1536 indigentias
1533 1494 1583 1526 vel
1599 1493 1815 1533 necessitates,

1070 1543 1245 1581 aerarium,
1266 1543 1475 1576 benedicente
1495 1542 1642 1583 Domino,
1669 1542 1817 1586 locuple-

1070 1592 1242 1630 tissimum,
1265 1596 1373 1624 nostra
1393 1592 1487 1624 etiam
1508 1601 1586 1625 cura
1610 1596 1640 1624 et
1659 1591 1816 1624 sollicitu-

1069 1641 1143 1674 dine
1163 1646 1291 1684 partum
1311 1645 1342 1673 et
1359 1640 1424 1673 Deo
1444 1640 1585 1673 dicatum
1597 1645 1754 1684 perpetuo
1765 1651 1817 1673 ex-

1070 1689 1157 1722 tabit.

1112 1739 1127 1782 g
1150 1739 1181 1772 3.
1210 1739 1253 1771 Dc
1277 1738 1391 1771 iisdem
1409 1748 1486 1771 vero
1506 1738 1654 1781 pecuniis
1673 1738 1711 1771 ad
1732 1738 1815 1772 hanc
1868 1748 1986 1770 summi

1070 1788 1206 1820 maxime
1235 1787 1320 1830 piam
1355 1797 1506 1827 causam,
1536 1787 1754 1830 omnibusque
1781 1779 1990 1837 ἰιιῖζζξζᾛζζξᾟ

1068 1836 1153 1869 Urbe
1173 1836 1363 1878 degentibus
1381 1841 1476 1879 atque
1495 1835 1535 1867 ad
1550 1835 1637 1868 illam
1650 1836 1816 1879 undequa-
1828 1843 1911 1862 mim
1937 1830 2016 1878 immi]

1068 1896 1131 1928 que
1151 1885 1388 1918 confluentibus
1400 1884 1545 1928 apprime
1559 1885 1744 1926 salutarem,
1758 1886 1813 1918 be·
1829 1879 1884 1924 25¹¹?ss
1888 1876 1901 1898 ¹¹
1929 1873 1994 1923 325⁰*

1068 1934 1165 1976 nigne
1189 1940 1219 1967 et
1239 1933 1414 1967 liberaliter
1434 1933 1496 1967 iam
1518 1944 1576 1976 per
1594 1944 1653 1966 nos
1670 1934 1813 1977 applica·
1827 1934 1935 1986 ¹¹³²⁰⁵⁵⁸⁴¹³³
1947 1940 1992 1961 Ρη
2014 1942 2016 1946 ·

1068 1982 1119 2022 tis,
1142 1983 1268 2016 donatis
1296 1988 1395 2025 atque
1414 1982 1567 2024 elargitis,
1589 1982 1681 2015 sicuti
1702 1983 1741 2015 de
1761 1994 1813 2015 ce·
1829 1971 1913 1993 ⁹⁸⁰⁰*

1069 2031 1144 2064 teris
1166 2031 1225 2074 piis
1244 2042 1301 2075 per
1319 2042 1377 2064 nos
1396 2030 1486 2063 sactis
1505 2030 1740 2074 largitionibus,
1758 2032 1815 2064 ali-

1069 2086 1116 2112 ter
1135 2091 1242 2123 quam,
1264 2085 1298 2112 ut
1319 2080 1510 2124 praefertur,
1539 2079 1703 2123 perpetuis
1731 2080 1815 2112 sutu-

1068 2129 1110 2161 ris
1129 2129 1330 2173 temporibus
1349 2128 1477 2172 disponi
1508 2129 1617 2161 stricte
1646 2128 1813 2162 interdici-

1068 2190 1138 2211 mus
1162 2184 1193 2211 et
1210 2178 1428 2222 prohibemus,
1438 2183 1525 2211 certa
1536 2188 1591 2220 spe
1602 2177 1689 2211 ducti
1701 2178 1814 2211 Roma-

1067 2237 1125 2259 nos
1143 2227 1313 2261 Pontitices
1326 2231 1451 2259 nostros
1462 2237 1521 2269 pro
1533 2232 1675 2270 ternpore
1687 2237 1814 2260 succes—

1067 2287 1166 2315 sores,
1188 2276 1227 2309 ad
1247 2286 1393 2309 annonae
1404 2275 1608 2308 incommoda
1618 2275 1814 2309 sublevanda

1068 2332 1211 2368 paratam
1249 2324 1437 2358 huiusmodi
1476 2324 1649 2368 pecuniam
1692 2324 1811 2357 nedum

1067 2373 1308 2413 imminuturos,
1329 2383 1440 2406 rerum
1452 2373 1599 2416 exemplo
1610 2372 1814 2416 patriarchae

1066 2422 1180 2466 loseph
1200 2422 1232 2454 in
1255 2423 1410 2466 Aegypto,
1424 2422 1501 2454 dum
1517 2421 1578 2465 ipsi
1597 2421 1663 2454 veri
1683 2421 1810 2464 lose-ph,

1067 2471 1121 2514 qui
1151 2476 1198 2504 est
1218 2470 1362 2504 Christus
1386 2471 1554 2509 Dominus,
1584 2480 1643 2513 pro
1668 2469 1812 2502 iniuncto

1068 2531 1201 2553 munere
1222 2521 1328 2553 locum
1345 2519 1536 2564 obtinebunt
1556 2519 1588 2551 in
1608 2518 1713 2558 terris,
1730 2528 1809 2550 nora

1104 2593 1112 2619 1
1130 2591 1165 2619 Ut
1184 2599 1270 2626 supra
1281 2591 1309 2618 in
1320 2591 1381 2619 eius
1397 2595 1486 2618 constv
1505 2597 1584 2623 cvm,
1597 2591 1686 2622 Anno,
1703 2596 1730 2624 p.
1752 2589 1808 2616 930

1068 2639 1095 2664 et
1117 2640 1207 2664 const.
1226 2642 1303 2670 xun,
1322 2635 1367 2663 Ad
1387 2635 1510 2669 thwum,
1530 2641 1592 2669 pag.
1608 2634 1670 2662 639.
