2059 3228
122 218 172 245 !=n.
191 217 218 244 C.
239 216 304 244 1575

365 209 428 242 issi·

318 269 364 301 vel
387 268 488 301 notari
513 267 693 309 contigerit,
717 267 809 300 toties
836 266 866 299 in
888 266 1057 310 pristinum

317 328 434 355 statum
452 321 618 364 repositas,
633 320 843 363 reintegratus
853 325 883 352 et
899 320 1059 353 restitutas

318 386 397 410 essm
411 380 438 407 et
455 374 516 406 illis
533 373 716 406 nullatenus
731 373 891 415 derogari,
906 373 964 405 nisi
981 383 1057 405 con-

316 427 428 460 stiti-rit
467 427 505 459 de
536 426 618 458 trina
649 426 855 470 derogatione
890 431 1056 469 separata,

316 480 534 512 intercedente
545 489 610 512 uno
622 489 705 512 anno
717 479 800 512 inter
812 490 908 511 unam
922 486 950 511 ct
963 478 1057 510 aliam

315 533 410 564 ctiam
433 532 714 572 consistorialiter,
741 537 771 565 et
790 532 959 565 accedente
980 541 1057 563 con-

315 595 408 617 sensu
428 585 598 618 amborum
623 585 844 628 collegiorum,
867 591 895 617 et
918 595 990 617 cum
1012 584 1060 615 in-

304 638 451 679 sertione
480 638 700 682 praesentium
716 665 723 678 ,
744 639 891 671 volumus
918 643 947 670 et
971 647 1058 669 man-

144 799 251 820 Ctansutae
266 799 301 821 ‹le-

120 831 245 853 hasteriae.

314 691 442 723 damus.

357 744 372 787 ἓ
391 743 445 777 32.
467 744 536 778 Non
555 743 756 777 obstantibus
775 743 939 787 rescriptis
958 743 1058 775 seticis

314 797 548 830 recordationis
560 798 632 830 Iulii
648 798 686 830 ΙΙΙ
702 804 731 830 et
752 797 841 830 Pauli
862 797 898 829 IV
918 808 954 829 ac
974 796 1020 829 Pii
1038 796 1058 827 V

315 856 346 883 et
373 851 512 884 aliorum
534 851 819 895 praedeeessorum
850 856 1056 888 nostrorum;

313 915 351 937 ac
368 904 516 948 capitulis
531 904 622 937 factis
638 915 695 949 per
714 904 876 947 quondam
890 904 1056 936 Caesarem

313 957 519 990 Braneatium
547 963 578 991 et
606 958 802 991 cardinalem
830 957 868 989 de
894 957 1056 996 Salviatis·⁷

305 1011 484 1054 dictaeque
504 1010 655 1044 Gamerae
673 1011 809 1044 decretis
823 1011 871 1043 vel
892 1010 1058 1043 confirma-

149 2418 282 2446 Prooemium,

308 1063 454 1096 >tionibus
470 1075 526 1097 seu
543 1063 828 1103 declarationibus3
843 1063 967 1096 statutis
981 1063 1056 1095 dicti

313 1116 440 1159 collegii
461 1117 675 1156 medicorum,
703 1116 796 1149 etiam
824 1116 1004 1149 iuramento
1029 1121 1055 1148 et

311 1169 502 1203 auctoritate
511 1170 685 1213 apostolica
697 1169 905 1208 confirmatis,
919 1179 1057 1211 quorum

311 1228 440 1256 tenores
461 1228 491 1255 et
510 1224 641 1264 formas,
663 1234 699 1255 ac
714 1223 739 1255 si
756 1223 795 1256 de
815 1223 912 1255 verbo
932 1223 971 1254 ad
991 1233 1058 1255 ver-

312 1275 390 1308 bum
421 1276 645 1319 praesentibus
674 1276 916 1314 insererentur,
946 1275 1057 1307 baberi

311 1329 462 1362 volumus
486 1340 544 1372 pro
569 1329 742 1373 expt‘ess1s‚
772 1328 1059 1361 consuetudiniinis

313 1387 343 1414 et
359 1382 472 1414 usibus
487 1382 760 1425 quilnrseunique;
778 1381 895 1424 quibus
909 1381 1058 1413 omnibus

312 1440 343 1468 et
358 1434 503 1478 singulis,
518 1436 557 1468 ad
575 1435 723 1468 effectum
740 1434 955 1478 praesentium
968 1435 1060 1466 dum-

314 1493 406 1528 taxat,
432 1488 625 1530 derogamus
650 1494 679 1521 et
704 1488 894 1530 derogatum
918 1498 985 1520 esse
1010 1487 1058 1519 in—

312 1541 476 1574 tendimus
489 1553 525 1574 ac
541 1541 769 1586 praecipimus,
792 1542 969 1584 ceterisque
982 1551 1059 1573 con-

311 1595 419 1628 trariis
435 1595 708 1638 quibuscumque.

356 1649 471 1681 Datum
492 1648 611 1681 Romae
631 1648 716 1691 apud
737 1648 890 1681 Sanctum
909 1647 1057 1686 Petrum,

313 1701 373 1734 sub
398 1702 518 1734 annulo
542 1701 732 1740 piscatoris,
764 1701 815 1733 die
841 1701 945 1744 prima
970 1700 1057 1740 iulii,

313 1754 485 1788 millesimo
529 1755 787 1798 quingentesimo
825 1754 1060 1798 seljttuagesimo

314 1807 440 1851 quinto,
462 1808 668 1851 pontificatus
688 1807 789 1840 nostri
811 1817 894 1839 anno
914 1807 962 1839 lt‘.

353 1864 417 1895 Dat.
448 1865 495 1898 die
521 1866 535 1895 1
563 1865 629 1896 iulii
647 1865 735 1902 1575,
754 1865 856 1904 pontis.
879 1874 955 1894 anno
981 1873 1020 1894 lv.

632 2037 743 2070 XLVII.

316 2103 566 2136 Dismembralio
584 2104 769 2146 provinciae
784 2102 894 2135 Fluvii
908 2102 1064 2136 Ianuarii

362 2156 401 2188 ab
426 2157 554 2189 ccclesia
577 2156 611 2189 S.
638 2155 818 2189 Salvatoris
842 2156 1001 2196 Brasilii,
1035 2161 1063 2189 et

363 2210 476 2241 erectio
498 2210 532 2241 ίη
551 2209 710 2242 vicariam
726 2213 915 2253 perpetuam
930 2208 957 2241 1.

320 2289 464 2324 Gregorius
476 2289 619 2324 Paantlt,
632 2289 665 2317 ad
674 2290 835 2325 perpetuam
845 2288 886 2318 rei
895 2289 1063 2318 memoriam.

365 2360 399 2392 In
429 2361 679 2404 supereminenti
712 2361 877 2394 militantis
905 2360 1065 2394 Ecclesiae

322 2414 464 2457 specula,
495 2414 617 2446 meritis
643 2414 717 2447 licet
741 2413 929 2458 imparibus,
959 2413 1066 2447 divina

323 2465 529 2509 dispositione
556 2467 732 2507 constituti,
754 2467 794 2500 ad
813 2466 962 2500 universa
981 2467 1067 2499 orbis

323 2519 394 2553 loca
414 2529 449 2551 ac
475 2519 667 2561 provincias,
690 2519 892 2562 praesertim,
917 2519 1066 2564 omnipo-

360 2591 372 2619 ¹
389 2589 431 2621 Ex
446 2590 546 2628 Reges-t
568 2590 595 2619 in
617 2591 720 2620 Secret.
738 2592 822 2620 Brev.

932 213 1110 239 utuimtutt'u
1128 209 1277 235 uottttNuM

1100 263 1192 296 tentis
1224 262 1279 295 Dei
1307 261 1529 297 misericordia
1546 289 1555 303 ,
1585 274 1644 308 per
1669 267 1848 303 catholicos

1100 327 1189 359 reges
1209 322 1240 349 et
1264 315 1427 360 principes
1448 316 1488 349 ab
1508 316 1694 352 infidelibus
1718 327 1749 354 et
1772 321 1848 355 bar-

1099 369 1183 402 baris
1212 369 1396 402 nationibus
1415 376 1605 414 recuperata
1625 377 1656 404 et
1676 374 1845 417 acquisita,

1099 422 1200 455 aciem
1226 428 1354 455 nostrae
1386 422 1601 457 meditationis
1630 426 1844 468 retlectimus;

1100 481 1196 518 utque
1207 475 1238 507 in
1253 475 1332 507 locis
1346 485 1382 507 ac
1395 475 1568 518 provinciis
1582 476 1658 520 ipsis
1667 479 1844 522 plantetur,

1099 533 1128 561 et
1139 529 1279 572 plantata
1291 528 1501 561 confirmetur
1509 529 1660 564 radicitus
1672 530 1846 566 christiana

1099 580 1230 623 religio,
1254 591 1432 624 eorumque
1451 580 1576 615 incolae
1594 588 1624 616 et
1635 583 1843 626 habitatores,

1099 634 1307 677 propriorum
1325 634 1533 678 prrelatorum
1548 635 1727 670 assistentia
1741 643 1774 670 et
1793 647 1844 671 re-

1099 687 1220 729 gimine
1233 687 1365 727 suffulti,
1380 687 1553 730 proficiant
1567 699 1694 732 semper
1713 689 1746 722 in
1766 690 1843 732 fide,

1099 740 1228 783 etquod
1248 739 1281 772 in
1300 739 1534 784 temporalibus
1549 747 1624 774 sunt
1638 742 1759 787 adepti,
1780 754 1845 776 non

1100 798 1230 825 careant
1240 793 1272 825 in
1287 793 1509 837 spiritualibus
1521 794 1734 836 incremento,
1750 806 1844 840 opem

1099 851 1130 879 et
1149 856 1280 890 operam
1296 847 1434 880 libenter
1448 847 1666 891 impendimus
1686 849 1844 890 efficaces,

1099 906 1195 942 prout
1214 899 1402 933 eorumdem
1418 911 1531 943 regum
1551 901 1844 944 exposcitdevotio,

1100 962 1233 995 nosque,
1255 953 1402 985 locorum
1422 958 1453 986 et
1467 964 1575 986 rerum
1597 954 1848 989 circumstantiis

1100 1011 1224 1038 mature
1249 1005 1401 1049 pensatis,
1425 1006 1464 1038 ad
1484 1006 1558 1039 fidei
1579 1007 1752 1041 ortodoxae
1771 1018 1848 1042 con-

1099 1058 1310 1091 servationem
1322 1064 1350 1092 ct
1362 1059 1639 1103 propagationem,
1649 1060 1848 1094 animarum-

1099 1122 1161 1155 que
1182 1111 1316 1145 salutem
1337 1117 1368 1144 et
1383 1113 1561 1155 profectum
1579 1113 1798 1158 conspicimus
1812 1114 1847 1148 in

1100 1165 1234 1197 Domino
1255 1165 1428 1198 salubriter
1447 1165 1611 1209 expedire.

1143 1218 1158 1261 g
1178 1218 1208 1250 ’1.
1224 1218 1347 1262 Exponi
1362 1218 1455 1251 nobis
1466 1229 1542 1252 sane
1554 1230 1660 1263 nuper
1674 1220 1750 1253 t'ecit
1769 1220 1848 1254 cha-

1100 1270 1246 1303 rissimus
1261 1271 1293 1303 in
1313 1270 1439 1304 Christo
1458 1271 1545 1305 filius
1564 1278 1672 1306 noster
1691 1273 1847 1307 Sebastia-

1101 1334 1160 1356 nus
1189 1323 1403 1367 Portugalliae
1430 1331 1460 1357 et
1483 1325 1709 1368 Algarbiorum
1733 1336 1790 1359 rex
1807 1325 1848 1359 il-

1101 1377 1230 1418 lustris,
1260 1378 1347 1421 quod
1381 1378 1479 1419 alias,
1510 1389 1584 1411 cum
1614 1379 1699 1412 inter
1724 1385 1849 1413 ceteras

1101 1426 1279 1473 provincias
1304 1430 1548 1473 progenitorum
1580 1442 1714 1465 suorum
1740 1432 1849 1477 auspi-

1102 1483 1158 1516 ciis
1184 1489 1328 1526 repertas
1359 1489 1387 1516 et
1412 1483 1601 1527 acquisitas,
1632 1495 1669 1518 ac
1693 1485 1753 1518 sub
1779 1485 1849 1519 eius

1101 1537 1270 1580 temporali
1307 1536 1450 1570 dominio
1481 1538 1650 1578 reductas,
1683 1538 1850 1582 provincia

1101 1589 1236 1630 Brasilii,
1262 1589 1295 1622 in
1320 1591 1466 1634 partibus
1495 1590 1747 1624 occidentalibus
1773 1601 1850 1624 con-

1102 1642 1228 1683 sistens,
1251 1643 1346 1685 longe
1371 1643 1500 1686 lateque
1526 1654 1559 1676 se
1579 1644 1779 1685 extenderet,
1808 1644 1848 1677 il-

1102 1695 1229 1738 liusque
1258 1695 1383 1729 incolae
1416 1702 1448 1729 et
1476 1696 1694 1738 habitatores,
1724 1696 1850 1731 divinae

1102 1748 1181 1791 legis
1201 1754 1364 1793 expertes,
1392 1750 1513 1793 absque
1539 1750 1646 1793 aliqua
1664 1750 1740 1783 fidei
1759 1756 1849 1784 orto-

1103 1801 1202 1834 doxae
1248 1801 1447 1835 institutione
1488 1803 1650 1844 viverent;
1690 1802 1849 1847 praedicti

1102 1855 1326 1898 progenitores
1349 1856 1402 1899 pio
1423 1856 1539 1889 affectu
1560 1856 1648 1898 moti,
1670 1867 1708 1890 ac
1727 1856 1852 1890 deside-

1104 1913 1210 1940 rantes
1237 1908 1270 1941 in
1298 1908 1383 1942 dicta
1411 1909 1575 1953 provincia
1600 1909 1742 1949 Brasilii,
1760 1909 1850 1943 Illius

1103 1961 1324 2003 gloriosissimi
1353 1963 1492 1996 nominis
1521 1964 1657 2005 cultum,
1683 1963 1781 1997 Cuius
1804 1968 1852 1997 est.

1104 2014 1190 2047 orbis
1209 2020 1368 2048 terrarum
1391 2022 1421 2049 et
1441 2016 1608 2059 plenitudo
1628 2016 1698 2049 eius
1722 2027 1760 2049 ac
1779 2015 1851 2049 uni-

1104 2067 1184 2100 versi
1216 2068 1273 2111 qui
1303 2067 1335 2101 in
1364 2079 1402 2102 eo
1431 2069 1570 2111 abitant,
1597 2069 1790 2114 propagari,
1819 2073 1852 2102 et.

1105 2121 1225 2154 incolas
1240 2122 1421 2166 praedictos
1441 2122 1480 2155 ad
1498 2123 1605 2155 lucem
1621 2122 1763 2156 veritatis
1779 2133 1853 2167 per-

1105 2173 1196 2214 duci,
1216 2180 1327 2218 totque
1356 2174 1477 2207 animas
1502 2175 1566 2208 Deo
1585 2175 1759 2216 lucrifieri,
1785 2185 1853 2208 non

1106 2226 1172 2260 sine
1199 2228 1343 2270 gravium
1368 2239 1581 2272 expensarum
1607 2234 1638 2261 et
1661 2233 1852 2272 sumptuum

1106 2281 1202 2321 mole,
1225 2282 1263 2313 ad
1288 2282 1484 2325 provinciam
1506 2281 1631 2315 Brasilii
1650 2281 1849 2323 huiusmodi,

1106 2344 1164 2377 pro
1191 2335 1358 2377 gentilium
1385 2341 1415 2368 et
1440 2335 1578 2368 aliorum
1605 2335 1787 2368 infidelium
1812 2335 1853 2368 ad

1107 2387 1224 2420 (liciam
1237 2388 1332 2421 fidem
1345 2389 1552 2422 conversione
1561 2394 1591 2421 et
1600 2389 1640 2421 ad
1650 2387 1854 2432 Apostolicae

1108 2435 1196 2468 Sedis
1216 2436 1431 2469 obedientiam
1450 2436 1652 2477 reductione,
1665 2447 1701 2469 ac
1716 2435 1852 2470 humani

1107 2484 1233 2525 generis
1252 2485 1476 2530 Redemptoris
1495 2485 1656 2528 agnitione
1676 2490 1852 2518 etvenera-

1109 2532 1210 2573 tione,
1237 2533 1377 2567 diversos
1400 2534 1584 2578 religiosos,
1607 2538 1637 2567 et
1661 2532 1851 2577 pracsertim

1108 2582 1367 2630 presbyterorum
1383 2584 1581 2627 regularium
1600 2581 1766 2618 Societatis
1779 2582 1855 2618 lesu
