2059 3228
347 246 410 279 666

347 310 362 350 ξ
387 307 438 340 10.
466 306 556 345 Quod
578 306 676 345 igitur
696 304 735 336 ab
753 313 903 337 omnious
923 304 1048 336 cliristi-

107 361 206 403 noa-a„
227 363 289 404 ‘¹3³⁰‘
304 361 452 394 fidelibus
471 358 659 402 acceptabili
680 357 947 400 Quadragesimae
967 362 1047 390 tem-

107 394 392 457 ii'123‚¹1?5¹50¹23„i‘.p01·0‚
415 412 501 455 quod
516 412 579 444 iam
592 410 730 451 advenit,
753 410 873 454 ubique
888 416 1047 444 terrarum

107 455 291 506 ῗζῐῖῗῖἶῗωὲῗίζῖ
303 465 484 498 faciendum
506 470 564 505 est,
591 470 626 497 ut
651 464 683 496 in
707 469 773 497 toto
802 464 898 497 corde
918 474 987 505 suo,
1015 464 1048 496 in

107 521 291 567 ffiffiafflffif
303 519 423 552 ieiunio
447 524 479 552 et
501 518 651 562 lacrymis
671 523 897 551 convertantur
921 517 960 550 ad
985 517 1048 550 Do-

106 583 162 602 uun„
302 573 439 613 minum,
461 572 493 605 id
511 572 642 615 quidem
662 572 795 612 Romae,
813 571 869 604 ubi
883 570 1048 614 religionis

303 632 350 659 est
368 625 583 664 domicilium,
610 624 666 658 ubi
686 635 850 658 sacrarum
878 624 1048 667 indulgen-

302 680 422 712 tiarum
442 678 584 712 thesauri
595 678 726 711 uberius
739 677 976 722 dispensantur,
994 677 1049 710 ubi

302 732 588 766 innumerabilium
609 737 798 775 martyrum,
810 742 949 774 quorum
961 741 1051 764 sacra

304 797 440 830 corpora
459 786 546 830 apud
561 796 619 819 nos
638 795 755 828 magno
773 785 830 818 Dei
851 795 987 818 munere
999 795 1049 818 re-

304 839 642 885 quiesmint‚peculiari
649 838 828 883 patrocinio
836 839 1050 879 sublevamur,

302 894 406 927 multo
426 899 512 927 certe
532 893 710 937 impensius
729 898 760 925 et
776 892 921 925 devotius
930 891 1051 925 facien-

298 947 381 980 dum
402 952 459 988 est3
482 953 587 990 atque,
607 952 643 979 ut
662 957 696 980 re
714 946 782 990 ipsa
791 946 857 985 fiat,
868 956 928 990 pro
943 951 1052 978 nostra

299 1012 380 1044 erga
391 1001 474 1034 hanc
485 1001 603 1034 almam
615 1000 733 1033 Urbem
749 1005 882 1043 paterna
891 1004 920 1032 et
930 999 1053 1043 praeci-

303 1066 367 1099 pua
392 1055 535 1096 caritate,
559 1065 670 1087 omnes
691 1054 722 1086 in
747 1053 882 1087 Domino
895 1053 991 1087 etiam
1007 1058 1052 1086 at-

303 1119 366 1151 que
386 1108 483 1141 etiam
502 1109 682 1147 hortamur,
704 1107 772 1140 zelo
796 1107 918 1140 incensi
939 1107 1053 1140 domus

303 1161 358 1194 Dei
378 1172 475 1205 quam
495 1162 587 1194 decet
607 1160 802 1201 sanctitudo,
817 1160 951 1194 Satanae
967 1165 1053 1194 astu-

305 1214 364 1247 tias
385 1225 451 1248 non
471 1215 671 1257 ignorantes.

349 1268 364 1310 g
388 1267 425 1300 tt
435 1246 550 1300 ,fftlud
566 1277 696 1310 quoquc
711 1266 932 1300 vehementius
947 1267 1055 1300 admo-

110 1317 294 1376 φνῇἓὲῑξέζζξζξ
306 1331 421 1354 nemus
437 1326 472 1353 ut
492 1331 604 1353 omnes
624 1326 655 1353 et
673 1320 792 1363 singuli
811 1320 994 1355 stationales
1005 1332 1056 1354 ec-

109 1385 160 1401 me
181 1380 295 1406 poeniten·
308 1374 432 1414 clesias,
455 1385 530 1407 cum
551 1373 639 1407 omni
658 1374 775 1407 timore
795 1380 825 1407 et
844 1379 998 1416 tremore,
1019 1382 1055 1408 ut

109 1414 294 1469 LZunJasfiZiiff
308 1439 381 1462 vere
396 1427 607 1471 poenitentes,
630 1433 715 1461 caste
735 1433 766 1461 et
784 1427 836 1472 pie
852 1428 979 1470 adeant,
997 1439 1055 1462 ne-

308 1481 388 1514 mini
407 1481 519 1515 dantes
542 1482 642 1514 ullam
662 1481 892 1523 offensionem,
923 1493 963 1515 ne
990 1483 1054 1516 illis

308 1534 342 1567 in
371 1534 450 1568 locis
477 1534 581 1578 iisque
611 1534 736 1573 diebus,
768 1534 885 1577 quihus
917 1536 1056 1570 aliorum

307 1594 491 1632 temporum
517 1589 631 1632 culpae
655 1588 716 1632 piis
739 1589 894 1632 operibus
913 1595 944 1623 et
964 1591 1057 1624 castis

309 1641 436 1674 ieiuniis
452 1641 659 1675 redimendae
678 1646 764 1682 sunt,
786 1641 870 1675 inter
888 1643 958 1687 ipsa
973 1655 1057 1678 mar-

309 1700 416 1739 tyrum
457 1695 629 1738 sepulchra
661 1695 744 1728 Deus
777 1696 816 1728 ad
855 1696 1057 1731 iracundiam

107 254 158 285 An.
175 256 204 285 C.
222 256 290 285 1586

306 1743 411 1786 magis
426 1748 626 1786 provocetur,
647 1744 701 1777 sed
714 1750 825 1777 contra
840 1746 947 1788 potius
962 1746 1059 1780 huius
1077 1766 1079 1777 t

313 1792 448 1826 civitatis
478 1793 691 1836 poenitentia,
732 1793 953 1838 eleemosynis,
989 1807 1060 1829 ora-

313 1841 455 1874 tionibus
486 1847 738 1886 sanctorumque
770 1842 1059 1878 intercessionibus

313 1891 458 1935 placatus
477 1891 570 1925 Pater
578 1891 873 1925 misericordiarum
890 1893 986 1934 Deus,
1002 1905 1060 1927 no-

313 1938 361 1971 bis
381 1944 412 1972 et
431 1939 555 1973 cunctis
574 1940 702 1984 populis
713 1951 809 1974 curae
827 1947 955 1976 nostrae
971 1954 1060 1976 coni-

315 1987 473 2022 mendatis
511 1989 637 2032 (omnes
665 1989 750 2022 enim
786 2000 887 2023 unum
919 1998 992 2025 sunt
1027 1993 1059 2025 in

315 2036 452 2080 Christo)
472 2038 631 2081 propitius
651 2044 682 2072 et
697 2039 864 2082 placabilis
888 2039 1058 2082 efficiatur,

107 2108 119 2121 ,
314 2090 345 2117 et
357 2095 497 2127 quorum
511 2085 592 2120 fides
603 2087 780 2131 apostolico
799 2097 854 2120 ore
873 2088 1002 2122 laudata
1015 2096 1062 2123 est

315 2139 345 2166 et
364 2134 398 2166 in
413 2134 564 2169 universo
576 2137 698 2169 mundo
707 2136 933 2178 annunciatur,
948 2148 1062 2171 eorum

315 2182 411 2216 etiam
434 2184 589 2218 modestia
614 2191 644 2219 et
664 2185 834 2230 disciplina
845 2186 884 2219 ad
893 2187 1020 2230 pietatis
1031 2196 1062 2222 et

314 2232 492 2266 sanctitatis
504 2235 687 2278 exemplum
708 2234 857 2268 omnibus
877 2235 1063 2272 nationibus

314 2287 529 2325 proponatur.

360 2331 445 2364 Nulli
466 2343 542 2375 ergo
559 2337 617 2367 etc.

361 2380 474 2413 Datum
494 2381 614 2416 Rornae
641 2383 728 2427 apud
750 2383 902 2418 Sanctum
922 2384 1064 2426 Petrum,

318 2437 403 2461 anno
427 2429 660 2465 Incarnationis
683 2432 864 2466 dominicae
892 2443 1062 2475 nnnxxxvi,

319 2475 428 2510 idibus
451 2478 622 2520 februarii,
653 2481 766 2524 pontif.
799 2482 899 2515 nostri
919 2493 1003 2516 anno
1023 2493 1044 2516 1.

318 2526 344 2566 ἢ·
364 2525 428 2568 Ego
447 2526 556 2562 Slxrrs
580 2529 757 2563 catholicae
776 2531 861 2564 Eccl.
881 2532 1064 2575 episcopus.

340 2572 529 2616 „Sequuntur
546 2578 766 2611 cardinalium
784 2580 1041 2624 subscriptiones.

383 2630 445 2664 Dat..
464 2631 511 2663 die
530 2633 566 2665 13
582 2634 638 2665 seb.
658 2635 746 2675 1586,
766 2637 872 2676 pontit.
889 2646 965 2669 anno
986 2647 1007 2669 1.

891 250 1069 275 maximnm
1091 249 1242 274 Romnum

1847 247 1900 273 An.
1915 242 1959 274 c:
2010 253 2014 270 ··

1390 302 1519 335 XXXIV.

1088 383 1268 415 Laui-etam
1294 382 1404 426 oppidi
1425 382 1612 425 provinciae
1637 382 1774 416 Picenae
1796 384 1833 414 in

1132 436 1296 469 civilatem
1314 435 1511 475 sublimatio,
1542 435 1667 477 eiusque
1685 435 1832 477 colleyia-

1136 493 1186 522 tae
1209 489 1352 522 ecclesiae
1371 489 1407 521 in
1431 487 1649 521 cathedralem
1668 491 1697 520 et
1716 488 1834 531 episco-

1131 542 1240 585 palem
1260 542 1385 575 erectio.

1151 626 1245 656 sixtus
1263 626 1415 662 opiscopus,
1433 632 1528 654 servus
1545 631 1685 654 servorum
1698 624 1761 658 Dei.

1235 681 1270 709 ad
1281 681 1444 716 perpetuam
1461 679 1503 708 rei
1520 679 1689 709 memoriam.

1135 756 1196 789 Pro
1216 756 1381 789 excellenti
1401 755 1644 800 praeeminentia
1653 754 1745 788 Sedis
1755 754 1838 799 Apo·
1862 742 1959 797 fia}

1093 809 1237 850 stolicae,
1255 809 1288 842 in
1298 820 1372 851 qua,
1384 815 1457 853 post
1468 809 1598 842 beatum
1618 809 1749 842 Petrum
1760 819 1837 852 apo·
1848 806 1910 858 2⁰⁵⁵

1092 863 1247 896 stolorum
1270 862 1464 907 principem,
1491 862 1637 905 quamvis
1660 861 1837 906 imparibus
1847 860 1960 918 *³⁸⁶⁸*
2001 897 2010 901 ,,

1093 917 1226 957 meritis,
1245 916 1314 960 pari
1330 922 1437 949 tamen
1461 915 1651 949 auctoritate
1672 915 1836 950 constituti
1848 902 1925 951 xiiiio
1937 918 1982 954 2:³⁷⁷

1093 969 1385 1012 sumus‚inirriguo
1396 969 1562 1002 militantis
1582 969 1735 1002 ecclesiae
1749 979 1837 1012 agro,

1093 1033 1190 1056 novas
1204 1023 1403 1066 episcopales
1420 1023 1511 1055 sedes
1523 1022 1738 1066 ecclesiasque
1748 1023 1839 1066 plan-

1094 1082 1160 1110 tare
1185 1077 1318 1120 dignum
1347 1077 1561 1116 arbitramur,
1587 1081 1622 1108 ut
1646 1087 1704 1120 per
1723 1076 1847 1109 huius-⁷

1095 1129 1181 1163 modi
1203 1140 1319 1163 novam
1339 1130 1568 1174 plantationem
1595 1129 1762 1173 popularis
1785 1140 1840 1163 au-

1094 1189 1205 1225 geatur
1229 1183 1365 1222 devotio,
1398 1182 1525 1215 divinus
1554 1183 1660 1215 cultus
1687 1182 1839 1223 effloreat,

1096 1242 1126 1269 et
1145 1236 1327 1269 animarum
1355 1236 1439 1269 salus
1459 1236 1695 1279 subsequatur,
1716 1246 1754 1269 ac
1781 1235 1841 1269 hu-

1097 1290 1184 1322 milia
1196 1290 1268 1323 loca
1283 1289 1485 1332 dignioribus
1498 1289 1599 1322 titulis
1619 1293 1650 1322 et
1669 1288 1841 1332 condignis

1097 1343 1256 1376 favoribus
1280 1343 1483 1376 illustrentur
1496 1369 1504 1383 ,
1534 1352 1662 1375 necnon
1680 1352 1840 1386 propaga-

1098 1397 1183 1430 tione
1207 1403 1308 1430 novae
1337 1396 1420 1430 sedis
1446 1396 1660 1439 honoratique
1686 1395 1843 1439 praesulis

1097 1450 1273 1484 assistentia
1297 1455 1328 1484 et
1353 1450 1522 1493 regimine,
1553 1459 1628 1482 cum
1647 1449 1842 1493 apostolicae

1099 1504 1263 1548 potestatis
1281 1503 1482 1548 plenitudine
1499 1503 1530 1537 et
1549 1502 1746 1536 orthodoxae
1764 1501 1843 1536 fidei

1100 1557 1245 1601 prosectu
1254 1563 1284 1591 et
1294 1557 1496 1598 exaltatione,
1509 1556 1621 1600 populi
1631 1555 1692 1600 ipsi
1698 1555 1845 1600 proposi-

1098 1617 1166 1644 turn
1178 1611 1224 1644 eis
1235 1616 1383 1644 aeternae
1398 1610 1557 1644 felicitatis
1573 1609 1755 1654 praemium
1767 1608 1839 1644 faci·
1871 1607 1878 1616 “

1098 1664 1160 1697 lius
1178 1664 1304 1697 valeant
1323 1663 1468 1708 adipisci.

1142 1718 1157 1762 g
1181 1716 1749 1761 1.Considerantesitaqueoppidum
1763 1717 1844 1760 Lau-
1924 1741 1927 1743 >
1970 1748 1972 1750 .
2012 1750 2014 1763 3

1101 1776 1258 1812 retanum,
1279 1771 1311 1804 in
1331 1771 1494 1815 provincia
1512 1770 1622 1804 Piceni
1641 1771 1750 1812 situm,
1768 1772 1842 1805 nul·
1856 1760 1975 1813 gigeano·

1099 1824 1161 1857 lius
1181 1824 1349 1865 dioecesis,
1364 1824 1436 1858 Sedi
1447 1824 1650 1868 Apostolicae
1659 1823 1844 1858 immediate

1100 1878 1292 1919 subiectum,
1314 1878 1346 1911 in
1366 1884 1432 1912 toto
1452 1879 1530 1912 orbe
1541 1878 1799 1919 celeberrimum,
1813 1883 1846 1912 et.

1100 1931 1132 1964 in
1156 1942 1194 1965 eo
1213 1942 1311 1965 unam
1335 1931 1494 1975 insignem
1518 1931 1716 1975 collegiatam
1741 1931 1846 1965 eccle-

1101 1984 1179 2017 siam
1200 1985 1258 2018 sub
1279 1984 1481 2018 invocatione
1509 1984 1543 2017 B.
1574 1984 1690 2018 Mariae
1707 1984 1846 2028 Virginis

1103 2039 1155 2072 Dei
1186 2039 1292 2072 Matris
1320 2038 1487 2072 fundatam
1507 2039 1677 2079 excellere,
1699 2039 1733 2071 in
1751 2038 1844 2072 cuius

1103 2091 1208 2125 medio
1227 2092 1310 2125 inest.
1336 2091 1416 2124 illud
1444 2102 1572 2125 sacrum
1593 2092 1781 2125 cubiculum
1800 2091 1844 2125 di-

1103 2145 1180 2178 vinis
1196 2144 1353 2189 mysteriis
1373 2152 1608 2186 consecratum,
1627 2146 1661 2178 in
1680 2157 1744 2190 quo
1761 2146 1846 2179 dicta

1104 2194 1196 2237 Virgo
1216 2194 1312 2226 Maria
1328 2200 1402 2227 nata
1422 2195 1492 2234 fuit,
1514 2200 1547 2228 et
1566 2195 1683 2228 ibidem
1705 2195 1785 2238 ipsa,
1805 2195 1846 2228 ab

1103 2243 1217 2285 angelo
1236 2243 1384 2282 salutata,
1405 2243 1600 2277 Salvator-em
1611 2244 1717 2277 Mundi
1729 2244 1768 2277 de
1779 2243 1847 2288 Spi—
1862 2277 1864 2279 ,

1105 2291 1168 2324 ritu
1183 2291 1300 2325 Sancto
1328 2292 1489 2336 concepit,
1511 2292 1688 2326 ministerio
1721 2293 1847 2336 angelo-

1104 2351 1176 2373 rum
1192 2340 1269 2373 illuc
1287 2341 1489 2383 translatum3
1508 2342 1592 2375 etad
1611 2342 1726 2375 dictam
1743 2343 1846 2376 eccle-

1105 2389 1197 2431 siam,
1219 2390 1260 2422 ob
1278 2390 1446 2430 miracula,
1468 2401 1550 2434 quae
1567 2391 1599 2423 in
1616 2391 1684 2424 dies
1698 2391 1846 2436 omnipo-

1106 2445 1175 2472 tens
1203 2439 1378 2480 Dominus,
1413 2439 1641 2473 intercessione
1671 2446 1702 2474 et
1725 2440 1846 2474 meritis

1107 2488 1250 2521 eiusdem
1269 2488 1304 2521 B.
1326 2488 1440 2521 Mariae
1449 2488 1598 2532 Virginis,
1614 2489 1646 2522 in
1666 2489 1777 2522 eodem
1788 2500 1863 2533 cu-·

1106 2537 1215 2570 biculo
1234 2536 1362 2580 operari
1381 2536 1541 2580 dignatur,
1569 2538 1791 2572 christifideles
1810 2549 1846 2572 ex

1108 2585 1258 2619 omnibus
1277 2585 1389 2618 mundi
1404 2585 1602 2629 regionibus,
1624 2586 1799 2620 devotionis
1815 2593 1846 2621 et.

1110 2633 1378 2677 peregrinationis
1396 2645 1505 2678 causa,
1518 2635 1692 2669 confluere.
