2059 3228
39 241 86 275 ο
103 244 170 272 mae

183 296 389 341 deputarunt,
403 300 540 341 proutin
560 299 690 333 diversis
708 308 822 332 eorum
839 307 931 342 prae-

182 349 388 383 decessorum
409 351 566 384 littei-isac
581 353 707 385 (luobus
732 352 928 384 instrumen-

181 402 222 435 tis
252 402 389 446 publicis
409 414 506 447 super
525 404 745 438 nominatione
771 409 801 436 ct
828 404 929 447 depu-

180 455 300 490 tatione
323 457 592 501 depositariorum
618 457 803 490 huiusmodi
823 458 929 491 confe-

181 508 240 542 ctis
258 510 386 553 plenius
406 511 599 545 continetur.
627 511 704 544 Cum
735 516 841 544 autem
866 521 928 543 nu-

178 572 238 606 per
257 573 326 604 uos,
354 564 448 597 certis
467 571 544 598 tunc
565 564 721 607 expressis
741 563 845 596 causis
876 563 929 596 ad-

179 615 281 657 ducti,
298 617 452 650 dilectum
474 617 576 650 filium
592 617 719 649 Pirrum
735 616 926 656 lllalvetium,

179 669 280 702 civem
318 670 460 703 nobilem
492 669 738 710 Bononiensem,
765 669 926 712 deposita-

179 721 263 755 rium
294 723 479 766 praedictae
508 722 663 765 gabellae‚
696 733 769 755 cum
800 723 926 755 emolu-

179 779 288 808 mento
308 769 416 809 annuo
437 780 653 809 trecentorum
674 781 840 809 scutorum
856 775 926 808 auri

178 827 212 862 in
232 839 324 870 auro,
344 839 381 862 ac
400 829 618 869 facultatibus,
632 828 817 872 privilegiis,
832 839 925 872 prae·

178 882 339 925 rogativis,
360 882 603 925 honoribusque
623 881 722 915 solitis
743 887 773 914 et
793 888 927 915 consue·

178 934 230 976 tis,
248 935 354 979 quoad
363 932 466 968 'vitam
486 935 629 976 duceret,
646 936 832 976 fecerimus,
848 945 925 969 con-

178 988 378 1022 stituerimus
405 993 436 1022 et
465 988 737 1032 deputaverimus,
769 989 801 1021 in
832 1000 925 1032 grave

179 1041 337 1075 dictorum
363 1041 533 1076 doctorum
553 1047 584 1075 et
603 1041 776 1085 legentium
796 1042 924 1085 praeiu-

178 1095 299 1129 dicium
331 1100 366 1128 et
400 1106 592 1139 gravamen,
641 1100 742 1128 stante
788 1096 924 1129 maxime

152 1154 158 1162 ⁴
178 1148 373 1192 obligatione
393 1149 535 1182 solvendi
564 1149 683 1182 eisdem
713 1149 925 1182 creditoribus

178 1203 296 1236 dictam
316 1213 476 1236 summam
495 1203 710 1236 ducentorum
731 1208 761 1235 et
786 1203 924 1244 quadra-

177 1255 265 1300 ginta
283 1261 462 1296 scutorum;
480 1266 538 1300 pro
554 1261 645 1300 parte
666 1256 853 1288 eorumdem
870 1256 925 1289 do-

174 1314 304 1343 ctorum
333 1314 364 1343 et
386 1309 563 1353 legentium
594 1309 686 1342 nobis
707 1310 766 1341 fuit
794 1310 924 1342 humili-

178 1367 227 1396 ter
245 1363 461 1407 supplicatum
489 1368 649 1407 quatenus
673 1374 727 1395 eos
747 1363 924 1406 inposses-

177 1416 269 1455 sione
284 1427 418 1450 suorum
434 1416 674 1461 privilegiorum
683 1416 923 1459 praedictorum

178 1475 388 1503 manutenere
404 1470 444 1504 de
463 1469 659 1513 benignitate
679 1470 855 1514 apostolica
875 1470 922 1502 di-

178 1533 362 1567 gnaremur.

59 1567 74 1606 =¹0
221 1577 237 1621 ἓ
261 1576 293 1610 8.
318 1577 382 1611 Nos
401 1577 510 1620 igitur,
527 1577 655 1610 eosdem
677 1578 824 1610 doctores
837 1582 867 1609 et
880 1578 923 1609 le-

51 1628 165 1689 ffiglgffi
176 1635 287 1674 gentes
305 1630 498 1674 specialibus
517 1630 677 1663 favoribus
689 1636 716 1663 et
729 1630 836 1673 gratiis
848 1641 922 1673 pro-

49 1695 94 1730 un—
115 1700 165 1716 eon-
177 1683 268 1728 sequi
296 1684 459 1723 volentes,
492 1694 529 1716 ac
560 1684 741 1717 litterarum
777 1684 922 1716 omnium

48 1727 56 1746 ⁸
73 1723 150 1752 ⁸¹¹⁸¹¹⁵³
177 1737 416 1781 praedictarum
451 1742 483 1770 et
522 1737 763 1781 privilegiorum
797 1743 924 1770 tenores

177 1790 399 1834 praesentibus
417 1800 477 1834 pro
497 1790 655 1833 expressis
674 1790 921 1829 liabenteS,eos—

176 1854 240 1887 que
259 1848 291 1877 et
309 1854 422 1877 eorum
451 1844 630 1886 quemlibet
649 1854 665 1876 a
686 1843 850 1887 quibusvis
869 1855 921 1876 ex-

177 1897 490 1937 communicationis,
522 1897 741 1940 suspensionis
771 1901 800 1929 ct
825 1897 922 1929 inter-

177 1949 255 1986 dicti
271 1950 407 1994 aliisque
420 1950 644 1984 ecclesiasticis
659 1950 834 1990 sententiis,
847 1961 922 1983 cen-

177 2003 260 2037 suris
280 2010 312 2036 et
329 2004 454 2048 poenis,
477 2004 574 2037 aiure
584 2004 631 2036 vel
643 2003 833 2043 abhomine,
843 2014 922 2046 qua-

177 2056 223 2090 vis
246 2057 413 2090 occasione
432 2058 482 2090 vel
504 2066 618 2097 causa,
647 2057 733 2097 latis,
756 2056 780 2089 si
805 2057 923 2099 quibus

178 2110 420 2152 quomodolibet
438 2110 583 2143 innodati
615 2110 764 2150 existunt,
791 2110 830 2142 ad
850 2110 924 2142 css‘e-

179 2167 264 2197 ctum
289 2164 508 2208 praesentium
530 2164 693 2196 dumtaxat
723 2173 922 2206 consequen-

179 2216 269 2257 dum,
291 2217 408 2250 harum
433 2217 516 2250 serie
530 2217 729 2250 absolventes
748 2221 777 2249 et
798 2216 923 2249 absolu—

179 2275 229 2303 tos
259 2270 327 2303 fore
351 2276 528 2311 censentes,
542 2269 740 2304 huiusmodi
766 2269 925 2312 supplica—

179 2323 320 2357 tionibus
340 2324 496 2364 inclinass,
511 2322 833 2367 deputationemdicti
844 2323 923 2355 Pirri

179 2376 214 2410 in
231 2376 463 2421 depositarium
483 2377 586 2410 dictae
602 2377 745 2419 gabellae
756 2386 828 2408 cum
839 2386 925 2408 emo-

180 2425 323 2458 lumento
343 2425 502 2458 dictorum
514 2431 731 2458 trecentorum
749 2431 924 2460 scutorum,

180 2484 217 2507 ac
243 2473 461 2514 facultatibus,
484 2473 670 2517 privilegiis,
697 2472 925 2516 maerogativis

181 2532 218 2556 ac
236 2522 428 2563 honoribus,
449 2522 621 2566 praedietis
639 2531 773 2564 μοι-1105,
787 2527 818 2553 ut
832 2531 924 2564 prae-

181 2570 295 2609 fertur,
325 2571 452 2612 factam,
482 2581 608 2604 necnon
636 2571 756 2603 litteras
788 2570 926 2613 desuper

183 2619 235 2654 die
256 2629 320 2657 xxn
346 2619 440 2663 iunii,
471 2620 678 2666 pontificatus
706 2620 805 2653 nostri
841 2629 926 2653 anno

844 243 947 270 §TUUS
965 243 986 267 V
1002 243 1050 267 ΡΡ.

1607 229 1671 265 7⁶23

969 294 1085 340 primo,
1113 294 1283 335 confectas,
1312 305 1349 328 ac
1380 293 1509 327 illarum
1541 291 1717 327 intimatio-

969 348 1244 392 nem,omniaque
1269 353 1300 381 et
1319 347 1443 391 singula
1468 347 1542 380 inde
1567 350 1715 390 sequuta,

969 401 1143 446 apostolica
1156 401 1356 441 auctoritate,
1366 407 1476 434 tenore
1484 399 1714 444 praesentium,

969 464 1334 494 1·evocamus‚cassainiis
1346 454 1640 493 etannullamus,ao
1651 462 1718 486 cas-

969 507 1109 548 sa‚irrita
1117 513 1145 539 et
1158 507 1263 539 inania
1273 518 1307 538 ac
1320 506 1574 540 nulliusroboris
1583 506 1632 538 vel
1649 516 1717 539 mo-

969 560 1068 600 menti
1078 560 1174 594 suisse
1183 566 1214 594 et
1224 571 1365 599 esse‚nec
1375 560 1561 604 quodquam
1572 559 1621 592 ius
1629 560 1661 592 in
1670 558 1716 592 di-

969 620 1018 648 cta
1026 612 1219 657 depositaria
1229 624 1286 657 per
1295 613 1534 656 deputationem
1545 613 1715 646 huiusmo-

968 668 999 700 di
1020 666 1211 710 acquisitum
1233 667 1330 699 fuisse
1350 672 1405 699 aut
1425 677 1505 707 esse;
1527 666 1639 709 sicque
1658 676 1717 710 per

967 731 1190 764 quoscumque
1210 719 1334 752 iudices
1357 725 1388 752 et
1408 719 1654 759 commissarios,
1681 730 1716 752 e-

967 774 1044 806 tiam
1068 784 1239 806 causarum
1260 773 1371 805 Palatii
1392 772 1566 815 Apostolici
1587 772 1714 806 audito-

967 838 1030 868 res,
1052 837 1089 860 ac
1109 827 1140 859 S.
1163 827 1199 859 R.
1227 827 1262 859 E.
1295 826 1483 865 cardinales,
1502 837 1537 858 ac
1558 826 1712 867 legatum,

965 881 1177 923 vicelegatum
1212 885 1244 913 et
1280 880 1529 922 gubernatorem
1547 906 1554 919 ‚
1587 889 1714 912 necnon

966 933 1176 977 quadraginta
1196 933 1280 966 viros
1300 933 1402 965 dietae
1424 931 1567 969 civitatis,
1590 931 1714 964 sublata

966 987 1011 1020 eis
1035 993 1066 1020 et
1093 997 1206 1020 eorum
1236 986 1369 1019 cuilibet
1388 985 1499 1028 quavis
1523 985 1615 1017 aliter
1636 985 1714 1017 iudi-

966 1040 1059 1073 candi
1081 1045 1111 1073 et
1133 1039 1363 1083 interpretandi
1387 1039 1537 1071 facultate
1558 1044 1588 1070 et
1604 1044 1714 1071 aucto-

966 1094 1069 1134 ritate,
1096 1093 1218 1136 ubique
1238 1091 1375 1125 iudicari
1396 1091 1711 1131 etdesiniridebere;

966 1157 1091 1180 necnon
1112 1146 1241 1179 irritum
1268 1151 1298 1178 et
1327 1145 1421 1178 inane
1442 1144 1597 1188 quicquid
1621 1155 1713 1179 secus

965 1211 1063 1243 super
1082 1200 1132 1233 his
1151 1210 1354 1243 aquoquam,
1374 1198 1484 1242 quavis
1508 1198 1711 1237 auctoritaie,

965 1255 1103 1287 scienter
1112 1255 1160 1287 vel
1169 1252 1541 1297 ignoranter,contigerit
1551 1252 1710 1291 attentare

965 1309 1134 1352 eidemque
1154 1308 1257 1349 Pirro,
1287 1307 1345 1340 sub
1371 1305 1711 1340 excommunicationis

964 1363 1098 1406 aliisque
1123 1361 1349 1395 ecclesiasticis
1366 1371 1403 1393 ac
1421 1359 1620 1404 pecuniariis
1636 1370 1712 1403 poe-

964 1416 1024 1455 nis,
1047 1426 1086 1448 ne
1116 1415 1148 1447 in
1172 1414 1257 1448 dicta
1276 1413 1468 1458 depositaria
1488 1412 1632 1446 eiusdem
1659 1423 1710 1455 ga-

964 1470 1066 1502 bellae
1090 1468 1333 1512 quoquomodo,
1351 1467 1460 1510 vigore
1475 1472 1530 1499 aut
1547 1471 1710 1510 praetextu

964 1522 1182 1565 deputationis
1201 1532 1260 1565 per
1285 1531 1356 1561 nos,
1379 1527 1414 1553 ut
1440 1519 1632 1564 praefertur,
1667 1520 1711 1551 l'a-

964 1581 1032 1608 ctae
1053 1582 1108 1608 aut
1133 1576 1212 1608 alias
1237 1573 1492 1618 quomodolibet,
1515 1584 1547 1606 se
1563 1573 1710 1615 ingerere

964 1630 1079 1662 audeat
1093 1630 1141 1662 vel
1161 1633 1356 1673 praesumat,
1378 1627 1573 1660 inhibemus.

1008 1683 1022 1723 ξ
1043 1682 1072 1715 [l.
1096 1683 1133 1714 Et
1161 1681 1373 1714 nihilominus
1397 1680 1503 1712 omnia
1531 1685 1561 1712 et
1584 1680 1709 1723 singula

964 1735 1129 1779 privilegia
1167 1740 1194 1767 et
1240 1735 1427 1773 facultates,
1467 1732 1705 1773 immunitates,

964 1789 1219 1832 praerogativas,
1247 1788 1428 1827 libertates,
1454 1786 1570 1829 gratias
1599 1792 1630 1819 et
1658 1786 1708 1819 in-

964 1843 1064 1881 dulta,
1087 1847 1183 1886 prout
1207 1852 1265 1885 per
1284 1841 1413 1873 eosdem
1441 1840 1603 1872 Romanos
1626 1839 1708 1872 Pon-

965 1896 1063 1928 tifices
1086 1895 1348 1938 praedecessores
1367 1898 1494 1926 nostros
1513 1892 1705 1936 praedictos,

964 1950 1083 1982 eisdem
1103 1948 1284 1981 rectoribus
1304 1952 1334 1979 et
1349 1947 1528 1989 legentibus
1544 1956 1705 1985 concessa,

964 2003 1137 2046 approbata
1159 2007 1186 2034 et
1201 2002 1349 2034 innovata
1368 1999 1497 2037 suerint,
1520 1999 1637 2032 eisdem
1650 2009 1707 2031 au-

964 2056 1111 2089 ctoritate
1138 2062 1169 2087 et
1202 2061 1312 2087 tenore
1331 2052 1559 2096 approbamus,
1589 2051 1707 2085 confir-

963 2119 1089 2142 mamus
1108 2114 1138 2141 ct
1157 2108 1251 2141 etiam
1277 2107 1316 2139 de
1333 2116 1414 2139 novo
1433 2105 1708 2144 concedimus;ac

964 2173 1076 2195 omnes
1096 2162 1240 2194 desectus
1268 2160 1347 2192 iuris
1372 2165 1399 2191 ct
1422 2158 1508 2198 sacti,
1531 2158 1555 2190 si
1576 2157 1631 2201 qui
1657 2158 1707 2190 in-

965 2215 1214 2249 tervenerint·in
1240 2213 1373 2252 eisdem,
1396 2212 1596 2255 supplemus.

1008 2270 1022 2312 ξ
1048 2269 1099 2301 10.
1126 2268 1282 2307 Quocirca
1302 2265 1537 2298 venerabilibus
1557 2264 1709 2297 fratribus

964 2322 1207 2365 archiepiscopo
1250 2318 1445 2352 Bononiensi
1481 2323 1512 2351 et
1556 2318 1708 2362 episeopo

966 2375 1111 2408 lmolcnsi
1132 2385 1168 2406 ac
1187 2373 1302 2406 dilecto
1324 2371 1390 2404 lilio
1411 2381 1578 2404 causarum
1595 2371 1710 2404 Curiae

965 2425 1115 2457 Gamerae
1136 2422 1336 2465 Apostolicae
1349 2419 1637 2462 generaliauditori
1652 2431 1711 2464 per

965 2473 1139 2516 apostolica
1162 2471 1279 2513 scripta
1300 2469 1490 2502 mandamus
1509 2474 1666 2512 quatenus
1683 2469 1710 2501 i-

967 2522 1013 2565 psi
1037 2522 1084 2553 vel
1105 2520 1168 2552 duo
1193 2524 1248 2551 aut
1266 2529 1351 2551 unus
1371 2527 1496 2557 eorum,
1524 2528 1581 2560 per
1606 2527 1638 2550 se
1662 2517 1709 2550 vel

966 2570 1065 2602 alium
1087 2579 1141 2602 seu
1166 2568 1255 2607 alios,
1280 2566 1334 2600 ubi
1356 2577 1383 2599 et
1403 2566 1532 2610 quando
1544 2576 1625 2609 opus
1645 2566 1710 2599 sue-

966 2618 1019 2660 rit,
1041 2628 1078 2652 ac
1097 2617 1223 2662 quoties
1238 2626 1297 2661 pro
1318 2620 1406 2662 parte
1431 2616 1601 2648 doctorum
1621 2615 1707 2650 etle-

1727 237 1780 266 An.
1798 236 1827 266 C.
1845 235 1919 265 1585

1749 1689 1827 1711 Vetera
1836 1691 1905 1711 omnin

1722 1722 1831 1742 confirmat
1860 1722 1904 1748 pli-

1722 1752 1806 1780 vilegia;

1744 2274 1904 2296 commissario·

1722 2307 1816 2333 deputam
