2059 3228
99 227 152 256 An.
165 227 193 255 C.
214 228 280 256 mss.

129 714 280 741 Praelatasque

97 750 118 766 et
133 747 233 769 eterit-os.
246 747 282 766 iu<

96 779 195 803 gerentes
217 783 240 798 se
261 778 280 798 in

94 809 212 831 beneficiis,
241 814 281 828 :ui—

96 843 117 860 te
160 841 280 865 expeditio-

94 876 143 891 nem
162 872 278 891 litterarum

95 903 220 928 apostolic.v
242 908 281 923 ro-

94 934 182 953 erceuili
224 935 280 954 iuxta

93 967 161 983 const.
192 964 237 985 iulii
262 964 279 984 ΙΙ

94 998 115 1015 ει
130 995 175 1016 tutti
190 995 226 1021 lll;

162 2062 257 2083 portiani
264 2070 281 2083 m

347 217 408 252 778

301 280 436 311 satarum
457 278 559 309 bonae
580 275 755 309 memoriae
772 274 886 308 Carolo
906 276 943 308 de
958 275 1050 308 Gras-

299 333 340 364 sis
361 332 512 374 episcopo
525 329 638 362 Montis
653 328 886 368 Flasconensis,
904 335 933 363 et
947 340 1050 373 quon-

299 386 370 417 dam
387 383 578 427 llonuphrio
588 382 770 423 Camaiano‚
782 382 886 416 dictae
897 383 1049 416 Gamerae

300 437 507 481 praesidenti,
528 437 603 470 dum
618 436 812 470 inhumanis
829 443 972 480 agerent,
990 448 1050 481 per

298 491 445 523 cedulam
472 496 578 524 motus
598 490 723 535 proprii
743 491 802 524 sub
822 491 930 524 datum
962 491 1047 523 vitle-

298 544 372 577 licet
391 554 442 577 xw
459 544 594 578 Kalend.
613 544 817 588 septembris,
842 545 1048 588 pontificatus

298 597 345 629 sui
360 607 446 630 anno
462 597 570 639 tertio,
593 604 808 632 concesserat.

342 651 356 694 g
377 650 408 684 6.
436 651 480 684 Ac
495 651 591 685 etiarn
616 652 800 686 facultatem
821 658 931 686 contra
953 662 1046 695 prae-

296 704 377 737 latos
389 705 565 739 etclericos
575 705 811 749 possessionem
827 705 1046 745 ecclesiarium,

298 758 568 791 monasteriorum
588 764 619 792 et
646 759 786 792 aliorum
812 759 1045 792 beneficiorum

296 822 592 856 quorumcumque,
615 823 689 846 cum
711 823 789 846 cura
809 818 839 846 et.
863 813 930 846 sine
955 824 1043 853 cura,

296 865 513 898 saecularium
539 871 570 899 et
603 867 792 909 quorumvis
816 866 971 900 Ordinum
998 877 1047 899 rc-

296 918 471 961 gulariuni,
507 920 628 963 absque
652 921 831 953 litterarum
856 920 1048 964 apostolica-

297 982 367 1005 rum
377 983 475 1016 super
486 973 734 1016 provisionibus,
744 974 955 1010 eommendis,
969 984 1045 1006 con-

296 1026 496 1059 cessionibus
518 1032 547 1060 et
567 1027 638 1060 aliis
654 1027 920 1071 dispositionibus
935 1027 993 1059 sibi
1007 1027 1046 1059 de

294 1079 358 1112 illis
389 1079 474 1112 dicta
504 1081 681 1124 apostoliea
715 1080 905 1114 auctoritate
941 1080 1043 1120 sactis,

293 1133 510 1176 expeditione,
524 1139 753 1178 praeterquam
766 1134 873 1177 vigore
887 1134 992 1167 brevis
1008 1134 1046 1166 de

293 1186 484 1220 eorumdem
523 1188 726 1231 possessione
770 1188 902 1220 nomine
942 1187 1045 1221 dictae

293 1239 445 1273 Gamerae
466 1241 635 1284 capienda,
658 1241 949 1285 apprehendentes,
973 1241 1045 1273 etin

293 1293 355 1326 illis
365 1305 397 1327 se
409 1295 655 1337 quomodolibet
664 1295 1047 1336 immiscentes,similiter

293 1348 482 1389 summarie,
494 1348 590 1381 etiam
599 1348 647 1381 via
660 1348 834 1390 executiva,
848 1359 885 1381 ac
902 1359 960 1392 per
975 1359 1047 1381 cen-

294 1412 384 1434 suras
400 1407 430 1435 et
450 1413 571 1445 poenas
590 1402 824 1436 ecclesiasticas
842 1402 874 1435 in
891 1402 962 1436 Iulii
980 1402 1005 1435 ΙΙ
1017 1407 1048 1435 ct

294 1455 365 1487 Iulii
391 1456 443 1496 tlt,
461 1456 761 1500 praedecessorum,
774 1461 806 1489 et
824 1456 961 1489 aliorum
983 1457 1046 1489 Ro-

295 1519 466 1542 manorum
480 1509 687 1550 Pontificum,
706 1509 854 1542 similiter
868 1509 1046 1552 przcdeces—

295 1573 405 1595 sorum
414 1563 899 1604 nost1‘01‘uni,constitutionibus
909 1563 1048 1606 desuper

294 1616 387 1649 editis
408 1622 588 1658 contentas,
608 1623 638 1650 et
658 1617 736 1649 alias
756 1617 843 1649 iuxta
859 1617 1044 1649 huiusmodi

294 1669 561 1704 constitutionum
580 1676 736 1712 tenorem,
748 1671 815 1703 sine
832 1676 940 1703 tamen
952 1666 1046 1715 'prac-

295 1723 415 1756 indicio
446 1724 636 1758 facultatum
657 1724 802 1757 eiusdem
823 1724 975 1758 Gamerae
995 1735 1048 1767 gc-

294 1777 395 1810 nerali
415 1777 618 1811 thesaurario
651 1788 748 1821 super
778 1777 937 1811 fructibus
965 1779 1046 1810 male

295 1831 456 1875 perceptis
481 1842 708 1865 concessarum
734 1836 762 1864 et
779 1832 1045 1876 competentium,

295 1884 389 1916 ctiam
415 1886 626 1929 procedendi,
659 1885 851 1919 auctoritate
879 1891 909 1919 et.
934 1891 1047 1919 tenore

296 1938 460 1980 praefatis,
483 1939 705 1972 concedimus.

340 1990 354 2033 ξ
394 1990 423 2023 7.
460 1991 590 2024 Necnon
631 1992 735 2025 eidem
772 1992 1046 2025 commissariatus

297 2044 404 2076 ollicio
426 2050 458 2077 ut
478 2047 660 2088 praelcrtur
680 2051 800 2086 erecto,
820 2057 878 2090 pro
897 2047 1047 2079 eiusdoti-

139 2100 160 2143 {¹¹
202 2102 281 2144 'fjwfssjsl
298 2103 324 2128 vt
349 2097 427 2130 illud
453 2110 510 2142 pro
531 2104 677 2142 tempore
705 2099 880 2132 obtinentis
904 2100 1049 2132 substen-

204 2161 225 2174 ιθ
247 2162 282 2174 «¹³
299 2151 430 2191 tatione,
453 2152 634 2195 portionem
666 2152 769 2195 panis,
799 2152 873 2191 vini,
904 2154 1049 2186 esculen-

96 2189 117 2205 οἱ
127 2187 187 2205 sulit..
201 2187 282 2205 '‘iiiolit*

97 2219 165 2236 menta
186 2218 282 2242 l.ir:itur;

300 2209 404 2236 totum
426 2210 456 2237 et
476 2205 613 2237 aliartnn
642 2216 751 2238 rerum
783 2216 842 2249 per
862 2206 962 2249 ipsius
992 2206 1048 2239 Ca-

300 2269 406 2290 mvrae
425 2259 682 2292 commissarium
699 2260 882 2302 generalem
898 2270 955 2303 pro
967 2267 1047 2293 tem-

299 2322 376 2351 pore
401 2313 586 2344 existentem
614 2312 722 2345 dietim
750 2324 785 2344 ex
814 2313 936 2346 Palatio
963 2314 1047 2357 Apo-

298 2364 409 2395 stolico
424 2365 542 2408 percipi
557 2371 586 2397 et
601 2365 628 2397 ci
647 2366 802 2409 praestari
819 2367 959 2407 solitam,
974 2378 1046 2399 (ἱ-ιιιιι

297 2424 331 2443 ca
347 2413 540 2453 integritate,
560 2426 655 2457 quain
672 2415 738 2458 ipse
750 2415 835 2447 illam
849 2416 1047 2459 percipiebat

297 2468 322 2493 et
356 2463 522 2506 percipere
554 2470 696 2507 poterat,
726 2475 850 2497 necnon
882 2466 990 2498 onmia
1017 2473 1048 2499 ct

296 2510 419 2549 singula
458 2512 538 2552 iura,
576 2514 704 2555 regalia,
733 2513 859 2553 salaria,
888 2515 1043 2555 redditus,

297 2565 486 2601 prore-ntus,
511 2561 740 2604 exemptiones,
770 2562 989 2595 immunitates
1016 2569 1046 2596 et

297 2609 516 2642 emolumenta
548 2621 794 2656 quaecumque,
824 2611 986 2645 ordinaria
1015 2618 1044 2646 et

893 222 1072 247 ΒῘῚᾸΆῘΠΙΤΜ
1095 221 1245 246 nottiAant

1091 273 1359 312 extraordinaria,
1382 275 1625 315 quomodolibet
1640 287 1840 328 nuncupata,

1090 337 1174 370 quae
1202 327 1308 361 dictus
1341 338 1580 364 commissarius
1606 344 1664 376 pro
1693 341 1841 382 tempore

1091 379 1239 421 existens,
1262 392 1469 426 quocumque
1489 383 1582 417 titulo
1602 386 1650 419 vel
1669 398 1776 432 causa,
1803 401 1841 425 ac

1091 434 1319 478 undecumque
1340 441 1370 468 et
1383 437 1690 483 quomodocumque
1710 442 1840 485 hahere,

1091 487 1260 530 consequi,
1293 489 1528 530 lucrari‚‘srui‚
1550 491 1647 534 potiri
1682 498 1713 527 et
1736 495 1840 538 perci-

1090 551 1166 584 pere
1184 541 1360 582 consuevit,
1375 553 1431 575 seu
1442 542 1536 576 etiam
1553 545 1659 588 potuit
1674 551 1705 579 et
1715 541 1840 590 debuit,

1089 594 1324 639 cuiuscumque
1361 596 1546 639 qualitatis,
1587 599 1774 641 quantitatis
1807 607 1840 636 et

1088 649 1186 681 annui
1213 648 1329 682 valoris
1344 649 1408 682 sint
1422 650 1471 683 vel
1491 649 1625 692 fuerint,
1641 652 1763 686 eisdem
1783 664 1841 688 au-

1088 701 1233 735 ctoritate
1258 708 1288 734 et
1317 707 1439 744 tenore,
1463 703 1557 737 etiam
1579 711 1749 749 perpetuo,
1778 718 1837 751 ap-

1088 755 1246 798 plicamus
1267 761 1297 788 et
1316 757 1574 800 appropriamus.

1132 810 1146 851 g
1171 810 1201 842 8.
1226 810 1398 853 ipsumque
1415 811 1672 845 commissarium
1686 824 1745 857 pro
1759 819 1837 847 tem-

1088 873 1165 906 pore
1187 862 1373 896 existentem
1401 864 1433 896 in
1462 871 1608 901 nostrum
1634 872 1665 899 et
1699 859 2019 912 Romanigissnammsi

1087 916 1249 949 Pontiticis
1270 928 1328 961 pro
1350 923 1494 961 tempore
1520 919 1680 953 existentis
1708 932 1832 963 verum,
1850 923 1959 970 {322¹le
1973 925 2018 967 {24⁵—

1087 969 1302 1003 indubitatum
1323 976 1351 1003 et
1373 982 1435 1004 non
1458 972 1567 1004 fictum
1589 973 1778 1007 familiarem
1805 980 1836 1008 et
1851 982 1873 1002 0²
1909 973 2007 1002 ποῖον’

1087 1023 1275 1056 continuum
1295 1025 1544 1057 commensalem
1565 1025 1777 1060 domesticum
1797 1039 1833 1061 ae
1847 1011 2003 1064 iiii‘riiiim‘i‘i

1086 1076 1255 1120 utriusque
1280 1078 1468 1120 Signaturac
1493 1085 1620 1112 nostrae
1649 1080 1832 1114 referenda·
1847 1074 1997 1134 arlegicorumw

1086 1130 1184 1172 rium,
1197 1131 1387 1164 auctoritate
1397 1137 1428 1164 et
1438 1138 1549 1165 tenore
1564 1132 1833 1174 siinililms‚crea-
1849 1137 1922 1158 ’ΜΦ
1943 1137 1976 1164 ⁹¹²

1087 1194 1158 1216 mus
1179 1189 1208 1217 et
1228 1184 1453 1217 constituimus
1478 1196 1514 1218 ac
1534 1186 1739 1229 deputamus,
1757 1187 1836 1221 alio·
1848 1173 1994 1231 fiiiriiiii'issf

1086 1248 1225 1281 rumque
1235 1244 1420 1271 nostrorum
1431 1244 1526 1283 etpro
1540 1246 1684 1283 tempore
1695 1240 1834 1274 existen-

1086 1291 1125 1324 tis
1160 1292 1294 1325 Romani
1324 1292 1487 1326 Pontificis
1509 1293 1735 1334 familiarium,
1757 1305 1835 1328 con-

1087 1345 1254 1378 tinuorum
1277 1347 1543 1379 commensalium
1558 1358 1594 1380 ac
1615 1348 1833 1391 praelatorum

1088 1399 1340 1432 domesticorum
1374 1405 1404 1433 et
1442 1401 1611 1444 utriusque
1647 1401 1836 1445 Signaturae

1087 1453 1249 1497 praefatae
1263 1454 1557 1487 referendariorum
1570 1465 1706 1488 numero
1718 1460 1749 1488 et
1759 1466 1836 1489 con·

1087 1507 1186 1540 sortio
1215 1507 1435 1541 favorabiliter
1465 1518 1688 1551 aggregamus,
1711 1519 1747 1542 ac
1776 1519 1835 1553 pro

1087 1571 1173 1602 vero,
1199 1559 1382 1594 indubitato
1415 1567 1445 1594 et
1473 1572 1538 1594 non
1568 1561 1643 1594 ficto
1673 1566 1782 1595 nostro
1806 1567 1837 1595 et

1087 1625 1146 1658 pro
1163 1619 1308 1659 tempore
1329 1614 1491 1648 existentis
1511 1615 1647 1648 Romani
1674 1614 1837 1649 Pontificis

1088 1668 1248 1709 familiari,
1271 1668 1427 1701 continuo
1453 1668 1665 1702 commensali
1685 1674 1717 1702 ct
1742 1679 1836 1714 prae-

1087 1722 1150 1755 lato
1179 1721 1369 1763 domestico,
1393 1732 1430 1755 ac
1453 1721 1621 1766 utriusque
1648 1722 1837 1766 Signaturae

1087 1776 1274 1809 huiusmodi
1304 1775 1525 1809 referendario
1547 1776 1659 1809 haberi
1680 1782 1710 1810 et
1738 1787 1837 1821 repu-

1087 1829 1148 1863 tari
1177 1830 1324 1863 volumus
1344 1835 1376 1863 et
1402 1829 1614 1870 mandamus;
1645 1830 1770 1874 sibique
1800 1835 1838 1864 ut.

1087 1882 1119 1916 in
1154 1883 1416 1928 quibuscumque
1442 1883 1736 1928 impetrationibus,
1758 1894 1836 1917 con·-

1088 1937 1287 1971 cessionibus
1307 1944 1338 1971 et
1353 1937 1479 1978 litteris,
1497 1943 1562 1971 tam
1581 1937 1716 1981 gratiam
1738 1947 1834 1982 quam

1088 1992 1243 2024 iustitiam
1264 1991 1548 2032 concernentibus,
1581 2002 1613 2025 se
1632 1996 1777 2025 nostrum
1806 1997 1837 2024 et

1090 2056 1148 2089 pio
1171 2051 1315 2088 tempore
1335 2045 1498 2079 existentis
1517 2045 1653 2078 Romani
1671 2045 1836 2078 Pontificis

1089 2099 1294 2140 familiarem,
1317 2099 1507 2132 continuum
1537 2099 1786 2132 commensalem
1807 2103 1837 2131 et

1088 2153 1270 2197 praelatum
1297 2153 1508 2186 domesticum
1529 2163 1566 2185 ac
1593 2152 1764 2196 utriusque
1787 2152 1837 2184 Si—

1089 2212 1243 2249 gnaturae
1263 2206 1449 2239 huiusmodi
1460 2206 1715 2240 referendarium
1730 2205 1837 2239 nomi-

1090 2270 1165 2292 nare
1187 2265 1216 2293 et
1236 2259 1422 2301 inscribere,
1450 2270 1486 2293 ac
1521 2260 1560 2293 ab
1581 2259 1650 2293 aliis
1675 2258 1837 2292 nominari

1090 2319 1120 2347 et
1143 2313 1273 2347 inscribi
1293 2313 1408 2355 facere,
1422 2313 1634 2357 habitumque
1653 2318 1684 2347 et
1700 2312 1838 2356 insignia

1091 2367 1383 2400 referendariorum
1396 2367 1565 2411 utriusque
1576 2366 1764 2410 Signaturae
1775 2366 1837 2398 hu-

1092 2417 1227 2449 iusmodi
1249 2421 1375 2459 gestare
1395 2424 1425 2449 et
1445 2416 1582 2456 deferre,
1599 2427 1636 2449 ac
1653 2416 1685 2448 in
1701 2420 1838 2458 utraque

1091 2466 1261 2509 Signatura
1285 2465 1450 2509 praedicta
1466 2465 1620 2498 continuo
1645 2463 1838 2498 intervenire

1091 2520 1121 2547 et
1141 2514 1299 2556 assistere,
1326 2524 1451 2547 necnon
1477 2514 1629 2548 omnibus
1652 2518 1683 2547 et
1708 2512 1839 2557 quibus-

1091 2574 1230 2607 cumque
1251 2574 1289 2597 ac
1308 2574 1442 2608 prorsus
1462 2563 1622 2597 similibus
1650 2560 1835 2607 privilegiis,

1091 2612 1354 2658 praecminentiis‚
1389 2612 1535 2655 indultis,
1566 2609 1834 2653 immunitatibus,

1973 835 1975 843 i
1994 841 1995 844 ,

1926 855 1980 878 uti-in*
1986 862 1993 878 :i
2004 855 2005 858 ’
2011 866 2014 874 v

1960 1111 1986 1127 ex

1993 1218 2012 1249 ἐι
1995 1116 2018 1193 ,·”’-”’ζ«ῑεὲ
1995 1053 2013 1080 ·;

2007 2589 2026 2616 ·-‘.·
2007 2511 2029 2583 rim,
1993 2248 2031 2504 „armaret-‚iniat
2003 2091 2027 2238 ,ιε-φη.»
2007 2068 2023 2085 >·.
1994 1760 2026 2061 «Qum-ew
1992 1251 2023 1754 ..ef-mmu-
1992 1374 1996 1378 '
1998 1255 2002 1257 >

2003 2661 2029 2735 {a}
