2059 3228
121 209 179 242 An.
195 208 224 238 C.
239 211 307 241 1582

153 643 274 665 nectat-atto

119 676 289 697 constitutionum

119 708 193 726 contri!

211 705 302 726 duellum

117 734 221 757 iacientes
255 736 301 757 edt-

117 768 193 791 tarum.

135 2254 173 2280 Qu»

193 2255 230 2275 <uti
253 2254 291 2275 hac

109 2286 291 2311 enmpuetoendan-

111 2319 142 2335 tur

109 2348 174 2367 hune.

189 2320 291 2337 constitu-

369 204 431 239 400

323 324 429 352 antem
460 330 524 360 eos,
559 321 613 363 qui
648 320 794 364 privatim
827 320 910 355 inter
929 333 974 361 se,
1005 322 1072 355 sine

323 372 492 415 praedictis
512 373 774 415 circumstantiis,
796 376 939 418 quamvis
960 376 999 408 de
1025 376 1073 408 in—

322 424 443 458 dustria
476 431 507 459 et
543 427 650 460 animo
684 427 870 475 deliberato,
909 435 1071 462 certamen

322 478 483 521 singulare
504 481 709 514 committunt
723 481 771 514 vel
780 482 979 516 committere
999 493 1072 526 pro—

321 537 446 565 curant.

363 585 378 628 ἓ
399 585 429 619 ⁶2.
456 586 539 628 Nos,
562 587 639 621 huic
660 589 757 630 malo,
784 594 957 633 antequam
983 590 1069 623 radi-

319 648 370 671 ces
390 639 484 672 altius
503 646 587 683 agat,
610 651 781 675 occurrere
801 643 953 683 volentes,
978 654 1071 687 prae-

317 692 454 725 sentium
482 694 672 728 auctoritate
705 696 875 730 statuimus
909 707 1020 729 omnes
1040 702 1069 730 et

315 755 538 790 quoscumque
570 748 629 781 sub
654 749 938 783 constitutionibus
965 756 996 783 et
1016 750 1068 783 de-

315 804 404 832 creto
436 801 631 844 supradietis
659 803 791 836 omnino
821 803 1064 846 comprehendi,

314 862 532 897 censurasque
553 860 584 888 et
603 865 723 898 poenas
741 866 853 889 ornnes
877 857 1068 890 ecclesiasti-

314 915 366 938 cas
386 912 418 939 et
437 909 673 952 temporalesin
694 909 757 943 illis
770 916 935 943 contentas
956 911 1066 944 incur-

313 969 398 1000 rere,
421 960 476 1004 qui
507 972 539 994 se
559 963 598 995 ad
619 963 781 1005 singulare
803 969 965 997 certamen
988 976 1066 1008 pro-

311 1013 506 1054 vocaverint,
540 1015 663 1049 etiamsi
689 1016 747 1049 soli
774 1023 805 1050 et
836 1018 904 1051 sine
932 1019 1066 1062 patrinis

312 1072 364 1099 aut
385 1067 525 1109 arbitris,
553 1069 716 1113 nullisque
738 1071 911 1114 propositis
934 1071 1060 1111 libellis,

311 1131 370 1153 nec
390 1121 641 1157 circumstantiis
662 1135 721 1157 nec
737 1124 806 1157 aliis
831 1125 1064 1169 servatis,quae

311 1174 342 1207 in
364 1174 521 1209 similibus
546 1177 664 1210 servari
697 1184 941 1219 consueverunt,
962 1179 994 1211 in
1015 1180 1063 1213 lo-

310 1239 384 1261 cum
410 1229 579 1273 publicum
605 1231 654 1264 vel
689 1231 860 1274 privatum,
894 1237 982 1265 extra
1015 1234 1063 1266 vel

310 1281 393 1314 intra
413 1282 563 1323 civitates,
585 1290 687 1317 terras
715 1291 746 1317 et
773 1292 875 1318 castra
898 1287 946 1318 vel
966 1286 1062 1319 etiam

311 1335 423 1369 domos
441 1347 473 1370 se
498 1338 722 1379 conduxerint,
744 1339 865 1382 quique
894 1339 987 1372 illum
1013 1340 1061 1373 vel

309 1389 381 1422 illos
406 1389 487 1423 s'orte
503 1391 644 1425 comitati
664 1399 719 1425 aut
735 1393 831 1425 etiam
841 1403 968 1437 pugnae
994 1405 1062 1437 spe·

309 1449 446 1477 ctatores
476 1444 606 1485 suerint,
636 1446 685 1478 vel
716 1447 749 1479 in
782 1447 854 1479 loco
887 1447 936 1479 vel
966 1448 1058 1480 etiam

308 1495 402 1539 longe
422 1498 566 1531 steterint
591 1499 638 1532 vel
660 1500 884 1543 spectaverint,
909 1507 936 1534 et
964 1512 1059 1544 prae-

308 1554 393 1583 terea
413 1561 479 1592 eos,
506 1552 561 1595 qui
588 1555 632 1586 sic
652 1552 860 1587 invitantibus
879 1555 927 1587 rel
947 1566 1061 1598 provo-

308 1603 465 1645 cantibus,
476 1605 731 1639 autinvitatisvel
740 1608 930 1649 provocatis,
949 1619 1058 1651 equos,

305 1667 407 1698 arma,
437 1658 622 1701 pecuniam,
651 1666 864 1702 commeatus,
887 1662 1008 1695 cibaria
1029 1667 1059 1695 et

306 1709 367 1742 alia
393 1711 534 1744 subsidia
565 1714 771 1754 contulerint,
795 1715 936 1758 aliasque
968 1715 1058 1748 auxi-

306 1763 398 1805 lium,
418 1765 588 1798 eonsilium
608 1767 657 1799 vel
675 1767 814 1800 savorem
831 1768 1057 1811 praestiterint,

305 1823 361 1850 aut
380 1818 518 1851 conferri
540 1819 734 1862 etpraestari
754 1822 947 1862 curaverint,
962 1822 1058 1855 etiam

305 1882 363 1914 per
401 1870 500 1905 alium
538 1879 594 1906 seu
629 1873 720 1915 alios,
765 1874 885 1908 directe
904 1876 952 1908 vel
973 1876 1057 1908 indi-

305 1930 402 1964 recte,
416 1926 528 1969 quovis
552 1926 647 1959 modo
667 1928 715 1960 vel
725 1928 845 1966 colore,
860 1929 981 1961 etiamsi
1000 1940 1057 1973 po-

305 1984 370 2011 stea
394 1980 433 2012 ad
453 1979 575 2012 dictum
596 1985 760 2014 certamen
794 1982 842 2014 vel
862 1982 1056 2015 destinatum

305 2037 359 2065 aut
377 2033 476 2066 alium
501 2034 608 2067 locum
628 2045 693 2067 non
713 2035 949 2076 descenderint,
980 2036 1058 2069 adii-

305 2085 424 2119 cientes
444 2092 479 2119 ut
498 2086 633 2120 invitans
657 2088 706 2120 vel
717 2098 892 2132 provocans
905 2088 1057 2122 atrociori

304 2150 409 2182 poena
425 2141 595 2184 plectatur.

349 2194 363 2236 ξ
383 2194 414 2226 3.
438 2194 498 2227 Eos
518 2200 625 2228 antem
645 2195 704 2228 sub
719 2195 781 2229 hac
802 2201 910 2229 nostra
919 2196 1056 2230 sanctio-

306 2255 344 2278 ne
366 2247 518 2281 nolumns
536 2248 780 2292 comprehendi,
801 2249 855 2292 qui
876 2249 908 2281 in
931 2249 998 2282 rixa
1019 2250 1057 2282 de

307 2299 477 2342 imm'oviso
497 2308 582 2342 nata,
600 2302 705 2335 statim
727 2303 758 2334 in
780 2303 848 2346 ipso
873 2303 1056 2336 iracundiae

307 2353 427 2394 surore,
454 2361 576 2388 certum
594 2357 735 2399 aliquem
756 2357 862 2389 locum
884 2357 923 2389 ad
943 2357 1054 2389 huius—

307 2407 393 2440 modi
414 2415 575 2442 certamen
595 2410 797 2443 condixerint
815 2410 934 2443 alterve
947 2410 1058 2443 condi-

306 2456 398 2495 xerit,
421 2457 516 2490 etiam
536 2458 560 2490 si
586 2458 628 2490 ihi
650 2458 844 2501 confligendi
865 2470 958 2491 causa
988 2464 1055 2491 tum

308 2506 524 2545 convenerint,
547 2512 575 2539 et
602 2507 683 2539 inter
709 2518 763 2539 eos
791 2507 832 2539 sit
859 2513 1053 2551 pugnatum;
1098 2506 1243 2539 ciationis
1271 2508 1435 2541 chartulae
1461 2506 1708 2550 praecesserint,
1735 2515 1846 2539 censu—

309 2553 339 2584 hi
362 2558 468 2585 tamen
506 2560 535 2585 et
569 2555 701 2587 comites
723 2566 759 2588 ac
784 2555 979 2599 quicumque
999 2555 1052 2587 alii

308 2601 353 2637 cis
372 2601 540 2645 astiterint,
566 2614 623 2636 seu
641 2604 809 2646 auxilium,
825 2604 994 2638 consilium
1007 2605 1053 2636 vel

918 215 1099 241 nectamini
1123 215 1274 240 aethmun

322 276 401 310 pum
429 266 580 308 francum
608 267 773 311 appellat)
793 274 979 312 provocant,
1007 279 1072 302 non
1092 277 1095 299 ι
1115 268 1254 301 favorem
1274 266 1503 312 praestiterint,
1525 271 1561 300 ut
1579 265 1773 311 praefertur,
1783 264 1861 299 alias

1114 330 1222 355 severe
1241 320 1408 366 puniendi,
1439 326 1535 365 prout
1561 320 1704 354 criminis
1724 319 1861 363 qualitas

1114 380 1143 408 et
1168 375 1199 407 in
1217 385 1255 408 eo
1271 378 1459 418 progressus
1479 385 1516 407 ac
1535 373 1795 407 circumstantiae
1806 384 1862 418 po-

1113 428 1288 461 stulabunt.
1493 456 1495 458 .

1155 474 1270 514 Datum
1317 476 1438 516 Romae
1489 481 1576 525 apud
1614 480 1768 514 Sanctum
1801 481 1860 515 Pe-

1112 540 1208 575 trum,
1234 545 1319 568 anno
1338 534 1572 568 Incarnationis
1590 533 1772 567 dominicae
1791 534 1860 567 rnil-

1112 587 1223 621 lesinio
1258 587 1518 632 quingentesimo
1562 586 1779 630 octuagesimo
1809 598 1858 621 se-

1111 642 1230 682 cundo,
1253 642 1346 674 nonis
1365 640 1559 682 novembris,
1581 641 1785 685 pontificatus
1804 650 1856 674 no-

1111 696 1166 728 stri
1187 706 1270 728 anno
1290 706 1333 729 XI.

1169 755 1233 785 Dat.
1250 754 1297 784 die
1313 756 1331 784 5
1346 763 1413 784 nov.
1434 755 1521 792 1582,
1539 754 1645 794 pontis.
1663 763 1798 785 annoixl.

1433 898 1521 932 CXLI

1109 969 1249 1002 Concile'i
1274 970 1460 1003 Tridentini
1476 970 1656 1014 prohibitio
1675 970 1713 1002 de
1743 969 1856 1003 dioellis

1150 1023 1336 1056 accenditur
1368 1024 1411 1056 ad
1444 1024 1551 1057 clitella
1584 1024 1744 1067 privatim
1769 1033 1854 1057 com-

1149 1087 1259 1110 missa.

1149 1157 1292 1193 Gregorius
1314 1157 1455 1193 episcopus
1478 1164 1572 1187 servus
1595 1164 1736 1187 servornm
1753 1157 1810 1192 Dei.

1247 1212 1281 1239 ad
1299 1213 1461 1247 perpetuam
1480 1212 1521 1241 rei
1544 1212 1714 1240 memoriam.

1147 1283 1192 1315 Ad
1217 1283 1397 1317 tollendum
1420 1284 1639 1317 detestabilem
1671 1284 1854 1318 duellorum

1104 1347 1211 1377 usum,
1234 1338 1411 1371 concilium
1430 1337 1653 1370 Tridentinum
1673 1348 1855 1371 excommu-

1102 1390 1298 1424 nicationem
1319 1397 1350 1424 et
1369 1391 1446 1427 alias
1466 1391 1669 1433 gravissimas
1688 1400 1809 1435 poenas
1820 1391 1853 1424 in

1103 1445 1316 1478 concedentes
1335 1446 1442 1478 locum
1463 1445 1502 1477 ad
1523 1445 1796 1486 monomachiam,
1817 1456 1853 1479 ac

1102 1498 1222 1541 pariter
1251 1498 1284 1531 in
1317 1503 1498 1542 pugnantes
1524 1508 1651 1531 necnon
1690 1499 1850 1541 patrinos,

1102 1553 1317 1593 consulentes,
1339 1553 1509 1586 suadentes
1533 1558 1564 1585 et
1593 1558 1787 1596 spectatores
1805 1563 1854 1586 sa-

1101 1606 1237 1638 lubriter
1260 1605 1391 1650 quidem
1409 1605 1568 1639 decrevit:
1595 1605 1666 1646 sed,
1690 1611 1852 1640 crescente

1100 1659 1270 1692 hominum
1292 1659 1426 1699 malitia,
1450 1659 1621 1692 facinorosi
1642 1670 1706 1692 non
1726 1660 1851 1700 desunt,

1100 1713 1155 1756 qui
1176 1714 1264 1757 quod
1283 1714 1414 1757 publice
1435 1713 1635 1756 prohibitum
1656 1718 1713 1754 est,
1744 1713 1851 1757 priva-

1102 1766 1155 1800 tim
1178 1768 1291 1811 exequi
1312 1778 1377 1801 non
1402 1767 1559 1808 dubitent,
1578 1767 1655 1800 dnm
1676 1777 1708 1800 se
1731 1777 1852 1811 poenas

1100 1821 1279 1864 praedictas
1298 1821 1360 1854 hoc
1385 1820 1482 1854 modo
1502 1820 1633 1854 eludere
1652 1831 1746 1864 posse
1764 1820 1851 1853 arhi-

1099 1879 1237 1908 trantur.

1143 1929 1158 1972 g
1178 1928 1210 1961 1.
1232 1928 1304 1969 Nos,
1314 1929 1442 1962 adhaec
1452 1927 1851 1972 coei’cenda,pleniusevi-
1926 1967 1930 1972 .
1947 1967 1968 1972 ..

1099 1981 1291 2025 dentiusque
1311 1981 1545 2026 providendum
1566 1991 1634 2014 esse
1653 1981 1724 2021 rati,
1747 1981 1852 2015 consi·
1863 1967 1968 2026 ,mmm
2014 1976 2016 1979 ’

1098 2034 1313 2079 derantesque
1332 2035 1477 2068 duellum
1498 2034 1655 2078 privatum
1668 2044 1731 2067 non
1744 2035 1851 2068 minus

1099 2093 1270 2121 cruentum
1295 2094 1326 2121 et
1344 2088 1472 2121 animae
1493 2092 1523 2120 et
1542 2087 1689 2131 corporis
1717 2087 1849 2121 noxium

1098 2152 1177 2182 esse,
1205 2152 1302 2185 quarn
1322 2142 1409 2185 quod
1420 2141 1548 2185 publice
1568 2146 1785 2185 perpetratur,
1795 2152 1850 2174 au-

1098 2195 1243 2228 ctoritate
1267 2195 1442 2238 apostolica
1461 2194 1630 2228 statuimus
1645 2205 1756 2228 omnes
1767 2194 1849 2237 illos,

1097 2249 1152 2292 qni
1173 2260 1209 2282 ex
1229 2249 1390 2290 condicto,
1413 2254 1531 2282 statuto
1543 2254 1689 2292 tempore
1700 2248 1849 2282 etinloco

1098 2308 1265 2343 convento,
1307 2302 1566 2335 monomachiam
1604 2301 1846 2341 commiserint,

1098 2355 1194 2388 etiam
1220 2356 1244 2388 si
1265 2356 1344 2388 nulli
1375 2356 1492 2399 patrini
1513 2356 1657 2399 sociique
1681 2354 1719 2388 ad
1741 2355 1773 2387 id
1792 2365 1847 2387 vo-

1098 2409 1159 2441 cati
1193 2409 1325 2450 suerint,
1360 2420 1420 2442 nec
1452 2409 1515 2442 loci
1540 2409 1695 2442 securitas
1728 2407 1846 2447 habita,

1098 2458 1242 2491 nullaeve
1263 2459 1504 2502 provocatoriae
1524 2458 1648 2491 litterae
1660 2457 1846 2490 autdenun-

1868 1364 1923 1380 sess.
1936 1364 1976 1380 xxv
2016 1373 2018 1377 ,

1867 1395 1910 1416 nx,
1945 1395 1982 1417 pro

1867 1421 1946 1444 duella.
1988 1431 1990 1435 v

1097 2555 1140 2587 ris
1159 2561 1189 2587 et
1223 2556 1335 2599 poenis
1367 2555 1516 2588 omnibus
1551 2566 1568 2588 a
1593 2555 1678 2588 dicto
1707 2553 1845 2587 concilio

1097 2604 1268 2648 propositis
1296 2604 1407 2646 teneri,
1436 2603 1570 2648 perinde
1600 2614 1637 2636 ac
1661 2602 1685 2636 si
1715 2602 1845 2647 publico
