2059 3228
153 253 202 279 An.
219 252 248 279 c.
267 252 333 281 ¹579
383 251 449 286 ⁶294
929 253 1108 283 rint-mamm
1125 254 1276 279 ROMAWW
1868 238 1918 265 An.
1941 185 1984 294 c}
2003 287 2006 297 ,

341 312 510 346 ecclesiam
530 311 686 343 ferventer
705 317 899 342 concurrere
939 305 1080 346 sistebat,
1123 305 1221 338 etirat
1228 304 1314 339 ribus
1326 306 1485 350 praedictis
1495 307 1673 351 imponere,
1686 307 1733 341 vel
1742 307 1864 353 aliquid

341 372 372 398 et
391 366 495 398 cultus
515 363 579 396 illic
603 362 727 395 divinus
759 361 905 404 quotidie
922 359 1082 394 diminue-
1101 335 1105 388 Ι
1123 359 1162 391 ab
1178 358 1224 392 eis
1237 358 1375 402 exigere,
1391 370 1448 393 seu
1462 358 1602 402 aliquam
1617 359 1649 393 in
1662 370 1717 393 eos
1728 365 1867 404 potesta-

340 419 443 456 batur,
463 427 499 448 ac
510 415 600 459 prior
613 420 644 448 et
654 420 828 448 conventus
839 414 954 448 domus
973 413 1083 446 huius·
1123 418 1185 445 ten]
1198 423 1357 453 exercere,
1367 412 1428 445 nisi
1439 417 1595 456 quantum
1606 424 1643 446 ex
1653 413 1761 455 aliquo
1773 413 1866 447 dictae

341 470 426 502 modi
465 469 564 501 inulta
607 468 812 501 incommoda
853 468 1056 512 patiebantur
1073 477 1080 505 ;
1122 465 1211 499 Sedis
1230 465 1396 509 privilegio
1416 465 1608 509 permissum
1628 466 1673 500 eis
1692 467 1785 508 foret,
1805 466 1866 500 mi-

340 522 425 555 idem
445 522 591 556 Clemens
621 521 859 565 praedecessor,
879 521 1032 554 ecclesiae
1052 526 1081 553 et
1123 519 1208 552 nime
1237 529 1329 562 posse
1366 529 1473 562 neque
1509 518 1638 560 debere,
1675 519 1866 554 auctoritate

339 580 514 608 conventus
530 575 770 619 praedictorum
790 575 991 609 indemnitati
1007 585 1083 607 con·
1124 573 1284 616 praedicta
1303 573 1443 606 decrevit
1454 577 1486 606 et
1495 572 1677 614 declaravit,
1693 583 1730 606 ac
1744 572 1864 606 eisdem

338 630 443 661 sulere
462 629 583 669 volens,
610 628 693 661 inter
707 629 781 668 alia,
803 627 911 661 statuit
941 633 971 661 et
994 628 1082 661 ordi·
1122 626 1244 659 civibus
1263 631 1294 659 et
1313 625 1474 668 quibusvis
1498 625 1579 665 aliis,
1598 626 1658 659 sub
1677 636 1864 659 excommu-

338 682 424 715 navit
441 681 527 724 quod
546 692 584 714 ex
601 686 678 714 tunc
697 681 736 715 de
753 691 860 715 cetero
876 681 916 714 ad
936 681 1080 714 eamdem
1122 678 1290 712 nicationis
1304 689 1409 723 poena
1434 678 1504 722 ipso
1518 679 1601 712 sacto
1620 677 1828 723 incurrenda,
1845 689 1864 713 a

338 735 509 768 ecclesiam
529 745 586 768 seu
600 734 687 768 illius
705 735 859 768 fabricam
875 734 940 767 duo
957 739 1080 767 tantum
1121 743 1184 776 qua
1198 731 1259 764 nisi
1278 742 1336 776 per
1351 732 1532 765 Romanurn
1553 731 1752 772 Pontificem,
1771 743 1865 776 prae-

338 788 422 822 cives
439 788 651 821 viterbienses
674 788 827 821 officiales
850 793 1079 832 superstantes,
1120 790 1266 828 terquam
1283 783 1316 817 in
1328 784 1439 818 mortis
1459 784 1595 818 articulo
1615 784 1791 825 constituti,
1810 786 1866 820 ab·

337 841 480 886 deputati
492 841 686 885 nuncupati,
699 846 796 884 prout.
805 846 883 874 tunc
891 851 949 884 per
963 840 1081 884 prcedi-
1100 841 1102 890 J
1120 837 1289 871 solutionis
1304 837 1498 871 beneficium
1518 837 1663 871 obtinere
1681 837 1864 882 nequirent,

336 901 407 928 ctae
426 895 558 929 civitatis
572 895 806 938 gubernatores
818 894 859 927 ad
874 899 951 927 tunc
966 893 1082 938 prioris
1100 906 1104 922 ι
1120 902 1153 924 se
1172 891 1388 925 intromittere
1403 896 1458 924 aut
1477 891 1548 924 illos
1579 891 1748 924 molestare
1767 902 1863 936 prae-

336 948 440 982 dictae
460 948 576 982 domus
594 948 779 992 petitionem
806 947 950 991 deputati
972 957 1082 980 nosce—
1100 956 1103 965 ¹
1120 950 1294 978 sumerent.

335 1001 464 1042 bantur,
486 1001 602 1035 suturis
615 1001 816 1045 temporibus
836 1001 1079 1044 deputarentur,
1164 998 1179 1041 ἓ
1200 998 1232 1031 5.
1254 998 1407 1041 Idemque
1425 997 1544 1030 Paulus
1559 997 1789 1041 praedecessor
1808 1008 1862 1031 vo-
1890 1006 1936 1028 nee
1956 1013 2011 1026 ··.-

1873 1035 1967 1059 nuntium
1991 1045 2012 1052 -ιι

334 1066 476 1099 quorum
509 1054 651 1088 officium
684 1065 742 1098 per
774 1053 963 1093 triennium,
985 1063 1003 1086 a
1029 1053 1081 1086 die
1120 1051 1180 1083 luit
1199 1056 1230 1084 et
1262 1051 1347 1084 dicta
1375 1051 1564 1084 auctoritate
1598 1050 1741 1084 decrevit
1776 1050 1983 1096 quodi-zum..

1873 1090 1895 1108 et
1903 1088 1956 1108 ntia.

335 1108 701 1152 deputationisipsorum
710 1113 740 1140 et
748 1106 1081 1150 sineinterpellatione
1100 1101 1101 1129 ἶ
1120 1104 1288 1147 praedium
1303 1104 1343 1137 de
1355 1104 1471 1138 Sancto
1481 1103 1623 1144 Cataldo,
1638 1103 1736 1137 situm
1748 1103 1782 1137 in
1796 1105 1864 1148 pla-

335 1161 601 1205 computandum,
632 1160 845 1204 perduraret;
871 1159 940 1203 ipso
975 1165 1081 1192 tamen
1120 1168 1161 1191 no
1177 1157 1253 1190 detti
1269 1157 1429 1200 Orfcmelli
1446 1156 1865 1201 nuncupato,territoriidi-

333 1215 472 1248 triennio
493 1214 614 1258 elapso,
640 1213 764 1256 legatus
782 1213 846 1246 sive
879 1213 983 1246 dictae
1003 1212 1081 1246 civi-
1120 1217 1177 1244 ctae
1190 1211 1332 1252 civitatis,
1346 1211 1385 1244 ad
1398 1211 1544 1244 eamdem
1555 1211 1689 1244 domum
1706 1216 1864 1255 spectanS,

334 1268 408 1301 tatis
426 1268 624 1311 gubernator
636 1267 686 1300 vel
706 1266 838 1299 alterius
853 1276 967 1299 eorum
979 1266 1079 1299 vices·
1100 1259 1102 1298 l
1120 1274 1178 1308 pro
1194 1263 1318 1297 incluso
1335 1269 1365 1297 et
1384 1264 1417 1296 in
1432 1274 1570 1297 numero
1588 1263 1796 1297 bannitarum
1809 1264 1865 1298 ha-

333 1331 448 1365 gerens
467 1331 526 1365 pro
543 1326 687 1364 tempore
706 1320 875 1353 existentes
899 1319 980 1353 duos
1003 1319 1082 1353 alios
1100 1302 1102 1351 i
1121 1316 1250 1350 beretur
1272 1317 1325 1350 vel
1344 1322 1521 1357 teneretur,
1542 1321 1574 1349 et
1593 1315 1649 1359 qui
1679 1316 1712 1349 in
1731 1316 1786 1350 illo
1806 1317 1863 1350 da-

335 1375 418 1408 cives
434 1374 468 1407 in
487 1380 707 1418 superstantes
725 1373 864 1406 fabricae
879 1373 1079 1414 huiusmodi,
1099 1354 1102 1415 Ι
1121 1381 1233 1404 uinum
1253 1370 1329 1404 dare
1358 1370 1479 1414 reperti
1507 1369 1625 1410 forent,
1656 1380 1778 1412 poenas
1806 1380 1865 1414 per

286 1457 288 1459 ,
335 1427 511 1461 dummodo
528 1426 634 1460 idonei
650 1432 767 1466 essent,
778 1437 853 1459 cum
873 1426 968 1459 simili
984 1426 1083 1460 facul·
1119 1429 1236 1457 statuta
1255 1423 1358 1456 dictae
1384 1422 1520 1456 civitatis
1539 1422 1694 1455 damnum
1715 1422 1865 1456 dantibus

152 1696 213 1716 Pauti
220 1695 252 1716 111
259 1696 318 1715 circa

132 1724 269 1747 supradictos
279 1724 318 1742 de-

134 1753 220 1773 putatu!
243 1750 316 1774 diflpo-

132 1778 232 1801 sitione53

333 1480 820 1524 tateetpotestate‚deputarent,
841 1480 904 1512 sive
923 1479 1082 1523 antiquos,
1120 1477 1153 1510 in
1171 1477 1312 1521 praediis
1344 1481 1375 1509 et
1400 1475 1657 1521 possessionibus
1681 1475 1816 1509 inclusis
1834 1480 1866 1508 et

334 1535 359 1567 si
379 1534 425 1567 eis
445 1533 620 1574 videretur,
642 1534 682 1566 ad
706 1533 793 1566 aliud
814 1533 989 1566 triennium
1007 1544 1084 1566 con-
1119 1530 1257 1564 bannitis
1280 1529 1446 1573 impositas
1466 1529 1681 1569 incurrerent,
1703 1534 1735 1562 et
1765 1528 1807 1562 ad
1824 1528 1865 1561 il·-

334 1588 514 1620 firmarent.
1121 1585 1224 1617 larum
1244 1583 1439 1617 solutionem
1453 1587 1651 1622 tenerentur;
1673 1586 1705 1615 et
1718 1586 1864 1626 postmo-

377 1641 393 1684 ξ
417 1640 449 1674 4,.
470 1640 638 1674 Praeterea
652 1640 757 1673 bonae
769 1639 945 1673 memoriae
964 1639 1083 1673 Paulus
1100 1677 1102 1680 Α
1121 1637 1211 1677 dum,
1224 1647 1284 1680 pro
1295 1635 1409 1669 maiori
1429 1634 1657 1668 commoditate
1677 1639 1709 1667 et
1727 1633 1866 1667 utilitate

334 1695 385 1734 Ill,
400 1693 509 1727 itidem
519 1694 737 1738 praeslecessor
748 1700 868 1734 noster,
886 1698 1042 1727 statutum
1053 1699 1084 1727 et
1121 1690 1236 1723 domus
1251 1695 1282 1722 et
1298 1688 1453 1723 ecclesiae
1467 1688 1720 1732 praedictarum,
1742 1687 1866 1720 eisdem

335 1746 572 1782 ordinationem
605 1745 775 1779 Clementis
790 1773 798 1787 ‚
827 1746 1083 1790 praedecessoris
1100 1757 1103 1787 3
1121 1743 1234 1787 priori,
1253 1742 1423 1776 conventui
1443 1747 1474 1775 et
1488 1741 1662 1785 deputatis,
1679 1740 1765 1784 quod
1785 1751 1869 1773 nun-

335 1799 534 1839 huiusmodi,
556 1799 640 1832 dicta
657 1799 846 1833 auctoritate
856 1800 1039 1843 approbans
1053 1805 1084 1833 et
1102 1803 1104 1839 t
1123 1796 1217 1830 dinae
1254 1795 1438 1840 praedictae
1472 1805 1538 1828 non
1571 1794 1701 1837 triginta
1738 1793 1866 1834 diebus,

336 1852 542 1893 confirmans,
575 1852 656 1886 duos
689 1852 853 1885 dumtaxat
889 1863 926 1885 ex
963 1852 1084 1886 civibus
1123 1849 1307 1893 quindecim
1318 1859 1392 1882 vero
1406 1854 1478 1881 ante
1491 1853 1522 1881 et
1538 1847 1725 1892 quindecim
1743 1846 1870 1891 postfe-

335 1905 590 1938 viterbiensibus
621 1904 654 1938 in
691 1910 908 1948 supeistantes
944 1904 1084 1938 fabricae
1122 1909 1206 1935 stum
1219 1900 1630 1941 Pentecosteshuiusmodi‚
1649 1901 1704 1934 sed
1721 1910 1780 1945 per
1796 1905 1869 1933 octo

336 1958 492 1991 ccclesiae
510 1969 568 1991 seu
586 1958 702 1991 domus
719 1958 918 1998 huiusmodi,
931 1969 990 2002 per
1000 1958 1084 2001 lega·
1123 1956 1190 1989 dies
1214 1961 1287 1989 ante
1306 1961 1338 1988 et
1362 1955 1443 1988 alios
1462 1960 1535 1988 octo
1558 1960 1630 1997 post
1648 1953 1733 1987 idem
1752 1953 1868 1986 festum

337 2017 404 2044 tum
422 2022 477 2044 seu
497 2012 744 2054 gubernatorem
764 2016 819 2044 aut
832 2011 1083 2053 vicesgerentem
1123 2009 1347 2049 pentecostes,
1383 2013 1414 2041 et
1443 2006 1620 2040 successive
1643 2017 1702 2050 per
1725 2006 1870 2049 quinque

339 2065 529 2108 praedictos,
551 2065 591 2098 ad
614 2064 801 2107 petitionem
825 2064 943 2108 prioris
969 2065 1083 2098 domus
1123 2068 1195 2095 ante
1224 2067 1255 2094 et
1282 2061 1362 2094 alios
1395 2061 1541 2105 quinque
1565 2059 1632 2092 dies
1660 2064 1733 2103 post
1764 2059 1870 2093 domi-

336 2117 535 2158 huiusmodi,
556 2117 596 2151 ad
620 2117 794 2151 triennium
819 2118 1002 2158 duraturos,
1023 2117 1083 2150 nisi
1123 2115 1228 2149 nicam
1256 2114 1440 2147 immediate
1465 2119 1652 2157 sequentem
1671 2112 1786 2146 festum
1810 2112 1870 2146 Na-

337 2171 510 2214 aliquando
540 2171 616 2215 ipsis
648 2172 764 2214 legato,
792 2171 1000 2214 gubernatori
1030 2169 1226 2204 aut¹vitatis
1250 2168 1364 2201 Beatae
1391 2167 1508 2200 Mariae
1537 2165 1741 2205 huiusmodi,
1768 2170 1803 2212 et
1835 2164 1868 2198 in

337 2224 545 2267 vicesgerenti
565 2230 595 2258 et
610 2224 710 2268 priori
723 2235 760 2257 ex
773 2224 882 2268 aliqua
900 2224 1083 2257 rationabili
1102 2263 1104 2266 v
1122 2221 1241 2265 Campo
1262 2220 1413 2254 Gratiano
1439 2219 1602 2263 praedicto
1626 2229 1682 2252 seu
1711 2218 1774 2252 alio
1797 2218 1870 2251 loco

339 2280 433 2309 causa
453 2277 544 2310 aliter
559 2277 732 2317 videretur,
750 2277 866 2310 suturis
884 2277 1085 2320 temporibus
1122 2281 1209 2308 extra
1238 2280 1268 2308 et
1287 2285 1389 2318 prope
1413 2284 1523 2306 muros
1546 2272 1774 2312 Viterbienses,
1798 2277 1868 2304 tan‘

340 2330 486 2372 deputari
499 2331 633 2369 debere;
654 2331 849 2374 cosdemque
862 2341 920 2374 pro
939 2336 1083 2374 tempore
1123 2335 1190 2362 tum
1226 2328 1380 2362 celebrari
1419 2332 1560 2370 possent,
1582 2326 1625 2359 ita
1651 2331 1697 2366 ut,
1724 2330 1868 2369 tempore

341 2383 422 2414 cives
444 2383 620 2425 ‹leputatoa
642 2390 807 2427 praetextu
836 2384 932 2417 officii
970 2395 1083 2427 super-
1103 2386 1105 2388 '
1123 2382 1342 2415 nundinarum
1363 2380 1548 2413 huiusmodi
1568 2379 1714 2417 durante,
1735 2380 1775 2410 ad
1798 2378 1868 2410 illas

341 2436 450 2466 stanti>-
470 2437 628 2476 sabricae,
651 2437 681 2469 in
706 2437 776 2470 aliis
800 2437 896 2470 rebus
921 2437 1034 2470 domus
1055 2442 1085 2470 et
1103 2454 1105 2477 1
1125 2435 1339 2468 conducentes
1360 2440 1390 2467 et
1414 2434 1453 2466 ab
1474 2433 1536 2465 illis
1555 2432 1752 2465 deducentes
1783 2440 1868 2463 mer-

341 2484 493 2515 e‹·‹tle>iae
514 2484 710 2524 liuius-modi,
732 2492 956 2529 praeterquam
974 2484 1006 2517 in
1021 2485 1082 2525 his,
1102 2526 1104 2530 V
1125 2494 1189 2523 ces,
1211 2482 1362 2516 animalia
1385 2487 1415 2515 et
1438 2481 1501 2514 alia
1519 2481 1616 2520 bona,
1639 2480 1726 2512 iuxta
1746 2489 1867 2511 morem

341 2543 422 2575 quae
443 2533 582 2565 osticium
600 2535 810 2576 superstantis
831 2535 1081 2575 concernebant,
1102 2535 1105 2559 ἶ
1127 2532 1261 2564 aliarum
1298 2531 1516 2564 nundinarum
1539 2530 1726 2567 liberarum,
1747 2527 1786 2559 ad
1810 2526 1869 2558 ali-

341 2581 570 2623 quoquomodo
585 2592 618 2614 se
635 2583 859 2623 intromittere,
874 2589 928 2616 aut
942 2583 1084 2626 aliquam
1103 2577 1105 2620 ξ
1127 2581 1219 2614 cuius
1242 2580 1386 2623 gabellae
1417 2589 1474 2612 seu
1494 2578 1625 2611 alterius
1648 2576 1755 2610 oneris
1781 2575 1869 2608 solu-

341 2629 525 2662 servitutem
545 2630 655 2663 domui
675 2637 705 2664 et
729 2632 883 2666 ecclesiae
907 2642 963 2665 seu
982 2632 1084 2676 priori
1103 2627 1107 2676 j
1126 2630 1247 2663 tionem
1267 2629 1399 2662 minime
1416 2633 1612 2666 tenerentur,
1624 2624 1736 2659 eadem
1757 2629 1868 2656 aucto-

1994 2609 2005 2621 v.
1992 2556 1999 2562 ·
1987 2536 1997 2546 ··
1976 2168 2011 2514 ,ιμέωᾱςνὲᾎς-ιὶυπντ
1986 1991 2007 2159 .’μ,.η-.’ωι
1986 1959 2010 1977 c,
1991 1895 2007 1948 ιη,

1982 1084 1993 1108 ἶ,

1980 1202 2008 1321 ⁸·

1980 1330 1996 1340 ⁴·

1985 1499 1999 1523 Ἀ
1983 1421 2005 1489 «Ὗς-,-
1979 1392 1997 1411 's
1989 1336 2002 1382 ..ιν

1979 1812 1986 1814 ι
1985 1767 1988 1771 .

1990 1723 2004 1816 *2³¹*

1989 1838 2007 1890 ηπ,
