2059 3228
122 230 164 261 An
181 235 301 265 ·c.1580

150 551 293 580 Exposiiionis

110 581 160 603 'acu
182 586 294 606 continua-

111 613 148 634 tio.

360 233 423 270 3⁶26

314 298 456 331 sinerent
485 305 539 328 seu
565 291 798 337 permitterent,
828 294 926 334 prout
954 288 986 322 in
1011 288 1060 322 lit-

312 350 390 383 teris
414 348 597 393 praedictis,
630 356 714 378 auno
738 343 865 377 Domini
889 343 1059 377 millesimo

312 402 569 447 quingentesimo
589 399 725 443 septimo
745 397 909 439 confectis,
931 397 1059 442 plenius

312 457 505 490 continetur.

352 510 366 553 ἓ
386 508 417 541 2.
440 509 477 541 Et
501 508 576 541 licet
594 505 811 540 verisimiliter
835 505 987 539 credatur
1006 515 1057 537 re-

308 568 412 596 ctores
439 563 552 595 'dictae
585 560 740 595 ecclesiae
768 560 902 594 Sanctae
927 559 1054 599 Mariae,

307 615 363 659 qui
382 627 441 659 pro
460 622 607 659 tempore
618 615 761 654 fuerunt,
779 613 874 647 etiam
886 618 958 657 post
972 623 1057 645 ema-

305 673 395 702 natas
419 668 606 702 huiusmodi
625 668 747 701 litteras
778 667 900 700 dictum
932 666 1056 699 carole-

303 731 383 755 num
403 722 563 766 exegisse,
588 721 812 761 nihilominus,
834 725 968 764 propter
985 719 1055 752 bel-

315 784 422 816 orum‚
449 786 533 819 quae
552 774 668 808 deinde
687 774 721 807 in
741 774 825 807 dicta
845 773 928 806 Urbe
948 772 1056 815 vigue-

263 867 269 874 .
301 833 390 869 runt,
402 828 554 869 iniurias,
565 833 597 862 et
608 828 818 862 novissimum
839 826 983 860 eiusdem
996 826 1054 859 Ur-

299 881 349 915 bis
369 883 549 925 excidium,
576 894 614 916 ac
642 882 738 916 etiam
766 881 907 926 pestium
942 885 1052 913 conta-

299 935 423 979 giones,
445 937 564 981 quibus
592 936 661 980 ipsa
680 936 762 970 Urbs
789 946 943 980 oppressa
970 935 1049 976 suit,

298 990 389 1023 nulla
413 991 476 1024 alia
499 990 680 1036 reperiatur
695 991 866 1034 scriptura,
889 1000 972 1032 quae
991 999 1050 1033 pro

298 1048 389 1086 parte
409 1044 512 1077 dictae
527 1044 681 1077 ecclesiae
705 1044 839 1078 Sanctae
858 1042 974 1076 Mariae
994 1042 1050 1076 de-

297 1107 396 1139 super
415 1097 539 1130 ostendi
564 1097 677 1141 possit,
704 1097 766 1130 nisi
791 1097 895 1130 dictae
924 1097 1049 1130 litterae

296 1155 441 1194 patentes
452 1151 553 1195 ipsius
571 1150 736 1184 Francisci
756 1150 939 1191 cardinalis,
962 1150 1048 1184 unde

295 1203 374 1237 dicti
399 1205 548 1237 eonsules
568 1205 757 1238 carolenum
783 1204 962 1248 praefatum
988 1204 1046 1237 ali-

294 1267 359 1299 quo
383 1262 530 1301 tempore
550 1263 740 1300 exegerunt3
766 1264 988 1291 verumtamen
1008 1258 1046 1291 de

294 1311 454 1353 praesenti
480 1311 596 1344 adsunt
620 1312 713 1344 multi
742 1316 848 1352 testes,
878 1311 933 1354 qui
958 1311 1046 1345 enim

292 1374 351 1407 pro
376 1369 465 1407 parte
486 1364 631 1398 eiusdem
651 1364 806 1398 ecclesiae
826 1365 960 1399 Sanctae
980 1365 1045 1398 Ma-

292 1417 359 1450 rlae
379 1418 505 1452 litterae
525 1419 747 1452 monitoriales
766 1430 864 1463 super
886 1419 1044 1463 praemis-

292 1470 347 1512 sis,
369 1471 429 1504 sub
448 1483 553 1515 poena
574 1473 920 1506 excommunicationis
932 1479 1044 1506 contra

291 1524 429 1558 scientes
449 1530 480 1559 et
502 1536 567 1559 non
588 1527 775 1567 revelantes,
797 1538 815 1560 a
840 1527 958 1560 dilecto
975 1526 1043 1560 filio

290 1582 401 1611 nostro
423 1578 457 1611 in
476 1578 560 1612 dicta
579 1579 664 1612 Urbe
690 1579 809 1613 vicario
837 1580 985 1613 obtentae
1013 1585 1041 1613 et

291 1631 526 1675 subsequenter
543 1643 633 1666 more
654 1633 747 1666 solito
771 1633 952 1677 publicatae
975 1634 1042 1667 sue-

291 1684 367 1726 rint,
389 1686 572 1719 revelarunt
598 1697 631 1720 se
661 1687 819 1720 audivisse
839 1698 857 1719 a
881 1687 1039 1731 personis,

290 1748 373 1782 quae
407 1749 505 1782 super
529 1740 612 1772 dicta
635 1740 716 1784 Ripa
739 1751 798 1784 per
830 1740 1042 1784 quadraginta

289 1802 391 1825 annos
415 1797 446 1826 et
474 1793 560 1826 ultra
593 1799 797 1827 conversatae
828 1799 913 1835 sunt,
953 1794 1040 1838 quod

289 1846 394 1879 dictus
414 1847 584 1881 cai-olenus
604 1846 707 1880 eidem
732 1848 886 1881 ecclesiae
906 1848 1040 1881 Sanctae

288 1898 405 1932 Mariae
417 1900 542 1933 solutus
561 1899 632 1940 suit3
655 1911 691 1932 ac
711 1896 858 1941 ulterius,
874 1901 949 1934 licet
965 1901 1040 1934 dicti

289 1953 439 1986 consules
471 1953 595 1997 pluries
632 1953 745 1987 moniti
777 1965 833 1987 seu
863 1954 949 1987 citati
986 1960 1040 1988 aut

289 2005 367 2039 alias
398 2006 501 2040 vocati
538 2007 658 2040 suerint
686 2018 795 2041 coram
820 2008 936 2041 dilecto
972 2008 1039 2042 filio

288 2059 459 2104 Rodulpho
471 2061 631 2102 Bonfiolo,
648 2061 799 2095 Gamerae
810 2067 936 2095 nostrae
956 2062 1039 2105 Apo-

288 2113 420 2146 stolicae
444 2114 587 2157 generali
607 2115 841 2153 commissario,
864 2115 902 2147 ad
923 2115 1039 2147 docen-

288 2165 366 2199 dum
390 2171 420 2200 et
444 2168 678 2201 ostendendum
703 2179 767 2212 qua
796 2168 985 2201 auctoritate
1009 2173 1040 2200 et

287 2229 352 2261 quo
378 2219 449 2254 iure
482 2221 605 2254 dictum
640 2222 828 2255 carolenum
862 2221 1036 2265 exigerent,

288 2277 396 2305 tamen
414 2273 496 2306 nihil
517 2274 604 2307 aliud
625 2285 769 2319 unquam
779 2274 974 2307 dixerintvcl
995 2275 1039 2307 al-

288 2325 473 2367 legaverint,
495 2327 555 2360 nisi
567 2328 654 2372 quod
670 2327 731 2372 ipsi
751 2329 901 2361 consules
919 2327 950 2360 in
966 2338 1037 2371 pos-

287 2378 429 2412 sessione
449 2379 568 2413 dictum
590 2382 776 2414 carolenum
798 2381 942 2424 exigendi
971 2380 1035 2414 exi-

287 2431 419 2464 stebant.
463 2433 662 2477 Quapropter
700 2435 829 2468 tandem
867 2434 1036 2467 novissime

288 2479 407 2513 eisdem
433 2483 630 2522 consulibus,
656 2484 693 2515 ad
727 2484 911 2517 instantiam
933 2484 1036 2516 (lictae

288 2528 452 2569 Gamerae,
474 2530 645 2564 inhibitum
669 2533 722 2565 tuit
745 2543 785 2565 ne
804 2533 925 2566 dictum
944 2543 1036 2566 caro—

288 2577 398 2610 lenum
431 2578 572 2621 exigere,
596 2581 673 2623 quin
701 2582 801 2614 immo
821 2581 900 2615 illud
927 2591 1033 2621 omne,

289 2626 375 2668 quod
395 2632 528 2660 eatenus
547 2639 606 2671 pro
626 2630 800 2672 praeterito
825 2631 937 2664 exinde
963 2641 1035 2664 exe-

926 235 1104 261 mmmmm!
1128 237 1278 263 ROMANIS!

1101 294 1226 331 gerant,
1266 290 1434 324 restituere
1471 296 1503 326 et
1539 290 1661 326 solvere
1684 290 1851 333 deberent;

1101 342 1181 376 adeo
1214 348 1263 384 ut,
1295 348 1397 378 stante
1429 344 1617 382 huiusmodi
1649 345 1852 386 inhibitione,

1101 407 1208 440 neque
1228 398 1378 431 consules
1396 397 1531 442 praefati
1540 408 1601 432 nec
1619 399 1758 443 quisque
1768 399 1851 433 alius

1101 450 1223 484 dictum
1244 452 1432 485 carolenum
1457 452 1496 486 de
1515 453 1676 496 praesenti
1704 453 1849 497 exigant3

1099 503 1253 547 ipsaeque
1285 515 1381 538 naves
1415 510 1446 539 et
1478 506 1643 540 naviculae
1673 506 1712 539 ab
1737 506 1849 540 eadem

1099 557 1191 601 Ripa,
1213 568 1279 591 non
1299 559 1405 592 soluto
1415 558 1603 593 huiusmodi
1623 560 1788 601 carolen0,
1800 571 1850 594 re-

1098 611 1226 645 cedant.

1142 665 1157 709 §
1180 664 1212 698 3.
1234 664 1378 710 Cumque
1407 676 1466 700 nos
1498 666 1625 710 pridem
1648 667 1766 701 dictam
1796 679 1848 702 ec-
1877 705 1882 710 ,

1097 718 1227 752 clesiam
1253 720 1387 753 Sanctae
1407 720 1523 754 Mariae
1547 720 1690 755 societati
1718 722 1845 756 Doctri-

1095 782 1155 804 nae
1175 772 1371 807 Christianae
1382 773 1415 806 in
1431 774 1544 807 eadem
1553 775 1691 808 ecclesia
1708 775 1845 810 Sanctae
1881 769 1899 801 ·'

1094 825 1235 868 Agathae
1270 826 1445 868 institutae,
1471 838 1529 861 seu
1553 828 1658 862 eidem
1690 830 1845 864 ecclesiae

1094 878 1228 912 Sanctae
1251 880 1405 923 Agathae,
1427 891 1511 924 quae
1536 881 1632 915 etiam
1656 882 1718 927 ipsi
1739 883 1844 918 socie-

1092 932 1149 964 tati
1168 933 1344 976 apostolica
1363 934 1555 968 auctoritate
1574 941 1733 980 perpetuo
1751 937 1843 970 unita

1092 995 1150 1018 seu
1165 996 1317 1020 concessa
1330 993 1388 1027 est,
1401 987 1514 1021 eadem
1525 988 1728 1031 auctoritate,
1745 989 1843 1035 etiam

1092 1044 1262 1084 perpetuo,
1299 1041 1512 1083 univerimus,
1542 1043 1793 1078 annexuerimus
1811 1049 1856 1078 et.

1091 1093 1418 1137 incorporaverimus,
1440 1101 1538 1139 prout
1564 1095 1598 1129 in
1624 1097 1742 1130 nostris
1765 1098 1842 1132 inde

1090 1146 1243 1180 confectis
1263 1147 1376 1181 litteris
1396 1149 1492 1181 etiam
1501 1149 1629 1193 plenius
1643 1149 1838 1194 continetur;

1088 1200 1223 1244 ipsaque
1247 1201 1385 1235 societas
1405 1206 1436 1235 et
1455 1202 1562 1236 dilecti
1581 1203 1640 1236 filii
1660 1203 1749 1238 illius
1759 1204 1838 1238 socii

1087 1253 1121 1286 in
1142 1254 1253 1287 eadem
1282 1255 1417 1289 ecclesia
1450 1256 1585 1290 Sanctae
1618 1257 1735 1292 Mariae
1771 1269 1837 1293 non

1087 1307 1192 1340 solum
1212 1314 1352 1352 quatuor
1371 1309 1483 1343 missas
1498 1310 1532 1343 in
1549 1310 1764 1353 hebdomada,
1781 1313 1837 1347 sed

1086 1361 1230 1404 quotidie
1250 1373 1347 1396 unam
1368 1363 1498 1397 missam
1518 1364 1682 1398 celebrent
1709 1366 1758 1399 vel
1781 1377 1834 1401 ce-

1085 1415 1204 1449 lebrari
1223 1416 1353 1457 saciant,
1375 1417 1414 1450 ad
1434 1428 1531 1461 quam
1564 1417 1694 1452 missam
1726 1420 1834 1464 quoti-

1085 1469 1213 1503 dianam
1234 1470 1428 1504 audiendam
1449 1477 1646 1506 mercatores
1664 1477 1696 1508 et
1716 1479 1834 1508 nautae

1085 1523 1230 1557 eiusdem
1250 1524 1361 1569 Ripae,
1385 1525 1442 1569 qui
1462 1525 1570 1559 forsan
1593 1526 1672 1560 alias
1702 1527 1833 1562 missam

1085 1577 1196 1610 saltem
1217 1578 1260 1611 ita
1286 1579 1473 1623 frequenter
1495 1590 1561 1613 non
1587 1579 1748 1622 audirent,
1775 1581 1832 1616 de-

1083 1631 1244 1664 votissime
1273 1632 1452 1672 confluunt,
1484 1643 1555 1672 nos,
1576 1632 1609 1665 in
1633 1633 1830 1677 praemissis,

1083 1694 1142 1727 pro
1159 1684 1261 1718 nostri
1275 1685 1444 1729 pastoralis
1455 1685 1554 1719 officii
1574 1685 1694 1727 debito,
1714 1697 1833 1732 oppor-

1083 1743 1159 1771 tune
1179 1738 1361 1782 providere,
1383 1749 1419 1772 ac
1439 1749 1568 1772 omnem
1589 1739 1629 1772 de
1649 1746 1755 1774 cetero
1775 1752 1830 1775 su-

1083 1802 1142 1835 per
1164 1792 1214 1825 his
1233 1792 1413 1833 dubitandi,
1435 1793 1613 1827 altercandi
1635 1799 1666 1827 et
1684 1793 1830 1838 litigandi

1082 1846 1250 1878 materiam
1269 1846 1318 1879 vel
1338 1845 1541 1879 occasionem
1564 1847 1731 1881 succidere
1749 1848 1830 1882 etde

1082 1899 1188 1932 medio
1207 1910 1341 1944 prorsus
1360 1900 1473 1934 tollere
1492 1901 1645 1941 volentes,
1675 1901 1830 1945 litemque

1081 1957 1112 1985 et
1132 1963 1261 1986 causam
1280 1954 1328 1986 vel
1349 1953 1610 1994 controversiam,
1633 1964 1689 1993 seu
1708 1953 1780 1988 lites
1798 1960 1830 1988 et

1081 2017 1193 2039 causas
1212 2007 1260 2040 vel
1284 2007 1518 2040 controversias
1541 2018 1639 2050 super
1657 2007 1742 2041 dicto
1774 2018 1828 2042 ca-·

1080 2061 1192 2093 roleno
1213 2065 1244 2093 et
1266 2060 1353 2092 illius
1377 2060 1541 2093 exactione
1574 2071 1610 2093 ac
1644 2061 1715 2094 iure
1735 2061 1827 2095 illum

1080 2114 1239 2157 exigendi,
1270 2114 1353 2146 sicut
1384 2113 1577 2157 praefertur,
1599 2119 1629 2147 et
1648 2114 1726 2148 alias
1744 2125 1827 2158 quo-

1080 2168 1264 2207 modolibet,
1285 2172 1348 2199 tam
1374 2167 1568 2200 iudicialiter
1597 2178 1694 2211 quam
1722 2172 1826 2202 extra·
1850 2194 1853 2197 .

1080 2220 1283 2261 iudicialiter,
1306 2227 1337 2253 ct
1360 2226 1423 2254 tam
1445 2231 1552 2254 coram
1574 2221 1688 2254 eodem
1707 2221 1826 2255 Rodul-

1078 2275 1143 2318 pho
1163 2286 1258 2318 quam
1274 2285 1481 2318 quorumque
1497 2285 1553 2308 seu
1564 2274 1824 2319 quibuscumque

1078 2327 1149 2361 aliis
1169 2328 1342 2368 iudicibus,
1371 2327 1542 2361 ordinariis
1564 2328 1613 2361 vel
1647 2328 1823 2362 extraordi-

1077 2381 1185 2421 nariis,
1219 2381 1372 2425 delegatis
1392 2387 1423 2415 et
1442 2381 1667 2424 sulffielegatis,
1696 2391 1824 2416 necnon

1078 2435 1172 2467 ctiam
1189 2435 1221 2467 in
1241 2435 1352 2468 eadem
1373 2434 1504 2468 Camera
1517 2440 1547 2468 ct
1559 2440 1646 2468 extra
1665 2445 1735 2468 eam
1751 2434 1822 2468 uhi-

1078 2483 1154 2516 libet
1178 2490 1204 2516 et
1237 2484 1476 2527 quomodolibet
1504 2484 1587 2516 inter
1619 2483 1767 2517 consules
1793 2488 1824 2516 et

1078 2533 1260 2566 societatem
1278 2534 1438 2577 praefatos
1454 2543 1484 2565 οι,
1503 2542 1726 2575 quoscumque
1742 2531 1823 2564 alios

1078 2587 1180 2615 motas
1212 2588 1242 2615 et
1271 2588 1356 2614 ortas
1375 2592 1412 2615 ac
1437 2581 1531 2614 etiam
1558 2580 1714 2614 indecisas
1741 2590 1820 2623 pen-

1077 2631 1198 2673 dentes,
1221 2631 1253 2664 in
1273 2635 1355 2664 statu
1371 2636 1401 2664 et.
1421 2630 1576 2671 terminis,
1596 2628 1758 2672 inquibus
1773 2639 1822 2661 rc-
