2059 3228
21 177 72 214 An,
87 177 115 207 C.
129 175 196 206 ¹587

36 772 50 796 9
72 773 192 796 melantio

19 808 68 829 Ἰιει
86 805 178 828 eosdem.

30 1243 56 1284 Δί.
72 1259 192 1282 nectar-uo

25 1293 67 1317 hu
80 1293 194 1320 receptio-

26 1330 58 1348 ·
65 1327 193 1354 peregrino-

26 2179 140 2201 mianum
175 2178 202 2198 de

31 2210 204 2263 Ῥῖξξζᾱξζζζζ
217 2213 385 2255 ditionem,
417 2214 502 2247 circa
530 2213 733 2257 lecipiendos
761 2219 848 2245 extra
882 2211 965 2255 (api-

877 177 980 201 stxrrs
1001 178 1018 200 x·
1038 178 1085 201 ΡΡ.
1641 172 1704 207 959
1764 180 1814 209 Αη,
1833 182 1861 212 c.
1879 182 1945 211 4527

209 229 260 267 sit,
287 228 346 261 nisi
370 240 386 261 a
415 230 582 274 superiore
608 229 683 268 loci,
713 230 766 263 ulii
800 229 959 264 residebat
976 254 980 297 Ι
1000 230 1131 262 uiversis
1151 236 1178 263 et
1201 231 1335 274 singulis
1351 242 1651 278 perquoscumque
1666 233 1748 267 iudi·
1777 242 1947 274 *numm-..ir-

209 287 240 315 et
264 293 282 314 a
306 293 371 326 quo
395 283 552 323 discessit,
582 284 744 317 licentiam
775 294 956 327 expressam
999 294 1062 323 res,
1083 284 1265 317 ordinarios
1283 291 1309 317 et
1326 286 1501 329 ‹lt-legatos,
1521 287 1615 319 etiam
1635 297 1747 320 causa·
1765 274 1841 290 ''¹⁸¹¹‘'

208 334 241 367 in
261 335 387 378 scriptis
409 336 600 374 exhibuerit,
618 337 663 370 rel
679 337 737 369 nisi
755 337 829 369 satis·
850 337 956 377 cogni-

208 394 260 421 tus
280 389 330 428 sit,
357 389 384 422 id
407 390 568 422 obsctw‘ari
589 390 738 423 volumus
758 400 820 422 non
851 390 954 422 solum

205 442 240 487 jn
260 443 419 484 religiosis
435 443 660 477 itinerantibus
680 445 718 477 dc
733 443 838 476 unuin
861 443 954 475 aliam

208 496 419 540 provinciam,
447 498 501 530 scd
535 497 564 529 in
592 497 629 531 iis
653 508 781 541 quoquc
803 497 857 541 qui
883 507 957 541 pro-

207 549 399 583 ficiscuntur
419 551 457 583 dc
475 561 540 584 uno
562 551 593 583 in
615 551 700 584 aliud
723 551 866 584 eiusdem
880 560 955 594 pro-

205 602 330 636 vinciae
351 605 593 645 monasterium,
616 609 679 637 tam
701 605 749 637 sui
768 614 862 646 quam
876 605 956 636 altc-

207 655 276 689 rius
299 657 439 690 Ordinis.

251 710 266 753 ἓ
291 709 344 743 20.
371 710 460 749 Quod
479 711 504 743 si
525 711 667 744 dicerent
686 721 719 743 se
740 710 777 742 ad
802 710 957 753 Apostoli-

207 773 277 796 cam
302 763 416 797 Sedem
447 765 621 807 confugere
656 765 696 797 ob
725 764 909 806 gravamina
939 775 956 797 a

207 816 273 850 suis
297 818 520 861 superioribus
550 818 608 851 sibi
633 818 734 857 illata,
757 824 783 849 et
818 818 887 850 ideo
917 818 955 850 ab

206 870 285 914 ipsis
318 871 541 915 superioribus
574 871 736 904 licentiam
772 877 799 903 ct
835 872 956 904 litteras

205 923 353 958 obtinere
388 935 452 957 non
483 925 645 968 potuisse,
681 935 745 958 non
784 931 955 968 propterea

207 978 275 1010 ullo
304 978 402 1012 modo
431 978 533 1022 recipi
558 979 695 1018 valeant,
724 979 785 1011 nisi
807 978 883 1019 side,
905 978 955 1011 di-

206 1041 345 1075 gnorum
362 1032 545 1065 testimonio
566 1032 604 1065 de
621 1032 718 1075 petita
738 1033 777 1065 ab
794 1032 837 1065 eis
858 1033 956 1065 licen-

206 1084 262 1126 tia,
281 1091 311 1118 et
330 1096 388 1130 per
400 1095 475 1119 suos
490 1086 674 1130 superiores
693 1086 859 1129 denegata,
877 1096 955 1119 con-

207 1139 337 1172 stiterit.

252 1193 267 1236 ἓ
290 1192 345 1226 21.
372 1193 406 1226 In
436 1193 520 1226 alma
539 1203 615 1226 vero
648 1193 728 1226 Urbe
747 1199 853 1225 nostra
880 1193 954 1225 reli-

207 1245 286 1289 giosi
298 1246 439 1280 advenae
449 1253 479 1280 et
492 1247 654 1290 peregrini
666 1247 704 1279 de
716 1246 956 1289 gravaminibus

208 1299 267 1332 sibi
292 1299 388 1333 illatis
413 1306 650 1344 conquerentes
670 1300 786 1333 nullibi
808 1300 876 1333 sine
896 1300 956 1333 bu—

185 1354 479 1388 ·iusmodilitte1·is
499 1360 552 1387 aut
572 1354 705 1387 licentia
725 1353 903 1397 recipiendi
922 1364 954 1386 e-

160 1433 164 1438 .
208 1413 296 1449 runt,
318 1407 380 1441 nisi
402 1408 493 1452 prius
504 1408 543 1441 ad
556 1408 838 1451 congregationem
851 1407 955 1440 dicto-

208 1473 279 1496 rum
301 1461 514 1495 cardinalium
535 1472 633 1505 super
661 1461 803 1504 negociis
827 1461 955 1504 regula-

208 1517 292 1550 rium
322 1526 340 1549 a
363 1516 457 1549 nobis
481 1516 720 1558 deputatorum,
742 1515 789 1547 vel
814 1514 852 1547 ad
882 1524 956 1546 suos

209 1575 410 1615 protectores
427 1569 647 1616 remittantur,
670 1568 739 1607 ubi,
763 1567 838 1611 ipsis
863 1568 955 1600 audi-

209 1624 260 1664 tis,
282 1634 342 1668 pro
362 1634 471 1657 rerum
494 1628 523 1656 et
547 1633 760 1667 personarum
786 1622 954 1665 qualitate,

209 1677 287 1722 quid
303 1677 463 1720 agendum
489 1676 540 1713 sit,
563 1681 733 1709 statuetur.

254 1730 270 1774 ἓ
293 1729 347 1763 ⁶22.
373 1730 509 1774 Reliqua
537 1735 642 1762 autem
670 1729 701 1761 in
722 1728 824 1772 priori
850 1735 957 1762 nostra

59 1797 195 1820 coanimata
211 1784 440 1818 constitutione
457 1789 618 1823 contenta,
632 1793 714 1826 quae
729 1783 760 1816 in
781 1782 957 1826 praesenti-

27 1829 102 1853 llomm
120 1830 140 1850 in
157 1829 196 1850 dt-

28 1864 50 1884 Ιι
61 1861 198 1883 constitutio-

30 1891 44 1915 *
76 1893 198 1915 ⁶⁰⁰¹⁸¹¹²⁰·
212 1897 312 1936 petuo
330 1891 423 1924 firma
441 1897 471 1924 et
491 1891 592 1924 valida
605 1897 633 1924 et
646 1891 677 1923 in
690 1902 747 1924 suo
763 1891 878 1923 robore
889 1901 960 1934 pcr-

210 1838 272 1872 bus
289 1837 405 1871 litteris
416 1848 480 1871 non
493 1837 710 1877 declarantur,
724 1837 871 1869 volumus
885 1847 957 1880 per-

213 1956 355 1987 manere,
380 1957 417 1980 ac
437 1946 477 1979 ab
498 1945 659 1987 omuibus,
681 1944 720 1978 ad
733 1955 813 1988 quos
829 1949 959 1988 spectat,

214 1999 445 2033 iuviolabiliter
468 1999 562 2033 obsei
565 2010 580 2030 v
584 1998 641 2031 aii.

259 2053 274 2096 ἓ
297 2052 352 2086 23.
379 2053 416 2086 Et
437 2053 461 2086 si
483 2053 560 2096 quid
581 2064 598 2085 a
618 2051 711 2085 nobis
732 2050 828 2084 alicui
850 2050 960 2083 Ordiai

949 2123 961 2128 ·
1006 2108 1177 2147 similibus,

216 2165 267 2194 tae
291 2159 529 2193 constitutionis
558 2160 706 2198 sormam,
730 2164 799 2202 post
828 2157 913 2191 illius
933 2167 964 2189 e-

218 2267 287 2301 tula
306 2267 455 2307 novitios,
479 2273 537 2300 aut
556 2267 633 2300 alias
650 2266 810 2299 indultum
824 2272 876 2298 aut
891 2276 966 2298 con-

219 2331 345 2354 cessum
369 2321 441 2362 suit,
468 2321 500 2354 id
526 2331 621 2354 omne
641 2332 676 2353 ac
703 2320 841 2363 desuper
861 2320 966 2352 consc-

219 2375 286 2403 ctas
305 2370 427 2403 litteras
447 2381 580 2414 prorsus
600 2380 788 2403 revocamus
804 2375 830 2401 ct
855 2369 967 2401 annul-

217 2419 334 2459 lamus,
354 2429 390 2452 ae
410 2419 447 2452 ad
471 2419 624 2452 terminos
641 2420 818 2463 praesentis
849 2418 966 2450 consti-

220 2468 354 2502 tutionis
373 2468 572 2509 reducimus,
586 2474 616 2501 et
635 2468 714 2501 alias
734 2467 856 2500 nemini
878 2468 966 2500 volu·
988 2489 992 2531 Ι

221 2528 294 2552 raus
318 2518 498 2561 suffragari.

266 2567 282 2612 ξ
307 2567 358 2601 Ξ4.
386 2567 599 2601 Decernentes
618 2565 663 2601 sic
684 2566 717 2600 in
737 2566 920 2612 praemissis
933 2577 968 2600 u-

1001 347 1070 369 rum
1093 338 1172 369 sarri
1195 338 1303 370 Palatii
1322 339 1497 383 Apostolici
1518 340 1694 378 auditores,
1713 351 1749 372 ac

999 396 1126 423 sanctas·
1163 391 1324 425 Romanae
1359 393 1519 426 Ecclesiae
1550 393 1746 434 cardinales,

998 444 1121 477 sublata
1140 445 1185 477 cis
1209 452 1237 479 ct
1267 457 1381 479 eorum
1404 447 1537 480 cuilibet
1557 447 1666 490 quavis¹
1691 447 1749 479 ali-

1000 504 1047 530 tcr
1066 497 1229 531 iudicandi
1247 506 1275 532 et
1294 499 1527 544 interpretandi
1541 500 1703 539 facultate,
1717 500 1747 532 in

998 551 1108 596 quavis
1128 563 1223 585 causa
1243 559 1271 586 et
1294 554 1456 594 instantia,
1476 553 1597 597 ubique
1611 553 1747 587 iudicari

999 611 1027 638 ct
1058 605 1188 638 diffiniri
1222 607 1363 647 dcbere;
1397 618 1521 640 net-,non
1556 607 1681 640 irritum
1718 612 1749 639 et

999 659 1093 692 inane
1113 659 1137 691 si
1159 670 1252 693 secus
1271 671 1369 703 super
1389 661 1656 704 ltisaquoquam,
1669 671 1748 704 qua-

998 712 1041 744 ris
1075 712 1276 753 auctoritate,
1309 713 1446 747 scienter
1470 714 1516 746 vcl
1548 714 1745 756 ignoranter,

997 765 1167 809 contigerit
1186 767 1346 800 attentari.

1041 820 1055 861 ξ
1081 819 1133 853 25.
1160 820 1227 853 Non
1249 820 1450 854 obstantibus
1470 821 1612 864 praefata
1630 827 1660 854 et
1675 820 1747 853 aliis

998 873 1280 907 constitutionibus
1293 880 1322 907 et
1342 874 1601 908 ordinationibus
1617 879 1746 918 aposto-

997 926 1078 966 licis,
1109 937 1235 960 necnon
1266 938 1548 971 quorumcumque
1573 927 1745 968 Ordinum,

996 985 1058 1013 tam
1082 981 1344 1022 Mendicantium,
1366 993 1461 1024 quam
1479 992 1543 1015 non
1563 982 1747 1015 Mendiean-

998 1035 1090 1075 tium,
1110 1035 1314 1078 Religionum
1345 1048 1381 1069 ae
1406 1036 1690 1075 monasteriorum,
1713 1045 1746 1068 e-

997 1089 1071 1120 tiam
1090 1099 1202 1121 eorum
1220 1100 1302 1132 quae
1328 1089 1483 1123 Ordinum
1505 1090 1611 1133 capita
1631 1088 1746 1122 dicun-

996 1148 1059 1183 tur,
1083 1143 1297 1186 prioratuum,
1318 1143 1487 1176 domorum
1508 1149 1537 1176 et
1556 1142 1746 1186 quorumvis

997 1196 1195 1239 regularium
1220 1197 1381 1238 locorum,
1405 1197 1599 1237 iuramento,
1629 1196 1747 1229 confir-

999 1250 1137 1283 matione
1157 1251 1333 1294 apostolica
1352 1252 1400 1284 rel
1421 1251 1530 1294 quavis
1551 1250 1702 1283 firmitate
1713 1260 1746 1282 a·

999 1303 1040 1335 lia
1068 1304 1239 1344 roboratis,
1273 1304 1409 1344 statutis,
1443 1302 1742 1341 consuetudinibus,

997 1356 1234 1396 stabilimentis,
1257 1357 1368 1390 usibus
1387 1363 1418 1390 et
1440 1357 1576 1397 naturis,
1603 1362 1744 1400 quanto-

998 1421 1137 1454 cumque
1158 1416 1303 1454 tempore
1323 1411 1508 1452 observatis,
1531 1421 1658 1444 necnon
1674 1410 1745 1443 sun-

997 1464 1181 1498 dationibus
1207 1465 1393 1498 eorumdem
1410 1476 1417 1505 ;
1436 1465 1508 1498 aliis
1527 1475 1657 1509 quoque
1678 1465 1744 1508 pri-

999 1518 1135 1560 vilegiis,
1159 1518 1303 1559 indultis,
1315 1519 1573 1563 exemptionibus
1589 1524 1619 1551 et
1631 1517 1745 1550 litteris

998 1571 1184 1615 apostolicis
1204 1571 1268 1604 illis
1287 1571 1437 1605 omnibus
1457 1571 1668 1615 ipsorumque
1692 1580 1745 1602 su·
1795 1575 1799 1579 “

999 1625 1194 1669 pcrioribus,
1204 1625 1411 1669 generalibus
1425 1626 1471 1657 rel
1483 1624 1746 1669 provincialibus,

999 1679 1220 1720 conventhus,
1243 1680 1405 1723 capitulis,
1425 1679 1576 1712 fratribus
1593 1685 1624 1711 et
1635 1688 1747 1722 perso-

1000 1732 1059 1773 nis,
1074 1744 1131 1777 per
1150 1743 1374 1777 quoscumque
1398 1733 1558 1766 Romanos
1577 1731 1748 1765 Pontifices

999 1786 1264 1831 praedecessores
1296 1793 1423 1819 nostros
1448 1796 1484 1819 ac
1513 1785 1746 1828 nosmetipsos,

1001 1840 1096 1874 etiam
1107 1846 1179 1884 post
1198 1840 1336 1884 primam
1348 1839 1439 1872 dictae
1453 1845 1579 1872 nostrae
1596 1838 1749 1871 constitu-

1000 1893 1098 1927 tionis
1108 1893 1375 1938 publicationem,
1390 1899 1419 1926 et
1432 1893 1607 1937 praelatam
1621 1891 1748 1931 Sedem,

1003 1947 1099 1980 etiam
1121 1958 1178 1990 per
1199 1947 1330 1980 modum
1341 1945 1620 1990 statutiperpetui‚
1634 1944 1750 1977 aciniti

1003 2006 1034 2034 et
1053 2000 1195 2044 stipulati
1211 2006 1412 2041 contractus,
1435 2011 1490 2033 seu
1507 1999 1610 2043 que-si,
1624 2008 1751 2031 necnon

1004 2060 1107 2093 motu,
1130 2054 1262 2087 scientia
1297 2059 1327 2086 et
1356 2053 1520 2096 potestatis
1549 2052 1751 2096 plenitudine

1209 2119 1245 2140 ac
1275 2108 1371 2140 ctiam
1402 2107 1672 2147 consideratione,
1703 2107 1752 2139 in-

1007 2161 1104 2201 tuitu,
1124 2160 1406 2204 contemplatione,
1435 2160 1482 2192 vei
1503 2160 1542 2192 ad
1567 2160 1753 2193 instantiam

1008 2214 1225 2258 imperatoris,
1251 2224 1377 2256 regum,
1400 2214 1519 2246 ducum
1549 2213 1754 2256 aliorumque

1008 2266 1204 2311 principum,
1233 2272 1426 2310 sanctaeque
1454 2266 1615 2299 Romanae
1644 2266 1754 2298 Eccle-

1009 2321 1073 2353 siae
1101 2320 1326 2361 cardinalium,
1353 2331 1389 2353 ac
1414 2320 1452 2352 dc
1478 2330 1591 2353 corum
1621 2317 1755 2352 co'nsilio

1009 2376 1040 2403 ct
1059 2380 1202 2409 assensu,
1229 2370 1325 2403 etiam
1346 2369 1612 2403 consistorialiter
1630 2368 1754 2409 habito,

1010 2420 1316 2462 quomodocumque
1337 2430 1373 2451 ac
1393 2419 1452 2451 sub
1473 2417 1640 2462 quibusvis
1665 2423 1756 2450 teno-

1011 2467 1099 2500 ribus
1121 2473 1149 2500 et
1166 2468 1290 2508 formis,
1306 2477 1432 2500 necnon
1446 2478 1520 2500 cum
1536 2466 1699 2510 quibusvis
1710 2477 1758 2499 re-

1011 2516 1588 2560 strictivis,restitutivis,praeservatix
1597 2515 1633 2549 is
1646 2516 1758 2548 annul-

1012 2565 1129 2607 lativis,
1151 2565 1429 2610 derogatoriarum
1450 2565 1664 2609 derogatoriis
1675 2564 1758 2597 aliis-

1774 832 1885 854 chunni-0
1906 834 1948 856 d·-

1762 868 1892 891 reginorum
