2059 3228
40 257 46 264 .
70 234 137 266 ¹579

747 240 921 265 carmentes
944 240 999 264 xm
1025 241 1071 264 ΡΡ,

1571 229 1633 263 275}

147 291 275 333 domus,
298 292 444 326 aedith-ia
465 298 496 325 et
521 292 605 325 bona
626 292 788 336 praedicta
813 303 886 325 cum
929 291 1085 331 ctoritate,
1106 292 1242 325 scienter
1253 291 1299 327 vel
1315 298 1511 335 ignoranter,
1530 291 1674 335 contige·

146 345 297 380 omnibus
316 346 518 388 pertinentiis
537 346 603 378 suis
623 356 659 378 ae
679 345 889 388 quibuscum-

145 409 209 443 que
233 398 485 432 melioramentis
511 399 650 442 desuper
677 399 886 443 imposterum

146 451 299 485 faciendis
309 451 347 484 ad
358 452 502 484 eanulem
514 452 768 495 praeposituram
780 451 887 484 Sancti

146 503 284 548 Spiritus
302 505 402 537 libere
414 510 623 542 revertantur,
637 515 752 547 resque
767 504 834 547 ipsa
848 504 889 536 sit

145 562 178 591 et
195 567 264 590 esse
283 557 481 599 intelligatur
500 557 531 590 in
546 557 681 601 pristino
694 562 778 589 statu
794 556 887 589 resti-

144 614 225 651 tuta,
241 620 278 643 ac
298 610 322 643 si
344 620 518 643 consensus
531 621 588 653 per
608 609 728 642 dietum
749 609 887 642 Michae-

145 662 210 696 lem
234 663 430 696 cardinalem
458 673 556 707 super
580 661 764 705 praemissis
794 672 887 705 prae-

145 715 240 750 stitus
258 726 324 749 non
348 721 442 757 esset,
465 721 495 749 et
514 720 696 759 praesentes
715 724 781 747 non
801 725 888 747 ema-

147 774 288 802 nassent.

189 820 204 864 5
223 819 255 854 8.
278 821 460 854 Mandantes
480 820 583 853 eidem
604 819 625 852 C
628 820 716 853 aiolo
735 819 888 852 cardinali

97 882 137 903 9¹⁰
146 878 194 915 ut,
213 885 232 906 a
250 873 302 907 die
321 874 454 918 adeptae
475 873 579 906 dictae
595 872 816 917 possessionis,
829 872 888 904 ali-

36 910 136 952 &iffi-
144 937 242 971 quem
254 926 521 960 idoneumlocum
530 925 574 958 siv
577 936 593 958 e
603 925 783 966 ecclesiam,
793 925 888 958 etiam

143 980 337 1020 secularem,
359 979 392 1012 in
416 990 480 1023 quo
509 989 566 1012 seu
595 990 659 1023 qna
685 979 889 1022 presbyteros

145 1043 259 1066 omnes
279 1037 310 1066 et
329 1042 498 1065 conversos
520 1031 597 1065 dicti
617 1031 780 1075 suppressi
796 1031 888 1064 Ordi-

143 1086 208 1127 nis,
229 1085 262 1119 in
281 1085 367 1118 dicta
385 1085 481 1118 domo
501 1085 610 1119 Sancti
634 1085 772 1128 Spiritus
790 1084 890 1117 illius-

144 1149 208 1183 que
227 1138 381 1172 aedificiis
399 1149 486 1171 nunc
506 1138 670 1181 degentes,
690 1139 820 1172 insimul
841 1138 890 1170 vel

144 1191 282 1233 divisim,
305 1191 503 1225 coniunctim
526 1192 575 1225 vel
595 1191 779 1235 separatim,
806 1191 889 1225 reci-

144 1255 222 1290 pere
243 1250 274 1279 et
286 1245 425 1279 retinere
436 1244 547 1289 possit,
562 1245 739 1288 perquirat3
753 1255 790 1278 ac
801 1245 888 1288 ipsis,

144 1309 205 1343 pro
223 1308 337 1332 eorum
348 1308 484 1331 numero
503 1298 560 1342 qui
572 1308 632 1342 pro
652 1304 795 1341 tempore
815 1298 887 1337 erit,

145 1352 186 1386 de
207 1361 351 1395 congrua
364 1351 596 1384 sustentatione
608 1350 768 1394 provideri
782 1351 887 1389 saciat;

145 1405 340 1449 eosdemque
351 1405 477 1445 fratres,
489 1409 526 1437 ut
539 1414 572 1437 se
587 1404 626 1437 de
641 1404 725 1436 dieta
738 1404 832 1436 domo
849 1404 888 1436 ad

145 1457 208 1492 alia
220 1457 259 1491 ab
273 1457 387 1491 eodem
398 1457 512 1491 Carolo
528 1457 681 1490 cardinali
696 1456 887 1499 assignanda

145 1511 218 1545 loca
241 1511 420 1550 conserant,
450 1510 510 1544 sub
539 1510 713 1548 sententiis,
745 1510 888 1543 censuris

146 1569 179 1598 et
190 1564 302 1608 poenis
315 1563 448 1597 arbitrio
464 1563 607 1597 eiusdem
624 1563 728 1596 Caroli
741 1563 888 1596 cardina-

146 1617 186 1650 lis
205 1616 408 1661 imponendis
428 1622 521 1660 cogat
539 1622 570 1650 et
587 1617 769 1660 compellat,
789 1626 889 1659 super

146 1680 212 1714 quo
235 1669 341 1703 eidem
353 1669 468 1703 Carolo
484 1669 639 1702 cardinali
650 1669 791 1713 amplam
806 1675 836 1702 et
852 1669 891 1701 li-

146 1724 258 1756 beram
278 1723 502 1756 auctoritatem
517 1733 576 1766 per
590 1727 774 1766 praesentes
794 1723 888 1755 etiam

149 1775 358 1809 concedimus
381 1781 413 1809 et
431 1775 648 1819 impartimur.

191 1829 244 1873 §9.
255 1829 469 1862 Decernentes
482 1828 609 1862 easdem
618 1833 802 1871 praesentes
811 1828 894 1861 litte-

97 1893 103 1900 ·
148 1892 201 1916 ras
218 1883 310 1916 nullo
329 1893 474 1925 unquam
498 1887 643 1925 tempore
668 1882 706 1914 de
735 1881 895 1925 subrepti-

149 1935 220 1969 onis
242 1936 292 1968 vel
320 1935 520 1978 obreptionis
549 1941 604 1967 aut
623 1934 780 1967 nullitatis
804 1935 892 1974 vitio,

150 1997 207 2020 seu
231 1987 419 2021 intentionis
438 1993 566 2020 nostrae
583 1988 630 2020 vel
656 1987 719 2020 alio
740 1988 893 2031 quopiam

151 2039 277 2073 defectu
301 2040 406 2073 notari
425 2051 480 2073 seu
503 2040 686 2083 impugnari
711 2040 896 2073 nullatenus

152 2103 297 2136 unquam
315 2103 422 2137 posse,
448 2093 503 2126 sed
523 2104 576 2126 eas
591 2104 718 2137 semper
733 2094 852 2126 validas
866 2099 897 2126 et

153 2145 298 2179 efficaces
308 2146 455 2187 existere,
464 2156 604 2189 suosque
616 2147 781 2190 plenarios
798 2152 828 2180 et
848 2147 896 2179 in-

130 2215 132 2217 >
154 2203 261 2240 tegros
286 2198 418 2231 effectus
447 2198 580 2239 sortiri3
611 2198 721 2242 sicque
747 2199 778 2231 in
805 2210 897 2243 prae-

155 2250 262 2284 missis
281 2250 432 2283 omnibus
451 2256 482 2284 et
500 2251 635 2294 siugulis
654 2262 712 2295 per
726 2262 899 2295 quoscum-

156 2313 219 2346 que
239 2302 362 2335 iudices
385 2308 416 2336 et
434 2304 680 2344 commissarios,
701 2305 796 2337 etiam
809 2304 839 2337 S.
860 2305 895 2337 H.

157 2355 193 2388 E.
211 2355 390 2388 cardinales
404 2365 441 2387 ac
457 2366 626 2388 causarum
642 2357 753 2389 Palatii
768 2358 900 2400 Aposto-

159 2407 213 2441 liei
237 2408 413 2447 auditores,
435 2408 559 2441 sublata
579 2409 624 2441 eis
647 2414 678 2442 et
697 2420 808 2442 eorum
832 2410 900 2443 cui-

135 2454 139 2457 ’
159 2455 239 2489 libet
255 2455 368 2499 'quavis
391 2456 484 2489 aliter
508 2456 670 2490 iudicandi
692 2463 722 2490 et
742 2457 900 2501 interpre-

159 2504 246 2537 tandi
267 2505 416 2538 facultate
440 2511 471 2537 et
496 2505 694 2545 auctoritate,
718 2505 852 2538 indicari
874 2512 903 2540 et

161 2552 292 2586 diffiniri
315 2553 432 2586 dehere
447 2565 454 2593 3
468 2553 595 2586 irritum
609 2564 737 2597 quoque
749 2560 777 2587 et
795 2554 901 2595 inane,

162 2600 187 2634 si
212 2611 304 2634 secus
323 2613 421 2646 super
435 2602 484 2634 his
496 2612 513 2634 a
525 2612 702 2645 quoquam,
722 2603 832 2646 quavis
846 2614 903 2637 au-

240 2650 315 2680 Ball.
335 2650 412 2681 Rom.
440 2650 496 2681 Vol.
520 2650 592 2681 VIII.
789 2652 826 2682 35

929 344 970 377 rit
987 344 1149 377 attentari.

973 396 1050 440 git).
1082 397 1239 435 Quocirca
1264 397 1500 430 venerabilibus
1521 397 1674 430 fratribus

929 450 1045 482 nostris
1064 450 1220 482 Laudensi
1235 456 1262 483 et
1281 451 1428 494 papiensi
1453 450 1611 494 episcopis
1631 461 1668 483 ac

929 503 1046 535 dilecto
1058 502 1124 535 tilio
1135 503 1413 547 archipresbytero
1430 503 1582 537 eeclesiae
1604 503 1667 537 Mc-

929 556 1108 588 diolanenis
1127 566 1185 598 per
1204 556 1379 599 apostoliea
1400 556 1518 599 scripta
1540 556 1674 589 manda-

930 619 1001 640 mus
1020 614 1180 651 quatenus
1200 608 1260 651 ipsi
1294 609 1341 640 vel
1362 608 1425 641 duo
1446 614 1501 641 aut
1522 620 1604 642 unus
1624 619 1675 642 eo-

930 672 1016 701 rum,
1039 672 1096 705 per
1112 672 1145 694 se
1164 662 1213 694 vel
1233 662 1333 694 alium
1349 672 1403 694 seu
1418 662 1506 702 alios,
1520 672 1673 705 praesen-

931 720 976 747 tes
989 714 1110 748 litteras
1123 720 1153 747 et
1168 714 1202 746 in
1214 714 1258 747 eis
1271 720 1420 747 contenta
1435 726 1672 759 quaecumque,

930 767 985 800 ubi
1007 772 1037 800 et
1060 768 1190 811 quando
1210 778 1290 811 opus
1306 768 1412 807 luerit,
1427 768 1598 811 aequoties
1612 779 1671 811 pro

931 826 1021 864 parte
1034 821 1138 854 Caroli
1165 821 1336 854 cardinalis
1356 832 1392 853 ac
1413 821 1507 853 ctiam
1536 821 1673 854 admini-

930 879 1114 914 stratorum,
1136 874 1403 917 gubernatorum,
1434 875 1672 917 magistrorum,

930 932 1190 970 praeceptorum,
1213 927 1453 967 advocatorum,
1486 933 1674 970 procurato-

931 990 1002 1012 ιιιιιι
1017 979 1281 1012 etmiuistrorum
1302 979 1541 1022 praedictorum
1566 985 1621 1012 aut
1644 990 1676 1012 a-

930 1032 1060 1071 liorum,
1080 1043 1220 1075 quorum
1242 1032 1398 1067 intererit.
1412 1032 1608 1065 velalicuius
1620 1042 1674 1065 eo-

932 1095 1015 1125 rum,
1036 1085 1155 1118 suerint
1172 1085 1331 1128 requisiti,
1358 1085 1544 1118 solemniter
1568 1085 1676 1128 puhli-

930 1143 1050 1178 cantes,
1073 1138 1183 1181 eisque
1201 1138 1234 1170 in
1256 1138 1439 1181 praemissis
1464 1137 1601 1171 efficacis
1620 1138 1676 1170 de-

930 1190 1083 1223 fensionis
1097 1191 1261 1234 praesidio
1277 1191 1469 1231 assistentes,
1482 1191 1599 1224 saciant
1619 1202 1676 1223 au-

931 1244 1076 1277 ctoritate
1089 1250 1199 1277 nostra
1214 1250 1398 1288 praesentes
1412 1245 1533 1278 litteras
1551 1250 1581 1277 et
1593 1243 1677 1276 ineis

931 1303 1082 1330 contenta
1102 1297 1289 1331 huiusmodi
1309 1298 1347 1331 ab
1361 1298 1524 1337 omnihus,
1540 1297 1577 1330 ad
1596 1307 1676 1340 quos

931 1356 1054 1394 spectat
1072 1355 1102 1383 et
1116 1351 1273 1394 spectabit
1286 1351 1527 1394 quomodolibet
1543 1351 1574 1382 in
1590 1350 1676 1383 futu-

931 1414 1016 1443 rum,
1031 1404 1256 1437 inviolabiliter
1267 1404 1443 1443 observari,
1458 1404 1608 1447 ipsosque
1620 1403 1678 1436 Ca-

931 1457 1034 1490 rolum
1055 1457 1252 1490 cardinalem
1283 1467 1409 1490 necnon
1437 1457 1676 1491 administrato-

932 1521 993 1549 res,
1014 1509 1260 1552 gubernatores,
1283 1510 1463 1553 magistros,
1487 1516 1676 1554 praecepto—

932 1574 991 1604 res,
1017 1563 1199 1602 advocatos,
1221 1568 1449 1606 procuratores
1469 1568 1499 1595 et
1514 1563 1677 1597 ministros

932 1616 1112 1660 praedictos
1133 1616 1197 1648 illis
1221 1616 1355 1659 pacifice
1382 1616 1442 1648 l'rui
1464 1622 1494 1649 et
1521 1617 1674 1659 gaudere.

932 1669 1001 1702 Non
1020 1670 1242 1713 permittentes
1261 1680 1316 1702 eos
1342 1669 1481 1713 desuper
1499 1681 1557 1713 per
1579 1681 1677 1714 quos-

934 1734 1073 1766 cumque
1087 1722 1330 1766 quomodolibet
1344 1722 1484 1755 indebite
1501 1723 1674 1756 molestari.

933 1776 1191 1809 Contradietores
1215 1776 1374 1819 quoslibet
1398 1781 1429 1809 et
1457 1777 1592 1809 rebelles
1621 1787 1678 1820 per

935 1840 1086 1862 censuras
1112 1830 1354 1869 ecclesiasticas,
1378 1835 1407 1862 et
1428 1829 1522 1862 etiam
1543 1829 1677 1873 pecuni-

935 1883 1017 1916 arias
1036 1893 1166 1926 poenas,
1187 1882 1312 1925 aliaque
1342 1888 1525 1926 opportuna
1550 1882 1628 1915 iuris
1649 1888 1679 1915 et

936 1935 1009 1968 faeti
1048 1935 1205 1975 remedia,
1248 1935 1461 1978 appellatione
1496 1935 1680 1978 postposita,

937 1989 1183 2031 compescendo3
1210 1999 1347 2027 necnon,
1363 1988 1512 2030 legitimis
1523 1998 1620 2031 super
1632 1988 1681 2020 his

936 2041 1094 2074 habendis
1105 2042 1235 2074 servatis
1252 2041 1467 2085 processibus,
1483 2051 1634 2073 censuras
1649 2046 1680 2073 ct

939 2105 1056 2137 poenas
1077 2094 1160 2137 ipsas
1185 2095 1280 2127 etiam
1301 2094 1421 2126 iteratis
1439 2093 1558 2125 vicibus
1572 2104 1683 2136 aggra-

938 2147 1050 2186 vando,
1072 2147 1217 2180 invocato
1237 2147 1332 2179 etiam
1350 2147 1387 2179 ad
1398 2147 1470 2186 hoe,
1487 2146 1512 2178 si
1523 2157 1602 2187 opus
1616 2147 1684 2179 sue-

939 2200 991 2240 rit,
1014 2200 1131 2233 auxilio
1153 2200 1278 2232 brachii
1303 2200 1418 2232 saecul
1414 2211 1487 2232 uis

983 2254 997 2296 ξ
1008 2253 1061 2285 ll.
1083 2254 1150 2285 Non
1172 2254 1227 2285 (sih
1233 2253 1371 2285 [autibus
1396 2253 1495 2296 priori
1520 2253 1682 2286 voluntate
1703 2266 1743 2312 off
1734 2267 1881 2312 {nami-0202

1746 2300 1816 2313 Ql'lffll.

940 2316 997 2338 ιιο5
985 2312 1047 2338 stra
1069 2317 1115 2348 pia
1108 2307 1244 2343 aedicta,
1266 2312 1293 2337 et
1315 2306 1387 2338 Late
1392 2305 1534 2338 ranensis
1554 2297 1721 2339 conciliitm

941 2359 1036 2391 noxis
1032 2359 1109 2390 sime
1131 2359 1193 2390 ιιιιιΙ
1189 2358 1293 2397 brati,
1325 2358 1460 2391 uniones
1490 2365 1682 2402 perpetuas,

942 2412 1001 2444 nisi
1027 2412 1058 2444 in
1077 2412 1203 2444 casibus
1219 2422 1236 2443 a
1257 2412 1327 2443 iure
1339 2411 1513 2454 permissis,
1530 2412 1599 2444 lieri
1614 2423 1686 2456 pro-

943 2459 1094 2498 hibentis,
1117 2470 1152 2491 ae
1174 2459 1274 2492 felicis
1294 2460 1528 2493 recordatiouis
1557 2461 1685 2493 Bonisa-

943 2508 985 2540 cii
1010 2508 1112 2550 Papae
1131 2508 1206 2545 vul,
1225 2508 1480 2550 praedecessoris
1497 2509 1609 2549 nostri,
1623 2520 1683 2552 qua

945 2563 1074 2589 cavetur
1094 2567 1132 2588 ne
1151 2556 1222 2598 quis
1242 2562 1329 2589 extra
1348 2568 1437 2589 suam
1459 2557 1615 2591 civitatem
1638 2560 1682 2591 vel

945 2604 1128 2643 dioecesim,
1151 2604 1209 2637 uisi
1225 2605 1256 2636 in
1280 2605 1374 2638 certis
1391 2606 1528 2650 exceptis
1550 2607 1683 2640 casibus-

1685 228 1730 252 An,
1751 226 1778 253 C.
1807 227 1869 253 ΜΓ.)

1726 407 1774 425 lli-s*

1682 438 1761 454 CXUCKH

1770 413 1834 430 ιμιιῑιιι

1764 440 1819 453 ores⁴

1839 410 1873 426 ur
