2059 3228
116 233 167 261 An.
186 232 213 261 C.
235 234 296 262 153?

144 1148 208 1169 Canza
238 1146 300 1168 liuius

117 1178 262 1198 institutit-vulfi.

137 1791 242 1811 Institutio
253 1794 307 1809 ron-

124 1829 184 1847 greg.
200 1823 307 1840 ‹lt-cimae—

125 1856 200 1878 qu-utae
210 1858 255 1870 cum
266 1852 308 1871 suis

124 1882 265 1906 simultatibus.

355 232 418 266 990

313 294 430 335 Siqua
458 300 531 324 vero
557 288 731 322 difficultas
759 292 814 319 aut
842 296 958 326 causa,
993 291 1056 318 tam

314 351 426 378 contra
446 342 645 381 domicellos,
669 340 917 374 communitates
936 345 967 372 et
986 338 1058 371 uni-

313 397 477 430 versitates
491 405 587 439 quam
606 399 718 427 contra
734 402 957 436 quoscumque
968 391 1056 429 alios,

313 452 408 483 etiam
434 450 594 481 immunes
627 454 723 490 atque
752 451 925 490 exemptos,
961 455 1058 488 super

311 505 361 537 his
381 502 531 536 omnibus
555 501 618 533 iam
644 505 753 533 exorta
772 500 811 532 sit
829 500 877 533 vel
898 499 930 531 in
950 504 1057 542 poste-

316 567 388 590 rum
413 555 573 594 inciderit,
604 564 675 587 eam
704 563 833 587 omnem
862 552 1055 592 summarie,

312 610 381 642 sola
401 607 474 641 sacti
493 607 624 641 veritate
644 607 798 649 inspecta,
812 616 848 638 ac
864 615 898 637 re
916 604 1056 648 primum

312 664 351 695 ad
371 673 429 696 nos
449 666 479 695 et
502 670 704 694 successores
726 664 853 692 nostros
873 658 983 697 relata,
1006 656 1059 689 de-

314 726 404 749 mum
423 713 599 748 definiendi
618 717 805 756 potesta-tem
822 712 969 744 facimus
991 709 1058 749 Qua

313 769 464 802 facultate
483 768 582 801 iidem
599 766 779 800 cardinales
794 764 912 798 nedum
925 764 957 797 in
975 764 1059 796 alma

312 822 409 863 Urbe,
428 831 540 855 verum
561 820 593 853 in
618 820 765 854 universa
780 818 996 852 ecclesiastica
1010 817 1058 850 di-

312 876 398 911 tione
415 873 597 918 temporali,
619 873 665 906 uti
684 883 777 917 posse
797 871 979 905 statuimus.

408 955 622 998 Congyreqatio
646 953 883 996 decimaquarta
906 961 965 994 pro

482 1007 698 1051 typographia
724 1006 892 1038 Vaticana.

356 1089 516 1128 Ceterum,
537 1098 611 1120 cum
628 1098 665 1120 ex
680 1087 767 1120 omni
783 1083 979 1128 antiquitatis
996 1094 1060 1116 me-

314 1143 418 1175 moria
438 1147 549 1175 notum
569 1141 608 1173 sit
628 1145 785 1183 quantum
814 1148 942 1181 semper
961 1136 1060 1169 detri-

315 1196 415 1228 menti
445 1194 611 1227 attulerint
639 1192 876 1225 haereticorum
908 1190 1062 1222 aliorum-

314 1260 376 1291 que
395 1247 535 1281 veritatis
553 1247 695 1279 hostium
717 1245 852 1278 insidiae
872 1249 902 1276 et
922 1242 986 1276 doli
1011 1253 1060 1275 sa-

315 1303 379 1335 cris
399 1302 490 1334 libris
515 1307 767 1342 sanctorumque
786 1298 916 1331 Patrum
946 1307 1059 1329 monu-

317 1355 432 1388 mentis
450 1355 559 1387 multis
571 1353 674 1386 modis
685 1350 945 1395 corrumpendis,
963 1359 1063 1392 qnan—

317 1415 445 1450 tamque
464 1407 526 1440 hoc
546 1406 749 1450 potissimum
779 1404 908 1437 saeculo
942 1403 1064 1435 anima-

317 1472 390 1494 rum
410 1460 588 1504 perniciem
608 1456 851 1501 importaverint
875 1455 1063 1489 eorumdem

318 1515 477 1548 librorum
507 1512 677 1546 mendosae
710 1510 938 1554 impressiones
969 1514 1064 1552 atque

319 1568 477 1600 editiones
498 1567 627 1609 impuro
656 1570 686 1598 et
714 1564 866 1607 pestifero
893 1563 1064 1594 haeresum

912 231 1090 258 BULLARIUM
1114 231 1264 255 ROMANUM

1098 283 1189 316 cibus
1208 281 1371 321 adhibitis,
1402 281 1591 323 praesertim
1612 292 1649 314 ex
1675 280 1776 314 nobili
1809 286 1841 314 et

1099 336 1229 380 optimis
1249 334 1339 368 libris
1358 334 1474 367 referta
1497 333 1664 368 Pontificia
1689 334 1843 368 Vaticana

1098 389 1303 429 bibliotheca,
1326 388 1511 421 adiumento
1531 387 1639 428 etiam,
1661 389 1766 423 studio
1795 394 1843 422 at-

1098 453 1161 486 que
1190 453 1288 485 opera
1320 440 1581 474 doctissimorum
1613 430 1781 475 hominum
1804 451 1844 475 ex

1099 496 1249 529 omnibus
1269 494 1435 528 christiani
1460 493 1546 526 orbis
1574 493 1758 529 nationibus
1784 504 1849 537 per¹

1098 559 1157 581 nos
1176 554 1231 581 aut
1250 557 1452 581 successores
1479 551 1608 582 nostros
1635 546 1840 588 selectorum,

1098 602 1153 645 qui
1175 601 1357 643 linguarum
1379 600 1563 644 peritissimi
1581 599 1654 639 sint,
1675 598 1852 632 librosim«-

1099 655 1286 698 primendos
1305 659 1455 687 accurate
1474 653 1708 695 diligenterque
1720 651 1846 685 confer-

1099 713 1171 741 rant
1190 713 1221 741 et
1251 712 1494 750 recognoscant,
1526 712 1562 738 ut
1589 716 1701 738 eorum
1731 705 1842 748 editio,

1098 766 1255 804 quantum
1277 760 1346 794 fieri
1366 760 1496 804 poterit,
1519 759 1642 802 integra
1670 763 1766 802 atque
1793 758 1845 792 in—

1100 819 1253 858 corrupta
1273 814 1416 857 prodeat.
1440 813 1472 846 si
1492 823 1574 856 quae
1593 822 1668 845 vero
1684 811 1846 854 graviores

1099 867 1314 901 dubitationes
1344 872 1374 900 et
1407 866 1608 899 difficultates
1641 866 1674 898 in
1700 869 1846 898 veterum

1100 920 1248 953 codicum
1260 920 1460 960 auctoritate,
1474 919 1631 952 librorum
1645 918 1847 952 correctione

1101 979 1131 1007 et
1152 972 1572 1013 emendationeinciderint‚
1589 973 1684 1005 rebus
1703 971 1793 1016 prius
1812 971 1844 1006 in

1101 1027 1347 1071 congregatione
1361 1026 1558 1066 examinatis,
1574 1026 1613 1059 ad
1624 1036 1682 1058 nos
1693 1026 1843 1066 reserant,

1101 1088 1136 1114 ut
1155 1082 1187 1114 in
1207 1081 1380 1114 lectionum
1400 1081 1563 1121 varietate,
1581 1080 1614 1113 id
1631 1080 1717 1123 quod
1737 1079 1847 1113 ortho-

1101 1135 1201 1168 doxae
1220 1135 1342 1169 veritati
1359 1135 1495 1167 maxime
1513 1144 1689 1167 consonum
1714 1133 1786 1173 erit,
1809 1144 1847 1166 ex

1102 1190 1231 1233 speciali
1252 1189 1306 1222 Dei
1328 1187 1492 1232 privilegio
1513 1187 1588 1220 huic
1614 1186 1748 1220 Sanctae
1772 1186 1846 1220 Sedi

1103 1253 1268 1283 concesso,
1289 1248 1476 1275 statuamus
1493 1241 1629 1274 Demum
1645 1240 1756 1273 eadem
1771 1250 1848 1272 con-

1103 1296 1258 1338 gregatio,
1289 1296 1504 1339 typographos
1523 1300 1554 1327 et
1573 1294 1731 1326 librorum
1759 1303 1848 1325 reco-

1103 1349 1236 1391 gnitioni
1254 1350 1431 1393 praefectos
1450 1348 1483 1380 in
1497 1347 1662 1391 quibusvis
1681 1346 1847 1379 christiani

1104 1403 1190 1435 orbis
1215 1403 1320 1445 regnis
1348 1408 1379 1435 et
1407 1401 1581 1445 provinciis
1609 1400 1795 1434 admonebit
1814 1405 1849 1432 ut

1105 1456 1290 1499 diligentem
1329 1461 1610 1499 opportunamque
1643 1465 1775 1498 operam
1808 1454 1848 1486 ad

1105 1520 1161 1542 sua
1180 1520 1327 1553 quaeque
1348 1508 1452 1541 osticia
1471 1507 1609 1540 fideliter
1643 1512 1737 1550 atque
1767 1507 1849 1539 inte-

1083 1592 1087 1602 ,
1105 1575 1160 1606 gre
1181 1563 1369 1606 exequenda
1386 1567 1557 1606 praestent,
1577 1562 1609 1594 in
1626 1561 1850 1604 librorumque

319 1623 476 1653 fermento
496 1619 629 1661 aliisque
649 1617 813 1651 erroribus
839 1616 1065 1658 coinquinatae
1083 1604 1088 1665 l
1107 1618 1293 1650 huiusmodi
1316 1616 1455 1649 editione
1471 1615 1712 1649 accuratissime
1723 1625 1850 1647 versen-

321 1680 351 1708 ct
370 1679 554 1717 corruptae:

321 1780 549 1819 sollicitudine,
574 1784 606 1811 ut
626 1778 705 1810 haec
726 1776 933 1820 praeclamet
949 1775 1066 1807 saluta-

323 1835 366 1867 ris
386 1840 495 1866 nostra
506 1831 688 1865 haereditas
699 1842 716 1863 a
732 1829 908 1863 maioribus
922 1833 1065 1870 accepta,

324 1887 473 1920 inviolata
485 1893 701 1924 conservetur,
716 1894 820 1926 nuper
830 1882 950 1915 eiusrei
962 1891 1068 1920 causa,

324 1951 388 1973 non
414 1940 568 1972 mediocri
595 1944 703 1971 nostra
736 1937 892 1980 impensa,
923 1942 1069 1978 typogra-

324 1994 430 2038 phiam
444 1993 626 2025 Vaticanam
644 1991 821 2029 ereximus,
844 1999 930 2021 nunc
950 1993 1069 2026 autem,

325 2057 383 2090 pro
404 2047 449 2079 rei
470 2052 501 2078 et
520 2044 644 2087 negocii
665 2044 828 2087 gravitate,
851 2042 1071 2083 infrascripto-

326 2110 397 2132 ru¹u
419 2098 632 2131 cardimilimn
654 2096 935 2138 congregationem
962 2093 1071 2126 statui—

326 2164 410 2192 mus,
437 2152 555 2194 quibus
580 2150 776 2193 imponimus
796 2155 829 2181 ut
849 2159 938 2180 sacra
971 2146 1094 2187 llililia²
1124 2184 1127 2192 Ι
1161 2182 1166 2183 ⁷
1197 2182 1201 2183 ⁷

329 2207 444 2237 latinae
475 2205 620 2247 vulgatae
638 2231 646 2242 ,
681 2212 814 2245 graecae
839 2207 868 2233 et
904 2199 1071 2232 hebraicae
1090 2191 1094 2219 ἷ
1113 2182 1207 2214 (ὈΗΨ

329 2259 501 2297 eduinum,
537 2257 712 2291 decretales
746 2256 897 2299 epistolas
936 2253 1072 2285 concilia

329 2312 501 2351 generalia,
530 2316 712 2343 sanctorum
738 2308 987 2351 praecipuorum
1018 2305 1072 2336 Ec-

334 2517 359 2540 rt
383 2509 595 2551 explicantur,
614 2518 710 2549 quam
736 2505 996 2538 emendatissime
1017 2513 1073 2534 cu-

338 2564 400 2588 iu-ni
426 2556 664 2599 imprimendos.
687 2556 789 2593 Quare
819 2554 1008 2586 mandamus
1029 2557 1073 2590 ut,

338 2605 462 2639 tvtnstis
484 2604 709 2647 manuscripti*
731 2603 971 2645 ememlatisque
991 2600 1075 2633 codi-

985 1721 989 1726 ”
1039 1720 1044 1724 Δ
1084 1668 1171 1716 ξων,
1198 1671 1285 1703 etad
1318 1671 1483 1702 l'aticanae
1514 1668 1733 1712 impressionis
1757 1678 1850 1710 prae-

364 1730 379 1771 ,ξ
399 1728 429 1759 ’1.
452 1727 526 1767 Nos,
544 1726 686 1758 volentes
702 1735 759 1768 pro
775 1729 883 1755 nostra
904 1720 1067 1765 pontificia
1085 1718 1088 1745 Ι

1108 1726 1262 1768 scriptum
1282 1736 1317 1757 ac
1339 1734 1484 1756 normam
1505 1722 1637 1756 omuino
1670 1733 1703 1755 se
1727 1721 1851 1754 consor-

1109 1784 1206 1812 ment.

1111 1868 1153 1902 Co
1165 1869 1337 1911 iissreqolio
1356 1868 1595 1910 decimaquinta
1614 1877 1674 1908 pro
1692 1865 1854 1897 consulta-

1233 1923 1373 1955 tionibus
1392 1923 1593 1964 neqociorum
1616 1919 1728 1952 Status

1362 1975 1593 2008 Ecclesiasticz'.

1156 2065 1298 2106 Denique
1319 2074 1393 2097 cum
1423 2062 1512 2096 valde
1543 2066 1794 2094 consentaneum
1815 2058 1856 2092 sit
1869 2062 2022 2130 mliffinnrz

1954 2106 1973 2120 w

1113 2124 1147 2150 nt
1166 2119 1221 2160 qui
1243 2117 1438 2160 longinquos
1457 2121 1488 2149 et
1511 2122 1659 2148 externos
1674 2115 1705 2146 in
1721 2113 1856 2146 Domino

1211 2172 1371 2210 lectimur,
1393 2179 1571 2212 eorumque
1593 2168 1726 2209 negocia
1754 2165 1858 2199 brevis

1113 2232 1161 2258 ter
1181 2225 1322 2268 expediri
1344 2235 1507 2263 curemus,
1530 2221 1714 2255 domesticis
1735 2225 1765 2253 et
1784 2230 1858 2264 pro-

1116 2279 1256 2321 pinquis,
1278 2278 1332 2320 qui
1363 2277 1422 2309 sub
1453 2280 1561 2308 nostra
1591 2281 1623 2308 et
1656 2273 1859 2317 Apostolicae

341 2364 356 2395 ,Ι
518 2376 522 2381 .
724 2371 731 2377 „
800 2373 804 2378 ι
848 2371 874 2376 ⁷„
906 2371 908 2373 μ
1001 2359 1005 2362 .
1092 2332 1203 2364 'Sedis
1224 2331 1378 2373 peculiari
1410 2330 1506 2362 tutela
1531 2334 1617 2368 sunt,
1643 2327 1703 2359 liae
1727 2337 1858 2369 qnoque

331 2378 341 2395 i
361 2375 443 2396 esiae
464 2364 631 2395 doctorum
653 2371 762 2403 opem,
789 2367 911 2392 cete-ios
935 2359 1073 2400 demque
1117 2387 1121 2390 .

333 2412 441 2451 libros,
472 2412 589 2455 quibus
616 2410 689 2443 fidei
719 2409 896 2442 catholicae
929 2409 1074 2439 doctrina

333 2461 580 2503 traditionesque
603 2459 837 2492 ecclesiasticae
871 2456 1075 2489 continentur

1117 2396 1146 2417 m
1169 2396 1202 2417 rc
1223 2385 1414 2427 propensius
1433 2383 1650 2420 consulamus,
1671 2381 1804 2419 idcirco,
1825 2384 1860 2411 ut.

1093 2466 1098 2472 .
1116 2438 1226 2470 lideles·
1243 2437 1402 2469 Ecclesiae
1421 2435 1583 2468 Romanae
1596 2433 1653 2466 silii
1673 2432 1787 2465 ditioni
1804 2442 1860 2463 no-

1116 2497 1198 2523 strar·
1215 2488 1384 2532 temporali
1395 2487 1543 2527 subiecti,
1559 2486 1599 2518 ad
1613 2486 1697 2518 varia
1711 2483 1856 2527 negocia,

1117 2555 1228 2577 causas
1248 2543 1515 2583 necessitatesque
1540 2550 1612 2572 suas
1635 2537 1858 2582 proponendas

1118 2598 1300 2641 peisacilcm
1323 2596 1442 2629 aditum
1469 2593 1640 2632 inveniant,
1666 2589 1858 2624 remedium-

1852 224 1912 254 Am
1922 222 1962 254 Cr
