2059 3228
20 228 22 231 ,
64 210 79 235 '.
92 205 122 235 C.
138 206 206 235 ¹586

46 256 356 302 memma-iudicari
377 256 514 296 debere;
536 256 728 300 irritumque
753 262 784 290 et
804 256 915 295 inane,
942 255 967 288 si

64 305 65 315 ¹
219 320 312 343 secus
329 311 488 354 superbis
501 322 518 344 a
530 322 708 354 quoquam,
729 310 840 354 quavis
859 315 968 343 aucto-

220 363 324 403 ritate,
351 363 489 398 scienter
512 365 560 398 vel
579 364 776 408 ignoranter,
798 362 969 406 contigerit

218 417 379 450 attentari.

263 470 278 514 ἓ
302 470 355 503 Η.
383 471 420 504 Et
439 471 650 505 nihilominus
679 470 869 504 mandamus
892 469 966 503 uni-

45 538 58 568 s
78 515 79 518 ¹
96 533 158 555 teum
171 532 205 553 t·—
218 523 317 556 versis
346 529 378 557 et
401 525 534 568 singulis
561 525 665 558 dictae
693 524 787 558 Urbis
807 523 968 557 iudicibus

91 569 206 617 ,ζῃῖξῖᾗζῖ
218 577 390 611 ordinariis
412 589 470 622 pro
493 585 636 622 tempore
659 577 878 618 existentibus,
897 576 967 620 qui-

47 628 69 645 *¹
94 635 95 643 ¹
110 628 151 648 Μ·
217 629 276 663 bus
288 638 398 665 contra
414 642 487 665 reos
498 632 611 664 talium
622 631 795 664 criminum
811 637 866 664 aut
885 641 966 674 quo-

217 683 257 716 ad
272 694 385 718 causas
404 684 593 717 huiusmodi
610 684 790 717 iurisdictio
810 683 968 726 competit

215 737 264 770 vel
284 737 317 770 in
336 737 482 771 futurum
503 743 675 781 competet,
695 743 730 770 ut
750 742 864 770 curent
875 747 966 781 prae·

215 789 312 823 missa
322 790 443 832 omnia,
453 791 540 824 iuxta
554 791 771 835 praesentium
784 790 965 824 litterarum

216 843 447 877 continentiam
467 850 497 878 et
523 850 680 885 tenorem,
702 843 839 877 firmiter
859 849 890 877 et
913 843 964 876 in-

214 895 331 930 violate
363 897 527 941 perpetuis
551 898 667 931 suturis
686 898 887 941 temporibus
907 897 964 930 ob-

174 951 177 954 '
215 951 344 992 servari,
355 957 387 984 et
401 956 513 984 contra
524 951 714 985 criminosos
725 962 763 985 ae
771 951 964 996 delinquen-

215 1009 262 1038 tes
286 1004 468 1048 praedictos
498 1005 668 1048 utriusque
687 1015 781 1038 sexus
799 1005 966 1049 inquirant

215 1063 247 1091 et
265 1058 456 1102 procedant,
478 1069 515 1092 ac
541 1061 572 1092 in
593 1069 646 1092 eos
671 1057 760 1092 iuxta
788 1060 965 1102 praemissa

215 1112 394 1156 culpabiles
413 1117 571 1156 repertos,
590 1112 764 1156 praedictis
783 1113 908 1157 poenis,
930 1118 965 1146 ut

215 1176 314 1210 supra
323 1165 512 1210 dispositum
525 1172 583 1207 est,
601 1166 872 1206 animadvertant;
889 1177 965 1200 con·

215 1224 370 1260 tumaces,
391 1219 529 1252 rebelles
547 1224 578 1252 et
597 1219 831 1261 inobedientes,
855 1220 964 1264 eisque

215 1271 385 1312 auxilium,
406 1272 577 1306 consilium
595 1273 645 1305 vel
664 1272 805 1306 favorem
827 1283 963 1316 quomo-

215 1325 338 1359 dolibet
355 1331 555 1369 praestantes
570 1337 628 1370 per
640 1331 824 1370 opportuna
844 1327 924 1360 iuris
935 1333 962 1360 et

216 1379 291 1413 facti
321 1379 477 1422 remedia,
515 1380 733 1424 appellatione
776 1381 962 1424 postposita,

216 1433 466 1477 compescendo,
502 1433 648 1467 invocato
679 1433 775 1466 etiam
807 1444 844 1467 ac
876 1434 963 1467 adhi<

215 1485 295 1527 bito,
321 1486 348 1520 si
372 1497 455 1530 opus
478 1487 588 1528 fuerit,
610 1487 730 1521 auxilio
749 1487 875 1521 brachii
895 1498 963 1520 sae-

216 1539 348 1574 cularis.

69 1630 76 1635 ,
261 1593 277 1638 §
300 1593 355 1627 12.
375 1594 450 1637 ‘Non
470 1594 673 1628 obstantibus
683 1594 964 1628 constitutionibus

60 1654 205 1691 mgni-eate-
217 1652 250 1680 et
261 1647 520 1682 ordinationibus
541 1648 724 1693 apostolicis
735 1660 743 1688 ;
755 1649 858 1681 dictae
873 1648 964 1681 Urbis

57 1699 63 1723 ·ἓ
80 1691 146 1708 '²⁸²'
217 1700 354 1742 statutiS,
375 1701 661 1735 reformationibus
679 1708 709 1735 et
722 1702 963 1735 consuetudini-

217 1754 289 1794 bus,
309 1753 405 1788 etiam
416 1754 611 1796 iuramento,
631 1755 878 1789 confirmatione
890 1766 966 1800 apo-

218 1807 332 1841 stolica
348 1808 399 1841 vel
417 1809 533 1852 quavis
552 1809 703 1842 firmitate
717 1809 778 1842 alia
793 1809 962 1842 roboratis:

218 1860 393 1905 privilegiis
409 1872 550 1906 quoque,
571 1862 706 1895 indultis
718 1867 749 1895 et
764 1862 878 1895 litteris
888 1873 963 1906 apo-

218 1913 352 1956 stolicis,
374 1916 495 1959 populo
505 1915 649 1948 Romano
661 1916 708 1948 vel
723 1916 900 1949 curialibus
913 1922 962 1948 aut

219 1966 290 2001 aliis
308 1969 466 2011 personis,
486 1969 582 2002 etiam
603 1975 692 2002 motu
704 1969 836 2013 proprio
848 1975 879 2002 et
890 1980 965 2002 con-

184 2039 189 2044 ·
219 2019 422 2054 sistorialiter
440 2032 497 2055 seu
522 2022 600 2055 alias
624 2022 871 2065 quomodolibet
889 2034 965 2056 con-

221 2238 327 2274 stant,
357 2244 416 2277 per
443 2245 546 2278 quae,
578 2236 800 2278 praesentibus
825 2247 891 2269 non
915 2247 968 2269 ex-

223 2349 334 2371 earum
359 2338 510 2382 impediri
537 2341 637 2373 valeat
658 2341 901 2384 quomodolibet
922 2342 970 2375 vel

223 2386 366 2427 differri,
400 2393 432 2420 et
461 2388 500 2421 de
535 2389 653 2432 quibus
685 2400 892 2434 quorumque
922 2397 970 2423 to-

225 2435 263 2468 tis
299 2435 462 2469 tenoribus
497 2437 645 2470 habenda
677 2444 757 2470 esset
788 2439 820 2470 in
849 2439 970 2472 eisdem

223 2484 341 2518 nostris
358 2485 473 2518 litteris
492 2486 613 2519 mentio
638 2487 804 2530 specialis,
825 2498 907 2531 quae
934 2499 970 2521 o-

225 2533 310 2566 mnia
330 2534 452 2567 nemini
471 2535 619 2567 volumus
633 2535 784 2569 adversus
797 2537 972 2580 praemissa

225 2581 258 2616 in
287 2581 394 2626 aliquo
422 2582 611 2626 suffragari3
638 2589 733 2629 atque
752 2584 815 2617 illis
834 2585 873 2617 ad
894 2585 970 2619 ess‘e-

302 2630 377 2662 Bau.
391 2630 468 2662 Rom.
497 2631 548 2661 Vol.
570 2631 642 2663 VIII.
836 2633 895 2664 100

883 203 986 228 SIXTUS
1004 203 1024 226 V
1042 203 1091 227 PP.

221 2296 332 2330 pressa
352 2287 399 2318 vel
420 2287 561 2320 totaliter
581 2298 645 2321 non
675 2289 805 2328 inserta,
837 2290 987 2322 effectus,

1644 194 1709 229 793
1768 201 1820 231 An.
1833 201 1862 231 C.
1880 203 1946 231 ¹586

1009 261 1096 288 ctum
1125 255 1312 289 earumdem
1344 257 1561 300 praesentium
1591 257 1756 291 dumtaxat

1008 308 1192 352 specialiter
1214 315 1245 342 et
1268 321 1415 354 expresse
1435 311 1640 354 derogamus,
1669 317 1755 345 eete-

1009 361 1116 405 risque
1132 364 1302 396 contrariis
1313 364 1586 408 quibuscumque.
1600 365 1755 399 Volumus

1008 420 1114 448 autem
1132 421 1166 449 ut
1191 416 1332 460 ipsarum
1354 419 1571 461 praesentium
1592 425 1755 453 transum-

1008 469 1083 513 ptis,
1110 470 1207 503 etiam
1230 471 1406 515 impressis,
1436 485 1533 507 manu
1555 474 1669 508 notarii
1699 486 1756 519 pu-

1006 522 1083 556 blici
1112 523 1310 568 subscriptis,
1339 532 1369 559 ct
1388 527 1491 569 sigillo
1512 528 1648 561 alicuius
1682 539 1755 572 per·
1806 520 1811 526 ’

1007 586 1104 610 sonae
1124 577 1156 609 in
1167 577 1321 620 dignitate
1333 580 1547 614 ecelesiastica
1562 581 1755 615 constitutae

1006 630 1152 671 munitis,
1175 632 1285 664 eadem
1308 643 1440 676 prorsus
1460 634 1549 676 fides,
1572 635 1605 668 in
1634 635 1754 669 iudicio

1007 689 1038 717 et
1056 689 1143 717 extra
1163 684 1253 725 illud,
1275 686 1444 727 habeatur,
1475 698 1558 730 quae
1579 689 1700 722 eisdem
1720 700 1755 723 0-

1005 737 1197 781 riginalibus
1217 739 1403 780 haberetur,
1426 741 1451 773 si
1472 742 1576 775 forent
1593 742 1753 776 exhibitae

1005 791 1054 824 vel
1075 796 1230 825 ostensae.

1049 844 1064 888 g
1088 844 1141 878 ¹13.
1170 845 1327 889 Quodque
1347 847 1465 880 etedem
1497 856 1683 891 praesentes
1713 850 1751 883 ad
1793 852 1901 873 '’'J‘m‘'
1917 852 1952 874 “-

1323 900 1329 904 -
1461 901 1466 906 .
1516 901 1521 906 .
1551 901 1556 906 .
1765 881 1943 910 lectuspublioan

1004 899 1107 931 valvas
1126 899 1347 932 Lateranensts
1368 906 1398 932 et
1418 901 1574 945 Principis
1590 904 1751 946 apostolo·
1767 915 1785 934 tti
1803 914 1950 935 natust-onsu-

1005 962 1078 985 rum
1111 952 1150 985 de
1180 953 1262 985 Urbe
1290 953 1516 995 basilicarum,
1551 966 1588 988 ac
1619 956 1650 988 in
1684 947 1860 989 aeie¹'¹'⁵⁰¹''³'

1005 1005 1116 1050 Campi
1136 1006 1248 1038 Florae
1269 1006 1307 1039 de
1332 1018 1421 1040 inore
1443 1008 1662 1051 publicentur,
1687 1010 1753 1042 affi-

1005 1059 1050 1092 xis
1081 1065 1112 1093 et
1144 1059 1281 1093 dimissis
1312 1061 1390 1093 inibi
1430 1072 1541 1094 earum
1573 1063 1750 1105 exemplis;

1005 1113 1156 1157 quodque
1182 1119 1252 1157 post
1272 1114 1383 1158 deceni
1405 1115 1482 1156 dies,
1507 1115 1546 1148 ab
1567 1115 1753 1149 huiusmodi

1008 1166 1226 1209 publicatione
1241 1169 1470 1209 numerandos,
1480 1169 1587 1202 statim
1599 1169 1754 1213 incipiant

1007 1230 1272 1265 unumquemque
1285 1228 1423 1263 arctare,
1445 1222 1579 1266 perinde
1597 1234 1632 1255 ac
1647 1224 1670 1255 si
1684 1235 1753 1267 per-

1005 1273 1157 1307 sonaliter
1176 1274 1325 1308 omnibus
1345 1276 1510 1309 intimatae
1540 1277 1656 1316 forent,
1679 1288 1752 1309 eum

1004 1338 1070 1360 non
1090 1327 1128 1360 sit
1150 1328 1322 1361 verisimile
1342 1340 1536 1373 aquoquam
1552 1330 1583 1363 id
1595 1329 1749 1372 ignorari,

1005 1381 1091 1424 quod
1112 1387 1176 1415 tam
1196 1388 1344 1426 patenter
1364 1383 1488 1416 cunctis
1507 1383 1605 1417 suerit
1623 1383 1752 1416 intima-

1005 1439 1084 1467 tum.

1048 1488 1063 1531 ξς
1083 1488 1137 1521 14.
1163 1488 1249 1521 Nulli
1269 1499 1345 1532 ergo
1365 1490 1498 1523 omnino
1522 1489 1690 1523 hominum
1712 1491 1752 1523 li-

1005 1547 1075 1575 ceat
1094 1543 1176 1575 hanc
1187 1543 1337 1586 paginam
1347 1549 1534 1576 nostrorum
1546 1549 1751 1584 statutorum,

1005 1595 1218 1629 ordinationis
1231 1623 1239 1637 ,
1269 1596 1466 1629 onerationis
1480 1623 1488 1637 ,
1520 1597 1725 1631 decretorum
1741 1624 1749 1638 ,

1006 1649 1159 1690 mandati,
1187 1650 1405 1693 derogationis
1424 1656 1455 1683 et
1475 1651 1674 1683 voluntatum
1702 1651 1751 1683 in-

1006 1702 1157 1746 fringere,
1184 1704 1231 1736 vel
1252 1704 1278 1736 ei
1297 1715 1377 1736 ausu
1393 1704 1565 1736 temerario
1577 1705 1749 1737 contraire.

1006 1756 1038 1790 Si
1058 1757 1130 1801 quis
1150 1763 1258 1790 autem
1276 1758 1337 1790 hoc
1357 1762 1514 1789 attentare
1526 1767 1752 1800 praesumpse-

1007 1811 1056 1851 rit,
1083 1810 1336 1853 indignationem
1367 1810 1596 1854 omnipotentis
1627 1810 1681 1843 Dei
1715 1820 1752 1842 ac

1006 1863 1173 1897 beatorum
1194 1864 1278 1897 Petri
1299 1869 1328 1896 et
1348 1863 1671 1908 Pauliapostolorum
1683 1864 1753 1896 eius

1007 1928 1039 1950 se
1056 1917 1178 1950 noverit
1199 1917 1420 1950 incursurum.

1050 1970 1163 2003 Datum
1184 1970 1303 2003 Romae
1320 1970 1406 2013 apud
1432 1969 1585 2002 Sanctum
1608 1969 1751 2010 Petrum,

1007 2034 1092 2057 anno
1121 2023 1352 2057 incarnationis
1372 2022 1553 2055 dominicae
1582 2022 1753 2055 millesimo

1791 1489 1876 1511 Sanctio
1895 1496 1946 1517 poe-

1765 1523 1827 1549 natis.

220 2073 330 2114 cessis,
362 2075 547 2118 approbatis
576 2081 607 2108 et
631 2075 810 2116 innovatis,
838 2082 869 2109 et
894 2077 966 2120 qui-
1007 2077 1264 2119 quingentesimo
1291 2075 1510 2119 octuagesimo
1530 2081 1629 2116 sexto,
1658 2075 1753 2109 tertio

220 2127 362 2160 buslibet
380 2128 451 2162 aliis
470 2129 691 2172 indulgentiis,
705 2130 968 2172 generalibusvel
1009 2131 1160 2163 kalendas
1185 2130 1385 2171 novembris,
1416 2129 1625 2174 pontificatus
1653 2128 1754 2163 nostri

221 2180 428 2224 specialibus,
439 2193 723 2227 quorumcumque
737 2189 885 2216 tenorum
906 2184 969 2217 exi·
1009 2195 1092 2217 anno
1108 2194 1142 2217 ιι.

1052 2239 1143 2270 Anno
1163 2248 1180 2270 a
1202 2237 1363 2270 nativitate
1386 2236 1517 2270 Domini
1546 2235 1645 2277 1586,
1672 2235 1755 2269 indi·
1794 2241 1934 2262 Pubfflica‘io·

1010 2290 1114 2323 ctione
1125 2300 1188 2330 xw,
1206 2290 1257 2323 die
1278 2301 1350 2323 vero
1368 2300 1402 2323 111
1420 2290 1540 2323 mensis
1560 2289 1754 2330 novembris,

1010 2343 1215 2386 pontificatus
1234 2343 1426 2376 sanctissimi
1452 2343 1485 2375 in
1504 2343 1630 2377 Christo
1654 2343 1755 2377 Patris

1011 2398 1039 2423 et
1056 2391 1092 2424 D.
1115 2391 1150 2423 N.
1170 2391 1205 2424 D.
1227 2391 1302 2424 Sixti
1324 2392 1429 2424 divina
1451 2392 1654 2435 providentia
1670 2392 1756 2436 Papa

1013 2440 1033 2471 V
1049 2451 1133 2472 anno
1159 2440 1195 2480 ll,
1217 2441 1443 2484 retroscriptae
1465 2441 1590 2474 litterae
1605 2441 1757 2485 apostoli-

1011 2500 1066 2521 eae
1086 2489 1199 2528 lectae,
1227 2489 1337 2522 affixae
1358 2495 1388 2522 et
1411 2489 1593 2532 publicatae
1612 2490 1754 2531 suerunt,

1011 2543 1042 2571 et
1066 2548 1124 2581 per
1150 2537 1280 2581 aliquod
1308 2538 1462 2582 temporis
1481 2538 1619 2582 spatium
1644 2538 1755 2571 dimis-

1011 2597 1064 2620 sae
1090 2586 1123 2619 in
1144 2586 1241 2619 valvis
1258 2596 1314 2620 seu
1332 2587 1433 2631 portis
1453 2586 1662 2620 basilicarum
1683 2597 1755 2620 san-
