2059 3228
83 293 131 319 An.
149 290 177 318 C.
197 290 264 320 1572

144 564 227 585 Contra·
235 565 260 585 iis

79 596 174 616 omnibus
196 597 259 617 dero-

80 629 149 652 gant,

324 282 363 316 10

1800 0 1805 3 -
1834 0 1850 8 „t
1867 0 1886 15 ᾗ.

1910 35 1922 44 ”“
1947 0 2040 111 s!

2011 115 2034 130 (Δ,

873 283 1048 310 intumum!
1070 279 1223 307 noitmtut

279 344 368 378 tandi
383 343 531 376 facultate
545 346 571 373 et
585 339 774 372 auctoritate.
786 337 812 378 ¹,
827 337 964 371 scienter
978 338 1024 369 vel
1067 334 1263 368 sufficienter
1282 333 1438 377 expressis
1455 332 1589 375 habens,
1608 333 1671 366 illis
1691 333 1768 366 alias
1787 333 1819 366 in

276 394 478 436 ignoranter,
509 388 657 423 attentari
687 387 868 431 contigerit,
898 387 1024 420 irritum
1066 399 1124 421 sno
1140 388 1255 420 robore
1276 387 1508 431 permansuris,
1525 397 1562 420 ea
1577 387 1644 420 vice
1658 387 1821 420 dumtaxat

276 448 304 475 et
326 442 419 474 inane
440 438 590 473 decrevit.

319 492 333 533 ξ
358 492 387 523 o.
425 490 493 522 Non
522 486 721 520 obstantibus
747 486 817 529 piae
852 485 1024 517 memoriae

275 539 429 572 bonifacii
449 538 542 580 Papzr
566 536 641 572 l'lll,
656 535 750 568 etiam
771 534 1025 578 praedecessoris

275 588 385 623 nostri,
409 597 471 630 qua
492 586 662 618 cavebatur
681 584 816 627 nequis,
831 589 917 615 extra
935 593 1024 615 suam

275 637 431 670 civitatem
452 635 500 667 vel
520 634 706 672 dioecesim,
729 633 789 666 nisi
810 633 841 665 in
862 632 956 664 certis
971 642 1024 664 ex-

276 685 373 728 ceptis
394 684 533 725 casibus,
556 689 585 717 et
606 683 638 716 in
655 683 716 715 illis
732 683 815 715 ultra
831 692 928 714 unam
941 680 1025 713 diae-

274 739 336 766 tam
357 745 374 766 a
399 734 463 766 stne
492 743 568 766 suae
601 732 756 765 dioecesis
797 731 836 763 ad
870 729 1024 762 iudicium

273 788 481 822 evocaretur;
499 793 555 816 seu
576 792 615 815 ne
636 781 759 814 iudices
781 791 798 812 a
819 779 899 813 Sede
930 789 1024 822 prae-

272 831 356 864 dicta
376 831 531 875 deputati,
554 836 641 864 extra
657 830 813 863 civitatem
829 829 877 861 vel
897 828 1024 861 dioece-

273 880 332 913 sim
366 880 399 913 in
432 880 550 925 quibus
581 879 723 924 deputati
756 879 877 917 forent,
913 882 1025 910 contra

272 940 496 974 quoscumque
515 930 691 974 procedere
711 932 972 972 praesumerent3
995 932 1025 960 et

273 978 311 1011 de
344 979 468 1012 duabus
501 979 612 1013 diaetis
636 978 668 1010 in
709 976 845 1010 concilio
882 976 1024 1018 generali

272 1026 368 1067 edita,
384 1027 561 1062 dummodo
574 1038 638 1060 non
655 1028 738 1059 ultra
752 1032 817 1059 tres
832 1026 951 1058 diaetas
971 1024 1025 1057 ali-

272 1077 357 1121 quis,
387 1077 496 1120 vigore
527 1077 714 1111 earumdem
739 1076 919 1109 litterarum
947 1081 1025 1108 tunc

1066 440 1281 485 specialiteret
1290 450 1436 484 expresse
1447 440 1622 484 derogavit,
1641 440 1818 484 ceterisque

1066 493 1236 528 contrariis
1255 493 1526 538 quibuscumque.

1109 548 1123 591 ξ
1145 548 1174 580 7.
1194 547 1298 580 Voluit
1320 548 1453 592 insuper
1476 548 1562 581 idem
1586 548 1662 581 Pius
1681 548 1817 592 praedo-

1065 611 1173 634 eessor
1187 601 1273 644 quod
1292 600 1472 634 litterarum
1493 607 1569 634 tunc
1589 602 1728 646 desuper
1743 613 1818 635 con-

1064 654 1276 687 ficiendarum
1302 655 1522 698 transumptis,
1554 665 1652 688 manu
1681 655 1818 689 alicuius

1065 707 1180 741 notarii
1202 707 1324 751 publici
1349 707 1549 751 subscriptis,
1572 719 1609 741 ac
1634 708 1736 752 sigillo
1763 709 1818 742 ali-

1066 761 1159 794 cuius
1183 771 1341 805 personae
1365 761 1398 794 in
1423 761 1577 804 dignitate
1603 763 1818 796 ecclesiastica

1065 814 1255 848 constitutae
1275 814 1420 856 munitis,
1441 815 1552 848 eadem
1579 825 1713 859 prorsus
1740 817 1818 850 fides

1064 867 1285 909 adhiberetur,
1298 878 1380 912 quae
1396 868 1473 912 ipsis
1484 867 1695 910 originalibus
1705 869 1818 904 litteris

1064 921 1270 956 adhiberetur
1284 922 1309 956 si
1318 923 1422 956 forent
1430 921 1588 955 exhibitae
1598 922 1647 955 vel
1659 928 1814 956 ostensae.

1108 976 1123 1019 ἓ
1143 975 1174 1009 8.
1196 976 1240 1009 Ne
1265 982 1372 1010 autem
1395 976 1435 1009 de
1455 975 1669 1017 absolutione,
1692 976 1818 1010 indulto

1064 1034 1094 1063 et
1113 1029 1184 1062 aliis
1198 1029 1392 1074 praemissis,
1413 1040 1472 1073 pro
1485 1039 1523 1062 eo
1539 1029 1626 1072 quod
1641 1039 1740 1073 super
1754 1029 1818 1063 illis

1064 1082 1218 1127 ipsiusPii
1225 1082 1482 1127 praedecessoris,
1490 1082 1561 1117 eius
1572 1084 1817 1127 superveniente

1839 281 1886 308 Αη.
1901 281 1921 307 C
1953 281 2016 307 mv&

1873 555 2022 584 'ri-ansuinum>

1835 592 1885 607 sune
1893 587 1962 608 bunne
1972 592 2018 608 ere-
2058 599 2059 602 =

1834 617 1854 638 di
1870 618 1945 638 »ulnu-

1858 979 1901 1002 Sed
1915 982 1970 1009 qnia.
1981 983 2016 1005 tn-

1833 1012 1877 1032 sius
1900 1013 1930 1033 Pit
1957 1013 2016 1034 utiiu

1832 1044 2014 1070 superveniente,

1832 1073 1890 1095 bulla
1911 1080 1953 1096 nnn
1975 1075 2016 1096 tuit

1832 1105 1943 1133 expedita,
1965 1105 2015 1127 ideo

273 1127 413 1170 desuper
436 1126 725 1166 conficiendarum,
743 1125 977 1163 extraheretur;
994 1129 1025 1158 et
1043 1151 1045 1164 ,
1063 1137 1165 1178 obitu,
1184 1137 1309 1171 litterae
1333 1137 1498 1171 confectae
1518 1146 1584 1170 non
1603 1137 1747 1179 suerum,
1762 1148 1816 1171 va,
1832 1135 1867 1157 uc
1880 1135 1979 1158 vonum
1987 1138 2014 1158 1¹0

273 1176 439 1220 quibusvis
457 1176 527 1210 aliis
547 1175 730 1220 apostolicis
741 1174 833 1215 acin,
849 1174 1025 1218 provincia-

273 1225 358 1258 libus
377 1231 407 1259 et
422 1225 628 1270 synodalibus
645 1224 789 1257 conciliis
805 1223 909 1263 editis,
927 1233 1024 1266 gene-

273 1273 396 1308 ralibus
419 1275 467 1307 vel
485 1274 678 1318 specialibus
694 1272 976 1306 constitutionibus
995 1277 1026 1304 et

274 1323 548 1365 ordinationibus;
569 1334 606 1356 ac
630 1322 803 1366 quibusvis,
824 1321 1021 1362 iuramento,

274 1372 519 1406 confirmatione
539 1371 714 1416 apostolica
733 1371 781 1404 vel
801 1371 911 1414 quavis
925 1371 1026 1404 firmi-
1043 1391 1044 1397 κ

274 1426 338 1454 tate
356 1421 419 1454 alia
439 1421 608 1462 roboratis,
630 1420 754 1453 statutis
770 1425 800 1453 et
820 1421 1026 1454 consuetudi-

1063 1191 1127 1224 leat
1145 1191 1390 1235 quomodolibet
1409 1189 1580 1230 haesitari,
1601 1189 1736 1235 ipsaque
1756 1191 1815 1225 So-

1042 1252 1045 1281 t
1064 1244 1161 1278 cietas
1180 1244 1311 1278 illorum
1330 1245 1503 1278 frustretur
1517 1244 1647 1286 effectu,
1667 1244 1817 1279 volumus

1064 1304 1095 1332 et
1114 1297 1260 1332 similiter
1284 1298 1460 1342 apostolica
1486 1297 1676 1331 auctoritate
1703 1298 1816 1332 decer-

1063 1351 1171 1386 nimus
1194 1351 1280 1395 quod
1312 1351 1475 1385 indultum
1499 1356 1530 1384 et
1554 1350 1617 1383 alia
1641 1351 1817 1394 praemissa

1063 1405 1198 1450 perinde
1217 1416 1235 1439 a
1253 1405 1339 1439 dicto
1358 1404 1409 1438 die
1429 1409 1538 1438 octavo
1563 1404 1716 1438 kalendas
1734 1404 1816 1438 iunii

274 1469 381 1511 nibus,
395 1470 567 1514 privilegiis
577 1480 718 1514 quoque,
729 1470 861 1503 indultis
871 1475 899 1502 et
911 1470 1025 1505 litteris
1042 1456 1045 1512 Ῑ
1064 1470 1159 1493 suum
1175 1459 1350 1493 sortiamur
1369 1458 1532 1498 effectum,
1548 1468 1585 1491 3⁰
1602 1457 1628 1491 Si
1643 1458 1816 1503 superillis

274 1520 468 1563 apostolicis,
500 1520 665 1564 quibusvis
693 1519 834 1562 regibus,
869 1520 1021 1562 ducibus,

274 1569 447 1602 comitibus
463 1569 652 1612 ceterisque,
674 1569 906 1613 cuiuscumque
924 1569 1024 1613 digni-

274 1617 357 1658 tatis,
377 1618 540 1662 qualitatis
554 1623 585 1651 et
608 1618 869 1661 przeeminentiae
884 1629 921 1652 ac
932 1618 1024 1653 Ordi-

274 1666 334 1707 nis,
359 1667 454 1700 etiam
485 1667 746 1708 Mendicantium,
777 1673 807 1701 et
832 1668 1025 1702 conditionis

275 1715 484 1749 existentibus
514 1717 677 1759 personis,
711 1716 744 1749 in
773 1727 890 1760 genere
917 1718 965 1751 vel
992 1718 1024 1751 in

274 1765 392 1808 specie,
415 1775 452 1798 ac
472 1776 546 1798 cum
566 1766 740 1808 quibusvis,
772 1765 866 1799 etiam
890 1767 1024 1811 deroga-

275 1814 434 1847 toriarum
449 1815 660 1858 derogatoriis
679 1815 814 1859 aliisque
836 1816 1025 1850 efficaciori-

277 1863 338 1897 bus
353 1869 383 1897 et
398 1864 532 1898 insolitis
541 1865 704 1905 clausulis,
720 1865 985 1910 irritantibusque
996 1873 1024 1900 et

276 1912 348 1946 aliis
362 1912 509 1953 decretis,
523 1914 778 1957 quomodolibet,
796 1914 891 1948 etiam
907 1916 1026 1950 iteratis

275 1961 409 2002 vicibus,
430 1962 599 2003 concessis,
619 1963 802 2007 approbatis
815 1970 845 1997 et
857 1965 1022 1999 innovatis.

276 2009 398 2049 Quibus
417 2011 567 2044 omnibus
585 2011 671 2045 idem
691 2012 764 2044 Pius
790 2014 1026 2057 praedeeessor,

278 2058 402 2092 etiamsi
414 2069 472 2103 pro
482 2060 614 2093 illorum
624 2060 793 2094 sufficienti
805 2062 1024 2105 derogatione,

279 2108 317 2142 de
329 2109 391 2142 illis
407 2119 587 2154 eorumque
597 2110 672 2144 totis
685 2111 849 2144 tenoribus
866 2112 1025 2156 specialis,

279 2158 441 2201 specifica,
460 2169 608 2203 expressa
622 2165 653 2193 et
664 2159 825 2194 individua
836 2172 872 2195 ac
886 2162 1027 2197 deverbo

279 2206 319 2240 ad
337 2207 483 2249 verbum,
504 2218 570 2241 non
589 2213 697 2242 autem
716 2220 775 2253 per
799 2211 958 2244 clausulas
973 2223 1027 2256 ge-

278 2256 405 2289 nerales
414 2256 500 2290 idem
511 2257 730 2302 imponantes,
739 2260 859 2293 mentio
870 2270 926 2293 seu
933 2272 1029 2305 quae-

278 2304 325 2337 vis
344 2304 406 2338 alia
421 2307 581 2349 expressio
601 2308 749 2341 habenda
768 2314 823 2342 aut
841 2309 949 2353 aliqua
968 2311 1029 2345 alia

281 2353 437 2397 exquisita
456 2355 558 2388 forma
577 2357 616 2389 ad
636 2356 667 2389 id
692 2357 845 2390 servanda
864 2358 956 2399 foret,
985 2365 1029 2393 te-

280 2411 377 2435 nores
395 2403 590 2445 huiusmodi,
616 2416 652 2438 ac
672 2406 696 2439 si
712 2406 750 2439 de
768 2407 864 2440 verbo
893 2408 932 2440 ad
959 2420 1028 2442 ver-

280 2451 372 2493 bum,
394 2452 475 2485 nihil
503 2453 629 2496 penitus
654 2455 792 2498 omisso,
815 2462 846 2490 et
870 2457 972 2491 forma
998 2459 1029 2491 in

282 2498 345 2533 illis
368 2500 485 2534 tradita
512 2502 687 2545 observata,
709 2505 819 2539 inserti
838 2506 953 2547 forent,
973 2518 1029 2550 pro

319 2591 332 2617 1
344 2592 464 2619 ludit-ari
479 2595 505 2619 ec
519 2594 625 2626 definiri
634 2597 738 2627 ‹leber-(5
759 2605 789 2621 ac
804 2604 836 2621 ex
847 2599 918 2627 tunc,
929 2599 951 2622 si
961 2605 1030 2623 secus

283 2642 365 2668 super
384 2638 422 2663 his
443 2644 460 2662 a
484 2644 627 2671 quoquam,
652 2642 742 2672 quavis
760 2642 933 2673 auctoritate,
957 2641 1030 2668 addit

283 2677 349 2707 Inst-
365 2679 426 2708 Soc.
447 2680 507 2708 lesu
524 2682 561 2715 (ι.
582 2683 622 2713 τ.)

1043 1514 1045 1520 '
1063 1513 1163 1558 ipsius
1177 1512 1225 1546 Pii
1239 1511 1497 1556 praedecessoris
1512 1510 1637 1545 litterae
1652 1511 1816 1546 confectae

1064 1568 1210 1608 fuissent,
1230 1572 1328 1611 prout
1346 1565 1496 1610 superius
1515 1570 1697 1599 enarratur.
1709 1566 1816 1606 Quod-

1064 1632 1127 1666 que
1157 1625 1341 1665 praesentes
1372 1619 1496 1652 litterae
1533 1618 1574 1652 ad
1610 1618 1816 1663 probandum

1065 1676 1160 1720 plene
1171 1673 1420 1713 absolutionem,
1433 1672 1596 1706 indultum
1606 1677 1637 1706 et
1648 1673 1710 1706 alia
1724 1683 1816 1718 prae-

1064 1729 1161 1763 missa
1178 1728 1301 1772 ubique
1317 1727 1486 1767 sufficiant,
1506 1736 1567 1760 nec
1590 1726 1631 1760 ad
1649 1726 1682 1760 id
1697 1727 1814 1771 proha-

1063 1783 1159 1816 tionis
1177 1781 1308 1816 alterius
1326 1780 1560 1814 adminiculum
1579 1780 1776 1825 requiratur.

1108 1836 1195 1870 Nulli
1214 1845 1290 1879 ergo
1309 1839 1368 1868 etc.

1108 1891 1223 1924 Datum
1246 1889 1366 1922 Romae
1392 1887 1478 1932 apud
1497 1887 1651 1921 Sanctum
1670 1887 1815 1930 Petrum,

1066 1955 1151 1979 anno
1179 1941 1411 1978 lncarnationis
1436 1941 1617 1975 dominicae
1645 1941 1817 1976 millesimo

1066 1997 1322 2043 quingentesimo
1333 1995 1568 2039 septuagesimo
1585 1995 1741 2037 secundo,
1761 2005 1818 2032 vm

1066 2054 1129 2087 kal.
1152 2052 1243 2093 iunii,
1263 2049 1470 2096 pontificatus
1492 2049 1593 2083 nostri
1604 2059 1690 2083 anno
1703 2059 1727 2083 1.

1126 2112 1189 2142 Dat.
1205 2111 1253 2143 die
1267 2111 1306 2142 25
1319 2111 1390 2142 maii
1410 2108 1498 2147 1572,
1514 2109 1617 2149 pontif.
1634 2097 1747 2139 anno'i.

1418 2231 1466 2264 IV.

1068 2309 1254 2344 Prohibitio
1272 2307 1466 2352 depinyendz·
1493 2307 1558 2340 sive
1576 2304 1745 2340 miniandi
1761 2309 1819 2338 aut

1113 2364 1238 2398 venales
1259 2361 1461 2406 povpmwndi
1487 2359 1641 2404 agnusdei
1660 2371 1682 2393 a
1699 2359 1819 2393 Roma-

1115 2430 1155 2452 no
1170 2417 1327 2460 Pontifice
1347 2416 1536 2449 benedictos.

1116 2498 1260 2534 Gregorius
1279 2497 1419 2533 episcopus
1441 2504 1536 2525 servus
1560 2501 1700 2525 servorum
1717 2494 1774 2527 Dei.

1205 2553 1238 2581 ad
1266 2553 1426 2588 perpetuam
1455 2552 1498 2579 rei
1515 2550 1685 2579 memoriam.

1115 2624 1208 2658 Omni
1241 2629 1327 2657 certe
1354 2622 1459 2656 studio
1490 2627 1522 2655 et
1549 2632 1649 2665 opera
1681 2631 1699 2654 a
1727 2619 1822 2654 nobis

1072 2677 1313 2722 procurandum
1349 2681 1397 2711 est
1421 2681 1457 2709 ut
1480 2686 1519 2710 ea
1551 2676 1706 2709 tollantur
1738 2684 1821 2717 quae

1831 1167 1879 1189 eius
1905 1168 2014 1189 vatinii-am

1832 1204 1875 1220 non
1883 1198 1973 1221 dubitari
1980 1203 2016 1222 se·
2038 1205 2050 1222 s

1832 1231 1903 1252 cernit

1866 2633 1933 2655 Canu
1953 2632 2018 2654 ΙιιιΙιι

1835 2660 1990 2690 prohibitionis.

2022 442 2033 451 -x

2022 457 2034 474 ἲι

2024 479 2035 490 *ι

2019 492 2038 519 ἴ

2028 1308 2047 1357 ,ὅ
