2059 3228
30 230 35 270 ss
55 203 97 258 lc.
113 228 180 257 1587

31 446 47 454 ἢ
63 421 180 449 ronuta,

30 459 45 467 ‘-
71 460 119 475 uun
146 454 181 476 bic

77 490 121 512 m,

853 232 957 258 SlX'l'l'S
979 233 999 255 V
1022 232 1060 255 1⁸1³
1065 250 1070 255 .

195 287 223 316 e!
246 283 377 318 zvenz's‘eis
395 287 437 318 ad
458 297 516 318 me.
539 287 572 319 Ei
596 297 720 323 rursus,
744 287 846 319 Amen
875 287 946 318 ‹tit-0

193 336 292 377 vobis,
311 338 464 380 quamdiu
477 340 598 381 fecistis
611 341 667 371 uni
677 340 713 371 dc
725 344 775 371 lus
788 339 946 380 frutribus

193 390 274 422 meis
297 391 456 431 mititatis,
480 392 564 424 milii
587 393 718 434 lecistis.

239 442 253 484 ἓ
274 442 305 476 1.
328 445 414 482 Quae
435 444 567 487 quidem
589 456 647 477 nos
664 445 816 478 attentius
841 445 944 478 consi-

193 494 357 535 derantes,
379 507 416 529 ac
438 498 615 531 recolentes
643 498 674 531 in
708 499 847 541 quadam
884 499 942 531 ali-

192 549 322 592 quando
343 549 456 582 sinodo
478 551 529 593 pie
560 552 770 584 constitutum
796 552 891 583 fuisse
909 557 943 584 ut

192 611 407 646 unaquaeque
437 603 545 636 civitas
577 615 737 648 pauperes
767 610 796 637 et
825 615 942 647 egenos

192 653 315 688 incolas
335 666 410 689 suos
430 657 591 690 alimentis
612 658 865 700 congruentibus
885 670 941 701 pa-

191 713 304 747 sceret,
321 710 500 742 secundum
518 710 612 750 vires,
634 716 667 743 ut
683 716 746 743 tam
758 711 852 744 vicini
872 722 942 755 pre-

190 760 321 805 sbyteri,
342 773 439 805 quam
462 763 546 796 cives
567 774 679 797 omnes
699 775 793 797 suum
816 775 939 808 paupe-

190 824 260 848 rem
281 822 460 858 pascerent,
487 828 551 860 quo
582 818 674 850 fieret
708 828 748 850 ne
782 828 941 862 pauperes

192 867 252 911 ipsi
265 878 323 912 per
337 868 457 902 alienas
469 869 611 903 civitates
622 875 825 913 vagarentur,
843 877 939 914 atque

190 921 267 955 olim
282 922 468 956 huiusmodi
484 923 665 968 hospitalia,
680 924 711 956 in
727 925 845 967 quibus
863 936 940 967 pau-

190 985 285 1019 peres
303 980 334 1009 et
354 976 492 1009 mendici
513 977 690 1017 alerentur,
713 978 744 1010 in
765 978 875 1011 multis
893 978 938 1011 ci-

190 1028 339 1062 vitatibus
367 1029 519 1070 extitisse,
548 1037 579 1064 et
608 1031 639 1063 in
660 1031 822 1074 aliquibus
843 1032 937 1065 etiam

189 1081 223 1114 in
235 1078 329 1115 ltalia
348 1083 455 1117 adbuc
482 1083 602 1127 vigere,
625 1084 786 1128 siinulque
820 1096 938 1127 egeno-

189 1146 262 1168 rum
281 1136 492 1177 calamitates,
512 1148 649 1181 quorum
668 1139 780 1181 ingens
794 1139 938 1182 quotidie

187 1199 344 1223 numerus
363 1190 457 1223 nohis
480 1197 554 1224 ante
574 1192 687 1224 oculos
706 1198 862 1233 versatur,
880 1204 937 1237 pa·

191 1243 283 1272 terna
311 1239 443 1272 caritate
477 1239 631 1281 miserati,
655 1246 722 1273 tum
744 1241 937 1275 christianae

187 1290 313 1335 pietati,
333 1297 401 1324 tum
419 1292 514 1326 etiam
534 1298 643 1326 nostro
660 1294 811 1337 pastorali
832 1296 937 1329 officio

188 1349 443 1378 consentaneum
471 1355 538 1378 esse
555 1346 716 1387 duximus,
732 1347 765 1379 in
776 1348 835 1381 hac
853 1349 937 1381 alma

188 1396 273 1431 Urbe
291 1396 418 1441 pietatis
439 1404 469 1431 et
488 1399 630 1432 caritatis
643 1400 768 1437 altrice,
786 1401 824 1433 ad
840 1412 936 1443 qutun

189 1460 227 1483 ex
244 1450 396 1485 omnibus
428 1457 524 1486 totius
544 1453 630 1485 orbis
651 1459 812 1487 terrarum
831 1455 935 1498 regio-

188 1503 297 1544 nibus,
323 1504 415 1548 quasi
441 1516 646 1540 communem
669 1508 804 1550 patriam
830 1513 861 1541 et
885 1514 935 1541 tu-

106 1545 111 1551 ’
138 1589 142 1593 ,
189 1551 348 1586 tissimum
368 1554 540 1597 refugium,
563 1555 595 1588 in
615 1555 720 1588 sinum
734 1561 763 1589 et
776 1557 935 1599 gremium

187 1604 220 1639 S.
241 1605 278 1639 R.
296 1606 331 1639 E.
355 1607 488 1651 plurimi
507 1620 665 1653 pauperes
686 1610 781 1649 lame,
804 1609 933 1653 frigore,

188 1658 343 1700 nuditate,
364 1670 538 1705 rerumque
559 1663 706 1695 omnium
727 1663 836 1706 inopia
862 1674 937 1697 con-

188 1711 274 1753 fecti,
302 1723 339 1746 ac
368 1713 465 1747 variis
500 1714 622 1747 morbis
655 1721 685 1748 et
723 1715 936 1750 incommodis

188 1765 375 1809 conflictati,
396 1777 429 1800 se
450 1768 621 1812 recipiunt,
642 1769 775 1802 domum
796 1770 937 1814 hospita-

187 1819 251 1852 lem
281 1819 459 1861 instituere,
481 1821 514 1854 in
537 1833 632 1865 quam
659 1833 770 1855 omnes
798 1823 936 1867 benigne

187 1872 401 1917 excipiantur,
423 1875 563 1914 alantur,
588 1875 776 1915 vestiantur,
809 1882 936 1920 paratos

186 1924 326 1959 habeant
344 1927 454 1968 lectos,
480 1928 580 1969 cibos,
602 1934 713 1972 potum
735 1930 862 1972 aliaque
895 1930 935 1962 ad

186 1977 360 2012 imbecillia
387 1991 523 2024 corpora
552 1982 751 2014 contexenda
776 1989 805 2014 et
828 1994 935 2016 reere-

187 2030 270 2064 anda
288 2038 483 2076 opportuna,
498 2033 557 2067 bae
575 2034 705 2066 demum
724 2035 845 2068 ratione
863 2047 937 2080 pro-

188 2084 334 2119 videatur
362 2096 403 2119 ne
423 2087 559 2120 ulterius
584 2087 722 2120 uwndici
745 2099 802 2132 per
822 2089 887 2121 vias
906 2095 937 2122 et

189 2137 404 2186 plateas¹tota
438 2139 522 2173 Urbe
548 2139 683 2183 dispersi
713 2152 749 2173 ac
773 2147 934 2184 vagantes,

188 2190 306 2233 victum
322 2193 535 2235 quaeritando
556 2193 786 2236 defatigemur,
801 2205 853 2234 ne,
872 2206 936 2228 non

190 2243 285 2277 modo
296 2245 427 2288 publica
437 2246 508 2279 loca
518 2252 571 2279 aut
590 2246 787 2290 privatarum
808 2248 934 2281 aedium

190 2297 356 2338 vestibula,
378 2298 433 2331 sed
460 2298 527 2341 ipsa
547 2310 675 2342 quoque
696 2301 813 2343 templa
837 2302 938 2341 gemi-

190 2350 274 2383 tibus
291 2357 321 2384 ct
336 2351 506 2384 eiulatibus
520 2354 714 2396 compleant,
737 2364 776 2385 ne
797 2354 862 2386 suis
875 2356 937 2388 cla-

189 2400 333 2432 moribus
349 2400 535 2444 obstrepant
555 2403 714 2442 tidelibus‚
729 2404 806 2435 dum
823 2403 937 2437 divinis

188 2447 301 2481 officiis
321 2454 375 2481 aut
396 2449 510 2482 missac
530 2450 688 2483 saei-itieio
710 2451 820 2483 intenti
842 2458 934 2491 sunt,

188 2506 228 2529 ne
264 2496 295 2529 in
332 2497 487 2535 ecclesiis.
516 2498 548 2530 in
585 2499 703 2542 quibus
737 2499 832 2532 debet
868 2511 936 2533 esse

187 2545 294 2590 quieta
312 2548 522 2588 conversatio,
544 2549 786 2592 quaerimoniis,
813 2550 936 2583 lamen-

189 2594 227 2627 tis
244 2605 280 2628 ac
301 2596 584 2630 vociferationibus
604 2598 763 2631 tumultus
783 2598 935 2641 excitent,

265 2643 339 2674 Bull.
357 2643 435 2674 Itum.
456 2645 506 2674 vol.
526 2654 576 2675 vui
802 2647 857 2677 '107

1624 219 1687 254 840

986 294 1026 316 ne
1042 283 1108 327 ipsa
1124 283 1228 316 ‹liriua
1243 283 1346 316 ‹illic-ia
1361 289 1390 315 et
1408 281 1731 315 «JircumadsHmtium

986 336 1186 369 devotionem
1211 336 1402 378 iiupoituuis
1422 347 1459 368 ac
1484 334 1624 368 molestis
1645 334 1730 367 voci-

986 389 1046 421 bus
1069 390 1271 433 perturlwut·‚
1301 400 1349 425 ue,
1370 388 1455 431 quod
1478 387 1651 432 praecipuo
1672 398 1730 421 no-

984 442 1033 475 bis
1053 441 1141 475 cordi
1166 448 1223 481 est,
1255 443 1330 473 duui
1362 441 1493 474 incertis
1519 441 1648 474 sedibus
1673 441 1729 474 lJr-

985 495 1056 528 bem
1076 501 1255 538 peragrant,
1275 494 1442 538 proprium
1467 494 1644 537 paroc-lituu
1665 505 1729 527 non

984 554 1205 591 agnoscentes,
1225 549 1344 591 :ibsquc
1362 547 1498 581 alicuius
1523 547 1618 580 divini
1640 559 1730 591 prac-

984 602 1067 645 cepti
1092 606 1146 634 aut
1167 602 1326 634 bonorum
1354 612 1480 633 uiorum
1502 601 1627 640 notitia,
1659 607 1728 633 tan-

983 666 1079 698 quam
1104 656 1198 687 bruta
1228 654 1378 686 animalia
1408 654 1541 687 rationis
1568 655 1728 697 expertia,

982 708 1054 742 cibo
1075 714 1198 741 tantuin
1214 708 1399 750 quaet-cudo
1414 714 1443 740 et
1454 707 1555 740 ventri
1570 709 1728 750 pascendo

982 761 1108 801 intenti,
1128 762 1288 794 aberrent:
1313 761 1355 792 ita
1375 766 1409 792 ut
1429 771 1523 793 nenio
1544 760 1606 793 illis
1625 772 1728 794 sacra-

982 820 1090 848 menta
1126 814 1341 848 ecclesiastica
1378 813 1592 854 ministrandi,
1632 825 1727 847 nemo

981 878 1095 901 corum
1121 866 1232 900 salutis
1261 866 1437 910 spititualis
1470 877 1581 899 curam
1606 868 1727 911 specia-

980 922 1042 954 lem
1064 926 1165 963 gerat.
1201 921 1377 959 Postremo,
1404 925 1438 952 ut
1467 920 1579 953 eadem
1614 931 1723 963 opera,

980 974 1116 1015 cunctis,
1143 985 1224 1018 quos
1248 973 1280 1006 in
1301 972 1466 1017 publicum
1486 978 1654 1016 quaestum
1676 974 1725 1005 in-

980 1034 1066 1062 certa
1086 1028 1276 1061 mendicitas
1302 1027 1468 1067 vocaverit,
1489 1027 1652 1070 inspectis,
1674 1038 1726 1061 ex*-

979 1083 1134 1126 ploretur,
1155 1082 1187 1114 in
1207 1081 1342 1123 singulis
1361 1080 1524 1122 integritas
1550 1090 1723 1123 corporum

979 1142 1009 1169 et
1028 1136 1129 1169 robur
1147 1145 1319 1174 annorum,
1341 1139 1438 1176 atque
1454 1133 1573 1166 inertes
1593 1134 1724 1177 quidam

978 1194 1009 1222 et
1028 1189 1094 1222 sine
1116 1190 1181 1221 ulla
1202 1188 1364 1221 debilitate
1381 1187 1651 1227 internoscantur,
1669 1198 1724 1221 eo-

978 1253 1116 1285 rumque
1151 1242 1293 1285 ignax‘iae
1325 1247 1352 1273 ct
1375 1241 1538 1283 nequitiae
1562 1241 1611 1273 via
1631 1251 1725 1284 prae-

978 1296 1136 1335 cludatur,
1169 1295 1236 1338 qui,
1269 1294 1417 1327 simulata
1445 1293 1634 1326 infirmitate
1669 1305 1723 1327 seu

977 1354 1142 1393 praetextu
1172 1350 1265 1381 lictae
1300 1353 1355 1380 aut
1386 1357 1444 1390 per
1471 1346 1664 1387 socordiam,
1695 1353 1725 1379 et

977 1403 1078 1436 otium
1098 1402 1262 1436 affectatae
1290 1402 1508 1446 paupertatis,
1537 1402 1723 1435 alimoniam

977 1468 1049 1490 vere
1070 1457 1206 1489 intirmis
1231 1467 1267 1489 ac
1288 1456 1486 1500 pauperibus
1512 1455 1721 1499 praeripiam,

977 1522 1013 1544 ac
1033 1510 1205 1543 simulandi
1235 1509 1339 1542 morbi
1369 1509 1520 1542 infamem
1547 1509 1721 1552 quandam,

977 1565 1120 1598 dolosam
1141 1570 1172 1597 et
1191 1563 1425 1596 fraudolentum
1446 1568 1547 1595 artem
1567 1562 1721 1601 factitant,

977 1629 1050 1651 mox
1070 1618 1151 1651 bene
1171 1618 1321 1657 valentes,
1341 1616 1473 1649 robusta
1500 1622 1530 1648 ct
1549 1615 1652 1648 valida
1681 1621 1726 1648 to—

976 1672 1039 1705 tius
1059 1671 1203 1715 corporis
1228 1670 1390 1710 firmitate,
1414 1669 1510 1710 ludis,
1532 1679 1710 1701 commessa

976 1724 1119 1758 tionibus
1145 1730 1199 1756 aut
1227 1723 1347 1756 illicitis
1371 1723 1442 1755 aliis
1473 1723 1570 1755 rebus
1598 1727 1721 1762 vacant,

976 1789 1051 1811 cum
1065 1778 1176 1811 salutis
1192 1788 1268 1810 suae
1283 1776 1463 1820 dispendio,
1480 1776 1723 1818 multorumque

976 1831 1127 1864 scandalo
1148 1836 1178 1863 et
1198 1830 1386 1862 offensione.

1020 1884 1034 1927 ἓ
1054 1884 1073 1907 ⁶)
1113 1884 1152 1917 Ut
1170 1883 1266 1927 igitur
1287 1882 1476 1915 corumdem
1497 1881 1721 1915 mendicorum

1056 1907 1085 1916 a.

977 1937 1102 1970 animae
1140 1943 1171 1969 ct
1208 1935 1354 1979 eorporis

1747 228 1797 254 An.
1815 226 1843 253 C.
1862 226 1927 254 1587

1808 1904 1918 1932 nospiiato

1387 1935 1480 1968 saluti
1519 1935 1718 1975 consulatur,
1737 1937 1881 1987 [ῑθηᾱῑϋῡξψῑῑ
1897 1936 1917 1956 ⁵¹¹

1756 1967 1792 1988 rhe
1812 1971 1881 1993 erigit,
1897 1971 1919 1988 et

976 1990 1102 2034 hocque
1117 1996 1181 2023 tam
1196 1990 1336 2022 salutare
1348 1994 1378 2021 et
1392 1988 1609 2021 necessarium
1627 1998 1720 2031 opus,
1737 1999 1847 2032 minimos*
1860 2004 1918 2037 qua-

977 2044 1053 2076 alias
1073 2054 1090 2075 a
1111 2042 1276 2075 nonnullis
1290 2041 1593 2085 praedecessoribus
1607 2040 1724 2073 nostris
1737 2029 1920 2086 ἑῗζξρῗζξζζξζξζ

977 2097 1176 2135 inchoatum,
1208 2106 1335 2138 semper
1366 2101 1472 2127 tamen
1506 2105 1542 2127 ex
1572 2105 1609 2127 eo
1634 2094 1722 2137 quod

978 2155 1082 2183 certos
1102 2149 1245 2181 redditus
1259 2159 1316 2192 pro
1331 2148 1491 2181 alimentis
1504 2148 1636 2191 inopum
1658 2158 1723 2181 non

977 2203 1192 2245 assignarunt,
1212 2202 1370 2235 inefficaci
1387 2207 1506 2234 conatu
1525 2201 1673 2234 relictum
1694 2207 1725 2234 et

977 2256 1157 2296 dimissum,
1168 2267 1252 2288 nunc
1265 2256 1395 2287 demum
1407 2254 1722 2295 nostraauctoritate,

978 2311 1148 2348 nostraque
1183 2304 1316 2347 ingenti,
1339 2304 1391 2348 pia
1416 2310 1535 2343 tamen,
1563 2303 1722 2347 impensa,

978 2360 1012 2387 ut
1036 2353 1255 2397 prosperiores
1271 2364 1437 2386 successus
1451 2358 1661 2396 optatumque
1681 2353 1724 2386 ef-

978 2404 1095 2436 fectum
1127 2403 1280 2435 sortiatur
1309 2408 1337 2435 et
1369 2409 1525 2445 perpetuo
1558 2401 1721 2444 subsistat,

978 2452 1199 2494 scandalisque
1237 2457 1264 2484 ‹Jt
1300 2451 1515 2484 incommodis
1552 2451 1724 2495 praedictis

978 2507 1181 2537 occurratur,
1212 2512 1247 2533 ac
1272 2500 1361 2533 Sedis
1391 2500 1606 2544 Apostolieac‚
1641 2511 1723 2544 quae

978 2560 1089 2583 omnes
1101 2550 1234 2582 alliu-tos
1247 2555 1391 2582 materno
1407 2550 1480 2582 sinu
1495 2560 1622 2593 semper
1638 2560 1724 2583 eom-

977 2599 1144 2643 plectitur,
1163 2599 1263 2643 pictas
1278 2605 1309 2632 ct
1333 2599 1513 2642 benignitas
1527 2599 1560 2631 in
1575 2598 1642 2632 dies
1659 2609 1726 2632 rna-

1737 2092 1798 2111 annis
1807 2091 1919 2116 eligiman-

1737 2123 1780 2147 dau
