<?xml version="1.0" encoding="UTF-8"?>
<!DOCTYPE html PUBLIC "-//W3C//DTD XHTML 1.0 Transitional//EN"
    "http://www.w3.org/TR/xhtml1/DTD/xhtml1-transitional.dtd">
<html xmlns="http://www.w3.org/1999/xhtml" xml:lang="en" lang="en">
 <head>
  <title>
</title>
<meta http-equiv="Content-Type" content="text/html;charset=utf-8" />
  <meta name='ocr-system' content='tesseract 3.04.00' />
  <meta name='ocr-capabilities' content='ocr_page ocr_carea ocr_par ocr_line ocrx_word'/>
</head>
<body>
  <div class='ocr_page' id='page_1' title='image "./bullarumdiplomat08cath_0109.png"; bbox 0 0 2059 3228; ppageno 0'>
   <div class='ocr_carea' id='block_1_1' title="bbox 33 231 970 1139">
    <p class='ocr_par' dir='ltr' id='par_1_1' title="bbox 44 231 970 1024">
     <span class='ocr_line' id='line_1_1' title="bbox 61 231 211 261; baseline -0.013 -1"><span class='ocrx_word' id='word_1_1' title='bbox 61 238 89 261; x_wconf 72' lang='grc' dir='ltr'>Ι·</span> <span class='ocrx_word' id='word_1_2' title='bbox 102 231 124 260; x_wconf 79' lang='lat' dir='ltr'><strong>G</strong></span> <span class='ocrx_word' id='word_1_3' title='bbox 148 231 211 259; x_wconf 71' lang='lat'><strong>{5771</strong></span> 
     </span>
     <span class='ocr_line' id='line_1_2' title="bbox 227 279 967 324; baseline -0.004 -9"><span class='ocrx_word' id='word_1_4' title='bbox 227 281 390 316; x_wconf 80' lang='lat' dir='ltr'>fructuum</span> <span class='ocrx_word' id='word_1_5' title='bbox 411 280 473 313; x_wconf 75' lang='lat' dir='ltr'>sive</span> <span class='ocrx_word' id='word_1_6' title='bbox 491 280 560 313; x_wconf 83' lang='lat' dir='ltr'>aliis</span> <span class='ocrx_word' id='word_1_7' title='bbox 580 279 716 324; x_wconf 84' lang='lat' dir='ltr'>pecunia</span> <span class='ocrx_word' id='word_1_8' title='bbox 728 279 829 313; x_wconf 84' lang='lat' dir='ltr'>solent</span> <span class='ocrx_word' id='word_1_9' title='bbox 845 280 967 319; x_wconf 89' lang='lat' dir='ltr'>locare,</span> 
     </span>
     <span class='ocr_line' id='line_1_3' title="bbox 225 331 968 378; baseline -0.007 -10"><span class='ocrx_word' id='word_1_10' title='bbox 225 336 295 378; x_wconf 85' lang='lat' dir='ltr'>cogi</span> <span class='ocrx_word' id='word_1_11' title='bbox 316 334 437 377; x_wconf 81' lang='lat' dir='ltr'>possint</span> <span class='ocrx_word' id='word_1_12' title='bbox 453 333 562 366; x_wconf 85' lang='lat' dir='ltr'>eadem</span> <span class='ocrx_word' id='word_1_13' title='bbox 584 333 731 373; x_wconf 84' lang='lat' dir='ltr'>vendere,</span> <span class='ocrx_word' id='word_1_14' title='bbox 752 333 854 377; x_wconf 90' lang='lat' dir='ltr'>pretio</span> <span class='ocrx_word' id='word_1_15' title='bbox 874 331 968 365; x_wconf 90' lang='lat' dir='ltr'>aesti-</span> 
     </span>
     <span class='ocr_line' id='line_1_4' title="bbox 225 385 970 430; baseline -0.004 -10"><span class='ocrx_word' id='word_1_16' title='bbox 225 387 354 426; x_wconf 89' lang='lat' dir='ltr'>mando,</span> <span class='ocrx_word' id='word_1_17' title='bbox 376 392 410 420; x_wconf 88' lang='lat' dir='ltr'>ut</span> <span class='ocrx_word' id='word_1_18' title='bbox 430 398 527 429; x_wconf 83' lang='lat' dir='ltr'>supra</span> <span class='ocrx_word' id='word_1_19' title='bbox 547 386 669 420; x_wconf 87' lang='lat' dir='ltr'>dictum</span> <span class='ocrx_word' id='word_1_20' title='bbox 690 391 746 426; x_wconf 92' lang='lat' dir='ltr'>est,</span> <span class='ocrx_word' id='word_1_21' title='bbox 782 391 813 418; x_wconf 89' lang='lat' dir='ltr'>et</span> <span class='ocrx_word' id='word_1_22' title='bbox 832 385 970 430; x_wconf 89' lang='lat' dir='ltr'>amplius</span> 
     </span>
     <span class='ocr_line' id='line_1_5' title="bbox 225 438 969 483; baseline -0.005 -9"><span class='ocrx_word' id='word_1_23' title='bbox 225 440 415 474; x_wconf 87' lang='lat' dir='ltr'>duodecima</span> <span class='ocrx_word' id='word_1_24' title='bbox 435 439 576 472; x_wconf 54' lang='lat' dir='ltr'>eiusdem</span> <span class='ocrx_word' id='word_1_25' title='bbox 600 439 690 483; x_wconf 88' lang='lat' dir='ltr'>pretii</span> <span class='ocrx_word' id='word_1_26' title='bbox 724 443 828 482; x_wconf 88' lang='lat' dir='ltr'>parte,</span> <span class='ocrx_word' id='word_1_27' title='bbox 853 438 891 471; x_wconf 91' lang='lat' dir='ltr'>iis</span> <span class='ocrx_word' id='word_1_28' title='bbox 914 438 969 481; x_wconf 85' lang='lat' dir='ltr'>qui</span> 
     </span>
     <span class='ocr_line' id='line_1_6' title="bbox 223 492 970 538; baseline -0.004 -12"><span class='ocrx_word' id='word_1_29' title='bbox 223 503 324 538; x_wconf 83' lang='lat' dir='ltr'>prope</span> <span class='ocrx_word' id='word_1_30' title='bbox 343 492 413 526; x_wconf 87' lang='lat' dir='ltr'>illas</span> <span class='ocrx_word' id='word_1_31' title='bbox 432 493 539 526; x_wconf 65' lang='lat' dir='ltr'>vinvas</span> <span class='ocrx_word' id='word_1_32' title='bbox 556 492 730 537; x_wconf 85' lang='lat' dir='ltr'>possident,</span> <span class='ocrx_word' id='word_1_33' title='bbox 751 502 831 535; x_wconf 88' lang='lat' dir='ltr'>quas</span> <span class='ocrx_word' id='word_1_34' title='bbox 860 492 970 524; x_wconf 89' lang='lat' dir='ltr'>colunt</span> 
     </span>
     <span class='ocr_line' id='line_1_7' title="bbox 224 545 969 589; baseline -0.003 -9"><span class='ocrx_word' id='word_1_35' title='bbox 224 557 281 580; x_wconf 90' lang='lat' dir='ltr'>sua</span> <span class='ocrx_word' id='word_1_36' title='bbox 300 546 455 589; x_wconf 88' lang='lat' dir='ltr'>impensa,</span> <span class='ocrx_word' id='word_1_37' title='bbox 469 545 644 578; x_wconf 89' lang='lat' dir='ltr'>dummodo</span> <span class='ocrx_word' id='word_1_38' title='bbox 661 551 842 588; x_wconf 87' lang='lat' dir='ltr'>emptorum</span> <span class='ocrx_word' id='word_1_39' title='bbox 859 545 969 578; x_wconf 83' lang='lat' dir='ltr'>vincae</span> 
     </span>
     <span class='ocr_line' id='line_1_8' title="bbox 223 597 966 642; baseline -0.001 -10"><span class='ocrx_word' id='word_1_40' title='bbox 223 599 286 632; x_wconf 90' lang='lat' dir='ltr'>sint</span> <span class='ocrx_word' id='word_1_41' title='bbox 295 609 360 632; x_wconf 91' lang='lat' dir='ltr'>non</span> <span class='ocrx_word' id='word_1_42' title='bbox 371 599 474 631; x_wconf 85' lang='lat' dir='ltr'>solum</span> <span class='ocrx_word' id='word_1_43' title='bbox 488 598 618 631; x_wconf 89' lang='lat' dir='ltr'>maioris</span> <span class='ocrx_word' id='word_1_44' title='bbox 632 597 726 642; x_wconf 85' lang='lat' dir='ltr'>pretii</span> <span class='ocrx_word' id='word_1_45' title='bbox 743 603 773 631; x_wconf 87' lang='lat' dir='ltr'>et</span> <span class='ocrx_word' id='word_1_46' title='bbox 784 608 966 639; x_wconf 75' lang='lat' dir='ltr'><strong>mensurae,</strong></span> 
     </span>
     <span class='ocr_line' id='line_1_9' title="bbox 223 651 969 694; baseline -0.003 -9"><span class='ocrx_word' id='word_1_47' title='bbox 223 651 279 685; x_wconf 85' lang='lat' dir='ltr'>sed</span> <span class='ocrx_word' id='word_1_48' title='bbox 298 651 398 694; x_wconf 79' lang='lat' dir='ltr'>magis</span> <span class='ocrx_word' id='word_1_49' title='bbox 414 651 508 684; x_wconf 85' lang='lat' dir='ltr'>etiam</span> <span class='ocrx_word' id='word_1_50' title='bbox 529 656 559 684; x_wconf 91' lang='lat' dir='ltr'>et</span> <span class='ocrx_word' id='word_1_51' title='bbox 578 651 682 684; x_wconf 88' lang='lat' dir='ltr'>cultae</span> <span class='ocrx_word' id='word_1_52' title='bbox 701 656 732 683; x_wconf 91' lang='lat' dir='ltr'>et</span> <span class='ocrx_word' id='word_1_53' title='bbox 747 651 969 684; x_wconf 82' lang='lat' dir='ltr'>aedificiorum</span> 
     </span>
     <span class='ocr_line' id='line_1_10' title="bbox 223 703 970 748; baseline -0.001 -11"><span class='ocrx_word' id='word_1_54' title='bbox 223 704 393 738; x_wconf 78' lang='lat' dir='ltr'>structuris</span> <span class='ocrx_word' id='word_1_55' title='bbox 430 703 641 748; x_wconf 79' lang='lat' dir='ltr'>conspicuae,</span> <span class='ocrx_word' id='word_1_56' title='bbox 673 703 786 747; x_wconf 87' lang='lat' dir='ltr'>hisque</span> <span class='ocrx_word' id='word_1_57' title='bbox 820 705 970 737; x_wconf 89' lang='lat' dir='ltr'>omnibus</span> 
     </span>
     <span class='ocr_line' id='line_1_11' title="bbox 223 756 970 801; baseline 0 -11"><span class='ocrx_word' id='word_1_58' title='bbox 223 756 279 790; x_wconf 88' lang='lat' dir='ltr'>illa</span> <span class='ocrx_word' id='word_1_59' title='bbox 298 762 465 801; x_wconf 82' lang='lat' dir='ltr'>tantopere</span> <span class='ocrx_word' id='word_1_60' title='bbox 497 762 659 800; x_wconf 87' lang='lat' dir='ltr'>superent,</span> <span class='ocrx_word' id='word_1_61' title='bbox 688 762 724 790; x_wconf 91' lang='lat' dir='ltr'>ut</span> <span class='ocrx_word' id='word_1_62' title='bbox 752 767 867 799; x_wconf 76' lang='lat' dir='ltr'>magna</span> <span class='ocrx_word' id='word_1_63' title='bbox 887 757 970 790; x_wconf 83' lang='lat' dir='ltr'>inter</span> 
     </span>
     <span class='ocr_line' id='line_1_12' title="bbox 57 803 970 854; baseline -0.004 -8"><span class='ocrx_word' id='word_1_64' title='bbox 57 808 78 846; x_wconf 64' lang='grc' dir='ltr'>-ζ</span> <span class='ocrx_word' id='word_1_65' title='bbox 106 803 109 806; x_wconf 47' lang='grc'><strong><em>’</em></strong></span> <span class='ocrx_word' id='word_1_66' title='bbox 221 814 359 853; x_wconf 84' lang='lat' dir='ltr'>utraque</span> <span class='ocrx_word' id='word_1_67' title='bbox 392 810 472 843; x_wconf 90' lang='lat' dir='ltr'>adsit</span> <span class='ocrx_word' id='word_1_68' title='bbox 502 809 731 854; x_wconf 82' lang='lat' dir='ltr'>inaequalitas,</span> <span class='ocrx_word' id='word_1_69' title='bbox 771 810 890 843; x_wconf 89' lang='lat' dir='ltr'>iudicio</span> <span class='ocrx_word' id='word_1_70' title='bbox 919 821 970 843; x_wconf 89' lang='lat' dir='ltr'>eo-</span> 
     </span>
     <span class='ocr_line' id='line_1_13' title="bbox 57 852 969 905; baseline 0 -10"><span class='ocrx_word' id='word_1_71' title='bbox 57 852 94 899; x_wconf 57' lang='grc'><strong>”“”,”</strong></span> <span class='ocrx_word' id='word_1_72' title='bbox 223 862 374 895; x_wconf 89' lang='lat' dir='ltr'>rumdem</span> <span class='ocrx_word' id='word_1_73' title='bbox 402 862 569 895; x_wconf 85' lang='lat' dir='ltr'>camerarii</span> <span class='ocrx_word' id='word_1_74' title='bbox 589 868 620 895; x_wconf 90' lang='lat' dir='ltr'>et</span> <span class='ocrx_word' id='word_1_75' title='bbox 639 863 878 905; x_wconf 81' lang='lat' dir='ltr'>magistrorum.</span> <span class='ocrx_word' id='word_1_76' title='bbox 900 863 969 895; x_wconf 76' lang='lat' dir='ltr'>Non</span> 
     </span>
     <span class='ocr_line' id='line_1_14' title="bbox 48 870 969 962; baseline 0 -14"><span class='ocrx_word' id='word_1_77' title='bbox 48 870 101 962; x_wconf 47' lang='lat' dir='ltr'>§a</span> <span class='ocrx_word' id='word_1_78' title='bbox 222 915 345 958; x_wconf 84' lang='lat' dir='ltr'>possint</span> <span class='ocrx_word' id='word_1_79' title='bbox 355 920 462 948; x_wconf 88' lang='lat' dir='ltr'>autem</span> <span class='ocrx_word' id='word_1_80' title='bbox 477 915 547 958; x_wconf 82' lang='lat' dir='ltr'>cogi</span> <span class='ocrx_word' id='word_1_81' title='bbox 560 920 594 948; x_wconf 89' lang='lat' dir='ltr'>ut</span> <span class='ocrx_word' id='word_1_82' title='bbox 609 920 730 959; x_wconf 85' lang='lat' dir='ltr'>partem</span> <span class='ocrx_word' id='word_1_83' title='bbox 748 916 969 948; x_wconf 88' lang='lat' dir='ltr'>tantummodo</span> 
     </span>
     <span class='ocr_line' id='line_1_15' title="bbox 44 965 500 1024; baseline -0.009 -20"><span class='ocrx_word' id='word_1_84' title='bbox 44 965 83 1024; x_wconf 89' lang='grc' dir='ltr'>Ξ·</span> <span class='ocrx_word' id='word_1_85' title='bbox 223 978 335 1001; x_wconf 87' lang='lat' dir='ltr'>earum</span> <span class='ocrx_word' id='word_1_86' title='bbox 354 968 500 1002; x_wconf 82' lang='lat' dir='ltr'>vendant.</span> 
     </span>
    </p>

    <p class='ocr_par' dir='ltr' id='par_1_2' title="bbox 33 1020 970 1139">
     <span class='ocr_line' id='line_1_16' title="bbox 49 1020 969 1077; baseline 0.002 -24"><span class='ocrx_word' id='word_1_87' title='bbox 49 1026 79 1077; x_wconf 48' lang='lat' dir='ltr'>gf</span> <span class='ocrx_word' id='word_1_88' title='bbox 266 1020 353 1064; x_wconf 68' lang='lat'>515.</span> <span class='ocrx_word' id='word_1_89' title='bbox 374 1021 398 1054; x_wconf 93' lang='lat' dir='ltr'>li</span> <span class='ocrx_word' id='word_1_90' title='bbox 418 1031 492 1054; x_wconf 89' lang='lat' dir='ltr'>vero</span> <span class='ocrx_word' id='word_1_91' title='bbox 517 1021 574 1064; x_wconf 90' lang='lat' dir='ltr'>qui</span> <span class='ocrx_word' id='word_1_92' title='bbox 598 1032 700 1065; x_wconf 87' lang='lat' dir='ltr'>usque</span> <span class='ocrx_word' id='word_1_93' title='bbox 733 1022 770 1054; x_wconf 89' lang='lat' dir='ltr'>ad</span> <span class='ocrx_word' id='word_1_94' title='bbox 796 1021 969 1055; x_wconf 84' lang='lat' dir='ltr'>duodecim</span> 
     </span>
     <span class='ocr_line' id='line_1_17' title="bbox 33 1073 970 1139; baseline 0.002 -33"><span class='ocrx_word' id='word_1_95' title='bbox 33 1074 156 1139; x_wconf 48' lang='lat'>3⁸:1¹⁰!-</span> <span class='ocrx_word' id='word_1_96' title='bbox 170 1078 210 1101; x_wconf 74' lang='lat'>‹¹⁸-</span> <span class='ocrx_word' id='word_1_97' title='bbox 223 1073 264 1107; x_wconf 86' lang='lat' dir='ltr'>ab</span> <span class='ocrx_word' id='word_1_98' title='bbox 282 1073 366 1107; x_wconf 86' lang='lat' dir='ltr'>Urbe</span> <span class='ocrx_word' id='word_1_99' title='bbox 387 1074 537 1107; x_wconf 87' lang='lat' dir='ltr'>milliaria</span> <span class='ocrx_word' id='word_1_100' title='bbox 557 1074 673 1107; x_wconf 89' lang='lat' dir='ltr'>habent</span> <span class='ocrx_word' id='word_1_101' title='bbox 695 1075 859 1118; x_wconf 79' lang='lat' dir='ltr'>praediola</span> <span class='ocrx_word' id='word_1_102' title='bbox 879 1086 970 1108; x_wconf 87' lang='lat' dir='ltr'>men-</span> 
     </span>
    </p>
   </div>
   <div class='ocr_carea' id='block_1_2' title="bbox 31 1111 972 1701">
    <p class='ocr_par' dir='ltr' id='par_1_3' title="bbox 31 1111 972 1395">
     <span class='ocr_line' id='line_1_18' title="bbox 86 1111 209 1134; baseline -0.033 0"><span class='ocrx_word' id='word_1_103' title='bbox 86 1111 209 1134; x_wconf 71' lang='lat' dir='ltr'>,nbi-orum</span> 
     </span>
     <span class='ocr_line' id='line_1_19' title="bbox 33 1141 209 1170; baseline -0.023 -5"><span class='ocrx_word' id='word_1_104' title='bbox 33 1142 89 1170; x_wconf 63' lang='lat' dir='ltr'>tab-⁸</span> <span class='ocrx_word' id='word_1_105' title='bbox 101 1147 133 1163; x_wconf 79' lang='grc' dir='ltr'>ιιι</span> <span class='ocrx_word' id='word_1_106' title='bbox 160 1141 209 1162; x_wconf 78' lang='lat' dir='ltr'>init-</span> 
     </span>
     <span class='ocr_line' id='line_1_20' title="bbox 31 1170 972 1232; baseline 0.002 -20"><span class='ocrx_word' id='word_1_107' title='bbox 31 1170 209 1232; x_wconf 47' lang='lat' dir='ltr'>ffiau&#39;zff</span> <span class='ocrx_word' id='word_1_108' title='bbox 222 1179 369 1220; x_wconf 88' lang='lat' dir='ltr'>brorum,</span> <span class='ocrx_word' id='word_1_109' title='bbox 409 1191 488 1223; x_wconf 89' lang='lat' dir='ltr'>quas</span> <span class='ocrx_word' id='word_1_110' title='bbox 520 1180 646 1223; x_wconf 80' lang='lat' dir='ltr'>linguas</span> <span class='ocrx_word' id='word_1_111' title='bbox 678 1191 734 1213; x_wconf 89' lang='lat' dir='ltr'>seu</span> <span class='ocrx_word' id='word_1_112' title='bbox 764 1181 893 1224; x_wconf 78' lang='lat' dir='ltr'>pedicas</span> <span class='ocrx_word' id='word_1_113' title='bbox 926 1181 972 1214; x_wconf 90' lang='lat' dir='ltr'>di-</span> 
     </span>
     <span class='ocr_line' id='line_1_21' title="bbox 34 1230 970 1293; baseline 0.002 -28"><span class='ocrx_word' id='word_1_114' title='bbox 34 1230 211 1293; x_wconf 44' lang='grc' dir='ltr'>ὡ-’ἴτίᾞὶεζ</span> <span class='ocrx_word' id='word_1_115' title='bbox 224 1237 314 1274; x_wconf 90' lang='lat' dir='ltr'>cunt,</span> <span class='ocrx_word' id='word_1_116' title='bbox 341 1232 493 1276; x_wconf 76' lang='lat' dir='ltr'>contigua</span> <span class='ocrx_word' id='word_1_117' title='bbox 522 1233 699 1266; x_wconf 84' lang='lat' dir='ltr'>maioribus</span> <span class='ocrx_word' id='word_1_118' title='bbox 717 1234 855 1267; x_wconf 90' lang='lat' dir='ltr'>aliorum</span> <span class='ocrx_word' id='word_1_119' title='bbox 876 1245 970 1278; x_wconf 89' lang='lat' dir='ltr'>prae-</span> 
     </span>
     <span class='ocr_line' id='line_1_22' title="bbox 32 1285 970 1334; baseline 0.001 -15"><span class='ocrx_word' id='word_1_120' title='bbox 32 1290 209 1334; x_wconf 56' lang='lat' dir='ltr'>vorsppiniqqaq-</span> <span class='ocrx_word' id='word_1_121' title='bbox 224 1285 285 1319; x_wconf 83' lang='lat' dir='ltr'>diis</span> <span class='ocrx_word' id='word_1_122' title='bbox 316 1297 400 1329; x_wconf 87' lang='lat' dir='ltr'>quae</span> <span class='ocrx_word' id='word_1_123' title='bbox 433 1286 548 1319; x_wconf 85' lang='lat' dir='ltr'>casalia</span> <span class='ocrx_word' id='word_1_124' title='bbox 588 1287 803 1330; x_wconf 87' lang='lat' dir='ltr'>appellantur;</span> <span class='ocrx_word' id='word_1_125' title='bbox 840 1288 915 1320; x_wconf 86' lang='lat' dir='ltr'>item</span> <span class='ocrx_word' id='word_1_126' title='bbox 950 1288 970 1320; x_wconf 92' lang='lat' dir='ltr'>ii</span> 
     </span>
     <span class='ocr_line' id='line_1_23' title="bbox 33 1327 972 1395; baseline 0.001 -23"><span class='ocrx_word' id='word_1_127' title='bbox 33 1327 208 1395; x_wconf 49' lang='lat' dir='ltr'>fflffffl?</span> <span class='ocrx_word' id='word_1_128' title='bbox 222 1350 361 1383; x_wconf 89' lang='lat' dir='ltr'>quoque,</span> <span class='ocrx_word' id='word_1_129' title='bbox 381 1349 419 1372; x_wconf 84' lang='lat' dir='ltr'>ex</span> <span class='ocrx_word' id='word_1_130' title='bbox 437 1350 576 1383; x_wconf 87' lang='lat' dir='ltr'>quorum</span> <span class='ocrx_word' id='word_1_131' title='bbox 598 1340 756 1373; x_wconf 82' lang='lat' dir='ltr'>casalibus</span> <span class='ocrx_word' id='word_1_132' title='bbox 776 1340 895 1373; x_wconf 83' lang='lat' dir='ltr'>similes</span> <span class='ocrx_word' id='word_1_133' title='bbox 915 1341 972 1373; x_wconf 91' lang='lat' dir='ltr'>lin-</span> 
     </span>
    </p>

    <p class='ocr_par' dir='ltr' id='par_1_4' title="bbox 58 1391 972 1701">
     <span class='ocr_line' id='line_1_24' title="bbox 58 1391 970 1436; baseline 0.001 -11"><span class='ocrx_word' id='word_1_134' title='bbox 58 1396 67 1414; x_wconf 55' lang='grc' dir='ltr'>Ξ</span> <span class='ocrx_word' id='word_1_135' title='bbox 110 1412 113 1415; x_wconf 66' lang='grc'><em>»</em></span> <span class='ocrx_word' id='word_1_136' title='bbox 221 1403 304 1435; x_wconf 82' lang='lat' dir='ltr'>guae</span> <span class='ocrx_word' id='word_1_137' title='bbox 333 1403 390 1426; x_wconf 86' lang='lat' dir='ltr'>seu</span> <span class='ocrx_word' id='word_1_138' title='bbox 420 1391 550 1436; x_wconf 79' lang='lat' dir='ltr'>pedicae</span> <span class='ocrx_word' id='word_1_139' title='bbox 579 1392 722 1426; x_wconf 88' lang='lat' dir='ltr'>eiusdem</span> <span class='ocrx_word' id='word_1_140' title='bbox 746 1404 915 1426; x_wconf 80' lang='lat' dir='ltr'>mensurae</span> <span class='ocrx_word' id='word_1_141' title='bbox 938 1394 970 1426; x_wconf 91' lang='lat' dir='ltr'>in</span> 
     </span>
     <span class='ocr_line' id='line_1_25' title="bbox 70 1441 968 1489; baseline -0.001 -10"><span class='ocrx_word' id='word_1_142' title='bbox 70 1441 75 1443; x_wconf 63' lang='grc'><em>”</em></span> <span class='ocrx_word' id='word_1_143' title='bbox 220 1445 362 1479; x_wconf 82' lang='lat' dir='ltr'>aliorum</span> <span class='ocrx_word' id='word_1_144' title='bbox 395 1445 479 1478; x_wconf 90' lang='lat' dir='ltr'>intra</span> <span class='ocrx_word' id='word_1_145' title='bbox 511 1445 596 1479; x_wconf 90' lang='lat' dir='ltr'>idem</span> <span class='ocrx_word' id='word_1_146' title='bbox 627 1446 767 1489; x_wconf 88' lang='lat' dir='ltr'>spatium</span> <span class='ocrx_word' id='word_1_147' title='bbox 800 1446 968 1479; x_wconf 86' lang='lat' dir='ltr'>duodecim</span> 
     </span>
     <span class='ocr_line' id='line_1_26' title="bbox 223 1498 969 1532; baseline 0.001 -1"><span class='ocrx_word' id='word_1_148' title='bbox 223 1498 412 1531; x_wconf 87' lang='lat' dir='ltr'>milliarium</span> <span class='ocrx_word' id='word_1_149' title='bbox 448 1499 620 1532; x_wconf 85' lang='lat' dir='ltr'>constituta</span> <span class='ocrx_word' id='word_1_150' title='bbox 653 1499 769 1532; x_wconf 77' lang='lat' dir='ltr'>casalia</span> <span class='ocrx_word' id='word_1_151' title='bbox 798 1506 969 1532; x_wconf 82' lang='lat' dir='ltr'>excurrunt</span> 
     </span>
     <span class='ocr_line' id='line_1_27' title="bbox 223 1551 972 1594; baseline 0 -10"><span class='ocrx_word' id='word_1_152' title='bbox 223 1561 326 1594; x_wconf 87' lang='lat' dir='ltr'>eaque</span> <span class='ocrx_word' id='word_1_153' title='bbox 358 1551 563 1592; x_wconf 81' lang='lat' dir='ltr'>intersecant,</span> <span class='ocrx_word' id='word_1_154' title='bbox 594 1557 630 1584; x_wconf 86' lang='lat' dir='ltr'>ut</span> <span class='ocrx_word' id='word_1_155' title='bbox 662 1563 679 1584; x_wconf 88' lang='lat' dir='ltr'>a</span> <span class='ocrx_word' id='word_1_156' title='bbox 699 1552 826 1585; x_wconf 90' lang='lat' dir='ltr'>duobus</span> <span class='ocrx_word' id='word_1_157' title='bbox 854 1558 889 1585; x_wconf 87' lang='lat' dir='ltr'>ut</span> <span class='ocrx_word' id='word_1_158' title='bbox 914 1553 972 1584; x_wconf 88' lang='lat' dir='ltr'>mi-</span> 
     </span>
     <span class='ocr_line' id='line_1_28' title="bbox 225 1604 972 1648; baseline 0.001 -11"><span class='ocrx_word' id='word_1_159' title='bbox 225 1615 288 1637; x_wconf 92' lang='lat' dir='ltr'>nus</span> <span class='ocrx_word' id='word_1_160' title='bbox 322 1604 477 1638; x_wconf 88' lang='lat' dir='ltr'>lateribus</span> <span class='ocrx_word' id='word_1_161' title='bbox 495 1605 625 1648; x_wconf 80' lang='lat' dir='ltr'>linguae</span> <span class='ocrx_word' id='word_1_162' title='bbox 645 1605 732 1648; x_wconf 83' lang='lat' dir='ltr'>ipsae</span> <span class='ocrx_word' id='word_1_163' title='bbox 753 1616 770 1637; x_wconf 89' lang='lat' dir='ltr'>a</span> <span class='ocrx_word' id='word_1_164' title='bbox 789 1605 900 1638; x_wconf 67' lang='lat' dir='ltr'>vicinis</span> <span class='ocrx_word' id='word_1_165' title='bbox 919 1616 972 1638; x_wconf 91' lang='lat' dir='ltr'>ca-</span> 
     </span>
     <span class='ocr_line' id='line_1_29' title="bbox 224 1657 972 1701; baseline 0 -11"><span class='ocrx_word' id='word_1_166' title='bbox 224 1657 344 1691; x_wconf 84' lang='lat' dir='ltr'>salibus</span> <span class='ocrx_word' id='word_1_167' title='bbox 361 1657 614 1697; x_wconf 83' lang='lat' dir='ltr'>circumdentur,</span> <span class='ocrx_word' id='word_1_168' title='bbox 648 1657 718 1699; x_wconf 76' lang='lat' dir='ltr'>cogi</span> <span class='ocrx_word' id='word_1_169' title='bbox 751 1658 888 1701; x_wconf 82' lang='lat' dir='ltr'>possint,</span> <span class='ocrx_word' id='word_1_170' title='bbox 910 1658 972 1691; x_wconf 72' lang='lat' dir='ltr'>sive</span> 
     </span>
    </p>
   </div>
   <div class='ocr_carea' id='block_1_3' title="bbox 0 0 63 1225">
    <p class='ocr_par' dir='ltr' id='par_1_5' title="bbox 0 0 63 1225">
     <span class='ocr_line' id='line_1_30' title="bbox 0 0 63 1225; baseline 0 -592"><span class='ocrx_word' id='word_1_171' title='bbox 0 0 63 1225; x_wconf 95' lang='lat' dir='ltr'>       </span> 
     </span>
    </p>
   </div>
   <div class='ocr_carea' id='block_1_4' title="bbox 32 1414 93 1841">
    <p class='ocr_par' dir='ltr' id='par_1_6' title="bbox 32 1414 93 1841">
     <span class='ocr_line' id='line_1_31' title="bbox 32 1414 93 1841; baseline 0 -395"><span class='ocrx_word' id='word_1_172' title='bbox 32 1414 93 1841; x_wconf 95' lang='lat' dir='ltr'>  </span> 
     </span>
    </p>
   </div>
   <div class='ocr_carea' id='block_1_5' title="bbox 33 1763 977 2121">
    <p class='ocr_par' dir='ltr' id='par_1_7' title="bbox 224 1763 974 1913">
     <span class='ocr_line' id='line_1_32' title="bbox 224 1763 974 1806; baseline 0 -10"><span class='ocrx_word' id='word_1_173' title='bbox 224 1763 399 1796; x_wconf 88' lang='lat' dir='ltr'>constituto</span> <span class='ocrx_word' id='word_1_174' title='bbox 431 1763 535 1806; x_wconf 87' lang='lat' dir='ltr'>pretio</span> <span class='ocrx_word' id='word_1_175' title='bbox 572 1764 611 1796; x_wconf 90' lang='lat' dir='ltr'>ad</span> <span class='ocrx_word' id='word_1_176' title='bbox 647 1763 900 1796; x_wconf 80' lang='lat' dir='ltr'>aestimationem</span> <span class='ocrx_word' id='word_1_177' title='bbox 935 1764 974 1796; x_wconf 87' lang='lat' dir='ltr'>de</span> 
     </span>
     <span class='ocr_line' id='line_1_33' title="bbox 225 1816 972 1860; baseline 0 -12"><span class='ocrx_word' id='word_1_178' title='bbox 225 1826 289 1859; x_wconf 91' lang='lat' dir='ltr'>qua</span> <span class='ocrx_word' id='word_1_179' title='bbox 305 1827 403 1860; x_wconf 86' lang='lat' dir='ltr'>supra</span> <span class='ocrx_word' id='word_1_180' title='bbox 418 1816 539 1849; x_wconf 82' lang='lat' dir='ltr'>dictum</span> <span class='ocrx_word' id='word_1_181' title='bbox 557 1821 614 1855; x_wconf 89' lang='lat' dir='ltr'>est,</span> <span class='ocrx_word' id='word_1_182' title='bbox 627 1816 815 1860; x_wconf 84' lang='lat' dir='ltr'>adiectaque</span> <span class='ocrx_word' id='word_1_183' title='bbox 831 1817 972 1850; x_wconf 87' lang='lat' dir='ltr'>eiusdem</span> 
     </span>
     <span class='ocr_line' id='line_1_34' title="bbox 226 1869 573 1913; baseline 0 -11"><span class='ocrx_word' id='word_1_184' title='bbox 226 1869 321 1913; x_wconf 87' lang='lat' dir='ltr'>pretii</span> <span class='ocrx_word' id='word_1_185' title='bbox 341 1870 453 1912; x_wconf 86' lang='lat' dir='ltr'>quinta</span> <span class='ocrx_word' id='word_1_186' title='bbox 472 1876 573 1913; x_wconf 83' lang='lat' dir='ltr'>parte.</span> 
     </span>
    </p>

    <p class='ocr_par' dir='ltr' id='par_1_8' title="bbox 33 1922 977 2121">
     <span class='ocr_line' id='line_1_35' title="bbox 271 1922 975 1966; baseline 0 -11"><span class='ocrx_word' id='word_1_187' title='bbox 271 1922 287 1965; x_wconf 63' lang='grc' dir='ltr'><strong>ἓ</strong></span> <span class='ocrx_word' id='word_1_188' title='bbox 306 1922 360 1956; x_wconf 82' lang='lat'>16.</span> <span class='ocrx_word' id='word_1_189' title='bbox 381 1922 609 1966; x_wconf 83' lang='lat' dir='ltr'>Quaecumque</span> <span class='ocrx_word' id='word_1_190' title='bbox 628 1928 734 1955; x_wconf 88' lang='lat' dir='ltr'>autem</span> <span class='ocrx_word' id='word_1_191' title='bbox 751 1933 847 1965; x_wconf 84' lang='lat' dir='ltr'>supra</span> <span class='ocrx_word' id='word_1_192' title='bbox 860 1928 975 1955; x_wconf 81' lang='lat' dir='ltr'>statuta</span> 
     </span>
     <span class='ocr_line' id='line_1_36' title="bbox 39 1971 975 2019; baseline 0.002 -13"><span class='ocrx_word' id='word_1_193' title='bbox 39 1971 46 2006; x_wconf 80' lang='lat'>.&#39;</span> <span class='ocrx_word' id='word_1_194' title='bbox 94 1979 215 2016; x_wconf 56' lang='grc' dir='ltr'>ιιςοιιιᾳξο</span> <span class='ocrx_word' id='word_1_195' title='bbox 229 1979 314 2016; x_wconf 87' lang='lat' dir='ltr'>sunt,</span> <span class='ocrx_word' id='word_1_196' title='bbox 326 1981 396 2008; x_wconf 86' lang='lat' dir='ltr'>tum</span> <span class='ocrx_word' id='word_1_197' title='bbox 411 1975 450 2009; x_wconf 92' lang='lat' dir='ltr'>de</span> <span class='ocrx_word' id='word_1_198' title='bbox 465 1975 596 2009; x_wconf 90' lang='lat' dir='ltr'>urbanis</span> <span class='ocrx_word' id='word_1_199' title='bbox 612 1982 679 2008; x_wconf 88' lang='lat' dir='ltr'>tum</span> <span class='ocrx_word' id='word_1_200' title='bbox 696 1976 733 2008; x_wconf 91' lang='lat' dir='ltr'>de</span> <span class='ocrx_word' id='word_1_201' title='bbox 745 1975 871 2008; x_wconf 78' lang='lat' dir='ltr'>rusticis</span> <span class='ocrx_word' id='word_1_202' title='bbox 883 1987 975 2019; x_wconf 87' lang='lat' dir='ltr'>prae-</span> 
     </span>
     <span class='ocr_line' id='line_1_37' title="bbox 33 2011 976 2071; baseline -0.004 -7"><span class='ocrx_word' id='word_1_203' title='bbox 33 2011 92 2064; x_wconf 52' lang='lat'>232⁴.</span> <span class='ocrx_word' id='word_1_204' title='bbox 104 2011 216 2062; x_wconf 54' lang='lat' dir='ltr'>⁶333?ss</span> <span class='ocrx_word' id='word_1_205' title='bbox 231 2027 290 2060; x_wconf 84' lang='lat' dir='ltr'>diis</span> <span class='ocrx_word' id='word_1_206' title='bbox 305 2033 360 2061; x_wconf 86' lang='lat' dir='ltr'>aut</span> <span class='ocrx_word' id='word_1_207' title='bbox 378 2034 491 2071; x_wconf 90' lang='lat' dir='ltr'>sponte</span> <span class='ocrx_word' id='word_1_208' title='bbox 511 2033 566 2061; x_wconf 87' lang='lat' dir='ltr'>aut</span> <span class='ocrx_word' id='word_1_209' title='bbox 586 2034 695 2061; x_wconf 81' lang='lat' dir='ltr'>coacte</span> <span class='ocrx_word' id='word_1_210' title='bbox 724 2029 909 2069; x_wconf 72' lang='lat' dir='ltr'>vendendis,</span> <span class='ocrx_word' id='word_1_211' title='bbox 929 2029 976 2061; x_wconf 70' lang='lat' dir='ltr'>rel</span> 
     </span>
     <span class='ocr_line' id='line_1_38' title="bbox 34 2072 977 2121; baseline 0.002 -9"><span class='ocrx_word' id='word_1_212' title='bbox 34 2078 75 2094; x_wconf 68' lang='lat'>¹¹²⁵</span> <span class='ocrx_word' id='word_1_213' title='bbox 89 2072 205 2100; x_wconf 54' lang='lat' dir='ltr'><strong><em>&#39;mmm’</em></strong></span> <span class='ocrx_word' id='word_1_214' title='bbox 233 2079 328 2112; x_wconf 87' lang='lat' dir='ltr'>etiam</span> <span class='ocrx_word' id='word_1_215' title='bbox 347 2091 366 2113; x_wconf 82' lang='lat' dir='ltr'>a</span> <span class='ocrx_word' id='word_1_216' title='bbox 383 2080 512 2114; x_wconf 84' lang='lat' dir='ltr'>directis</span> <span class='ocrx_word' id='word_1_217' title='bbox 527 2081 664 2114; x_wconf 86' lang='lat' dir='ltr'>dominis</span> <span class='ocrx_word' id='word_1_218' title='bbox 684 2081 868 2121; x_wconf 82' lang='lat' dir='ltr'>liberandis,</span> <span class='ocrx_word' id='word_1_219' title='bbox 887 2093 922 2114; x_wconf 86' lang='lat' dir='ltr'>ea</span> <span class='ocrx_word' id='word_1_220' title='bbox 935 2083 977 2114; x_wconf 91' lang='lat' dir='ltr'>lo-</span> 
     </span>
    </p>
   </div>
   <div class='ocr_carea' id='block_1_6' title="bbox 34 2102 978 2179">
    <p class='ocr_par' dir='ltr' id='par_1_9' title="bbox 34 2102 978 2179">
     <span class='ocr_line' id='line_1_39' title="bbox 62 2102 219 2125; baseline -0.006 -1"><span class='ocrx_word' id='word_1_221' title='bbox 62 2107 113 2125; x_wconf 80' lang='lat' dir='ltr'>onto</span> <span class='ocrx_word' id='word_1_222' title='bbox 182 2102 219 2124; x_wconf 76' lang='lat' dir='ltr'>vel</span> 
     </span>
     <span class='ocr_line' id='line_1_40' title="bbox 34 2109 978 2179; baseline 0.004 -15"><span class='ocrx_word' id='word_1_223' title='bbox 34 2109 111 2160; x_wconf 42' lang='lat'>3⁰¹⁰</span> <span class='ocrx_word' id='word_1_224' title='bbox 130 2134 308 2165; x_wconf 57' lang='lat' dir='ltr'>nonensem„</span> <span class='ocrx_word' id='word_1_225' title='bbox 334 2133 472 2166; x_wconf 86' lang='lat' dir='ltr'>habeant</span> <span class='ocrx_word' id='word_1_226' title='bbox 495 2134 638 2174; x_wconf 84' lang='lat' dir='ltr'>omnino,</span> <span class='ocrx_word' id='word_1_227' title='bbox 662 2134 724 2167; x_wconf 68' lang='lat' dir='ltr'>six-e</span> <span class='ocrx_word' id='word_1_228' title='bbox 758 2135 886 2177; x_wconf 86' lang='lat' dir='ltr'>praedia</span> <span class='ocrx_word' id='word_1_229' title='bbox 910 2135 978 2179; x_wconf 81' lang='lat' dir='ltr'>ipsa</span> 
     </span>
    </p>
   </div>
   <div class='ocr_carea' id='block_1_7' title="bbox 36 2162 978 2254">
    <p class='ocr_par' dir='ltr' id='par_1_10' title="bbox 36 2162 978 2254">
     <span class='ocr_line' id='line_1_41' title="bbox 36 2162 978 2248; baseline 0.004 -32"><span class='ocrx_word' id='word_1_230' title='bbox 36 2162 107 2248; x_wconf 47' lang='lat'>2:2¹1?</span> <span class='ocrx_word' id='word_1_231' title='bbox 115 2164 220 2247; x_wconf 51' lang='grc' dir='ltr'>,ιυὴῖῗιῖἳέ</span> <span class='ocrx_word' id='word_1_232' title='bbox 234 2184 297 2218; x_wconf 86' lang='lat' dir='ltr'>sint</span> <span class='ocrx_word' id='word_1_233' title='bbox 315 2186 543 2227; x_wconf 84' lang='lat' dir='ltr'>ecclesiastica,</span> <span class='ocrx_word' id='word_1_234' title='bbox 577 2193 608 2220; x_wconf 87' lang='lat' dir='ltr'>et</span> <span class='ocrx_word' id='word_1_235' title='bbox 627 2188 665 2219; x_wconf 88' lang='lat' dir='ltr'>ad</span> <span class='ocrx_word' id='word_1_236' title='bbox 684 2198 904 2230; x_wconf 78' lang='lat' dir='ltr'>quascumque</span> <span class='ocrx_word' id='word_1_237' title='bbox 926 2199 978 2220; x_wconf 85' lang='lat' dir='ltr'>ec-</span> 
     </span>
     <span class='ocr_line' id='line_1_42' title="bbox 37 2231 221 2254; baseline -0.011 -6"><span class='ocrx_word' id='word_1_238' title='bbox 37 2231 50 2248; x_wconf 73' lang='grc'>1</span> <span class='ocrx_word' id='word_1_239' title='bbox 73 2233 107 2254; x_wconf 70' lang='lat' dir='ltr'>pia</span> <span class='ocrx_word' id='word_1_240' title='bbox 126 2232 165 2247; x_wconf 70' lang='lat' dir='ltr'>oea</span> <span class='ocrx_word' id='word_1_241' title='bbox 174 2231 221 2253; x_wconf 62' lang='lat' dir='ltr'>spe-</span> 
     </span>
    </p>
   </div>
   <div class='ocr_carea' id='block_1_8' title="bbox 806 227 1134 254">
    <p class='ocr_par' dir='ltr' id='par_1_11' title="bbox 806 227 1134 254">
     <span class='ocr_line' id='line_1_43' title="bbox 806 227 1134 254; baseline 0 -2"><span class='ocrx_word' id='word_1_242' title='bbox 806 227 985 254; x_wconf 68' lang='lat' dir='ltr'>casconms</span> <span class='ocrx_word' id='word_1_243' title='bbox 1007 228 1062 252; x_wconf 79' lang='lat' dir='ltr'>xm</span> <span class='ocrx_word' id='word_1_244' title='bbox 1087 229 1134 253; x_wconf 83' lang='grc' dir='ltr'>ΡΡ.</span> 
     </span>
    </p>
   </div>
   <div class='ocr_carea' id='block_1_9' title="bbox 223 1709 993 1754">
    <p class='ocr_par' dir='ltr' id='par_1_12' title="bbox 223 1709 993 1754">
     <span class='ocr_line' id='line_1_44' title="bbox 223 1709 993 1754; baseline 0 -12"><span class='ocrx_word' id='word_1_245' title='bbox 223 1709 284 1754; x_wconf 87' lang='lat' dir='ltr'>ipsi</span> <span class='ocrx_word' id='word_1_246' title='bbox 304 1711 410 1743; x_wconf 84' lang='lat' dir='ltr'>colant</span> <span class='ocrx_word' id='word_1_247' title='bbox 428 1710 491 1744; x_wconf 82' lang='lat' dir='ltr'>sive</span> <span class='ocrx_word' id='word_1_248' title='bbox 510 1710 581 1743; x_wconf 89' lang='lat' dir='ltr'>aliis</span> <span class='ocrx_word' id='word_1_249' title='bbox 594 1710 713 1750; x_wconf 90' lang='lat' dir='ltr'>locent,</span> <span class='ocrx_word' id='word_1_250' title='bbox 734 1710 805 1744; x_wconf 85' lang='lat' dir='ltr'>illas</span> <span class='ocrx_word' id='word_1_251' title='bbox 825 1711 972 1750; x_wconf 76' lang='lat' dir='ltr'>vendere,</span> <span class='ocrx_word' id='word_1_252' title='bbox 990 1736 993 1742; x_wconf 34' lang='lat' dir='ltr'>i</span> 
     </span>
    </p>
   </div>
   <div class='ocr_carea' id='block_1_10' title="bbox 1007 218 1758 1118">
    <p class='ocr_par' dir='ltr' id='par_1_13' title="bbox 1007 218 1758 1012">
     <span class='ocr_line' id='line_1_45' title="bbox 1669 218 1710 250; baseline 0.049 -2"><span class='ocrx_word' id='word_1_253' title='bbox 1669 218 1710 250; x_wconf 65' lang='grc' dir='ltr'>ΟΡ.</span> 
     </span>
     <span class='ocr_line' id='line_1_46' title="bbox 1007 279 1752 324; baseline 0.001 -14"><span class='ocrx_word' id='word_1_254' title='bbox 1007 279 1173 322; x_wconf 79' lang='lat' dir='ltr'>spitalibus</span> <span class='ocrx_word' id='word_1_255' title='bbox 1192 280 1414 324; x_wconf 45' lang='lat' dir='ltr'>relinitis-isque</span> <span class='ocrx_word' id='word_1_256' title='bbox 1446 291 1482 314; x_wconf 89' lang='lat' dir='ltr'>ac</span> <span class='ocrx_word' id='word_1_257' title='bbox 1503 281 1563 324; x_wconf 88' lang='lat' dir='ltr'>piis</span> <span class='ocrx_word' id='word_1_258' title='bbox 1587 279 1666 312; x_wconf 74' lang='lat' dir='ltr'>locis</span> <span class='ocrx_word' id='word_1_259' title='bbox 1690 279 1752 312; x_wconf 88' lang='lat' dir='ltr'>hu-</span> 
     </span>
     <span class='ocr_line' id='line_1_47' title="bbox 1008 332 1756 376; baseline 0.001 -11"><span class='ocrx_word' id='word_1_260' title='bbox 1008 332 1156 371; x_wconf 87' lang='lat' dir='ltr'>iusmodi,</span> <span class='ocrx_word' id='word_1_261' title='bbox 1179 343 1280 375; x_wconf 70' lang='lat' dir='ltr'>neque</span> <span class='ocrx_word' id='word_1_262' title='bbox 1305 334 1386 366; x_wconf 84' lang='lat' dir='ltr'>intra</span> <span class='ocrx_word' id='word_1_263' title='bbox 1407 333 1535 366; x_wconf 86' lang='lat' dir='ltr'>illorum</span> <span class='ocrx_word' id='word_1_264' title='bbox 1570 339 1657 376; x_wconf 85' lang='lat' dir='ltr'>septa</span> <span class='ocrx_word' id='word_1_265' title='bbox 1682 343 1756 366; x_wconf 86' lang='lat' dir='ltr'>con-</span> 
     </span>
     <span class='ocr_line' id='line_1_48' title="bbox 1007 385 1755 429; baseline 0.001 -12"><span class='ocrx_word' id='word_1_266' title='bbox 1007 385 1129 423; x_wconf 80' lang='lat' dir='ltr'>sistant,</span> <span class='ocrx_word' id='word_1_267' title='bbox 1152 385 1214 417; x_wconf 75' lang='lat' dir='ltr'>sire</span> <span class='ocrx_word' id='word_1_268' title='bbox 1235 386 1295 418; x_wconf 89' lang='lat' dir='ltr'>sint</span> <span class='ocrx_word' id='word_1_269' title='bbox 1317 387 1510 428; x_wconf 69' lang='lat' dir='ltr'>privatarum</span> <span class='ocrx_word' id='word_1_270' title='bbox 1543 396 1755 429; x_wconf 82' lang='lat' dir='ltr'>personarum</span> 
     </span>
     <span class='ocr_line' id='line_1_49' title="bbox 1007 438 1758 481; baseline 0.001 -11"><span class='ocrx_word' id='word_1_271' title='bbox 1007 438 1172 481; x_wconf 81' lang='lat' dir='ltr'>cappellae</span> <span class='ocrx_word' id='word_1_272' title='bbox 1193 444 1224 469; x_wconf 89' lang='lat' dir='ltr'>et</span> <span class='ocrx_word' id='word_1_273' title='bbox 1239 439 1377 471; x_wconf 85' lang='lat' dir='ltr'>oratoria</span> <span class='ocrx_word' id='word_1_274' title='bbox 1399 440 1444 471; x_wconf 68' lang='lat' dir='ltr'>rii-l</span> <span class='ocrx_word' id='word_1_275' title='bbox 1466 440 1582 473; x_wconf 86' lang='lat' dir='ltr'>domus</span> <span class='ocrx_word' id='word_1_276' title='bbox 1605 445 1660 472; x_wconf 89' lang='lat' dir='ltr'>aut</span> <span class='ocrx_word' id='word_1_277' title='bbox 1687 439 1758 472; x_wconf 89' lang='lat' dir='ltr'>loca</span> 
     </span>
     <span class='ocr_line' id='line_1_50' title="bbox 1008 491 1757 534; baseline 0.003 -12"><span class='ocrx_word' id='word_1_278' title='bbox 1008 492 1179 523; x_wconf 84' lang='lat' dir='ltr'>servandae</span> <span class='ocrx_word' id='word_1_279' title='bbox 1213 491 1418 534; x_wconf 70' lang='lat' dir='ltr'>hospitalitati</span> <span class='ocrx_word' id='word_1_280' title='bbox 1453 492 1625 533; x_wconf 83' lang='lat' dir='ltr'>destinata,</span> <span class='ocrx_word' id='word_1_281' title='bbox 1662 492 1757 525; x_wconf 91' lang='lat' dir='ltr'>modo</span> 
     </span>
     <span class='ocr_line' id='line_1_51' title="bbox 1008 542 1758 588; baseline 0.001 -13"><span class='ocrx_word' id='word_1_282' title='bbox 1008 542 1207 586; x_wconf 84' lang='lat' dir='ltr'>hospitalitas</span> <span class='ocrx_word' id='word_1_283' title='bbox 1229 544 1305 576; x_wconf 88' lang='lat' dir='ltr'>inibi</span> <span class='ocrx_word' id='word_1_284' title='bbox 1338 544 1398 576; x_wconf 87' lang='lat' dir='ltr'>iam</span> <span class='ocrx_word' id='word_1_285' title='bbox 1434 555 1537 588; x_wconf 59' lang='lat' dir='ltr'>neque</span> <span class='ocrx_word' id='word_1_286' title='bbox 1571 551 1758 579; x_wconf 74' lang='lat' dir='ltr'>exerceatur</span> 
     </span>
     <span class='ocr_line' id='line_1_52' title="bbox 1007 597 1758 640; baseline 0.004 -12"><span class='ocrx_word' id='word_1_287' title='bbox 1007 601 1079 629; x_wconf 84' lang='lat' dir='ltr'>actu</span> <span class='ocrx_word' id='word_1_288' title='bbox 1100 608 1204 640; x_wconf 86' lang='lat' dir='ltr'>neque</span> <span class='ocrx_word' id='word_1_289' title='bbox 1224 597 1363 640; x_wconf 84' lang='lat' dir='ltr'>amplius</span> <span class='ocrx_word' id='word_1_290' title='bbox 1385 597 1525 629; x_wconf 64' lang='lat' dir='ltr'>cxci-&lt;fori</span> <span class='ocrx_word' id='word_1_291' title='bbox 1547 598 1672 638; x_wconf 87' lang='lat' dir='ltr'>debeat,</span> <span class='ocrx_word' id='word_1_292' title='bbox 1694 599 1758 631; x_wconf 85' lang='lat' dir='ltr'>sive</span> 
     </span>
     <span class='ocr_line' id='line_1_53' title="bbox 1007 649 1756 692; baseline 0.004 -11"><span class='ocrx_word' id='word_1_293' title='bbox 1007 649 1069 682; x_wconf 90' lang='lat' dir='ltr'>sint</span> <span class='ocrx_word' id='word_1_294' title='bbox 1088 649 1212 682; x_wconf 85' lang='lat' dir='ltr'>laicalia</span> <span class='ocrx_word' id='word_1_295' title='bbox 1233 656 1264 683; x_wconf 86' lang='lat' dir='ltr'>et</span> <span class='ocrx_word' id='word_1_296' title='bbox 1283 650 1479 692; x_wconf 82' lang='lat' dir='ltr'>cuicumque</span> <span class='ocrx_word' id='word_1_297' title='bbox 1496 651 1756 691; x_wconf 81' lang='lat' dir='ltr'>tideicommisso,</span> 
     </span>
     <span class='ocr_line' id='line_1_54' title="bbox 1008 702 1757 747; baseline 0.005 -14"><span class='ocrx_word' id='word_1_298' title='bbox 1008 702 1244 743; x_wconf 85' lang='lat' dir='ltr'>substitutioni,</span> <span class='ocrx_word' id='word_1_299' title='bbox 1276 703 1470 735; x_wconf 85' lang='lat' dir='ltr'>successioni</span> <span class='ocrx_word' id='word_1_300' title='bbox 1492 704 1538 735; x_wconf 65' lang='lat' dir='ltr'>wi</span> <span class='ocrx_word' id='word_1_301' title='bbox 1559 704 1757 747; x_wconf 79' lang='lat' dir='ltr'>dispositioni</span> 
     </span>
     <span class='ocr_line' id='line_1_55' title="bbox 1008 755 1758 800; baseline 0.004 -13"><span class='ocrx_word' id='word_1_302' title='bbox 1008 755 1158 796; x_wconf 85' lang='lat' dir='ltr'>obnoxia,</span> <span class='ocrx_word' id='word_1_303' title='bbox 1181 762 1212 789; x_wconf 86' lang='lat' dir='ltr'>et</span> <span class='ocrx_word' id='word_1_304' title='bbox 1232 762 1294 789; x_wconf 92' lang='lat' dir='ltr'>tam</span> <span class='ocrx_word' id='word_1_305' title='bbox 1315 757 1394 789; x_wconf 86' lang='lat' dir='ltr'>haec</span> <span class='ocrx_word' id='word_1_306' title='bbox 1425 756 1550 789; x_wconf 86' lang='lat' dir='ltr'>laicalia</span> <span class='ocrx_word' id='word_1_307' title='bbox 1583 768 1678 800; x_wconf 85' lang='lat' dir='ltr'>qnam</span> <span class='ocrx_word' id='word_1_308' title='bbox 1704 758 1758 790; x_wconf 80' lang='lat' dir='ltr'>illt</span> 
     </span>
     <span class='ocr_line' id='line_1_56' title="bbox 1007 809 1757 853; baseline 0.003 -11"><span class='ocrx_word' id='word_1_309' title='bbox 1007 809 1235 849; x_wconf 87' lang='lat' dir='ltr'>ecclesiastica,</span> <span class='ocrx_word' id='word_1_310' title='bbox 1255 820 1379 849; x_wconf 87' lang='lat' dir='ltr'>eorum,</span> <span class='ocrx_word' id='word_1_311' title='bbox 1400 809 1455 852; x_wconf 90' lang='lat' dir='ltr'>qui</span> <span class='ocrx_word' id='word_1_312' title='bbox 1475 809 1528 841; x_wconf 92' lang='lat' dir='ltr'>illa</span> <span class='ocrx_word' id='word_1_313' title='bbox 1558 810 1757 853; x_wconf 80' lang='lat' dir='ltr'>reliquerunt</span> 
     </span>
     <span class='ocr_line' id='line_1_57' title="bbox 1008 863 1756 903; baseline 0.001 -7"><span class='ocrx_word' id='word_1_314' title='bbox 1008 874 1064 896; x_wconf 89' lang='lat' dir='ltr'>seu</span> <span class='ocrx_word' id='word_1_315' title='bbox 1084 863 1253 903; x_wconf 86' lang='lat' dir='ltr'>dederunt,</span> <span class='ocrx_word' id='word_1_316' title='bbox 1287 863 1399 896; x_wconf 87' lang='lat' dir='ltr'>ultima</span> <span class='ocrx_word' id='word_1_317' title='bbox 1428 863 1475 895; x_wconf 81' lang='lat' dir='ltr'>vel</span> <span class='ocrx_word' id='word_1_318' title='bbox 1509 863 1571 896; x_wconf 90' lang='lat' dir='ltr'>alia</span> <span class='ocrx_word' id='word_1_319' title='bbox 1595 865 1756 897; x_wconf 72' lang='lat' dir='ltr'>voluntate</span> 
     </span>
     <span class='ocr_line' id='line_1_58' title="bbox 1007 916 1756 960; baseline 0.001 -11"><span class='ocrx_word' id='word_1_320' title='bbox 1007 917 1141 949; x_wconf 87' lang='lat' dir='ltr'>alienari</span> <span class='ocrx_word' id='word_1_321' title='bbox 1174 916 1347 960; x_wconf 85' lang='lat' dir='ltr'>prohibita,</span> <span class='ocrx_word' id='word_1_322' title='bbox 1366 927 1403 949; x_wconf 89' lang='lat' dir='ltr'>ac</span> <span class='ocrx_word' id='word_1_323' title='bbox 1426 926 1633 960; x_wconf 88' lang='lat' dir='ltr'>quocumque</span> <span class='ocrx_word' id='word_1_324' title='bbox 1659 928 1756 950; x_wconf 90' lang='lat' dir='ltr'>onere</span> 
     </span>
     <span class='ocr_line' id='line_1_59' title="bbox 1007 975 1146 1012; baseline 0.007 -11"><span class='ocrx_word' id='word_1_325' title='bbox 1007 975 1146 1012; x_wconf 76' lang='lat' dir='ltr'>gravata.</span> 
     </span>
    </p>

    <p class='ocr_par' dir='ltr' id='par_1_14' title="bbox 1008 1022 1756 1118">
     <span class='ocr_line' id='line_1_60' title="bbox 1053 1022 1756 1066; baseline 0 -11"><span class='ocrx_word' id='word_1_326' title='bbox 1053 1023 1067 1066; x_wconf 64' lang='grc' dir='ltr'><strong>ἓ</strong></span> <span class='ocrx_word' id='word_1_327' title='bbox 1088 1022 1140 1055; x_wconf 80' lang='grc'>17.</span> <span class='ocrx_word' id='word_1_328' title='bbox 1164 1026 1226 1055; x_wconf 64' lang='lat' dir='ltr'>best</span> <span class='ocrx_word' id='word_1_329' title='bbox 1249 1022 1375 1065; x_wconf 79' lang='lat' dir='ltr'>quoties</span> <span class='ocrx_word' id='word_1_330' title='bbox 1402 1033 1493 1055; x_wconf 88' lang='lat' dir='ltr'>casus</span> <span class='ocrx_word' id='word_1_331' title='bbox 1514 1022 1663 1060; x_wconf 78' lang='lat' dir='ltr'>evenerit,</span> <span class='ocrx_word' id='word_1_332' title='bbox 1693 1034 1756 1066; x_wconf 82' lang='lat' dir='ltr'>quo</span> 
     </span>
     <span class='ocr_line' id='line_1_61' title="bbox 1008 1075 1753 1118; baseline 0.001 -11"><span class='ocrx_word' id='word_1_333' title='bbox 1008 1085 1058 1107; x_wconf 82' lang='lat' dir='ltr'>res</span> <span class='ocrx_word' id='word_1_334' title='bbox 1069 1075 1177 1118; x_wconf 85' lang='lat' dir='ltr'>aliqua</span> <span class='ocrx_word' id='word_1_335' title='bbox 1197 1075 1256 1107; x_wconf 87' lang='lat' dir='ltr'>hac</span> <span class='ocrx_word' id='word_1_336' title='bbox 1277 1075 1503 1108; x_wconf 87' lang='lat' dir='ltr'>constitutione</span> <span class='ocrx_word' id='word_1_337' title='bbox 1521 1075 1611 1108; x_wconf 74' lang='lat' dir='ltr'>vendi</span> <span class='ocrx_word' id='word_1_338' title='bbox 1624 1075 1753 1116; x_wconf 80' lang='lat' dir='ltr'>debeat,</span> 
     </span>
    </p>
   </div>
   <div class='ocr_carea' id='block_1_11' title="bbox 223 1124 1756 1176">
    <p class='ocr_par' dir='ltr' id='par_1_15' title="bbox 223 1124 1756 1176">
     <span class='ocr_line' id='line_1_62' title="bbox 223 1124 1756 1176; baseline 0.001 -16"><span class='ocrx_word' id='word_1_339' title='bbox 223 1137 316 1160; x_wconf 86' lang='lat' dir='ltr'>surae</span> <span class='ocrx_word' id='word_1_340' title='bbox 336 1126 447 1161; x_wconf 83' lang='lat' dir='ltr'>decem</span> <span class='ocrx_word' id='word_1_341' title='bbox 467 1127 630 1160; x_wconf 79' lang='lat' dir='ltr'>dumtaxat</span> <span class='ocrx_word' id='word_1_342' title='bbox 646 1128 693 1160; x_wconf 74' lang='lat' dir='ltr'>vel</span> <span class='ocrx_word' id='word_1_343' title='bbox 714 1128 905 1172; x_wconf 86' lang='lat' dir='ltr'>pauciorum</span> <span class='ocrx_word' id='word_1_344' title='bbox 918 1140 970 1161; x_wconf 89' lang='lat' dir='ltr'>ru-</span> <span class='ocrx_word' id='word_1_345' title='bbox 988 1124 990 1176; x_wconf 62' lang='grc'>1</span> <span class='ocrx_word' id='word_1_346' title='bbox 1008 1129 1032 1161; x_wconf 89' lang='lat' dir='ltr'>si</span> <span class='ocrx_word' id='word_1_347' title='bbox 1047 1129 1073 1161; x_wconf 93' lang='lat' dir='ltr'>is</span> <span class='ocrx_word' id='word_1_348' title='bbox 1093 1129 1131 1161; x_wconf 91' lang='lat' dir='ltr'>ad</span> <span class='ocrx_word' id='word_1_349' title='bbox 1162 1139 1259 1172; x_wconf 87' lang='lat' dir='ltr'>quem</span> <span class='ocrx_word' id='word_1_350' title='bbox 1282 1129 1419 1172; x_wconf 86' lang='lat' dir='ltr'>pertinet</span> <span class='ocrx_word' id='word_1_351' title='bbox 1451 1139 1520 1161; x_wconf 86' lang='lat' dir='ltr'>eam</span> <span class='ocrx_word' id='word_1_352' title='bbox 1541 1129 1688 1169; x_wconf 79' lang='lat' dir='ltr'>vendere,</span> <span class='ocrx_word' id='word_1_353' title='bbox 1710 1130 1756 1161; x_wconf 83' lang='lat' dir='ltr'>bis</span> 
     </span>
    </p>
   </div>
   <div class='ocr_carea' id='block_1_12' title="bbox 1008 1181 1760 2233">
    <p class='ocr_par' dir='ltr' id='par_1_16' title="bbox 1008 1181 1760 2233">
     <span class='ocr_line' id='line_1_63' title="bbox 1010 1181 1755 1224; baseline 0 -11"><span class='ocrx_word' id='word_1_354' title='bbox 1010 1181 1150 1214; x_wconf 87' lang='lat' dir='ltr'>monitus</span> <span class='ocrx_word' id='word_1_355' title='bbox 1169 1192 1186 1214; x_wconf 90' lang='lat' dir='ltr'>a</span> <span class='ocrx_word' id='word_1_356' title='bbox 1207 1182 1385 1214; x_wconf 88' lang='lat' dir='ltr'>camerario</span> <span class='ocrx_word' id='word_1_357' title='bbox 1419 1187 1448 1214; x_wconf 81' lang='lat' dir='ltr'>et</span> <span class='ocrx_word' id='word_1_358' title='bbox 1481 1181 1651 1224; x_wconf 68' lang='lat' dir='ltr'>magistris,</span> <span class='ocrx_word' id='word_1_359' title='bbox 1683 1193 1755 1214; x_wconf 90' lang='lat' dir='ltr'>cum</span> 
     </span>
     <span class='ocr_line' id='line_1_64' title="bbox 1008 1234 1756 1277; baseline 0.004 -11"><span class='ocrx_word' id='word_1_360' title='bbox 1008 1235 1220 1277; x_wconf 77' lang='lat' dir='ltr'>assignatione</span> <span class='ocrx_word' id='word_1_361' title='bbox 1241 1234 1457 1267; x_wconf 70' lang='lat' dir='ltr'>convenientis</span> <span class='ocrx_word' id='word_1_362' title='bbox 1483 1235 1611 1267; x_wconf 88' lang='lat' dir='ltr'>termini</span> <span class='ocrx_word' id='word_1_363' title='bbox 1647 1235 1685 1267; x_wconf 89' lang='lat' dir='ltr'>ad</span> <span class='ocrx_word' id='word_1_364' title='bbox 1704 1246 1756 1268; x_wconf 70' lang='lat' dir='ltr'>ve-</span> 
     </span>
     <span class='ocr_line' id='line_1_65' title="bbox 1009 1287 1756 1327; baseline 0.001 -8"><span class='ocrx_word' id='word_1_365' title='bbox 1009 1287 1176 1327; x_wconf 86' lang='lat' dir='ltr'>niendum,</span> <span class='ocrx_word' id='word_1_366' title='bbox 1200 1287 1230 1319; x_wconf 92' lang='lat' dir='ltr'>id</span> <span class='ocrx_word' id='word_1_367' title='bbox 1247 1288 1439 1320; x_wconf 75' lang='lat' dir='ltr'>recusaverit</span> <span class='ocrx_word' id='word_1_368' title='bbox 1460 1288 1675 1321; x_wconf 70' lang='lat' dir='ltr'>velmalitiose</span> <span class='ocrx_word' id='word_1_369' title='bbox 1696 1289 1756 1320; x_wconf 78' lang='lat' dir='ltr'>dis-</span> 
     </span>
     <span class='ocr_line' id='line_1_66' title="bbox 1009 1340 1756 1383; baseline 0.001 -10"><span class='ocrx_word' id='word_1_370' title='bbox 1009 1340 1129 1381; x_wconf 82' lang='lat' dir='ltr'>tulerit,</span> <span class='ocrx_word' id='word_1_371' title='bbox 1152 1346 1227 1373; x_wconf 85' lang='lat' dir='ltr'>ttmc</span> <span class='ocrx_word' id='word_1_372' title='bbox 1249 1341 1446 1373; x_wconf 86' lang='lat' dir='ltr'>camerarius</span> <span class='ocrx_word' id='word_1_373' title='bbox 1471 1346 1501 1373; x_wconf 91' lang='lat' dir='ltr'>et</span> <span class='ocrx_word' id='word_1_374' title='bbox 1516 1341 1672 1383; x_wconf 71' lang='lat' dir='ltr'>magistri,</span> <span class='ocrx_word' id='word_1_375' title='bbox 1690 1342 1756 1375; x_wconf 69' lang='lat' dir='ltr'>viee</span> 
     </span>
     <span class='ocr_line' id='line_1_67' title="bbox 1008 1394 1754 1436; baseline 0.001 -10"><span class='ocrx_word' id='word_1_376' title='bbox 1008 1405 1045 1426; x_wconf 90' lang='lat' dir='ltr'>ac</span> <span class='ocrx_word' id='word_1_377' title='bbox 1065 1394 1194 1427; x_wconf 89' lang='lat' dir='ltr'>nomine</span> <span class='ocrx_word' id='word_1_378' title='bbox 1211 1395 1389 1427; x_wconf 85' lang='lat' dir='ltr'>recusantis</span> <span class='ocrx_word' id='word_1_379' title='bbox 1411 1395 1458 1427; x_wconf 82' lang='lat' dir='ltr'>vel</span> <span class='ocrx_word' id='word_1_380' title='bbox 1480 1395 1655 1428; x_wconf 84' lang='lat' dir='ltr'>disserentis</span> <span class='ocrx_word' id='word_1_381' title='bbox 1667 1423 1674 1436; x_wconf 89' lang='lat'>,</span> <span class='ocrx_word' id='word_1_382' title='bbox 1688 1406 1754 1428; x_wconf 84' lang='lat' dir='ltr'>rem</span> 
     </span>
     <span class='ocr_line' id='line_1_68' title="bbox 1008 1447 1755 1491; baseline 0.001 -11"><span class='ocrx_word' id='word_1_383' title='bbox 1008 1447 1110 1491; x_wconf 84' lang='lat' dir='ltr'>ipsam</span> <span class='ocrx_word' id='word_1_384' title='bbox 1130 1448 1280 1489; x_wconf 69' lang='lat' dir='ltr'>vendant,</span> <span class='ocrx_word' id='word_1_385' title='bbox 1295 1458 1367 1480; x_wconf 84' lang='lat' dir='ltr'>cum</span> <span class='ocrx_word' id='word_1_386' title='bbox 1381 1448 1661 1491; x_wconf 83' lang='lat' dir='ltr'>promissionibus,</span> <span class='ocrx_word' id='word_1_387' title='bbox 1674 1449 1755 1481; x_wconf 85' lang='lat' dir='ltr'>obli-</span> 
     </span>
     <span class='ocr_line' id='line_1_69' title="bbox 1008 1500 1756 1545; baseline 0.004 -13"><span class='ocrx_word' id='word_1_388' title='bbox 1008 1500 1202 1543; x_wconf 79' lang='lat' dir='ltr'>gationihus,</span> <span class='ocrx_word' id='word_1_389' title='bbox 1237 1501 1550 1541; x_wconf 78' lang='lat' dir='ltr'>renunciationilms,</span> <span class='ocrx_word' id='word_1_390' title='bbox 1582 1502 1697 1545; x_wconf 84' lang='lat' dir='ltr'>pactis,</span> <span class='ocrx_word' id='word_1_391' title='bbox 1723 1513 1756 1535; x_wconf 87' lang='lat' dir='ltr'>e-</span> 
     </span>
     <span class='ocr_line' id='line_1_70' title="bbox 1009 1554 1753 1598; baseline 0.003 -13"><span class='ocrx_word' id='word_1_392' title='bbox 1009 1554 1084 1586; x_wconf 89' lang='lat' dir='ltr'>tiam</span> <span class='ocrx_word' id='word_1_393' title='bbox 1105 1554 1310 1598; x_wconf 83' lang='lat' dir='ltr'>poenalibus,</span> <span class='ocrx_word' id='word_1_394' title='bbox 1331 1560 1359 1586; x_wconf 86' lang='lat' dir='ltr'>et</span> <span class='ocrx_word' id='word_1_395' title='bbox 1387 1554 1538 1588; x_wconf 80' lang='lat' dir='ltr'>clausulis</span> <span class='ocrx_word' id='word_1_396' title='bbox 1575 1556 1753 1595; x_wconf 80' lang='lat' dir='ltr'>consuetis,</span> 
     </span>
     <span class='ocr_line' id='line_1_71' title="bbox 1009 1606 1755 1651; baseline 0.004 -13"><span class='ocrx_word' id='word_1_397' title='bbox 1009 1606 1215 1649; x_wconf 86' lang='lat' dir='ltr'>pretiumque</span> <span class='ocrx_word' id='word_1_398' title='bbox 1228 1607 1313 1650; x_wconf 89' lang='lat' dir='ltr'>quod</span> <span class='ocrx_word' id='word_1_399' title='bbox 1329 1607 1402 1639; x_wconf 86' lang='lat' dir='ltr'>inde</span> <span class='ocrx_word' id='word_1_400' title='bbox 1415 1617 1489 1639; x_wconf 86' lang='lat' dir='ltr'>cum</span> <span class='ocrx_word' id='word_1_401' title='bbox 1505 1608 1573 1640; x_wconf 86' lang='lat' dir='ltr'>eius</span> <span class='ocrx_word' id='word_1_402' title='bbox 1583 1614 1755 1651; x_wconf 74' lang='lat' dir='ltr'>augmento</span> 
     </span>
     <span class='ocr_line' id='line_1_72' title="bbox 1010 1660 1755 1705; baseline 0.003 -14"><span class='ocrx_word' id='word_1_403' title='bbox 1010 1660 1189 1703; x_wconf 81' lang='lat' dir='ltr'>proveniet,</span> <span class='ocrx_word' id='word_1_404' title='bbox 1212 1660 1297 1703; x_wconf 86' lang='lat' dir='ltr'>apud</span> <span class='ocrx_word' id='word_1_405' title='bbox 1331 1660 1441 1692; x_wconf 83' lang='lat' dir='ltr'>aedem</span> <span class='ocrx_word' id='word_1_406' title='bbox 1463 1671 1584 1693; x_wconf 87' lang='lat' dir='ltr'>sacram</span> <span class='ocrx_word' id='word_1_407' title='bbox 1606 1662 1653 1694; x_wconf 74' lang='lat' dir='ltr'>rel</span> <span class='ocrx_word' id='word_1_408' title='bbox 1682 1672 1755 1705; x_wconf 87' lang='lat' dir='ltr'>per-</span> 
     </span>
     <span class='ocr_line' id='line_1_73' title="bbox 1010 1713 1757 1758; baseline 0.003 -13"><span class='ocrx_word' id='word_1_409' title='bbox 1010 1723 1119 1745; x_wconf 85' lang='lat' dir='ltr'>sonam</span> <span class='ocrx_word' id='word_1_410' title='bbox 1141 1713 1202 1746; x_wconf 83' lang='lat' dir='ltr'>fide</span> <span class='ocrx_word' id='word_1_411' title='bbox 1219 1719 1246 1745; x_wconf 90' lang='lat' dir='ltr'>et</span> <span class='ocrx_word' id='word_1_412' title='bbox 1268 1713 1472 1746; x_wconf 85' lang='lat' dir='ltr'>facultatibus</span> <span class='ocrx_word' id='word_1_413' title='bbox 1492 1713 1639 1746; x_wconf 87' lang='lat' dir='ltr'>idoneam</span> <span class='ocrx_word' id='word_1_414' title='bbox 1660 1715 1757 1758; x_wconf 84' lang='lat' dir='ltr'>depo-</span> 
     </span>
     <span class='ocr_line' id='line_1_74' title="bbox 1012 1766 1757 1807; baseline 0.003 -9"><span class='ocrx_word' id='word_1_415' title='bbox 1012 1772 1097 1799; x_wconf 87' lang='lat' dir='ltr'>nant.</span> <span class='ocrx_word' id='word_1_416' title='bbox 1119 1767 1250 1807; x_wconf 81' lang='lat' dir='ltr'>Deinde,</span> <span class='ocrx_word' id='word_1_417' title='bbox 1273 1766 1296 1798; x_wconf 91' lang='lat' dir='ltr'>si</span> <span class='ocrx_word' id='word_1_418' title='bbox 1316 1777 1366 1799; x_wconf 84' lang='lat' dir='ltr'>res</span> <span class='ocrx_word' id='word_1_419' title='bbox 1386 1767 1599 1800; x_wconf 80' lang='lat' dir='ltr'>ecclesiastica</span> <span class='ocrx_word' id='word_1_420' title='bbox 1618 1773 1696 1807; x_wconf 85' lang='lat' dir='ltr'>erat,</span> <span class='ocrx_word' id='word_1_421' title='bbox 1709 1769 1757 1800; x_wconf 71' lang='lat' dir='ltr'>rel</span> 
     </span>
     <span class='ocr_line' id='line_1_75' title="bbox 1012 1819 1758 1862; baseline 0.003 -12"><span class='ocrx_word' id='word_1_422' title='bbox 1012 1819 1104 1851; x_wconf 77' lang='lat' dir='ltr'>·=tiam</span> <span class='ocrx_word' id='word_1_423' title='bbox 1131 1819 1155 1850; x_wconf 87' lang='lat' dir='ltr'>si</span> <span class='ocrx_word' id='word_1_424' title='bbox 1176 1819 1308 1858; x_wconf 82' lang='lat' dir='ltr'>laicalis,</span> <span class='ocrx_word' id='word_1_425' title='bbox 1329 1819 1382 1852; x_wconf 84' lang='lat' dir='ltr'>sed</span> <span class='ocrx_word' id='word_1_426' title='bbox 1411 1820 1498 1862; x_wconf 83' lang='lat' dir='ltr'>quod</span> <span class='ocrx_word' id='word_1_427' title='bbox 1531 1820 1649 1852; x_wconf 79' lang='lat' dir='ltr'>sciatur</span> <span class='ocrx_word' id='word_1_428' title='bbox 1668 1820 1758 1853; x_wconf 81' lang='lat' dir='ltr'>fidei-</span> 
     </span>
     <span class='ocr_line' id='line_1_76' title="bbox 1012 1872 1759 1916; baseline 0.007 -15"><span class='ocrx_word' id='word_1_429' title='bbox 1012 1872 1181 1905; x_wconf 74' lang='lat' dir='ltr'>commisso</span> <span class='ocrx_word' id='word_1_430' title='bbox 1213 1872 1341 1904; x_wconf 78' lang='lat' dir='ltr'>similivi</span> <span class='ocrx_word' id='word_1_431' title='bbox 1376 1872 1578 1916; x_wconf 84' lang='lat' dir='ltr'>dispositioni</span> <span class='ocrx_word' id='word_1_432' title='bbox 1616 1872 1759 1906; x_wconf 85' lang='lat' dir='ltr'>subiecta</span> 
     </span>
     <span class='ocr_line' id='line_1_77' title="bbox 1012 1925 1753 1968; baseline 0.001 -11"><span class='ocrx_word' id='word_1_433' title='bbox 1012 1925 1181 1958; x_wconf 59' lang='lat' dir='ltr'>alienamve</span> <span class='ocrx_word' id='word_1_434' title='bbox 1201 1925 1361 1968; x_wconf 87' lang='lat' dir='ltr'>prohibita</span> <span class='ocrx_word' id='word_1_435' title='bbox 1393 1932 1445 1958; x_wconf 90' lang='lat' dir='ltr'>aut</span> <span class='ocrx_word' id='word_1_436' title='bbox 1480 1936 1575 1958; x_wconf 81' lang='lat' dir='ltr'>onere</span> <span class='ocrx_word' id='word_1_437' title='bbox 1609 1931 1753 1968; x_wconf 72' lang='lat' dir='ltr'>gravata,</span> 
     </span>
     <span class='ocr_line' id='line_1_78' title="bbox 1013 1978 1760 2022; baseline 0.001 -12"><span class='ocrx_word' id='word_1_438' title='bbox 1013 1984 1182 2021; x_wconf 86' lang='lat' dir='ltr'>antequam</span> <span class='ocrx_word' id='word_1_439' title='bbox 1203 1985 1329 2022; x_wconf 87' lang='lat' dir='ltr'>emptor</span> <span class='ocrx_word' id='word_1_440' title='bbox 1348 1979 1415 2011; x_wconf 80' lang='lat' dir='ltr'>cius</span> <span class='ocrx_word' id='word_1_441' title='bbox 1432 1978 1660 2021; x_wconf 74' lang='lat' dir='ltr'>possessionem</span> <span class='ocrx_word' id='word_1_442' title='bbox 1676 1990 1760 2012; x_wconf 88' lang='lat' dir='ltr'>asse-</span> 
     </span>
     <span class='ocr_line' id='line_1_79' title="bbox 1013 2031 1759 2075; baseline 0.003 -12"><span class='ocrx_word' id='word_1_443' title='bbox 1013 2037 1139 2075; x_wconf 67' lang='lat' dir='ltr'>quatur,</span> <span class='ocrx_word' id='word_1_444' title='bbox 1151 2032 1289 2075; x_wconf 87' lang='lat' dir='ltr'>pretium</span> <span class='ocrx_word' id='word_1_445' title='bbox 1302 2033 1405 2074; x_wconf 86' lang='lat' dir='ltr'>ipsum</span> <span class='ocrx_word' id='word_1_446' title='bbox 1419 2037 1483 2063; x_wconf 82' lang='lat' dir='ltr'>totu</span> <span class='ocrx_word' id='word_1_447' title='bbox 1490 2042 1516 2063; x_wconf 86' lang='lat' dir='ltr'>m</span> <span class='ocrx_word' id='word_1_448' title='bbox 1532 2031 1562 2063; x_wconf 93' lang='lat' dir='ltr'>in</span> <span class='ocrx_word' id='word_1_449' title='bbox 1575 2031 1759 2074; x_wconf 88' lang='lat' dir='ltr'>aliquorum</span> 
     </span>
     <span class='ocr_line' id='line_1_80' title="bbox 1015 2084 1760 2127; baseline 0.003 -12"><span class='ocrx_word' id='word_1_450' title='bbox 1015 2086 1174 2117; x_wconf 61' lang='lat' dir='ltr'>bonorum</span> <span class='ocrx_word' id='word_1_451' title='bbox 1193 2084 1406 2117; x_wconf 88' lang='lat' dir='ltr'>immobilium</span> <span class='ocrx_word' id='word_1_452' title='bbox 1428 2084 1622 2127; x_wconf 71' lang='lat' dir='ltr'>emptionem</span> <span class='ocrx_word' id='word_1_453' title='bbox 1639 2085 1760 2118; x_wconf 83' lang='lat' dir='ltr'>utiliter</span> 
     </span>
     <span class='ocr_line' id='line_1_81' title="bbox 1024 2136 1758 2178; baseline 0 -8"><span class='ocrx_word' id='word_1_454' title='bbox 1024 2143 1227 2178; x_wconf 66' lang='lat' dir='ltr'>envertatur,</span> <span class='ocrx_word' id='word_1_455' title='bbox 1257 2143 1384 2170; x_wconf 78' lang='lat' dir='ltr'>carente</span> <span class='ocrx_word' id='word_1_456' title='bbox 1416 2137 1453 2168; x_wconf 80' lang='lat' dir='ltr'>de</span> <span class='ocrx_word' id='word_1_457' title='bbox 1485 2136 1639 2170; x_wconf 74' lang='lat' dir='ltr'>evictione</span> <span class='ocrx_word' id='word_1_458' title='bbox 1663 2138 1758 2170; x_wconf 86' lang='lat' dir='ltr'>etiam</span> 
     </span>
     <span class='ocr_line' id='line_1_82' title="bbox 1017 2190 1760 2233; baseline 0.001 -11"><span class='ocrx_word' id='word_1_459' title='bbox 1017 2192 1082 2233; x_wconf 63' lang='lat' dir='ltr'>⁴pso</span> <span class='ocrx_word' id='word_1_460' title='bbox 1102 2196 1258 2233; x_wconf 87' lang='lat' dir='ltr'>emptore,</span> <span class='ocrx_word' id='word_1_461' title='bbox 1281 2196 1309 2222; x_wconf 89' lang='lat' dir='ltr'>et</span> <span class='ocrx_word' id='word_1_462' title='bbox 1335 2190 1373 2221; x_wconf 85' lang='lat' dir='ltr'>ad</span> <span class='ocrx_word' id='word_1_463' title='bbox 1395 2190 1424 2220; x_wconf 88' lang='lat' dir='ltr'>id</span> <span class='ocrx_word' id='word_1_464' title='bbox 1445 2190 1551 2221; x_wconf 87' lang='lat' dir='ltr'>omnia</span> <span class='ocrx_word' id='word_1_465' title='bbox 1571 2190 1654 2223; x_wconf 88' lang='lat' dir='ltr'>bona</span> <span class='ocrx_word' id='word_1_466' title='bbox 1681 2191 1760 2223; x_wconf 85' lang='lat' dir='ltr'>obli-</span> 
     </span>
    </p>
   </div>
   <div class='ocr_carea' id='block_1_13' title="bbox 235 2235 1762 2642">
    <p class='ocr_par' dir='ltr' id='par_1_17' title="bbox 235 2235 1762 2642">
     <span class='ocr_line' id='line_1_83' title="bbox 235 2235 1760 2286; baseline 0.004 -15"><span class='ocrx_word' id='word_1_467' title='bbox 235 2238 347 2271; x_wconf 86' lang='lat' dir='ltr'>clesias</span> <span class='ocrx_word' id='word_1_468' title='bbox 365 2244 396 2271; x_wconf 89' lang='lat' dir='ltr'>et</span> <span class='ocrx_word' id='word_1_469' title='bbox 422 2239 586 2280; x_wconf 84' lang='lat' dir='ltr'>basilicas,</span> <span class='ocrx_word' id='word_1_470' title='bbox 617 2240 711 2273; x_wconf 88' lang='lat' dir='ltr'>etiam</span> <span class='ocrx_word' id='word_1_471' title='bbox 737 2235 838 2274; x_wconf 80' lang='lat' dir='ltr'>dictae</span> <span class='ocrx_word' id='word_1_472' title='bbox 867 2241 977 2280; x_wconf 80' lang='lat' dir='ltr'>Urbis,</span> <span class='ocrx_word' id='word_1_473' title='bbox 1021 2249 1119 2283; x_wconf 59' lang='lat' dir='ltr'>sante,</span> <span class='ocrx_word' id='word_1_474' title='bbox 1135 2242 1611 2286; x_wconf 77' lang='lat' dir='ltr'>denturquebonaindeempta</span> <span class='ocrx_word' id='word_1_475' title='bbox 1627 2244 1760 2278; x_wconf 89' lang='lat' dir='ltr'>domino</span> 
     </span>
     <span class='ocr_line' id='line_1_84' title="bbox 236 2291 1761 2335; baseline 0.005 -12"><span class='ocrx_word' id='word_1_476' title='bbox 236 2291 331 2324; x_wconf 87' lang='lat' dir='ltr'>etiam</span> <span class='ocrx_word' id='word_1_477' title='bbox 343 2291 571 2334; x_wconf 81' lang='lat' dir='ltr'>patriarchales</span> <span class='ocrx_word' id='word_1_478' title='bbox 583 2320 590 2333; x_wconf 96' lang='lat'>‚</span> <span class='ocrx_word' id='word_1_479' title='bbox 612 2299 666 2326; x_wconf 87' lang='lat' dir='ltr'>aut</span> <span class='ocrx_word' id='word_1_480' title='bbox 690 2294 828 2327; x_wconf 70' lang='lat' dir='ltr'>cuiusvis</span> <span class='ocrx_word' id='word_1_481' title='bbox 855 2294 981 2327; x_wconf 83' lang='lat' dir='ltr'>Ordinis</span> <span class='ocrx_word' id='word_1_482' title='bbox 1018 2297 1060 2329; x_wconf 68' lang='lat' dir='ltr'>2ei</span> <span class='ocrx_word' id='word_1_483' title='bbox 1080 2296 1239 2328; x_wconf 75' lang='lat' dir='ltr'>venditae.</span> <span class='ocrx_word' id='word_1_484' title='bbox 1263 2299 1330 2333; x_wconf 76' lang='lat' dir='ltr'>Quo</span> <span class='ocrx_word' id='word_1_485' title='bbox 1347 2296 1442 2335; x_wconf 79' lang='lat' dir='ltr'>sacto,</span> <span class='ocrx_word' id='word_1_486' title='bbox 1459 2296 1598 2329; x_wconf 74' lang='lat' dir='ltr'>venditio</span> <span class='ocrx_word' id='word_1_487' title='bbox 1614 2296 1659 2329; x_wconf 90' lang='lat' dir='ltr'>rei</span> <span class='ocrx_word' id='word_1_488' title='bbox 1674 2297 1761 2330; x_wconf 85' lang='lat' dir='ltr'>illius</span> 
     </span>
     <span class='ocr_line' id='line_1_85' title="bbox 236 2343 1759 2393; baseline 0.005 -18"><span class='ocrx_word' id='word_1_489' title='bbox 236 2343 481 2384; x_wconf 77' lang='lat' dir='ltr'>monasteriaet,</span> <span class='ocrx_word' id='word_1_490' title='bbox 495 2345 588 2377; x_wconf 89' lang='lat' dir='ltr'>etiam</span> <span class='ocrx_word' id='word_1_491' title='bbox 598 2346 982 2387; x_wconf 82' lang='lat' dir='ltr'>Mendieantium,domos</span> <span class='ocrx_word' id='word_1_492' title='bbox 1018 2360 1219 2392; x_wconf 46' lang='lat' dir='ltr'>nequaquam</span> <span class='ocrx_word' id='word_1_493' title='bbox 1241 2348 1376 2380; x_wconf 74' lang='lat' dir='ltr'>rescindi</span> <span class='ocrx_word' id='word_1_494' title='bbox 1397 2354 1449 2380; x_wconf 87' lang='lat' dir='ltr'>aut</span> <span class='ocrx_word' id='word_1_495' title='bbox 1470 2348 1563 2381; x_wconf 85' lang='lat' dir='ltr'>etiam</span> <span class='ocrx_word' id='word_1_496' title='bbox 1576 2350 1759 2393; x_wconf 70' lang='lat' dir='ltr'>impugnari</span> 
     </span>
     <span class='ocr_line' id='line_1_86' title="bbox 236 2396 1759 2444; baseline 0.005 -16"><span class='ocrx_word' id='word_1_497' title='bbox 236 2396 363 2439; x_wconf 87' lang='lat' dir='ltr'>aliaque</span> <span class='ocrx_word' id='word_1_498' title='bbox 383 2397 453 2428; x_wconf 85' lang='lat' dir='ltr'>loca</span> <span class='ocrx_word' id='word_1_499' title='bbox 472 2396 632 2439; x_wconf 82' lang='lat' dir='ltr'>religiosa,</span> <span class='ocrx_word' id='word_1_500' title='bbox 657 2409 781 2431; x_wconf 87' lang='lat' dir='ltr'>necnon</span> <span class='ocrx_word' id='word_1_501' title='bbox 803 2399 981 2443; x_wconf 85' lang='lat' dir='ltr'>hospitalia,</span> <span class='ocrx_word' id='word_1_502' title='bbox 1018 2402 1131 2444; x_wconf 78' lang='lat' dir='ltr'>possit,</span> <span class='ocrx_word' id='word_1_503' title='bbox 1166 2406 1329 2443; x_wconf 63' lang='lat' dir='ltr'>praetextu</span> <span class='ocrx_word' id='word_1_504' title='bbox 1359 2402 1539 2443; x_wconf 76' lang='lat' dir='ltr'>quarumvis</span> <span class='ocrx_word' id='word_1_505' title='bbox 1565 2403 1759 2435; x_wconf 83' lang='lat' dir='ltr'>obstantium</span> 
     </span>
     <span class='ocr_line' id='line_1_87' title="bbox 237 2444 1762 2492; baseline 0.002 -14"><span class='ocrx_word' id='word_1_506' title='bbox 237 2444 333 2478; x_wconf 86' lang='lat' dir='ltr'>etiam</span> <span class='ocrx_word' id='word_1_507' title='bbox 360 2445 527 2477; x_wconf 89' lang='lat' dir='ltr'>nationum</span> <span class='ocrx_word' id='word_1_508' title='bbox 554 2451 607 2477; x_wconf 87' lang='lat' dir='ltr'>aut</span> <span class='ocrx_word' id='word_1_509' title='bbox 631 2447 825 2488; x_wconf 79' lang='lat' dir='ltr'>regularium</span> <span class='ocrx_word' id='word_1_510' title='bbox 852 2449 981 2481; x_wconf 89' lang='lat' dir='ltr'>militia·</span> <span class='ocrx_word' id='word_1_511' title='bbox 1019 2449 1273 2492; x_wconf 23' lang='lat' dir='ltr'>«lispositionunn</span> <span class='ocrx_word' id='word_1_512' title='bbox 1287 2449 1350 2480; x_wconf 71' lang='lat' dir='ltr'>sive</span> <span class='ocrx_word' id='word_1_513' title='bbox 1370 2449 1464 2482; x_wconf 90' lang='lat' dir='ltr'>etiam</span> <span class='ocrx_word' id='word_1_514' title='bbox 1485 2450 1515 2482; x_wconf 88' lang='lat' dir='ltr'>in</span> <span class='ocrx_word' id='word_1_515' title='bbox 1526 2451 1692 2483; x_wconf 72' lang='lat' dir='ltr'>utilitatem</span> <span class='ocrx_word' id='word_1_516' title='bbox 1710 2463 1762 2484; x_wconf 82' lang='lat' dir='ltr'>ee·-</span> 
     </span>
     <span class='ocr_line' id='line_1_88' title="bbox 237 2493 1756 2543; baseline 0.005 -18"><span class='ocrx_word' id='word_1_517' title='bbox 237 2503 331 2532; x_wconf 88' lang='lat' dir='ltr'>rum,</span> <span class='ocrx_word' id='word_1_518' title='bbox 361 2493 613 2535; x_wconf 86' lang='lat' dir='ltr'>sodalidatesque</span> <span class='ocrx_word' id='word_1_519' title='bbox 636 2501 689 2526; x_wconf 87' lang='lat' dir='ltr'>aut</span> <span class='ocrx_word' id='word_1_520' title='bbox 710 2496 984 2529; x_wconf 76' lang='lat' dir='ltr'>confraternitates</span> <span class='ocrx_word' id='word_1_521' title='bbox 1019 2499 1131 2530; x_wconf 65' lang='lat' dir='ltr'>„lesiae</span> <span class='ocrx_word' id='word_1_522' title='bbox 1153 2504 1203 2529; x_wconf 89' lang='lat' dir='ltr'>aut</span> <span class='ocrx_word' id='word_1_523' title='bbox 1226 2498 1287 2529; x_wconf 63' lang='lat' dir='ltr'>lot-i</span> <span class='ocrx_word' id='word_1_524' title='bbox 1308 2498 1354 2530; x_wconf 71' lang='lat' dir='ltr'>rel</span> <span class='ocrx_word' id='word_1_525' title='bbox 1375 2509 1530 2541; x_wconf 88' lang='lat' dir='ltr'>personae</span> <span class='ocrx_word' id='word_1_526' title='bbox 1555 2501 1756 2543; x_wconf 51' lang='lat' dir='ltr'>cuiusquai&#39;n.</span> 
     </span>
     <span class='ocr_line' id='line_1_89' title="bbox 239 2541 1761 2590; baseline 0.005 -17"><span class='ocrx_word' id='word_1_527' title='bbox 239 2547 409 2584; x_wconf 87' lang='lat' dir='ltr'>ceteraque</span> <span class='ocrx_word' id='word_1_528' title='bbox 426 2541 478 2585; x_wconf 84' lang='lat' dir='ltr'>pia</span> <span class='ocrx_word' id='word_1_529' title='bbox 498 2542 568 2574; x_wconf 77' lang='lat' dir='ltr'>loca</span> <span class='ocrx_word' id='word_1_530' title='bbox 586 2543 787 2584; x_wconf 85' lang='lat' dir='ltr'>pertinentia,</span> <span class='ocrx_word' id='word_1_531' title='bbox 807 2544 982 2578; x_wconf 88' lang='lat' dir='ltr'>dummodo</span> <span class='ocrx_word' id='word_1_532' title='bbox 1020 2548 1053 2578; x_wconf 68' lang='lat' dir='ltr'>{ji</span> <span class='ocrx_word' id='word_1_533' title='bbox 1079 2547 1210 2590; x_wconf 57' lang='lat' dir='ltr'>insuper</span> <span class='ocrx_word' id='word_1_534' title='bbox 1235 2557 1284 2578; x_wconf 82' lang='lat' dir='ltr'>res</span> <span class='ocrx_word' id='word_1_535' title='bbox 1304 2546 1356 2579; x_wconf 88' lang='lat' dir='ltr'>illa</span> <span class='ocrx_word' id='word_1_536' title='bbox 1382 2548 1505 2581; x_wconf 86' lang='lat' dir='ltr'>vendita</span> <span class='ocrx_word' id='word_1_537' title='bbox 1536 2549 1635 2581; x_wconf 85' lang='lat' dir='ltr'>libera</span> <span class='ocrx_word' id='word_1_538' title='bbox 1664 2550 1699 2581; x_wconf 82' lang='lat' dir='ltr'>sit</span> <span class='ocrx_word' id='word_1_539' title='bbox 1731 2555 1761 2582; x_wconf 67' lang='lat' dir='ltr'>et.</span> 
     </span>
     <span class='ocr_line' id='line_1_90' title="bbox 240 2590 1759 2642; baseline 0.005 -20"><span class='ocrx_word' id='word_1_540' title='bbox 240 2600 345 2634; x_wconf 85' lang='lat' dir='ltr'>neque</span> <span class='ocrx_word' id='word_1_541' title='bbox 355 2590 504 2633; x_wconf 78' lang='lat' dir='ltr'>contigua</span> <span class='ocrx_word' id='word_1_542' title='bbox 524 2590 678 2631; x_wconf 84' lang='lat' dir='ltr'>ecclesiis,</span> <span class='ocrx_word' id='word_1_543' title='bbox 699 2592 911 2633; x_wconf 86' lang='lat' dir='ltr'>monasteriis,</span> <span class='ocrx_word' id='word_1_544' title='bbox 924 2593 982 2626; x_wconf 85' lang='lat' dir='ltr'>lio·</span> <span class='ocrx_word' id='word_1_545' title='bbox 1019 2601 1162 2638; x_wconf 45' lang='lat' dir='ltr'>«empta</span> <span class='ocrx_word' id='word_1_546' title='bbox 1183 2595 1221 2627; x_wconf 85' lang='lat' dir='ltr'>ab</span> <span class='ocrx_word' id='word_1_547' title='bbox 1242 2595 1390 2628; x_wconf 85' lang='lat' dir='ltr'>omnibus</span> <span class='ocrx_word' id='word_1_548' title='bbox 1415 2597 1598 2630; x_wconf 64' lang='lat' dir='ltr'>huiusmodi</span> <span class='ocrx_word' id='word_1_549' title='bbox 1624 2598 1759 2642; x_wconf 59' lang='lat' dir='ltr'>dispo—i«</span> 
     </span>
    </p>
   </div>
   <div class='ocr_carea' id='block_1_14' title="bbox 31 2259 222 2344">
    <p class='ocr_par' dir='ltr' id='par_1_18' title="bbox 31 2259 222 2344">
     <span class='ocr_line' id='line_1_91' title="bbox 38 2259 221 2279; baseline -0.005 0"><span class='ocrx_word' id='word_1_550' title='bbox 38 2259 146 2279; x_wconf 66' lang='lat' dir='ltr'>cialibus</span> <span class='ocrx_word' id='word_1_551' title='bbox 186 2261 221 2278; x_wconf 76' lang='lat' dir='ltr'>aut</span> 
     </span>
     <span class='ocr_line' id='line_1_92' title="bbox 31 2289 222 2324; baseline 0.005 -15"><span class='ocrx_word' id='word_1_552' title='bbox 31 2289 140 2324; x_wconf 60' lang='lat' dir='ltr'>-aubicclis</span> <span class='ocrx_word' id='word_1_553' title='bbox 160 2289 222 2310; x_wconf 74' lang='lat' dir='ltr'>fidei-</span> 
     </span>
     <span class='ocr_line' id='line_1_93' title="bbox 40 2324 160 2344; baseline 0.017 -5"><span class='ocrx_word' id='word_1_554' title='bbox 40 2324 160 2344; x_wconf 56' lang='lat' dir='ltr'>commisso.</span> 
     </span>
    </p>
   </div>
   <div class='ocr_carea' id='block_1_15' title="bbox 0 1225 33 3228">
    <p class='ocr_par' dir='ltr' id='par_1_19' title="bbox 0 1225 33 3228">
     <span class='ocr_line' id='line_1_94' title="bbox 0 1225 33 3228; baseline 0 0"><span class='ocrx_word' id='word_1_555' title='bbox 0 1225 33 3228; x_wconf 95' lang='lat' dir='ltr'> </span> 
     </span>
    </p>
   </div>
   <div class='ocr_carea' id='block_1_16' title="bbox 1775 225 1954 255">
    <p class='ocr_par' dir='ltr' id='par_1_20' title="bbox 1775 225 1954 255">
     <span class='ocr_line' id='line_1_95' title="bbox 1775 225 1954 255; baseline -0.022 0"><span class='ocrx_word' id='word_1_556' title='bbox 1775 225 1821 255; x_wconf 59' lang='lat' dir='ltr'>An.</span> <span class='ocrx_word' id='word_1_557' title='bbox 1839 225 1867 255; x_wconf 30' lang='lat' dir='ltr'>C&gt;</span> <span class='ocrx_word' id='word_1_558' title='bbox 1889 225 1954 253; x_wconf 64' lang='lat'>&#39;57&#39;1</span> 
     </span>
    </p>
   </div>
   <div class='ocr_carea' id='block_1_17' title="bbox 1772 1029 1955 1364">
    <p class='ocr_par' dir='ltr' id='par_1_21' title="bbox 1772 1029 1955 1364">
     <span class='ocr_line' id='line_1_96' title="bbox 1774 1029 1952 1053; baseline 0.017 -3"><span class='ocrx_word' id='word_1_559' title='bbox 1774 1029 1868 1051; x_wconf 70' lang='lat' dir='ltr'>facultas</span> <span class='ocrx_word' id='word_1_560' title='bbox 1883 1037 1952 1053; x_wconf 76' lang='lat' dir='ltr'>eame-</span> 
     </span>
     <span class='ocr_line' id='line_1_97' title="bbox 1773 1063 1953 1089; baseline 0.006 -8"><span class='ocrx_word' id='word_1_561' title='bbox 1773 1063 1821 1081; x_wconf 77' lang='lat' dir='ltr'>rarii</span> <span class='ocrx_word' id='word_1_562' title='bbox 1845 1066 1866 1082; x_wconf 84' lang='lat' dir='ltr'>et</span> <span class='ocrx_word' id='word_1_563' title='bbox 1890 1064 1953 1089; x_wconf 59' lang='lat' dir='ltr'>magt</span> 
     </span>
     <span class='ocr_line' id='line_1_98' title="bbox 1773 1096 1954 1117; baseline 0.017 -6"><span class='ocrx_word' id='word_1_564' title='bbox 1773 1096 1877 1117; x_wconf 72' lang='lat' dir='ltr'>sitorum,</span> <span class='ocrx_word' id='word_1_565' title='bbox 1931 1096 1954 1114; x_wconf 79' lang='lat' dir='ltr'>et</span> 
     </span>
     <span class='ocr_line' id='line_1_99' title="bbox 1773 1123 1954 1150; baseline 0.011 -8"><span class='ocrx_word' id='word_1_566' title='bbox 1773 1123 1838 1143; x_wconf 58' lang='lat' dir='ltr'>soi-ma</span> <span class='ocrx_word' id='word_1_567' title='bbox 1875 1129 1954 1150; x_wconf 82' lang='lat' dir='ltr'>proce-</span> 
     </span>
     <span class='ocr_line' id='line_1_100' title="bbox 1773 1154 1955 1174; baseline 0.011 -2"><span class='ocrx_word' id='word_1_568' title='bbox 1773 1154 1834 1174; x_wconf 76' lang='lat' dir='ltr'>dendi</span> <span class='ocrx_word' id='word_1_569' title='bbox 1860 1154 1879 1174; x_wconf 91' lang='lat' dir='ltr'>in</span> <span class='ocrx_word' id='word_1_570' title='bbox 1901 1155 1955 1174; x_wconf 78' lang='lat' dir='ltr'>casi-</span> 
     </span>
     <span class='ocr_line' id='line_1_101' title="bbox 1773 1184 1952 1211; baseline 0.006 -8"><span class='ocrx_word' id='word_1_571' title='bbox 1773 1184 1809 1203; x_wconf 65' lang='lat' dir='ltr'>bu&lt;</span> <span class='ocrx_word' id='word_1_572' title='bbox 1825 1186 1844 1204; x_wconf 90' lang='lat' dir='ltr'>in</span> <span class='ocrx_word' id='word_1_573' title='bbox 1869 1185 1952 1211; x_wconf 74' lang='lat' dir='ltr'>quibus,</span> 
     </span>
     <span class='ocr_line' id='line_1_102' title="bbox 1773 1217 1953 1241; baseline 0 -6"><span class='ocrx_word' id='word_1_574' title='bbox 1773 1219 1855 1235; x_wconf 64' lang='lat' dir='ltr'>revusai</span> <span class='ocrx_word' id='word_1_575' title='bbox 1907 1217 1953 1241; x_wconf 86' lang='lat' dir='ltr'>quis</span> 
     </span>
     <span class='ocr_line' id='line_1_103' title="bbox 1774 1246 1952 1272; baseline 0.011 -8"><span class='ocrx_word' id='word_1_576' title='bbox 1774 1247 1863 1266; x_wconf 76' lang='lat' dir='ltr'>vendere</span> <span class='ocrx_word' id='word_1_577' title='bbox 1884 1246 1952 1272; x_wconf 75' lang='lat' dir='ltr'>aliqua</span> 
     </span>
     <span class='ocr_line' id='line_1_104' title="bbox 1775 1276 1953 1297; baseline 0.006 -1"><span class='ocrx_word' id='word_1_578' title='bbox 1775 1277 1828 1296; x_wconf 72' lang='lat' dir='ltr'>buna</span> <span class='ocrx_word' id='word_1_579' title='bbox 1840 1280 1894 1296; x_wconf 76' lang='lat' dir='ltr'>iuxta</span> <span class='ocrx_word' id='word_1_580' title='bbox 1912 1276 1953 1297; x_wconf 60' lang='lat' dir='ltr'>sor·</span> 
     </span>
     <span class='ocr_line' id='line_1_105' title="bbox 1773 1308 1955 1328; baseline 0.011 -2"><span class='ocrx_word' id='word_1_581' title='bbox 1773 1314 1823 1327; x_wconf 77' lang='lat' dir='ltr'>mam</span> <span class='ocrx_word' id='word_1_582' title='bbox 1835 1308 1894 1327; x_wconf 77' lang='lat' dir='ltr'>huius</span> <span class='ocrx_word' id='word_1_583' title='bbox 1904 1312 1955 1328; x_wconf 80' lang='lat' dir='ltr'>con-</span> 
     </span>
     <span class='ocr_line' id='line_1_106' title="bbox 1772 1339 1898 1364; baseline -0.008 -6"><span class='ocrx_word' id='word_1_584' title='bbox 1772 1339 1898 1364; x_wconf 77' lang='lat' dir='ltr'>stitutionis3</span> 
     </span>
    </p>
   </div>
  </div>
 </body>
</html>
