2059 3228
436 748 737 813 LECTORI
784 746 1164 809 BENEVOLO
1207 745 1534 806 SALUTEM

280 1539 391 1591 Quid
424 1555 594 1582 caussae
638 1542 765 1582 fuerit
807 1557 882 1581 cur
922 1541 1022 1581 huic
1064 1537 1271 1579 volumini
1315 1537 1360 1575 in
1406 1534 1562 1588 vulgus
1601 1534 1768 1574 edendo

219 1613 325 1653 duos
356 1612 487 1654 ferme
520 1628 654 1655 annos
688 1613 902 1654 immorati
935 1612 1079 1664 simus,
1116 1610 1256 1650 dicere
1289 1608 1405 1648 haud
1440 1612 1576 1658 vacat,
1612 1620 1666 1645 nc
1704 1620 1767 1645 re-

219 1689 438 1724 cantemus
471 1698 532 1737 ea,
569 1684 724 1739 quibus
757 1684 844 1723 iam
876 1681 982 1722 alias
1015 1680 1223 1721 lectorum
1256 1692 1378 1718 aures
1423 1675 1767 1729 defatigavimus.

219 1755 317 1796 Non
351 1756 549 1810 equidem
582 1757 707 1797 nobis
740 1756 976 1811 quidquam
1010 1759 1072 1794 est
1105 1752 1300 1792 miserius
1334 1765 1463 1805 quam
1486 1748 1770 1802 impedimen-

219 1829 275 1869 tis
306 1829 647 1884 ambagibusque
682 1828 878 1881 detineri,
902 1842 982 1867 nec
1016 1826 1251 1880 quidquam
1275 1823 1460 1877 optatius
1494 1836 1621 1875 quam
1651 1820 1770 1860 labo-

221 1901 342 1942 riosis
374 1906 500 1956 atque
533 1902 744 1943 festinatis
767 1901 920 1942 studiis
942 1913 1180 1953 properare.
1207 1896 1265 1937 At
1286 1896 1403 1936 haud
1438 1894 1525 1934 voti
1559 1893 1771 1934 sententia

222 1980 438 2028 compotes
479 1974 619 2015 effecti
663 1988 836 2026 sumus,
872 1972 1187 2025 incidimusque
1231 1970 1276 2009 in
1320 1967 1508 2021 Scyllam
1552 1966 1772 2019 cupientes

224 2046 357 2087 vitare
389 2045 667 2100 Charybdim.
703 2046 826 2087 Licet
857 2060 963 2098 sero,
999 2059 1148 2085 verum
1181 2041 1414 2096 aliquando
1448 2045 1592 2080 tamen
1622 2038 1772 2091 Magni

224 2117 405 2159 Romani
436 2118 617 2160 Bullarii
651 2123 850 2159 octavum
885 2117 1087 2158 volumen
1122 2115 1284 2168 excipe,
1319 2112 1474 2152 Lector
1507 2111 1690 2164 optime,
1726 2115 1774 2149 ut

226 2188 347 2242 soles,
372 2190 548 2231 comiter
580 2191 853 2244 honesteque.
879 2188 996 2228 Illud
1018 2186 1339 2228 Mainardianae
1368 2182 1570 2224 editionis
1603 2181 1772 2222 tertiam

226 2269 269 2303 et
301 2268 492 2317 quartam
524 2264 630 2304 tomi
651 2263 714 2304 IV
736 2269 901 2317 partem
925 2261 1241 2315 complectitur,
1278 2272 1457 2313 quarum
1489 2257 1628 2311 prima
1661 2255 1772 2296 Pon-

226 2335 354 2375 tificis
376 2334 537 2388 Optimi
558 2335 736 2376 Maximi
759 2335 957 2388 Gregorii
979 2332 1092 2374 XIII
1124 2338 1218 2373 acta
1251 2331 1306 2371 ab
1340 2330 1464 2370 initio
1497 2327 1773 2382 pontificatus

226 2408 281 2448 ad
313 2421 475 2447 annum
507 2422 640 2462 usque
672 2422 847 2448 MDLXXXI
881 2407 1023 2460 capit,
1059 2405 1192 2446 altera
1235 2418 1334 2444 vero
1377 2402 1568 2442 ciusdem
1611 2399 1775 2441 Summi

227 2479 444 2520 Antistitis
476 2480 530 2519 ad
563 2480 785 2533 regiminis
818 2480 883 2520 sui
918 2484 1154 2519 extremum
1198 2476 1361 2530 reliqua
1404 2474 1670 2514 monimenta
1710 2487 1771 2511 re-

227 2551 321 2604 fert,
356 2565 526 2605 unaque
559 2551 686 2592 simul
719 2552 974 2592 immortalis
1007 2550 1115 2591 Sixti
1148 2563 1283 2602 papae
1316 2547 1354 2586 V
1389 2547 1550 2601 priores
1582 2551 1666 2585 tres
1699 2544 1774 2584 do-

228 2623 476 2665 minationis
519 2638 665 2664 annos.
700 2623 763 2663 De
805 2638 983 2678 quorum
1026 2621 1349 2675 magnitudine,
1386 2619 1619 2673 gravitate,
1655 2631 1773 2670 prae-
