2059 3228
95 206 146 248 AL}
164 221 192 248 c.
212 214 278 251 ¹585

130 1989 238 2011 Contraria
246 1989 286 2008 iat<

105 2018 137 2039 ln.

335 215 399 249 568

294 286 377 310 unns
396 285 520 313 eorum,
540 284 600 319 per
625 284 658 308 se
676 274 726 308 vel
751 273 851 308 alium
872 285 927 307 seu
952 274 1042 314 alios,

294 329 411 363 saciant
427 329 615 373 pensionem
627 333 768 372 quatuor
778 327 917 361 millium
938 333 969 362 et
983 328 1042 361 du-

294 388 461 416 centorum
488 381 687 415 florenorum
713 381 899 415 huiusmodi
925 381 1043 415 rectori

292 434 340 467 vel
360 433 519 478 superiori
539 435 587 467 vel
608 444 721 468 eorum
733 434 938 479 procuratori
949 445 1043 478 prae-

293 487 398 529 dictis,
418 487 505 521 iuxta
517 488 706 533 posterioris
724 488 959 529 reservationis,
969 498 1045 522 con-

292 541 477 582 stitutionis,
510 541 738 585 assignationis
756 547 787 575 et
806 541 927 575 decreti
952 547 1044 576 teno-

292 594 501 637 rem,integre
514 595 665 639 persolvi,
674 594 926 629 etnihilominus
936 606 1046 640 quem-

293 647 370 681 libet
404 658 441 681 ex
472 648 734 682 administratore
771 649 956 682 monasterii
989 661 1045 683 seu

293 701 409 734 domus
435 706 465 735 et
494 701 737 735 successoribus
767 701 833 735 suis
862 702 1044 746 praedictis,

294 765 389 798 quem
411 754 599 789 huiusmodi
619 755 965 790 excommunicationis
975 767 1046 790 sen-

293 807 427 841 tentiam
448 808 623 842 incurrisse
642 808 688 842 eis
705 809 896 850 constiterit,
918 809 1046 854 quoties

293 872 392 906 super
410 862 473 896 hoc
490 872 549 907 pro
569 867 660 906 parte
680 863 815 896 rectoris
830 863 878 896 vel
901 863 1046 907 superio-

294 914 338 947 ris
371 915 527 959 praedicti
558 915 679 949 suerint
713 916 879 959 requisiti,
917 917 1045 950 easdem

293 973 478 1011 praesentes
499 973 530 1002 ct
551 969 639 1002 ineis
652 975 803 1003 contenta
820 980 1045 1014 quaecumque

294 1022 481 1056 solemniter
517 1022 721 1066 publicantes
751 1023 873 1056 tamdiu
903 1023 1045 1057 domini-

294 1075 340 1108 cis
355 1081 386 1108 et
405 1074 475 1108 aliis
496 1075 615 1109 festivis
631 1076 786 1109 diebusin
800 1076 956 1115 ecclesiis,
967 1076 1045 1109 dum

295 1129 399 1162 maior
419 1128 497 1162 inibi
531 1129 644 1174 populi
669 1129 843 1162 multitudo
869 1129 908 1162 ad
939 1129 1046 1162 diviua

295 1183 491 1224 convenerit,
502 1183 818 1217 excommunicatum
829 1183 957 1227 publice
965 1194 1047 1216 nun-

296 1237 381 1270 cient
401 1243 432 1270 et
451 1237 571 1270 faciant
590 1237 629 1270 ab
655 1237 727 1270 aliis
752 1237 900 1270 nunciari
915 1265 922 1279 ,
950 1248 986 1270 ac
1006 1237 1046 1271 ab

296 1290 447 1324 omnihus
467 1291 588 1324 arctius
607 1291 768 1324 observari
787 1296 817 1324 et
842 1290 966 1331 evitari,
989 1291 1046 1324 do-

296 1355 355 1378 nec
374 1344 493 1377 rectori
513 1345 561 1378 vel
581 1344 740 1389 superiori
766 1345 815 1377 vel
842 1344 1045 1388 procuratori

297 1397 469 1443 praedictis
489 1398 527 1431 de
548 1397 702 1442 pensione
712 1403 852 1442 quatuor
869 1397 1006 1431 millium
1018 1405 1046 1431 et

298 1452 512 1485 ducentorum
532 1452 731 1485 florenorum
748 1451 947 1492 huiusmodi,
965 1462 1048 1496 quae

299 1510 375 1537 tune
402 1505 527 1545 debita,
552 1505 648 1538 suerit
682 1505 805 1548 integre
826 1505 1023 1538 satisfactum
1038 1533 1045 1545 ‚

299 1557 431 1602 ipseque
462 1558 761 1592 excommunicatus
794 1558 833 1591 ab
863 1558 1048 1592 huiusmodi

299 1611 642 1645 excommunicationis
662 1611 820 1645 sententia
839 1611 1050 1645 absolutionis

298 1665 494 1699 beneficium
521 1665 677 1699 meruerit
701 1665 857 1706 obtinerc;
886 1665 1049 1699 contradi-

299 1725 414 1759 ctores,
450 1730 508 1763 per
535 1730 688 1753 censuras
709 1724 739 1752 et
759 1729 878 1763 poenas
903 1719 1051 1752 ecclesia-

299 1772 394 1805 sticas
427 1773 554 1817 aliaque
585 1778 769 1817 opportuna
799 1772 878 1805 iuris
914 1778 945 1807 et
978 1773 1049 1806 sacti

301 1826 453 1867 remedia,
475 1827 692 1871 appellatione
711 1826 900 1871 postposita,
922 1837 1052 1871 compc-

301 1880 432 1913 scendo.

345 1934 359 1977 ᾖ
380 1933 433 1966 ¹111.
460 1933 530 1967 Non
548 1933 748 1967 obstantibus
767 1934 930 1967 voluntate
951 1933 1052 1977 priori

302 1993 332 2020 et
357 1987 561 2021 ordinatione
582 1988 699 2021 nostris
719 1987 904 2032 praedictis,
926 1998 1053 2020 necnon

303 2040 587 2074 constitutionibus
606 2047 637 2074 et
656 2041 916 2074 ordinationibus
929 2047 1054 2084 aposto-

304 2094 385 2133 licis;
415 2105 452 2128 ac
487 2095 674 2129 monasterii
700 2106 754 2128 seu
782 2095 897 2128 domus
917 2100 948 2128 et
969 2094 1055 2127 illius

304 2147 430 2180 Ordinis
458 2159 494 2180 ae
518 2148 764 2181 Universitatum
801 2148 1052 2192 praedictorum,

307 2200 497 2241 iuramento,
521 2201 767 2234 confirmatione
801 2201 977 2245 apostolica
1007 2201 1054 2233 vel

306 2254 415 2297 quavis
439 2254 591 2288 firmitate
611 2256 673 2288 alia
692 2255 862 2292 roboratis,
883 2255 1007 2288 statutis
1027 2261 1055 2288 et

307 2308 594 2341 consuetudinibus
611 2336 618 2348 ,
665 2309 845 2351 ceterisque
888 2309 1057 2342 contrariis

308 2360 573 2405 quilmscumque.
605 2363 667 2394 Aut
693 2362 717 2395 si
746 2361 995 2395 administratori
1028 2368 1056 2395 et

310 2410 546 2442 successoribus
569 2411 634 2443 suis
665 2411 835 2454 praedictis
855 2411 901 2443 vel
923 2411 1057 2454 quibus-

312 2456 354 2489 vis
374 2457 454 2497 aliis,
466 2459 681 2492 communiter
701 2466 754 2492 aut
771 2460 907 2496 divisim,
923 2461 961 2493 ab
974 2461 1058 2504 Apo-

312 2505 423 2537 stoliea
444 2507 483 2538 sit
504 2507 582 2540 Sede
602 2508 760 2540 indultum
782 2509 913 2550 quodad
932 2515 1060 2552 praesta-

314 2553 432 2586 tionem
455 2556 501 2587 rel
531 2557 723 2589 solutionem
746 2557 907 2601 pensionis
924 2558 1061 2591 alicuius

313 2602 446 2641 innume
467 2609 647 2648 teneantur,
670 2611 699 2639 et
719 2606 755 2638 ad
780 2606 807 2639 id
825 2608 989 2651 ccmipelli,
1008 2614 1058 2640 aut

863 221 1041 247 BuLLAtttUM
1064 220 1214 245 ROMANUM

1853 221 1903 248 An.
1919 217 1948 248 C.
1963 209 2002 245 573.
2043 211 2048 249 'e

1084 272 1169 316 quod
1194 272 1356 314 interdici,
1379 274 1533 318 suspendi
1549 275 1601 307 vel
1612 274 1835 308 excommuni-
1963 267 2003 310 ’.ε’

1085 326 1150 359 cari
1182 336 1246 359 non
1275 325 1398 370 possint
1425 337 1483 370 per
1501 325 1625 360 litteras
1644 328 1836 372 apostolicas
1967 334 1971 366 ζ

1085 390 1150 412 non
1168 379 1321 412 facientes
1341 379 1470 423 plenam
1491 385 1522 413 et
1536 390 1718 423 expressam
1744 391 1780 414 ac
1796 381 1836 415 de
1974 384 1978 387 ’

1085 433 1181 465 verbo
1204 433 1243 465 ad
1271 432 1406 466 verbum
1435 433 1474 466 de
1505 433 1629 466 indulto
1651 433 1836 468 huiusmodi

1087 486 1294 519 mentionem.
1979 507 1987 511 -

1129 540 1214 572 Nulli
1237 549 1313 583 ergo
1329 544 1387 574 elo.
1976 561 1999 590 ᾗ

1129 594 1242 626 Datum
1262 594 1384 627 Romae
1403 594 1489 638 apud
1514 594 1545 627 S.
1574 593 1705 627 Petrum
1719 620 1727 635 ‚
1754 604 1838 628 anno
1976 583 2005 648 557

1086 647 1319 681 incarnationis
1345 647 1526 681 dominicae
1554 647 1724 681 millesimo
1744 647 1838 690 quin-
1982 659 2010 688 y*

1087 700 1263 743 gentesimo
1290 700 1507 744 octuagesimo
1533 701 1663 744 quinto,
1694 700 1841 734 kalendis

1088 754 1175 794 maii,
1199 754 1405 797 pontificatus
1424 754 1524 788 nostri
1548 765 1634 788 anno
1653 765 1675 788 1.

1162 812 1223 843 nat.
1239 813 1286 844 die
1306 814 1318 843 ‘l
1338 813 1409 844 maii
1425 812 1513 852 1585,
1534 813 1638 853 pontis.
1657 822 1734 843 anno
1749 821 1770 843 ι.

1444 975 1480 1009 ΙΙ.

1110 1067 1239 1100 Erectio
1258 1066 1403 1099 ecclcsiae
1431 1065 1629 1099 cathedralis
1651 1065 1820 1099 Vindemis

1341 1120 1374 1152 in
1399 1119 1536 1152 Lat-onia
1565 1119 1588 1151 ¹.

1159 1187 1255 1216 sixtus
1276 1187 1429 1222 episcopus,
1447 1194 1543 1215 servus
1562 1193 1704 1215 servorum
1726 1186 1782 1220 Del.

1252 1241 1285 1268 ad
1308 1240 1434 1268 futuram
1449 1241 1491 1269 rei
1506 1240 1675 1269 memoriam.

1136 1304 1280 1345 Aequum
1293 1309 1324 1335 et
1337 1302 1450 1335 rationi
1464 1313 1644 1345 congruum
1653 1308 1842 1345 reputamus
1883 1292 2011 1342 140„stss

1091 1363 1125 1389 ut
1136 1368 1183 1397 ea,
1195 1367 1278 1399 quae
1290 1356 1328 1389 de
1339 1356 1471 1389 [tomani
1485 1355 1647 1389 Pontificis
1658 1356 1760 1399 gratia
1769 1367 1801 1400 pi
1810 1366 1842 1390 o·
2035 1346 2036 1356 Κ

1091 1416 1266 1450 cesserunt,
1281 1410 1367 1449 licet,
1385 1410 1454 1442 eius
1473 1409 1720 1453 superveniente
1735 1409 1839 1449 obitu,

1092 1464 1215 1497 litterae
1257 1463 1452 1507 apostolicae
1491 1463 1631 1506 desuper
1677 1463 1842 1497 consectae

1091 1528 1155 1550 non
1172 1517 1300 1556 suerint,
1322 1527 1416 1550 suum
1448 1516 1625 1549 sortiantur
1649 1515 1833 1549 effectum.¹
1983 1510 2004 1556 ‘5

1135 1572 1149 1614 ξ
1174 1571 1204 1604 ’1.
1241 1571 1369 1604 Dudum
1389 1571 1548 1614 siquidem
1583 1581 1658 1604 cum
1691 1568 1849 1604 charissi-'
1870 1566 2030 1607 remi-³³0⁴

1092 1636 1163 1657 mus
1184 1625 1216 1656 in
1236 1624 1361 1657 Christo
1390 1624 1477 1657 filius
1508 1629 1618 1657 noster
1646 1624 1840 1668 Stephanus,
1856 1618 2031 1676 ssffiffi-„ffl

1091 1678 1240 1711 Potoniae
1250 1688 1305 1711 rex
1317 1677 1665 1721 illustris,provinciam
1680 1677 1840 1719 Livoniac,
1858 1679 1947 1732 ‘'02‘ss
1961 1678 2030 1737 23¹2

1093 1733 1169 1765 olim
1191 1743 1266 1765 suae
1281 1732 1451 1776 temporali
1473 1731 1587 1764 ditioni
1604 1731 1795 1773 subiectam,
1813 1737 1846 1766 ct
1858 1722 1956 1764 {increuit
1987 1747 1998 1766 ,ς

1093 1786 1298 1830 postmodum
1319 1797 1337 1818 a
1357 1785 1504 1818 finitimis
1526 1785 1704 1819 Moscoviiis
1728 1792 1759 1820 et
1780 1786 1847 1819 sor·
1986 1799 2006 1820 τ’

1094 1850 1149 1872 san
1170 1839 1241 1872 aliis
1270 1838 1417 1871 barbaris
1436 1839 1622 1871 nationibus
1640 1845 1846 1883 occupatam,
1991 1838 2001 1845 γ

1093 1892 1348 1936 haeresibusque
1380 1892 1496 1926 misere
1528 1893 1686 1935 pollutam
1720 1899 1752 1927 et
1784 1892 1848 1926 dif-

1095 1947 1277 1986 formatam‚
1290 1956 1430 1989 superna
1442 1945 1621 1989 opitulante
1632 1946 1746 1988 gratia,
1757 1956 1851 1980 recu-¹
1998 1985 2002 1991 ,

1095 2005 1250 2043 perassct,
1273 2010 1309 2032 ac
1330 1998 1416 2031 illius
1436 1999 1560 2032 incolae
1580 2004 1611 2032 et
1637 1999 1846 2041 habitatores,
1982 2010 1997 2014 “

1095 2053 1238 2085 discussa
1259 2063 1407 2085 errorum
1424 2051 1572 2095 caligine,
1588 2052 1627 2085 ad
1646 2053 1755 2086 lumen
1770 2053 1848 2087 fidei
1996 2045 2004 2058 ³

1096 2108 1126 2135 et
1159 2100 1242 2134 sacri
1281 2101 1484 2144 baptismatis
1516 2101 1679 2134 lavacrum
1706 2106 1850 2136 sanctae-

1097 2162 1160 2194 que
1182 2150 1292 2183 matris
1312 2150 1472 2183 Ecclesiae
1490 2151 1649 2193 gremium
1669 2151 1787 2184 sensim
1797 2161 1849 2184 ac-

1099 2200 1225 2239 cedere,
1249 2205 1279 2232 et
1294 2200 1407 2232 exinde
1429 2200 1542 2243 religio
1561 2200 1734 2233 christiana
1765 2200 1850 2244 ipsa·
1999 2231 2001 2233 ,

1099 2260 1161 2292 quc
1182 2249 1272 2290 tides,
1296 2249 1382 2282 unde
1402 2260 1475 2282 vera
1491 2260 1528 2282 ae
1549 2249 1762 2283 etiamomnis
1777 2259 1850 2293 spes
1991 2240 2001 2294 Κ,

1100 2298 1331 2342 redemptionis
1351 2298 1522 2341 pendebat,
1537 2298 1655 2332 ibidem
1678 2297 1850 2332 instaurari

1100 2352 1129 2379 et
1150 2346 1321 2390 propagari
1342 2347 1533 2390 coepissent.
1988 2353 2005 2391 ’,ἰ

1143 2396 1158 2438 ξ
1178 2395 1208 2428 2.
1236 2396 1268 2428 ln
1283 2396 1447 2439 provincia
1457 2403 1562 2430 autem
1577 2396 1739 2441 praedicta
1755 2396 1849 2439 longe
1892 2395 2028 2459 aurigena?

1101 2445 1227 2488 lateque
1247 2445 1375 2486 diffusa,
1389 2451 1418 2478 et
1435 2445 1673 2479 cathedralibus
1693 2444 1848 2485 ecclesiis,
1864 2438 2028 2491 ξ’,Ηξ-’,ζξξὸξξ

1102 2493 1220 2535 quibus
1240 2493 1353 2537 priscis
1373 2494 1571 2537 temporibus
1589 2495 1744 2528 instructa
1768 2499 1847 2534 erat,
1865 2500 1977 2520 ovet-*sim
1996 2494 2027 2529 ,ἷὶ

1103 2542 1281 2575 infidelium
1304 2543 1508 2586 perversitate
1525 2543 1653 2586 penitus
1672 2543 1851 2587 suppressis
1865 2530 2026 2588 ξῗξζζᾟᾞῗὲ

1140 2619 1148 2644 1
1171 2618 1210 2645 Ex
1227 2618 1338 2653 Iti-gest.
1356 2618 1384 2645 in
1400 2618 1503 2646 Secret.
1526 2618 1668 2646 Brevium.
