2059 3228
113 231 165 258 An.
184 231 211 260 C.
232 232 296 260 1587

355 222 418 256 848

313 294 374 327 pue
384 282 533 315 fidelibus
541 281 605 315 suis
613 286 722 325 aperte
732 281 952 314 demonstrare
964 291 1063 324 quan-

314 337 334 368 ti
355 338 471 368 taceret
487 335 678 368 humilitatis
693 334 843 367 eximiam
857 333 1018 373 virtutem,
1034 340 1064 367 et

311 399 407 432 quam
428 387 488 421 sibi
508 399 582 420 cara
601 392 632 420 et
647 387 763 420 dilecta
779 392 862 421 esset
877 394 1061 432 paupertas,

311 453 347 474 ac
368 441 488 484 pariter
508 442 626 474 docere
646 452 686 474 ne
706 453 723 474 a
743 441 896 474 divitibus
917 447 945 473 et
980 452 1062 484 (qiu-

310 494 404 527 lentis
423 495 610 527 hominibus
626 505 787 538 pauperes
806 494 1060 537 despicerentur,

312 558 492 591 eorumque
512 559 588 581 cura
613 548 879 591 negligerentur,
921 548 1063 592 primuni

311 601 442 645 quidem
462 601 610 644 ipsemet,
637 602 778 644 quando,
799 602 1063 646 iuxtapraeclara

308 655 459 688 vaticinia
479 656 724 699 prophetarum,
743 666 760 689 e
781 657 872 689 coelo
893 656 926 689 in
946 661 1060 696 terras,

309 708 452 741 bumana
480 719 577 742 carne
593 715 769 753 assumpta,
792 709 970 749 descendit,
998 720 1061 742 non

310 761 435 804 regium
474 762 623 795 diadema
661 768 716 795 aut
753 763 890 796 sublime
931 763 1063 806 aliquod

309 815 420 856 decus,
443 816 529 859 quod
551 816 673 849 mundo
693 821 879 856 ostentaret,
902 822 933 849 et
956 815 1062 849 homi-

309 879 388 901 num
409 869 513 902 oculis
535 869 703 911 obiiceret,
726 880 836 902 secum
859 870 988 902 detulit:
1011 870 1064 902 sed

308 923 514 966 semetipsum
525 923 696 956 eoeinanivi
700 933 709 955 ι
722 923 863 966 sormam
878 924 963 955 servi
979 923 1063 955 aeci-

306 977 412 1020 piens,
434 987 471 1010 ac
487 987 613 1020 pauper
631 976 664 1009 in
684 976 810 1009 stabulo
831 977 930 1017 nasci,
953 977 1062 1009 locum

310 1030 343 1063 in
367 1029 544 1063 diversorio
568 1040 633 1062 non
653 1029 785 1070 habere,
808 1029 960 1073 pauperis
981 1040 1063 1073 prte-

309 1083 395 1127 sepis
418 1083 574 1126 angustiis
598 1083 770 1124 contineri,
802 1093 980 1127 pauperem
1007 1082 1063 1116 de-

310 1147 399 1169 mum
417 1136 527 1177 vitam,
554 1147 651 1180 quam
687 1147 745 1180 pro
783 1136 875 1169 nohis
907 1136 1061 1180 suscepit,

310 1189 432 1232 eligere
447 1200 484 1222 ac
502 1200 602 1233 usque
621 1189 654 1222 in
674 1190 772 1222 finem
793 1189 932 1223 retinere
953 1189 1064 1232 digna-

311 1248 363 1276 tus
386 1248 443 1282 est,
465 1248 501 1276 ut
520 1253 586 1276 non
606 1243 770 1276 immerito
791 1242 924 1276 dixerit:
953 1242 1064 1286 Vulpes

310 1297 419 1340 foveas
440 1297 558 1331 habent
578 1302 608 1331 et
626 1298 766 1330 volueres
795 1297 872 1330 coeli
891 1297 995 1338 nidos,
1023 1297 1063 1340 fi-

311 1351 376 1384 lius
395 1355 504 1384 autem
529 1351 672 1384 hominis
692 1362 757 1384 non
779 1351 873 1383 habet
892 1351 949 1383 ubi
967 1354 1065 1393 eaput

312 1405 457 1438 reclinet.
480 1404 517 1437 Et
542 1415 600 1448 per
614 1415 650 1438 os
669 1404 764 1437 David
785 1404 977 1448 prophetae:
995 1403 1064 1446 qu

313 1463 422 1492 autem
440 1458 607 1491 mendicus
625 1469 697 1491 sum
714 1462 743 1491 et
758 1469 895 1502 pauper:
916 1458 953 1490 Et
981 1458 1065 1501 Apo-

313 1512 415 1546 stolus
451 1511 641 1555 scripserit:
676 1511 776 1544 Seitis
805 1512 893 1544 enim
919 1511 1065 1555 qratiam

313 1566 449 1599 Domini
481 1566 587 1599 nostri
618 1565 695 1598 Jesu
730 1565 874 1605 Christi,
910 1565 1066 1608 quoniam

310 1623 443 1663 propter
469 1630 523 1652 vos
542 1629 657 1662 eqenus
680 1619 787 1661 faetus
806 1623 864 1659 est,
886 1629 958 1651 cum
988 1623 1067 1651 esset

313 1673 412 1713 dives,
437 1676 474 1705 ut
496 1672 582 1705 illius
601 1672 714 1714 inopia
734 1683 786 1704 uos
809 1672 925 1705 divites
945 1673 1063 1705 essetis.

313 1725 435 1758 Deinde
460 1725 556 1758 etiam
576 1735 758 1768 pauperum
779 1729 809 1758 et
832 1724 1067 1758 miserabilium

315 1789 539 1823 personarum,
558 1779 635 1812 dum
664 1778 697 1811 in
719 1778 841 1811 mundo
861 1784 1068 1812 conversatus

316 1837 374 1873 est,
401 1832 599 1876 singularem
632 1832 793 1874 quandam
816 1832 1067 1865 sollicitudinem

316 1886 425 1928 gessit,
447 1896 567 1929 eosque
587 1885 701 1918 divinis
717 1884 828 1927 gratiis
847 1891 878 1918 et
901 1885 1069 1919 beneficiis

317 1939 543 1983 multipliciter
567 1938 702 1975 adiuvit,
726 1939 812 1981 quod
833 1938 951 1982 passim
976 1950 1069 1972 evan-

316 1994 419 2036 gelica
433 1998 568 2026 testatur
587 1993 732 2033 historia,
746 1993 822 2025 dum
838 2003 996 2036 pauperes
1009 1993 1069 2025 sibi

318 2046 493 2090 discipulos
513 2047 641 2090 delegit,
663 2047 807 2090 dumque
828 2047 932 2079 caecis
950 2047 1068 2086 visum,

318 2100 423 2133 surdis
447 2100 608 2140 auditum,
628 2101 725 2133 mutis
749 2100 925 2143 loquelam,
948 2099 1071 2132 claudis

319 2164 477 2195 gressum,
499 2153 596 2187 aridis
626 2159 656 2186 et
677 2152 859 2197 paralyticis
875 2153 1022 2196 corporis
1041 2159 1073 2186 et

320 2207 541 2240 membrorum
558 2207 774 2250 integritatem
793 2206 945 2248 reddidit,
962 2206 1071 2250 lepro-

320 2270 370 2291 sos
404 2260 579 2300 mundavit,
606 2260 832 2293 daemoniacos
858 2259 1015 2300 liberavit,
1041 2270 1073 2291 a-

321 2312 446 2355 liosque
461 2313 555 2345 variis
566 2313 778 2356 languoribus
791 2313 1073 2346 etinfirmitatibus

322 2365 504 2399 laborantes
513 2372 544 2399 et
559 2377 730 2410 oppressos
743 2366 876 2407 curavit,
891 2376 1073 2410 pauperum

323 2425 451 2457 quoque
471 2415 675 2458 sequentium
696 2416 806 2448 turbas
826 2415 957 2449 coelesti
977 2415 1074 2448 verbo

324 2463 451 2505 saepius
471 2464 555 2507 pavit
574 2470 605 2497 et
625 2464 785 2505 instruxit,
803 2471 834 2497 et
854 2475 906 2497 eas
926 2465 1074 2508 quando-

325 2521 387 2553 que
411 2511 602 2553 esurientes,
621 2513 717 2546 ctiam
737 2514 963 2557 corporalibus
979 2514 1076 2547 mira-

325 2559 433 2592 biliter
469 2561 591 2594 satiavit
628 2562 800 2595 alimentis
839 2563 875 2595 Et
906 2563 1077 2596 confirmat

326 2609 659 2653 a1›ostoluslzicobus‚
687 2611 817 2644 dicens:
850 2611 963 2645 Nonne
994 2612 1076 2645 Deus

906 227 1086 252 BULLARIUM
1105 226 1259 250 ROMANUM

1105 279 1198 323 eleyit
1215 289 1371 323 pauperes
1389 280 1426 312 in
1452 279 1509 312 hoe
1522 281 1653 322 mundo,
1680 281 1795 315 divites
1818 281 1856 313 in

1104 333 1167 375 fide
1187 337 1215 365 et
1242 333 1391 366 haeredes
1418 333 1524 376 reyni,
1555 334 1637 376 quod
1669 334 1857 378 repromisit

1104 386 1190 419 Deus
1208 386 1416 429 diliyentibus
1430 386 1485 419 se?
1505 386 1549 419 Ac
1568 385 1733 430 praeterea
1757 387 1855 421 mise-

1106 439 1280 472 ricordiam
1301 445 1331 472 et
1351 439 1582 484 eleemosynas,
1604 450 1686 483 quae
1705 440 1857 485 pauperi-

1104 492 1165 525 bus
1184 492 1278 534 fiunt,
1300 498 1466 537 tamquam
1485 492 1546 526 sibi
1566 493 1664 526 factas
1691 494 1807 538 recipit
1826 499 1874 528 et.

1104 552 1252 589 acceptas
1274 547 1383 580 refert.
1406 546 1496 580 Unde
1521 552 1552 579 et
1572 557 1590 580 a
1609 547 1728 580 sanctis
1745 552 1777 580 et
1794 547 1858 591 piis

1104 599 1180 632 viris
1194 611 1254 643 pro
1274 601 1473 644 pauperibus
1497 601 1678 644 peregrinis
1706 606 1738 634 et
1765 611 1857 635 men-

1104 653 1195 693 dicis,
1218 664 1284 686 non
1301 654 1432 697 angelos
1452 655 1558 695 inodo,
1592 655 1647 688 sed
1667 655 1858 698 angelorum

1103 707 1276 740 Dominum
1291 707 1419 752 saepius
1427 707 1568 752 hospitio
1584 713 1749 752 susceptos
1761 708 1858 741 fuisse

1105 759 1257 803 legimus;
1281 761 1367 803 quod
1387 767 1418 794 et
1436 761 1610 805 Apostolus
1634 762 1674 794 ad
1694 761 1858 795 Hebraeos

1106 814 1404 847 memoratdicens:
1427 815 1694 858 Hospitalitatem
1705 815 1805 849 nolite
1823 825 1858 848 0-

1105 867 1134 898 bl
1139 867 1241 906 e‘ve'sei,
1249 878 1306 910 per
1317 868 1401 900 stane
1413 869 1501 901 enim
1508 869 1701 911 placuerunt
1714 869 1858 912 quidam,

1104 921 1229 963 ctnyelis
1250 921 1389 964 hospitio
1419 923 1563 965 receptis.
1590 922 1635 955 Ac
1654 922 1794 965 denique
1822 921 1859 954 fi-

1105 973 1193 1007 deles
1214 980 1359 1015 cunctos,
1378 975 1417 1008 ad
1437 975 1647 1008 sublevandas
1674 985 1858 1020 pauperum

1105 1028 1323 1069 necessitates,
1346 1029 1475 1062 monitis
1496 1035 1526 1062 ct
1540 1029 1722 1073 praeceptis
1741 1035 1774 1062 et
1792 1039 1860 1062 ma-

1104 1081 1198 1114 ximis
1218 1081 1314 1114 etiam
1335 1083 1507 1126 propositis
1524 1082 1689 1126 praemiis,
1707 1083 1740 1115 in
1754 1081 1857 1127 scrip-

1105 1134 1186 1167 turis
1219 1135 1319 1167 sacris
1347 1135 1555 1169 vehementer
1583 1135 1777 1177 inflammat;
1813 1135 1859 1169 ait

1105 1188 1192 1221 enim
1209 1199 1268 1232 per
1278 1189 1403 1222 Isaiam:
1426 1189 1556 1232 Franye
1570 1190 1725 1223 esurienti
1736 1200 1858 1233 panem

1107 1245 1197 1274 tuum
1213 1246 1242 1275 et
1262 1252 1384 1285 eyenos,
1397 1253 1553 1286 vayosque
1572 1244 1669 1276 induc
1680 1243 1717 1276 in
1728 1243 1858 1276 domum

1107 1299 1210 1328 tuam:
1231 1306 1303 1328 cum
1322 1296 1441 1329 uideris
1460 1298 1584 1330 nudum
1604 1298 1694 1340 operi
1712 1307 1797 1338 eum,
1828 1301 1860 1330 et

1105 1359 1187 1392 quae
1212 1354 1405 1393 sequuntur.
1428 1350 1472 1383 Ac
1492 1361 1605 1384 rursus
1629 1351 1728 1394 paulo
1756 1350 1856 1384 infra:

1107 1402 1189 1435 Cum
1204 1403 1350 1446 effuderis
1369 1405 1525 1437 esurienti
1537 1405 1687 1437 animam
1708 1408 1808 1445 tuam,
1829 1407 1859 1437 et

1105 1457 1256 1489 animam
1275 1457 1429 1500 afflictam
1458 1458 1640 1501 repleveris,
1673 1459 1795 1491 orietur
1822 1458 1859 1491 in

1108 1511 1245 1543 tenebris
1262 1511 1318 1544 luo:
1331 1516 1395 1552 tua,
1417 1515 1446 1544 et
1461 1512 1606 1544 tenebrae
1624 1515 1694 1545 tuac
1709 1515 1804 1545 erunt
1816 1511 1860 1544 si-

1107 1568 1159 1597 eut
1173 1565 1333 1597 meridies.
1349 1565 1394 1598 Et
1406 1566 1546 1609 requiem
1563 1565 1623 1598 tibi
1639 1565 1729 1598 dabit
1746 1565 1859 1598 Domi-

1106 1628 1167 1651 nus
1186 1618 1270 1651 Deus
1291 1623 1363 1651 tuus
1385 1629 1520 1662 semper,
1542 1623 1571 1652 et
1586 1619 1733 1662 implebit
1751 1619 1859 1662 splen-

1107 1673 1237 1706 doribus
1257 1674 1401 1706 attiinam
1422 1677 1525 1713 tuam,
1554 1677 1582 1706 et
1602 1683 1671 1706 ossa
1693 1677 1748 1706 tua
1781 1673 1859 1706 libe-

1107 1727 1206 1766 rabit,
1235 1731 1265 1760 et
1299 1728 1360 1760 erit
1390 1727 1484 1770 quasi
1510 1726 1623 1759 hortus
1641 1727 1796 1770 irriyuus,
1831 1730 1862 1760 et

1107 1780 1189 1813 sieut
1209 1780 1281 1822 fons
1301 1790 1474 1824 aquarum,
1496 1780 1586 1812 cuius
1615 1790 1682 1813 non
1712 1780 1861 1823 deficient

1109 1844 1223 1877 aquae.
1246 1835 1348 1876 Atque
1372 1833 1405 1865 in
1439 1833 1610 1876 Evangelio
1636 1843 1695 1876 per
1721 1833 1861 1877 seipsam

1109 1886 1232 1919 Veritas
1251 1886 1344 1918 dicit:
1363 1885 1443 1919 Cum
1453 1886 1553 1928 facies
1572 1886 1768 1927 convivium,
1786 1895 1862 1918 voca

1106 1950 1275 1982 pauperes,
1314 1939 1442 1977 debiles,
1473 1939 1600 1972 claudos
1624 1943 1653 1972 et
1688 1949 1803 1979 caecos,
1833 1942 1864 1971 et

1111 1993 1220 2025 beatus
1253 1993 1328 2032 eris,
1350 1994 1426 2037 quia
1457 2003 1524 2026 non
1544 1993 1664 2026 liabent
1687 1993 1864 2026 retribuere

1113 2046 1185 2078 tibi:
1200 2046 1492 2079 retribuetmenim
1507 2046 1566 2079 tibi
1579 2047 1617 2079 in
1631 2046 1864 2079 resurrectione

1113 2100 1282 2132 iustorum.
1309 2099 1346 2132 Et
1375 2099 1412 2132 iis
1442 2099 1574 2133 demum
1603 2104 1738 2133 testatur
1767 2109 1801 2132 se
1830 2098 1864 2131 in

1112 2152 1285 2186 novissimo
1305 2152 1358 2185 die
1381 2158 1531 2186 aeternae
1552 2152 1760 2186 beatitudinis
1778 2161 1864 2197 prae-

1113 2206 1178 2238 mia
1197 2205 1368 2249 paravisse,
1384 2206 1439 2249 qui
1456 2206 1697 2240 misericordiae
1717 2216 1817 2250 opera
1831 2205 1865 2238 in

1113 2269 1274 2303 pauperes
1309 2264 1340 2292 et
1377 2270 1494 2302 egenos
1531 2265 1766 2299 exercuerunt,
1788 2258 1866 2303 ipsis

1114 2323 1254 2356 namque
1284 2312 1430 2346 dicturus
1469 2318 1531 2346 est:
1571 2313 1680 2346 Venite
1709 2311 1867 2345 benedieti

1114 2366 1227 2399 Patris
1247 2367 1321 2408 mei,
1347 2367 1505 2410 possidete
1536 2371 1693 2410 paratum
1715 2366 1802 2398 vobis
1820 2375 1867 2398 re-

1114 2426 1215 2458 ynum
1247 2427 1268 2448 a
1304 2416 1533 2448 constitutione
1566 2415 1692 2451 mundi.
1733 2413 1867 2447 Esurivi

1117 2465 1205 2497 enim
1219 2468 1249 2497 et
1263 2465 1396 2498 dedistis
1410 2464 1496 2497 milii
1515 2465 1731 2497 manducare:
1760 2463 1863 2502 sitivi,

1116 2517 1145 2546 et
1183 2512 1316 2545 dedistis
1348 2513 1435 2546 milti
1466 2513 1594 2545 bibere:
1623 2513 1732 2556 hospes
1761 2521 1862 2551 eram,

1117 2565 1146 2594 et
1165 2561 1336 2604 eolleyistis
1355 2572 1420 2594 me:
1441 2561 1560 2601 vividus,
1572 2565 1602 2595 et
1621 2560 1790 2605 operuistis
1801 2568 1863 2592 me:

1117 2610 1281 2652 infirmus,
1294 2614 1323 2644 et
1331 2610 1491 2645 visitastis
1507 2620 1570 2644 me:
1579 2610 1750 2648 incarcere
1763 2618 1860 2649 eram,
