2059 3228
34 250 64 280 C.
81 248 149 280 ¹⁵⁷6

159 303 329 344 indultum,
349 303 443 338 etiam
481 303 565 336 intra
603 306 732 335 eentum
761 301 900 345 quadra-

157 356 243 401 ginta
262 367 378 390 cannas
398 356 554 390 Ordinum
581 355 841 395 Mendicantium,
862 355 902 388 de

156 420 238 444 novo
259 410 463 445 concesserit.

200 464 216 508 ἓ
239 463 271 497 5.
290 464 416 507 Nosque
426 469 600 507 postremo,
614 473 686 496 cum
706 462 745 495 lis
765 467 902 495 etcausa

23 542 30 547 -
49 513 211 552 finiit-:seu
233 518 448 551 controversia
471 522 526 550 aut
550 516 747 561 quaestionis
767 515 901 548 materia

63 560 100 581 ’ἢ
156 571 315 615 desuper,
341 570 510 604 occasione
548 576 655 605 certae
685 570 801 603 domus
843 579 901 613 per

155 624 241 669 ipsos
263 624 464 669 presbyteros
485 636 502 659 a
526 625 642 658 dilecto
679 622 746 656 filio
783 623 901 656 comite

155 677 196 712 de
223 677 321 721 Orgaz
352 678 453 711 Toleti
481 683 628 722 emptae,
659 676 900 710 concessionem

155 730 297 765 eiusdem
319 731 364 764 Pii
385 731 640 775 praedecessoris
659 730 898 769 confirmantes,

155 784 353 828 emptionem
377 785 479 818 dictae
502 785 616 818 domus
632 788 717 817 recte
733 783 848 816 saetam
870 789 901 816 et

162 891 280 925 debere
299 891 578 930 declaraverimus,
610 896 641 924 et
658 890 736 924 alias
755 895 849 934 prout,
869 890 900 923 in

154 944 288 987 singulis
311 944 424 977 litteris
448 944 631 988 apostolicis
658 944 798 987 desuper
822 954 900 977 con-

155 997 247 1032 sectis
266 997 392 1042 plenius
411 998 604 1031 continetur.

199 1051 214 1094 ἓ
234 1049 265 1084 6.
287 1050 500 1083 Nihilominus
530 1050 664 1094 praefati
685 1050 861 1094 presbytcri
883 1061 900 1083 a

25 1105 60 1156 ᾖ..
75 1105 145 1156 :⁸3:¹2
156 1103 452 1137 diversisdictorum
462 1103 618 1137 Ordinum
630 1102 899 1146 religiosisdiver-

33 1167 93 1197 mgr.
156 1156 290 1197 simode,
316 1156 425 1199 vigore
452 1167 509 1190 seu
529 1162 693 1200 praetextu
718 1156 901 1200 privilegio-

154 1219 227 1243 rum
251 1209 436 1242 huiusmodi
456 1219 646 1250 cannarum,
669 1209 784 1248 adhuc,
804 1214 901 1253 prout

154 1262 193 1296 de
207 1262 302 1303 sacto,
325 1268 389 1296 tam
414 1263 446 1295 in
463 1263 624 1296 Mexicana
645 1273 741 1306 quam
766 1262 799 1295 in
820 1262 900 1296 Gua-

152 1315 265 1349 xicana
293 1326 392 1349 novae
415 1316 588 1360 Hispaniae
621 1315 813 1355 civitatibus,
836 1325 900 1348 non

152 1368 222 1402 sine
229 1368 327 1402 animi
337 1369 439 1402 nostri
450 1369 663 1413 displicentia,
679 1369 900 1408 molestantur,

55 1445 61 1452 .
152 1421 253 1455 immo
272 1427 304 1455 et
323 1422 667 1456 excommunicationis
682 1421 838 1455 sententia
854 1422 901 1454 in-

54 1466 78 1526 2
152 1475 281 1509 terdum
318 1475 493 1516 feriuntur,
519 1475 553 1508 in
586 1474 751 1509 christiani
788 1475 900 1518 populi

44 1547 78 1587 ’ᾖ
153 1528 339 1563 scandalum
359 1539 424 1561 non
439 1529 617 1562 modicum.

53 1596 60 1601 ¹
79 1608 81 1610 .
197 1581 213 1626 ἓ
231 1581 263 1615 7.
284 1581 347 1615 Nos
367 1581 475 1625 igitur,
493 1581 689 1615 attendentes
710 1580 826 1614 dictam
848 1580 903 1614 So-

27 1639 53 1674 2'
83 1634 312 1677 7ffl01cietatem,
333 1645 428 1678 quae,
450 1634 596 1678 quamvis
620 1634 754 1677 collegia
785 1634 900 1667 habeat

28 1721 39 1737 r
56 1686 286 1727 v.¹'⁸·annexa,
306 1692 337 1720 et
355 1687 434 1720 haec
454 1687 598 1720 redditus
624 1697 684 1730 pro
704 1687 901 1720 studentium

49 1756 52 1757 ⁷
79 1767 82 1772 .
153 1740 344 1774 necessitate
363 1740 483 1774 habere
514 1739 648 1784 possint,
672 1740 755 1772 inter
781 1739 901 1772 Mendi-

53 1772 71 1844 ξ
154 1792 297 1826 cantium
309 1791 465 1826 Ordinum
485 1793 678 1835 Religioncs,
696 1804 754 1836 per
773 1798 903 1825 sanctae,

53 1851 66 1859 ‘
151 1845 327 1879 memoriae
346 1845 438 1878 Pium
458 1845 577 1890 Papam
597 1846 761 1889 quintum,
784 1845 900 1877 simili-

151 1903 201 1931 ter
211 1898 492 1942 praedecessorem
504 1905 662 1937 nostrum,
675 1910 733 1942 per
749 1898 903 1942 quasdam

151 1961 226 1984 suas
247 1951 280 1984 in
299 1951 403 1984 forma
422 1952 676 1991 brevislittcras,
698 1951 756 1983 sub
782 1951 833 1983 die
854 1962 903 1983 sc—

152 2003 256 2048 ptima
275 2004 392 2037 mensis
418 2003 500 2044 iulii,
523 2004 729 2048 pontificatus
749 2003 799 2035 sui
819 2013 904 2036 anno

152 2061 255 2098 sexto,
288 2057 463 2101 expeditas,
486 2056 647 2100 adscripta
678 2063 705 2089 ct
729 2057 902 2093 declarata,

157 2120 195 2143 ac
217 2109 460 2153 privilegiorum
479 2109 636 2143 Ordinum
654 2109 905 2142 Mendicantium

158 2161 319 2207 particeps
338 2162 450 2195 effecta
470 2162 540 2202 suit,
562 2173 599 2195 ex
619 2162 688 2195 cius
708 2162 855 2194 instituto
876 2166 904 2194 et

159 2214 440 2248 constitutionibus
490 2214 665 2258 apostolica
716 2214 906 2247 auctoritate

159 2266 370 2307 confirmatis,
392 2267 476 2300 bona
508 2267 634 2300 stabilia
659 2267 823 2311 possidere
843 2276 907 2299 non

161 2331 267 2366 posse,
289 2320 344 2353 sed
364 2320 495 2353 incertis
515 2320 726 2364 eleemosynis
748 2320 909 2353 fidelium-

163 2381 227 2413 que
258 2368 479 2412 largitionibus
509 2375 539 2402 et
569 2369 835 2402 subventionibus
867 2368 910 2400 vi-

163 2429 250 2459 vere,
272 2429 331 2451 nec
345 2417 451 2450 minus
471 2427 568 2460 quam
588 2423 711 2450 ceteros
731 2417 911 2449 Mcndiean-

166 2472 213 2500 tes
239 2466 373 2500 Ordines
397 2466 429 2498 in
461 2465 633 2498 excolenda
662 2465 753 2497 vinea
784 2463 911 2496 Domini

167 2515 294 2549 assidue
307 2515 466 2553 laborare,
485 2514 584 2546 immo
596 2523 655 2546 nec
673 2513 752 2545 alios
773 2513 860 2544 iuxta
879 2522 912 2544 se

169 2564 283 2597 domos
293 2570 323 2597 et
336 2562 526 2597 monasteria
546 2562 714 2595 aedificare
729 2561 913 2604 prohibere,

167 2626 246 2651 nevo
260 2617 362 2650 ullum
373 2623 424 2650 aut
435 2622 520 2650 certe
534 2625 587 2658 spi:
600 2613 752 2648 mminim
770 2625 810 2646 un
823 2624 915 2658 prac-

154 837 187 871 in
208 848 245 871 ea
265 839 466 883 presbyteros
484 838 570 882 ipsos
589 838 734 871 babitare
753 848 846 881 posse
871 842 902 870 et.
920 846 921 849 ’

768 242 944 273 canconms
960 243 1017 269 xm
1034 242 1084 268 Pr.

1581 226 1644 263 449

942 295 1097 330 iudicium
1127 295 1196 328 aliis
1224 294 1449 337 religiosorum
1484 290 1690 326 monasteriis

941 360 977 382 ex
1015 348 1181 381 Societatis
1215 348 1398 387 domorum,
1420 344 1634 388 collegiorum
1658 351 1690 377 ct

941 400 1151 434 ecclesiarum
1171 400 1333 432 vicinitate
1359 399 1541 444 provenire,
1574 409 1612 431 ex
1649 406 1689 430 co

941 454 1039 498 quod,
1053 458 1185 497 propter
1201 453 1359 486 diversam
1380 452 1580 486 functionum
1592 456 1623 484 et
1638 450 1688 484 in-

940 507 1042 540 stituti
1062 506 1232 545 rationem,
1254 505 1393 538 Societas
1414 505 1482 549 ipsa
1510 515 1568 538 ncc
1597 503 1687 538 chori

942 571 1035 593 usum
1056 560 1165 599 habet,
1183 570 1243 592 nec
1262 560 1302 591 ad
1321 559 1480 591 suncrales
1504 557 1688 591 associatio-

940 624 996 646 nes
1017 613 1152 652 acccdit,
1174 623 1233 646 nec
1253 611 1477 645 defunctorum
1500 611 1611 644 funera
1626 610 1688 644 nisi

941 676 1026 706 rara,
1044 666 1134 699 nulla
1154 665 1229 698 item
1252 664 1421 697 missarum
1436 665 1483 695 vel
1498 663 1691 707 sepulcralia

940 719 1097 762 stipendia
1111 745 1120 758 ,
1156 718 1261 751 nullas
1296 717 1519 760 sepulcrorum
1541 717 1589 749 vel
1610 727 1688 759 cap-

940 772 1154 817 pellaniarum
1174 770 1388 809 fundationes,
1411 769 1532 801 nullam
1549 769 1689 812 denique

940 836 1073 870 prorsus
1103 825 1350 867 eleemosynam,
1373 833 1455 865 quae
1487 822 1525 855 ad
1555 821 1689 865 quodvis

941 879 1043 923 ipsius
1071 877 1238 912 Societatis
1269 876 1484 909 ministerium
1522 875 1569 907 vel
1609 885 1688 918 opus

940 932 1035 974 dirigi
1056 930 1264 974 intelligatur,
1286 928 1436 962 admittit.
1458 929 1619 971 Ac‚pi·out
1633 938 1687 960 no-

940 991 1043 1018 strum
1066 996 1125 1017 nos
1156 984 1267 1017 invitat
1285 982 1441 1022 officium,
1463 981 1689 1014 inconvenien-

1704 236 1752 263 Αη.
1770 235 1798 263 C.
1814 234 1881 263 15⁷6

920 1065 921 1068 ,
940 1038 1027 1071 tibus
1042 1037 1228 1070 huiusmodi
1239 1036 1378 1074 obviare,
1387 1046 1422 1068 ac
1432 1035 1580 1067 scandala
1592 1044 1687 1077 quac-

941 1102 1080 1135 cumque
1101 1097 1129 1124 et
1151 1090 1407 1128 contentionum,
1422 1087 1686 1132 praecipueinter

940 1144 1106 1187 religiosas
1121 1153 1287 1187 personas,
1303 1142 1489 1176 occasiones
1509 1150 1688 1178 removere,

942 1207 1070 1230 necnon
1089 1202 1154 1229 tam
1182 1195 1366 1229 salubribus
1389 1194 1493 1227 dictae
1519 1191 1687 1226 Societatis

941 1250 1127 1283 ministeriis
1147 1259 1240 1293 quae,
1261 1259 1320 1292 pro
1340 1257 1453 1281 eorum
1477 1245 1630 1288 dignitate
1653 1255 1690 1277 ac

941 1303 1055 1336 maiori
1075 1301 1221 1335 fidelium
1238 1301 1356 1339 fructu,
1376 1300 1410 1332 in
1424 1298 1503 1332 locis
1524 1297 1617 1341 aptis,
1632 1297 1689 1329 ubi

941 1355 1044 1388 maior
1066 1365 1156 1397 seges
1176 1360 1207 1386 et
1235 1353 1435 1396 frequentior
1469 1351 1581 1395 populi
1614 1360 1690 1382 con-

940 1409 1078 1442 suetudo
1113 1408 1218 1450 viget,
1260 1406 1401 1440 exerceri
1441 1411 1469 1438 et
1512 1402 1688 1436 ministrari

941 1463 1081 1502 debent,
1115 1461 1196 1494 viam
1218 1462 1325 1504 potius
1355 1459 1482 1503 aperire
1507 1468 1603 1501 quam
1626 1456 1687 1488 im-

941 1515 1128 1559 pedimenta
1166 1515 1233 1547 ulla
1270 1513 1366 1546 obiici
1410 1511 1599 1555 permittere
1634 1519 1690 1543 vo·

941 1570 1055 1602 lentes.
1544 1595 1547 1597 ,

984 1622 1050 1665 ξὸ.
1073 1621 1158 1654 Motu
1192 1619 1325 1664 proprio
1357 1629 1394 1651 ac
1425 1618 1464 1650 de
1494 1616 1690 1660 apostolieae
1757 1628 1890 1653 t'rivilcgium

942 1675 1106 1719 potestatis
1142 1672 1354 1718 plenitudine,
1374 1682 1438 1704 non
1477 1671 1517 1703 ad
1554 1669 1690 1702 alicuius
1705 1666 1818 1681 ‘mmm
1847 1661 1890 1686 qui*

1705 1691 1833 1717 buscumque
1849 1690 1891 1710 Or-

943 1728 1033 1761 nobis
1054 1738 1152 1771 super
1171 1727 1232 1759 hoc
1242 1726 1367 1758 oblatae
1388 1723 1551 1767 petitionis
1574 1722 1787 1755 instan-dinibus
1802 1726 1891 1741 *³⁰⁰⁶2S·

1817 1758 1825 1772 ⁵
1860 1757 1866 1763 ,

944 1780 1032 1821 tiam,
1055 1780 1109 1813 sed
1130 1780 1167 1812 de
1198 1785 1306 1811 nostra
1330 1788 1419 1810 niera
1443 1776 1688 1814 deliberatione,
1705 1759 1765 1803 iunii}
1792 1755 1892 1802 1:332

943 1835 1072 1867 eosdem
1094 1833 1296 1876 presbyteros
1315 1841 1493 1872 eorumque
1514 1829 1655 1869 singulos
1674 1838 1691 1860 a
1706 1818 1892 1866 ἓῇξῖξζῇῃζᾌῖζ

942 1887 1108 1930 quibusvis
1132 1883 1486 1921 excommunicationis,
1509 1880 1691 1924 suspensio·
1707 1877 1891 1931 ξζΜξξῙξξξξξξ*

945 1941 994 1972 nis
1007 1946 1037 1973 et
1057 1938 1365 1980 interdictialiisque
1381 1935 1606 1970 ecclesiasticis
1622 1944 1694 1965 scn-

946 1993 1064 2032 tentiis,
1086 1991 1230 2025 censuris
1257 1996 1287 2023 et
1307 1990 1431 2034 poenis,
1457 2000 1474 2021 a
1494 1988 1562 2020 iure
1586 1986 1634 2019 vel
1655 1986 1695 2018 ab

948 2044 1210 2088 liominc,quavis
1231 2043 1398 2077 occasione
1418 2042 1466 2074 vel
1487 2051 1593 2079 causa,
1610 2039 1695 2079 latis,

947 2101 971 2134 si
991 2099 1109 2144 quibus
1120 2097 1363 2141 quomodolibet
1384 2093 1526 2127 innodati
1547 2093 1695 2131 existunt,

947 2154 987 2187 ad
1015 2152 1165 2185 effectum
1191 2148 1409 2194 praesentium
1435 2147 1599 2179 dumtaxat
1619 2156 1697 2177 con-

948 2206 1161 2250 sequendum,
1187 2204 1303 2235 harum
1337 2200 1417 2233 serie
1443 2199 1643 2231 absolventes
1669 2204 1700 2230 et

949 2260 1113 2293 absolutos
1124 2257 1191 2289 fore
1203 2260 1380 2293 censentes,
1391 2263 1426 2285 ac
1439 2251 1700 2294 supradictarum

950 2314 1144 2351 litterarum,
1166 2319 1293 2342 necnon
1315 2312 1345 2339 ct
1373 2306 1510 2338 aliorum
1541 2304 1700 2337 Ordinum

952 2364 1192 2410 privilegiorum
1213 2368 1241 2394 et
1264 2361 1296 2391 111
1311 2359 1355 2391 eis
1367 2363 1591 2391 contentarum
1613 2358 1702 2390 clau-

953 2420 1096 2451 sularum
1132 2422 1278 2451 tenores,
1307 2424 1342 2445 ac
1372 2412 1433 2444 alia
1465 2411 1560 2444 etiam
1594 2410 1701 2443 forsan

953 2468 1039 2500 circa
1049 2465 1222 2509 praemissa
1235 2463 1273 2495 de
1284 2461 1471 2494 necessitate
1483 2459 1701 2503 exprimenda,

955 2515 1178 2560 praesentibus
1212 2522 1270 2555 pro
1290 2510 1445 2554 expressis
1473 2510 1642 2547 habento&
1665 2520 1700 2540 ac

956 2563 1120 2608 privilegia
1140 2562 1299 2594 dictorum
1331 2558 1484 2592 Ordinum
1519 2568 1617 2599 snper
1638 2567 1702 2589 non

956 2611 1176 2646 aedificatione
1199 2609 1280 2642 insra
1312 2607 1411 2641 dictas
1448 2617 1576 2646 cannas,
1596 2602 1701 2647 quoad
