2059 3228
76 183 129 211 An.
149 184 177 211 C.
195 185 261 212 1587

147 518 258 540 ”orontio

76 552 237 573 contraiioiunr

323 176 387 210 894

277 247 408 281 quoquc
429 241 459 269 ct
478 236 571 268 inane
592 235 798 269 decernimus
815 234 840 267 si
861 244 955 267 secus
971 244 1024 266 su-

275 301 334 334 per
358 290 406 323 his
436 300 453 321 a
478 300 652 331 quoquam,
681 288 790 332 quavis
820 288 1024 328 auctoritate,

276 344 414 376 scienter
437 344 483 376 vel
512 343 709 385 ignoranter,
731 342 904 386 contigerit
923 348 1025 376 atten-

276 398 346 430 tari.

318 451 333 494 ἓ
354 450 384 483 ss.
412 451 480 483 Non
514 450 714 483 obstantibus
740 450 1026 483 constitutionibus

275 511 302 537 et
329 503 586 536 ordinationibus
619 504 815 547 apostolicis,
851 504 963 536 usibus
995 509 1026 536 ct

274 558 397 591 naturis
431 558 533 591 dictae
566 558 836 601 congregationis,
863 569 899 590 ac
929 557 1024 590 ctiam

275 612 471 651 iuramento,
499 611 747 645 confirmatione
771 611 947 655 apostolica
976 611 1024 644 vcl

273 665 386 708 quavis
409 665 561 698 firmitate
585 665 647 698 alia
663 665 833 706 roboratis,
851 665 978 698 statutis
996 670 1027 698 et

274 719 588 758 consuctudiniljius3
615 719 789 763 privilegiis
813 730 956 763 quoque,
979 720 1026 752 in-

274 773 372 805 dultis
400 779 428 805 et
455 772 568 805 litteris
595 773 779 816 apostolicis
807 773 867 816 ipsi
889 784 1025 817 congre-

273 826 405 868 gationi⁷
428 826 579 870 illiusque
607 838 643 859 ac
672 826 832 860 dictorum
868 833 1027 861 monaste-

274 880 399 913 riorum
423 880 658 924 superioribus,
679 880 738 913 sub
765 880 1026 924 quibuscumque

274 934 440 966 tenoribus
469 939 500 966 et
530 933 653 974 formis,
691 945 727 966 ac
752 945 826 967 cum
861 934 1027 977 quibusvis

274 987 428 1020 clausulis
461 992 491 1020 et,
514 984 664 1025 decretis,
692 987 787 1020 etiam
808 987 1024 1029 irritantibus,

274 1041 370 1073 ctiam
389 1046 479 1081 motu
500 1041 633 1084 proprio
654 1051 691 1074 ac
711 1041 978 1075 consistorialiter
990 1053 1028 1075 ac

273 1095 351 1127 alias
388 1095 419 1127 in
451 1094 648 1127 contrarium
684 1095 929 1138 quomodolibet
953 1106 1028 1129 con-

274 1147 383 1188 cessis,
419 1147 606 1191 approbatis
639 1154 669 1180 ct
694 1147 864 1181 innovatis.
905 1148 1028 1187 Quibus

273 1201 436 1242 omnibus,
459 1201 583 1234 etiamsi
607 1202 646 1234 de
661 1201 724 1234 illis
743 1201 940 1245 illorumque
954 1202 1028 1236 totis

276 1255 441 1288 tenoribus
465 1255 624 1299 specialis,
648 1254 810 1298 specifica,
833 1266 982 1300 expressa
998 1262 1030 1289 et

275 1308 450 1349 individua,
470 1320 534 1342 non
551 1315 658 1342 autem
675 1319 734 1352 per
746 1309 909 1342 clausulas
928 1321 1028 1353 gene·

276 1363 359 1396 rales
368 1362 452 1395 idem
464 1364 688 1406 imponantes,
704 1362 827 1396 mentio
839 1374 894 1396 seu
909 1364 1029 1406 quaevis

276 1416 339 1449 alia
363 1416 524 1459 expressio
549 1416 696 1449 habenda
716 1416 810 1457 foret,
828 1417 959 1450 illorum
981 1424 1029 1451 te-

276 1480 372 1503 nores
388 1470 613 1513 praesentibus
624 1480 683 1513 pro
695 1470 853 1514 expressis
863 1471 1029 1512 babentes,

276 1523 339 1556 illis
363 1523 487 1556 aliasin
507 1534 565 1556 suo
583 1524 700 1556 robore
721 1524 955 1567 permansuris,
968 1525 1031 1558 hac

276 1577 344 1610 vice
369 1577 544 1618 dumtaxat,
563 1577 746 1621 specialiter
761 1583 791 1611 et
811 1589 960 1622 expresse
977 1579 1031 1612 de-

277 1642 439 1674 rogamus,
474 1631 653 1676 ceterisque
692 1632 861 1665 contrariis
894 1634 1030 1677 quibus-

279 1696 432 1728 cumque.

322 1739 437 1772 Datum
458 1739 579 1772 Romae
602 1739 688 1783 apud
723 1738 755 1773 S.
790 1740 945 1781 Marcum,
973 1741 1032 1774 sub

279 1793 400 1826 annulo
414 1793 595 1834 piscatoris,
609 1793 661 1826 die
678 1803 688 1826 1
705 1793 833 1836 augusti
850 1803 1032 1835 MDLxxxwi,

280 1845 488 1889 pontificatus
508 1846 609 1880 nostri
630 1857 715 1880 anno
739 1857 785 1880 111.

300 1906 372 1936 Dat.
397 1905 444 1935 die
467 1905 481 1935 1
499 1905 616 1944 augusti
632 1905 721 1943 1587,
737 1906 841 1945 pontis.
860 1916 937 1936 anno
960 1915 1002 1936 111.

612 2021 698 2055 XCV.

284 2082 453 2115 statutum
479 2082 562 2126 quod
595 2082 672 2114 libri
703 2082 836 2124 linquae
863 2081 1034 2121 Arabicae,

869 181 1047 205 mmmmm
1068 181 1219 206 nommm
1235 187 1241 195 ·

1067 233 1152 276 Papa
1169 233 1247 274 XIII,
1269 228 1498 277 praedecessor
1515 244 1633 280 noster,
1656 242 1809 279 dilectum
1823 231 2005 280 Gne-¹¹¹¹&-

1066 285 1170 319 filium
1183 292 1330 320 nostrum
1347 287 1586 325 Ferdinandum
1603 294 1735 331 Sanctae
1747 299 1810 332 Ma-
1825 284 2005 344 uffo-:321

1066 339 1132 373 riae
1147 339 1180 373 in
1203 341 1259 374 Via
1271 341 1345 375 Lata
1365 342 1539 377 diaconum
1559 348 1752 384 cardinalem
1773 353 1812 386 de
1825 346 2006 401 {iffiissffim'sffi

1065 394 1195 427 Medicis
1208 400 1432 439 nuncupatum
1451 403 1667 440 protectorem
1685 403 1812 448 linguae
1827 402 2007 437 eaeimrrimiti*

1065 446 1219 481 Arabicae
1235 449 1400 483 constituit.
1416 455 1447 483 et
1465 451 1640 495 deputavit,
1656 455 1763 499 eique,
1780 465 1815 492 ut
1827 438 2006 498 ἶηεζτῖιῗέξῑοξψ

1066 500 1250 544 praedictae
1274 512 1312 535 ac
1330 503 1497 545 Turcicae,
1518 504 1664 541 Persicae
1682 513 1713 541 et
1723 509 1816 544 Chal-

1066 553 1178 586 daicae
1197 554 1384 598 linguarum
1408 567 1487 590 usus
1505 562 1537 591 et
1571 560 1757 595 exercitium
1784 563 1818 597 in

1066 607 1210 650 collegiis
1234 609 1273 642 ab
1289 609 1402 643 eodem
1422 612 1671 655 praedecessore
1684 614 1717 647 in
1732 616 1817 650 Urbe

1066 660 1219 695 institutis
1247 669 1370 706 quanto
1405 664 1498 698 citius
1522 665 1817 711 introducerentur,

1065 715 1324 756 grammaticales
1342 716 1558 752 institutiones
1577 725 1608 753 et
1627 720 1817 756 dictionaria

1067 768 1212 812 ipsarum
1236 769 1424 812 linguarum
1443 771 1584 806 fideliter
1607 775 1768 809 conscribi
1788 781 1819 810 et

1067 823 1203 864 exarari,
1230 824 1477 869 conscriptaque
1493 832 1525 859 et
1544 833 1672 862 exarata
1691 835 1723 862 et
1737 829 1819 864 alios

1067 876 1168 910 libros
1199 877 1319 920 linguis
1350 879 1525 922 praedictis
1558 881 1748 925 compilatos
1787 889 1819 917 et

1067 929 1291 974 compilandos
1322 942 1359 965 ac
1393 932 1651 977 interpretandos
1674 935 1817 980 imprimi

1067 989 1098 1016 et
1129 983 1212 1028 typis
1236 985 1352 1018 excudi
1383 985 1521 1024 faciendi
1548 998 1660 1021 curam
1684 989 1817 1023 deman-

1068 1037 1165 1077 davit,
1192 1043 1291 1080 prout
1310 1039 1343 1071 in
1366 1039 1482 1073 litteris
1505 1041 1608 1084 ipsius
1626 1042 1818 1086 praedeces·
1855 1042 1859 1045 ’

1068 1090 1149 1123 soris
1173 1090 1207 1123 in
1235 1091 1339 1125 forma
1363 1092 1468 1126 brevis
1501 1094 1641 1139 desuper
1664 1096 1819 1131 confectis

1068 1145 1196 1188 plenius
1220 1146 1416 1180 continetur.

1113 1199 1128 1242 ᾖ
1153 1198 1183 1231 2.
1203 1199 1282 1232 Cum
1299 1205 1420 1239 autem,
1443 1200 1526 1234 sicut
1549 1202 1745 1246 accepimus,
1758 1203 1822 1238 hoc
1844 1209 1913 1246 ,ΗΜ
1933 1208 1987 1245 ΨΥ

1834 1244 1886 1262 tiam
1898 1240 1948 1276 libri
1955 1239 1970 1261 S

1069 1306 1166 1347 ultra,
1192 1317 1257 1339 non
1277 1307 1346 1340 sine
1370 1308 1447 1341 dicti
1464 1308 1486 1340 F
1489 1309 1659 1343 erdinandi
1675 1310 1823 1344 cardina·
1834 1301 1977 1356 2032?ss

1071 1360 1110 1393 lis
1130 1361 1270 1394 maxima
1294 1361 1451 1405 impensa,
1479 1374 1516 1395 ac
1533 1363 1700 1397 laboribus
1723 1370 1755 1397 et
1778 1364 1824 1398 vi-

1070 1414 1155 1457 giliis
1179 1425 1393 1458 personarum
1418 1416 1458 1449 ab
1478 1416 1591 1449 eodem
1619 1417 1822 1451 Ferdinando

1071 1469 1234 1502 cardinale
1251 1469 1290 1501 ad
1307 1469 1369 1502 hoc
1388 1470 1628 1514 deputatarurn,
1650 1481 1689 1503 eo
1710 1471 1822 1505 redac-

1072 1528 1139 1555 tum
1161 1522 1213 1562 sit,
1239 1523 1326 1566 quod
1352 1533 1416 1556 non
1441 1523 1544 1556 solum
1570 1524 1740 1567 praedicti,
1769 1524 1824 1557 sed

1072 1576 1168 1609 ctiam
1195 1586 1309 1609 omnes
1339 1577 1392 1609 alii
1432 1577 1507 1609 libri
1528 1577 1768 1621 praedictarum
1793 1584 1825 1611 ct

1073 1630 1209 1662 :iliarum
1234 1630 1375 1674 partium
1396 1630 1601 1663 orientalium
1623 1631 1822 1674 linguarum,

1073 1684 1167 1717 ctiam
1193 1684 1288 1724 sacri,
1316 1689 1346 1717 et
1370 1695 1652 1728 quarumcumque
1685 1684 1822 1717 aliarum

1074 1738 1258 1771 facultatem
1279 1737 1317 1770 de
1334 1737 1419 1770 facili
1440 1737 1582 1781 imprimi
1603 1743 1766 1781 poterunt.
2002 1770 2006 1775 ,

1117 1790 1180 1835 §3-
1203 1791 1278 1831 Nos,
1295 1797 1460 1835 sperantes
1473 1791 1558 1834 quod
1579 1802 1616 1824 ox
1636 1790 1821 1824 huiusmodi
1853 1797 1929 1834 *Cam
1951 1797 1995 1825 imi

1075 1844 1287 1888 impressione
1315 1845 1474 1878 librorum
1507 1851 1538 1877 et
1568 1844 1728 1877 dictarum
1760 1844 1824 1877 lin·
1837 1829 1896 1882 {¹5:1⁰
1899 1830 1990 1887 ’.ωἶῗιζῗ
1998 1859 2006 1889 χ

1075 1909 1213 1940 guarum
1252 1899 1337 1942 apud
1367 1898 1593 1932 christifideles
1628 1897 1823 1940 cognitione,
1840 1896 1884 1945 ζζζ
1903 1893 1994 1948 affl?
2016 1940 2020 1942 ‚

1077 1953 1108 1984 in
1141 1952 1287 1995 partibus
1320 1951 1501 1985 infidelium
1534 1952 1614 1985 fides
1648 1951 2003 1993 eath01i33‚iioneinuictq-

1077 2016 1160 2050 quae
1190 2006 1329 2049 antiquis
1361 2004 1563 2049 temporibus
1594 2005 1670 2037 inibi
1695 2004 1825 2044 floruit,

1076 2060 1166 2092 verbi
1189 2059 1244 2092 Dei
1270 2059 1522 2102 praedicatione,
1542 2059 1772 2101 dictorumque
1791 2057 1829 2090 li-

332 2136 493 2175 ancicac,
512 2136 662 2168 Persicae
678 2139 707 2168 ct
722 2134 919 2168 Chaldm'caetc
937 2135 1036 2167 eciam

330 2200 439 2221 sacrae
457 2189 634 2231 theoloyiac
653 2193 682 2221 ct
702 2198 974 2232 quarumcumque
988 2187 1039 2229 sa-

332 2243 381 2274 cul
386 2246 488 2275 tatum
499 2242 724 2286 imprimendi,
737 2246 813 2274 aule
822 2252 917 2285 qtcam
927 2241 1039 2284 impri-

333 2300 466 2328 mantur
495 2296 628 2329 debeant
653 2306 710 2338 per
735 2294 918 2327 cardinales
946 2305 1040 2338 super

334 2350 581 2391 confirmatione
600 2349 720 2382 indit-is
736 2349 906 2392 deputatos
920 2348 1041 2381 cranzi-

336 2404 414 2434 mtri'
434 2409 460 2435 et
481 2403 612 2445 rorrigsi,
635 2407 680 2435 elc
696 2402 722 2434 ¹.

1079 2167 1216 2211 poterit:
1253 2178 1290 2200 ac
1316 2173 1487 2210 propterea
1513 2171 1575 2199 tam
1610 2165 1771 2198 laudabile
1800 2171 1831 2199 ct

1079 2219 1279 2263 reipublicae
1300 2219 1493 2253 christianae
1513 2218 1713 2251 salutiferum
1740 2229 1831 2261 opus,
1982 2225 1986 2230 ’

1081 2279 1239 2319 quantum
1259 2273 1292 2306 in
1320 2273 1414 2306 nobis
1440 2277 1498 2310 est,
1521 2273 1702 2311 contovere,
1735 2277 1832 2313 utque

1082 2327 1258 2373 praemissa
1282 2327 1389 2360 omnia
1421 2331 1542 2369 quanto
1568 2325 1674 2361 citius,
1707 2330 1738 2357 et
1773 2324 1833 2357 sub

1083 2388 1132 2417 ea,
1154 2388 1217 2420 qua
1241 2377 1344 2417 decet,
1382 2375 1596 2414 correctione,
1618 2372 1752 2407 sublatis
1771 2373 1833 2405 ini-

1083 2426 1280 2470 pedimentis
1308 2425 1518 2469 quibuslibet,
1548 2422 1706 2467 publicari
1738 2427 1769 2455 et
1800 2421 1855 2468 in,

1085 2478 1190 2509 lucem
1223 2475 1299 2519 poni
1330 2474 1464 2518 possint,
1492 2473 1658 2516 providere
1678 2472 1832 2510 volentes,

339 2529 365 2568 ξ.
386 2526 1044 2571 l.Aliasl'clicisrecordationisGregorius
1087 2530 1175 2558 motu
1196 2524 1341 2568 proprio,
1364 2534 1428 2557 non
1453 2522 1492 2556 ad
1512 2522 1757 2573 alicuiiissuper
1772 2519 1834 2551 hoc

334 2586 404 2613 tEx
422 2586 532 2622 Regest.
550 2586 577 2614 in
594 2587 698 2614 secret.
722 2586 864 2614 BrevIum.
1087 2574 1211 2608 oblatae
1245 2573 1336 2607 nobis
1371 2571 1534 2616 petitionis
1559 2571 1754 2609 instantiam,
1779 2566 1834 2600 scd

2000 2059 2024 2087 ,ἵ

1078 2114 1211 2146 brorum
1232 2113 1382 2153 lectione,
1414 2113 1507 2146 dante
1528 2113 1676 2152 Domino,
1704 2110 1830 2145 restitui
1896 2138 1902 2144 .
2002 2087 2028 2207 Ξ

2016 2326 2029 2368 ’1

2016 2416 2025 2450 ἐ

332 2470 430 2497 smus
444 2470 551 2504 Papav.
566 2470 599 2497 ad
611 2470 770 2505 perpetuam
781 2469 821 2497 rei
833 2468 1002 2497 memoriam.
