2059 3228
371 206 435 242 4¹38

326 271 540 305 ecclesiastica
569 268 762 302 constitutae
786 268 930 307 munitis,
962 266 1073 300 eadem

326 336 457 368 prorsus
482 324 560 356 sides
580 324 714 367 ubique,
736 324 768 357 in
795 325 914 358 iudicio
934 330 965 358 et
985 330 1073 357 extra

324 378 414 417 illud,
437 378 627 418 adhibeatur
639 389 722 421 quae
732 378 941 412 adhiberetur
952 379 1071 413 eisdem

324 432 559 476 praesentibus,
574 432 599 465 si
610 432 715 466 forent
736 433 895 466 exhibitae
909 434 957 466 vel
967 440 1073 466 osten-

321 495 385 517 sae.
410 485 665 529 Mandamusque
689 486 761 520 illas
785 487 817 519 in
835 487 954 520 librum
976 487 1071 530 quiu-

321 546 450 572 ternum
472 540 670 584 appellatum
690 540 907 574 Cancellariae
936 542 1070 585 Aposto-

319 593 412 630 licae,
435 593 473 627 ad
494 600 685 637 perpetuam
714 595 761 628 rei
795 595 998 633 memoriam,
1031 595 1070 628 de

320 655 409 679 more
429 647 556 680 referri.

361 699 475 732 Datum
494 699 615 734 Romae
635 701 722 745 apud
743 702 895 736 Sanctum
917 703 1048 735 Petrum
1061 729 1068 741 ,

317 763 402 786 anno
422 754 656 789 Incarnationis
685 756 867 790 dominicae
895 757 1069 790 millesimo

317 807 576 850 quingentesimo
589 809 807 852 octuagesimo
827 816 955 853 quarto,
973 811 1068 844 nonis

317 859 469 902 ianuarii,
492 862 697 906 pontificatus
721 863 822 897 nostri
844 874 928 896 anno
947 874 1002 897 xu.

360 914 451 948 Anno
485 927 502 948 a
535 916 702 950 Nativitate
740 917 867 950 Domini
895 927 1065 957 ,ηοω-ΠΝ,

316 967 425 1001 indict.
457 978 511 1008 xu,
531 969 582 1003 die
601 981 677 1003 vero
695 980 748 1004 xlx
766 971 884 1004 mensis
914 971 1064 1009 ianuarii,

314 1022 520 1065 pontificatus
547 1024 739 1057 sanctissimi
761 1025 793 1057 in
817 1024 943 1058 Christo
967 1025 1068 1067 patris

314 1082 343 1108 et
370 1077 406 1109 D.
431 1077 467 1109 N.
493 1077 528 1110 D.
552 1077 697 1121 Gregorii
727 1079 833 1112 divina
865 1079 1067 1122 providentia

313 1129 417 1173 Papae
434 1130 501 1163 xlll
513 1142 597 1164 anno
617 1141 672 1168 ΧΠ,
692 1131 918 1176 retroscriptae
940 1133 1065 1166 litterae

313 1184 509 1228 apostolicae
542 1185 653 1219 affixae
674 1192 702 1219 et
730 1186 912 1230 publicatae
935 1188 1064 1221 suerunt

313 1237 345 1271 in
365 1239 461 1271 valvis
481 1249 537 1272 seu
562 1239 664 1283 portis
684 1240 895 1273 ecclesiarum
918 1241 948 1274 S.
972 1242 1064 1275 Ioan-

312 1292 362 1325 nis
389 1293 611 1327 Lateranensis
645 1299 674 1327 et
700 1293 859 1337 Principis
894 1294 1063 1338 Apostolo-

311 1356 384 1378 rum
401 1346 439 1379 de
456 1346 553 1386 Urbe,
577 1357 706 1380 necnon
727 1347 761 1379 in
782 1347 879 1380 valvis
898 1347 1064 1382 Cancella-

310 1399 378 1432 riae
398 1400 602 1444 Apostolicae
623 1406 654 1433 et
674 1401 707 1434 in
727 1401 796 1434 acie
812 1401 920 1445 Campi
935 1402 1061 1443 Florae,

294 1463 368 1496 per
391 1463 449 1486 nos
468 1453 511 1486 Io.
551 1453 655 1487 Freile
676 1459 707 1487 et
729 1454 898 1488 Nicolaum
923 1455 1064 1498 Tagliet-

311 1510 393 1547 tum,
416 1517 575 1540 cursores.

397 1559 551 1594 Claudius
579 1561 737 1604 Mongeat‚
766 1572 848 1602 man:
877 1571 1059 1596 cursorum.

339 1615 402 1648 Dat.
423 1617 471 1648 die
485 1618 642 1648 5ianuarii
666 1619 754 1656 1584,
769 1623 850 1658 pont.
873 1629 949 1650 anuo
973 1629 1025 1651 xu.

128 209 172 239 An
199 211 227 239 C.
248 188 310 240 t5s's

185 962 301 987 Public-uo

589 1690 763 1700 .-

637 1746 730 1779 CLVI.

309 1820 416 1856 Maior
439 1823 526 1855 sacri
544 1823 644 1855 eremi
667 1821 924 1856 Camaldulensis
944 1828 1058 1866 potest,

353 1875 481 1918 quando
502 1876 566 1908 sibi
586 1875 735 1919 expedire
756 1876 894 1916 videtur,
916 1877 1062 1919 conferre

353 1929 511 1962 Eremilis
524 1930 588 1963 sibi
599 1931 635 1963 in
649 1939 752 1963 eremo
759 1930 906 1963 subiectis
918 1935 1057 1974 quatuor

351 1983 418 2016 ord.
443 1983 599 2023 minores;
615 1987 644 2016 et
659 1983 840 2016 cardinales
858 1984 991 2027 episcopi
1014 1985 1056 2017 acl

351 2037 474 2070 dictum
498 2047 638 2070 eremum
661 2037 840 2070 accedentes
862 2041 1006 2080 possunt,
1027 2047 1057 2069 c-

347 2091 436 2139 ιῑὶανη
467 2095 561 2123 extra
597 2095 740 2134 tempora
768 2095 797 2123 et
830 2101 896 2123 mm
925 2091 1060 2123 servatis

350 2145 551 2184 interstitiis,
572 2155 679 2178 sacros
698 2145 824 2177 ordines
844 2144 962 2177 eisdem
983 2154 1058 2177 con-

351 2200 445 2240 serre,
455 2199 484 2232 si
502 2199 568 2243 ipsi
587 2199 707 2232 maiori
729 2198 839 2231 idonei
857 2198 1008 2232 videntur
1028 2198 1055 2231 ¹.

519 2269 666 2305 Gregorius
689 2269 760 2305 Papa
778 2269 847 2298 xlll.

305 2321 408 2351 nitente
419 2322 469 2356 fili.
480 2324 599 2353 salutem
606 2324 635 2351 et
643 2323 822 2358 apostoticam
833 2322 1058 2351 benedictionem.

353 2384 431 2417 Cum
466 2385 592 2418 interna
617 2385 708 2428 quies
743 2385 877 2418 fratrum
903 2384 1058 2418 Eremita-

152 2453 217 2474 cansa
232 2453 292 2474 huius
310 2448 383 2471 rum
404 2438 503 2471 eremi
523 2438 776 2472 Camaldulensis
800 2438 950 2472 Aretinae
968 2438 1056 2471 dioc-

112 2484 188 2506 Mum
349 2513 358 2538 t
379 2512 496 2546 Cuncta,
517 2521 590 2548 quac
608 2516 786 2542 concernunt
799 2513 932 2541 Ordinem
953 2512 1058 2541 Camal—

310 2557 459 2584 dutensem
488 2557 551 2585 vide
572 2557 599 2585 in
628 2557 764 2585 Alexand.
790 2557 814 2585 ΙΙ
843 2560 934 2585 const.
957 2562 1056 2591 xxviii,

309 2600 396 2635 Nulli,
417 2604 483 2628 tom.
505 2607 535 2634 u,
556 2608 618 2636 pag.
641 2602 684 2630 158.

920 212 1099 237 numentum
1119 210 1270 235 ROMANt'it

1116 263 1208 303 cesis,
1230 263 1269 296 ad
1289 272 1385 306 quam
1403 265 1661 308 consequendam
1678 266 1738 311 ipsi
1750 267 1863 302 fratres

1115 318 1275 352 Eremitae
1296 318 1412 352 deserti
1433 319 1504 352 loca
1523 320 1698 363 petierunt,
1721 332 1785 356 non
1804 333 1863 367 pa-

1114 384 1187 405 rum
1213 373 1311 406 soleat
1331 373 1517 417 perturbari
1545 374 1675 416 quando
1685 375 1724 408 ad
1735 375 1864 410 ordines

1114 437 1221 460 sacros
1234 426 1457 470 suscipiendos
1477 427 1562 460 foras
1582 433 1710 461 exeunt.

1159 480 1223 523 §t
1254 480 1329 520 Nos,
1362 481 1440 514 huic
1467 481 1675 514 incommodo
1695 482 1863 526 providere

1112 535 1268 575 volentes,
1281 534 1352 574 tihi,
1369 540 1406 568 ut
1422 535 1552 578 quando
1573 536 1724 580 expedire
1740 537 1863 571 videbi·
1876 526 1889 548 Π

1112 596 1176 631 tur,
1213 595 1355 633 quatuor
1380 590 1535 629 minores,
1569 600 1696 624 necnon
1716 591 1747 625 S.
1769 591 1806 626 R.
1824 592 1860 626 E.

1113 645 1342 685 cardinalibus,
1367 645 1473 689 quiad
1494 645 1615 678 dictum
1636 656 1781 680 eremum
1803 658 1863 690 pro

1112 705 1258 743 tempore
1278 699 1484 740 accesserint,
1512 699 1537 733 si
1564 700 1708 745 episcopi
1726 701 1860 742 suerint,

1111 759 1146 786 ut
1157 765 1269 787 omnes
1278 764 1397 793 sacrOS,
1411 754 1506 787 etiam
1515 755 1766 799 presbyteratus,
1776 757 1863 791 ordi-

1110 819 1180 846 nes,
1202 808 1299 841 etiam
1325 813 1412 841 extra
1432 813 1580 853 tempora
1604 820 1621 842 a
1641 809 1712 843 inre
1731 815 1861 850 statuta,

1111 868 1140 895 et
1157 873 1221 903 non
1246 863 1377 896 servatis
1397 862 1588 903 interstitiis,
1611 863 1763 898 fratribus
1785 864 1864 898 Ere-

1109 916 1198 949 mitis
1218 916 1403 960 praedictis,
1426 916 1604 950 dummodo
1625 917 1664 950 ad
1683 916 1716 950 id
1740 917 1865 953 iudicio·

1109 976 1166 1003 tuo
1187 970 1294 1004 idonei
1310 971 1456 1011 existant,
1480 981 1580 1016 super
1606 982 1671 1014 quo
1697 972 1862 1006 conscien-

1107 1025 1183 1057 tiam
1206 1030 1292 1058 tuam
1315 1035 1499 1063 oneramus,
1529 1025 1688 1065 conterre,
1719 1025 1861 1070 ipsisque

1109 1079 1262 1111 fratribus
1281 1078 1430 1112 Eremitis
1450 1079 1523 1113 illos
1541 1079 1688 1123 recipere
1707 1079 1810 1114 libere
1830 1085 1861 1114 et

1107 1132 1337 1171 licitevaleant,
1349 1133 1526 1176 apostolica
1534 1133 1857 1174 auctoritate,tenore

1107 1186 1338 1229 praesentium,
1364 1186 1547 1219 facultatem
1572 1186 1795 1220 concedimus.

1107 1291 1197 1324 cialis
1224 1298 1253 1325 et
1285 1293 1445 1334 generalis
1476 1293 1690 1327 conciliorum
1723 1305 1761 1328 ac
1781 1294 1855 1337 qui-

1104 1345 1212 1378 busvis
1233 1347 1522 1381 constitutionibus
1542 1353 1573 1381 et
1596 1347 1854 1383 ordinationibus

1107 1399 1303 1443 apostolicis,
1326 1400 1507 1445 ceterisque
1527 1401 1699 1435 contrariis
1722 1401 1856 1446 quibus-

1106 1465 1259 1497 cumque.

1149 1507 1264 1541 Datum
1285 1507 1405 1542 Romae
1425 1508 1511 1553 apud
1527 1508 1558 1542 S.
1574 1507 1790 1550 Petrum‚sub
1801 1520 1854 1543 an-

1105 1562 1182 1595 nulo
1199 1562 1382 1603 piscatoris,
1401 1562 1452 1596 die
1467 1572 1509 1595 m
1526 1562 1664 1596 ianuarii
1682 1572 1852 1602 itanxxw,

1104 1615 1314 1660 pontificatus
1333 1616 1435 1651 nostri
1455 1626 1539 1649 anno
1563 1627 1618 1650 m.

1139 1673 1202 1704 Dat.
1217 1674 1264 1704 (lie
1277 1675 1292 1704 7
1310 1674 1438 1704 ianuarii
1449 1674 1536 1711 1584,
1549 1674 1652 1715 pontif.
1664 1683 1740 1705 anno
1750 1682 1802 1704 xu.

1418 1864 1528 1899 CLVII.

1323 1972 1452 2005 Erectio
1465 1971 1634 2014 hospitalis

1129 2036 1187 2068 pro
1211 2027 1344 2058 natione
1371 2025 1613 2058 Maronitarum
1632 2026 1670 2058 in
1697 2025 1776 2059 Urbe
1796 2025 1821 2059 ¹.

1135 2113 1284 2150 Gregorius
1303 2114 1456 2150 episcopus,
1475 2120 1570 2142 servus
1589 2120 1729 2142 servorum
1743 2113 1790 2142 Dei

1247 2168 1280 2195 ad
1293 2169 1456 2203 perpetuam
1475 2168 1516 2196 rei
1534 2168 1703 2197 memoriam.

1144 2247 1316 2281 Salvatoris
1343 2247 1443 2280 nostri
1469 2248 1541 2281 lesu
1568 2247 1699 2287 Christi,
1721 2248 1776 2291 qui
1795 2257 1854 2281 nos

1100 2301 1138 2334 ad
1155 2300 1282 2345 pietatis
1298 2301 1422 2334 cultum
1444 2306 1475 2334 et
1493 2300 1637 2334 caritatis
1649 2301 1751 2334 zelum
1768 2311 1850 2345 quo-

1100 2354 1231 2387 tidianis
1252 2353 1320 2387 eius
1345 2365 1403 2398 per
1424 2360 1526 2388 totum
1547 2354 1580 2386 in
1599 2354 1662 2387 hoc
1681 2354 1759 2387 orbo
1778 2364 1852 2397 pro-

1099 2418 1245 2450 gressum
1270 2407 1424 2452 exemplis
1439 2408 1585 2440 hortatus
1594 2412 1652 2447 est,
1667 2407 1762 2447 vices,
1775 2407 1851 2440 licet

1100 2460 1264 2501 immeriti,
1284 2467 1431 2503 gerentes
1452 2460 1605 2500 interris,
1619 2460 1728 2493 ineam
1737 2470 1848 2492 curam

1100 2514 1398 2557 cogitationemque
1422 2523 1480 2546 nos
1508 2512 1701 2557 propensius
1725 2513 1849 2545 incum-

1137 2601 1146 2626 1
1170 2599 1213 2626 Ex
1233 2599 1344 2634 Regest.
1361 2598 1390 2626 in
1410 2598 1516 2627 Secret.
1533 2598 1674 2626 Brevium.

1874 202 1927 240 Ain.
1943 202 1947 209 ’

1917 489 2012 526 ludu!

1891 526 1917 542 uo
1932 526 1954 542 ιιι
1983 548 1988 550 .
2004 527 2020 547 ι,

1151 1238 1165 1279 ,Ε
1189 1238 1221 1271 ⁶2.
1240 1239 1309 1278 Non
1321 1239 1523 1273 obstantibus
1543 1240 1714 1283 synodalis,
1728 1229 1960 1289 ρΥονίη-,ξὲζῗζζ
1979 1233 2015 1278 ,·“’

1891 2254 1935 2278 Bm
1952 2267 1954 2273 ·
