2059 3228
74 680 170 709 merique

41 712 104 734 uncos
123 717 170 738 poe-

70 743 172 771 inposue-

37 780 42 796 ι
59 779 100 797 non
127 773 171 795 uol-

39 801 90 834 ιῷιιι
105 810 170 826 annu-

73 833 170 857 Gamerae

42 866 133 889 naticae.

46 2067 92 2086 su·
105 2063 172 2092 quoli-

61 2100 114 2117 uno
150 2097 171 2117 in

47 2126 66 2147 ln
76 2129 99 2148 et
117 2126 172 2149 testo

59 2155 114 2179 notri
149 2161 172 2180 et

48 2188 54 2208 i
71 2187 171 2217 {ccepta-

47 2218 172 2244 emunitates

51 2247 174 2277 v'nluttones,

77 2314 136 2333 roms
150 2315 173 2334 et

49 2339 127 2373 ungnes
137 2343 173 2364 de-

56 2373 97 2395 dan
105 2379 174 2399 came-

46 2405 77 2426 ιιιΙ
121 2406 173 2428 obu-

51 2282 78 2310 ω
88 2280 173 2302 solven—
186 2273 207 2307 C

768 249 945 275 Gnnflomns
968 249 1023 273 xm
1046 250 1093 273 Μ’.

185 298 334 342 usurpari
349 299 523 343 contingat,
545 299 675 333 illorum
690 302 929 345 recuperationi

184 350 335 385 decenter
365 352 496 393 instare,
518 365 582 397 quo
607 360 638 387 et
660 354 762 398 ipsius
781 354 873 387 Sedis
892 366 930 389 ac

183 404 322 438 aliorum
338 406 591 440 christianornm
612 408 810 453 principum,
833 414 929 452 atque

166 457 263 500 ¹adeo
300 458 467 494 universae
501 461 692 495 christianae
730 461 928 506 reipublicae

182 511 426 547 necessitatibus
457 519 487 548 et
511 515 806 559 opportunitatibus
829 515 930 548 valeat

183 564 364 599 subvenire.

226 617 242 661 ἓ
261 618 292 652 1.
314 618 382 653 Hoc
401 630 476 653 sanc
497 621 632 654 consilio
656 627 687 655 et
710 621 818 655 animo
839 631 928 655 com-

183 670 292 715 plures
311 672 445 706 Romani
465 674 635 707 Pontifices
665 675 929 718 praedecessores

183 725 295 766 nostri,
318 732 349 759 et
368 726 401 759 in
422 727 472 760 his
487 727 558 771 piae
578 728 753 761 memoriae
773 729 929 761 Innocen-

183 777 248 811 tius
267 779 341 819 VIII,
366 788 453 813 sexto
473 791 573 814 nonas
593 780 681 821 maii,
709 787 833 821 octavo,
855 782 928 815 Ale-

183 831 302 865 xander
320 832 368 873 VI,
395 834 633 877 quintodecimo
654 835 805 868 kalendas
820 835 930 868 ianua-

183 883 235 926 rii,
253 892 352 926 sexto,
376 892 406 919 et
425 887 542 920 Paulus
572 888 621 928 lV,
645 893 755 921 octavo
776 889 929 922 kalendas

182 939 376 980 novembris,
403 940 542 973 secundo
575 942 821 984 pontificatuum
855 953 928 975 suo-

182 1002 255 1025 rum
275 993 366 1026 annis
390 993 483 1027 editis
520 995 801 1028 constitutionibus
821 1001 852 1029 et
875 997 928 1029 lit-

182 1044 269 1086 teris,
308 1045 460 1080 adversus
495 1058 606 1080 omnes
641 1053 671 1080 et
705 1058 927 1093 quoscumque

182 1097 214 1131 S.
236 1097 274 1131 R.
295 1098 332 1132 E.
354 1104 385 1132 et
409 1099 560 1133 Gamerae
577 1101 769 1144 Apostolicae
784 1103 927 1135 feudata-

182 1151 258 1193 rios,
279 1151 425 1194 vicarios,
452 1155 695 1197 gubernatores,
726 1156 926 1198 censuarios,

182 1205 403 1250 emphyteutas
418 1212 448 1240 et
461 1208 540 1241 alios
559 1208 711 1241 Gamerae
728 1210 928 1252 Apostolicae

183 1258 357 1300 debitores,
379 1260 499 1294 eisdem
512 1261 585 1295 Sedi
597 1267 626 1295 et
635 1261 787 1296 Gamerae
804 1263 928 1296 debitas

182 1312 369 1354 solutiones,
390 1314 484 1347 certis
511 1315 562 1348 die
586 1321 616 1348 et
648 1317 721 1349 loco‘
749 1317 874 1350 statutis
893 1328 928 1350 re

182 1365 252 1410 ipsa
271 1376 338 1400 non
358 1367 522 1409 facientes,
549 1374 709 1413 pactaque
734 1375 763 1403 et
789 1381 927 1403 conven-

183 1419 287 1453 tiones
306 1420 339 1453 in
360 1431 472 1454 eorum
494 1422 687 1456 investituris
707 1429 738 1456 et
757 1423 826 1456 aliis
854 1435 928 1457 con-

183 1473 391 1516 cessionibus,
404 1486 531 1508 necnon
543 1476 655 1509 modos
675 1482 705 1509 et
718 1477 836 1509 formas
847 1478 927 1511 alia-

183 1537 247 1570 que
281 1528 389 1561 omnia
425 1528 458 1562 in
486 1529 606 1562 eisdem
641 1531 927 1573 praedecessorum

183 1579 298 1613 litteris
327 1586 477 1615 contenta
513 1593 577 1615 non
609 1582 832 1627 adimplentes,
856 1595 927 1618 sen-

183 1632 318 1675 tentias,
348 1645 500 1668 censuras
525 1641 556 1668 et
584 1647 716 1679 poenas,
741 1642 804 1670 tam
828 1639 929 1672 eccle-

183 1685 324 1721 siasticas
344 1698 440 1731 quam
472 1689 657 1732 privationis
683 1695 713 1723 et
742 1691 929 1725 caducitatis

184 1740 367 1783 feudorum,
412 1742 639 1783 vicariatuum,
679 1745 925 1787 guberniorum,

182 1794 393 1837 locationum,
416 1806 573 1829 censuum
603 1803 633 1830 et
663 1798 800 1831 aliorum
825 1799 928 1832 bono-

183 1858 256 1880 rum
276 1855 308 1881 et
326 1849 449 1882 iurium
471 1860 528 1893 per
548 1861 602 1883 eos
619 1850 729 1884 aSede
749 1858 781 1885 et
795 1851 929 1886 Gamera

184 1901 356 1944 praedictis
380 1903 624 1947 quomodolibet
643 1904 848 1939 obtentorum
868 1906 929 1940 im-

185 1961 375 1998 posuerunt.

228 2007 245 2051 g
263 2008 294 2042 2.
316 2008 459 2048 Quarum
479 2010 595 2044 deinde
612 2012 878 2046 constitutionum
900 2018 931 2046 et

185 2059 367 2095 litterarum
391 2063 512 2106 vigore,
541 2075 577 2097 ac
601 2065 697 2098 etiam
730 2065 816 2099 iuxta
847 2066 930 2099 anti-

185 2122 283 2156 quam
301 2120 332 2148 et
351 2115 546 2149 laudabilem
567 2118 846 2159 consuetudinem,
869 2119 931 2152 sin-

185 2166 269 2210 gulis
291 2168 384 2202 annis
408 2169 439 2202 in
464 2170 572 2214 vigilia
596 2177 627 2203 et
659 2172 737 2204 festo
762 2172 930 2206 beatorum

186 2221 405 2264 apostolorum
434 2223 518 2256 Petri
537 2228 568 2257 et
597 2224 687 2257 Pauli
718 2226 875 2259 hactenus
898 2226 931 2258 in

210 2284 320 2308 amera
338 2275 520 2319 Apostolica
539 2284 705 2318 servatam,
722 2289 829 2311 coram
846 2279 931 2312 eius-

186 2326 260 2360 dem
280 2327 312 2361 S.
330 2328 366 2361 R.
381 2329 416 2361 E.
435 2331 612 2363 camerario
629 2338 658 2364 et
674 2332 826 2364 Gamerae
842 2343 933 2375 prae-

187 2379 290 2414 dictae
309 2381 577 2425 praesidentibus,
589 2383 716 2417 clericis
735 2390 765 2417 et
784 2384 855 2417 aliis
874 2385 931 2418 Ca-

186 2444 309 2468 meram
329 2435 526 2478 praedictam
546 2437 735 2470 facientibus
756 2443 786 2470 et
807 2448 934 2481 reprae-

186 2483 398 2524 sentantibus,
423 2494 481 2527 pro
502 2485 695 2527 recipiendis
716 2486 864 2519 censibus
903 2493 934 2520 et

187 2532 259 2567 aliis
282 2532 455 2577 praedictis
477 2532 596 2566 ibidem
616 2534 828 2577 congregatis,
848 2535 933 2567 eius-

187 2580 261 2615 dem
275 2581 426 2615 Gamerae
440 2587 470 2615 et
485 2581 552 2615 sisci
569 2588 761 2626 procurator
777 2593 835 2626 pro
853 2589 932 2616 tem-

186 2639 265 2674 pore
280 2630 425 2671 existens,
446 2631 643 2674 acceptando
663 2631 753 2676 prius
772 2642 883 2665 omnes
904 2638 934 2666 et

306 2680 380 2712 Bun.
401 2679 479 2712 Rom.
501 2680 554 2710 l'ol.
582 2679 654 2711 l'i'i'l.
817 2680 854 2711 43

1607 231 1672 271 337
1730 242 1787 271 m
1800 240 1831 270 c.
1846 239 1915 269 1580

971 311 1196 344 quascumque
1224 301 1384 334 ‹fflictarum
1413 298 1661 335 concessionum
1686 306 1718 334 et

971 354 1232 387 investiturarum
1243 355 1448 397 caducitates‚
1457 353 1678 388 devotationes
1686 360 1719 389 et.

971 407 1174 449 privationes,
1186 418 1311 440 necnon
1325 413 1549 441 contractuum
1560 412 1591 441 et
1601 407 1720 442 instru-

971 465 1152 493 mentorum
1189 461 1401 494 resolutiones
1443 460 1720 506 extinctionesque

971 518 1000 546 et
1020 514 1099 547 alias
1118 524 1238 557 poenas
1252 514 1368 555 legales
1385 525 1440 547 scu
1458 514 1719 548 conventionales

970 578 1006 599 ac
1026 567 1120 600 aliter
1138 577 1198 613 per
1235 577 1289 599 eos
1319 566 1475 609 incursas,
1497 567 1628 602 eosdem
1651 578 1719 602 non

971 620 1128 653 solventes
1147 631 1203 653 seu
1224 631 1288 653 non
1309 621 1521 664 adimplentes
1544 621 1717 666 promissa,

970 685 1007 706 ac
1024 674 1056 706 in
1077 673 1171 706 dictis
1191 673 1388 707 investituris
1408 680 1438 707 et
1457 674 1719 709 concessionibus

970 732 1119 760 contenta
1139 737 1195 760 seu
1215 727 1293 760 alias
1319 737 1376 770 per
1395 737 1450 760 eos
1473 728 1719 771 quomodolibet.

970 780 1088 821 debita,
1105 781 1145 813 ab
1165 791 1278 813 eorum
1295 780 1408 821 feudis,
1424 781 1639 823 vicariatibus,
1660 793 1718 826 gu-

969 833 1102 875 berniis,
1125 834 1351 876 locationibus,
1372 834 1715 876 administrationibus,

971 887 1118 920 censibus
1146 893 1177 921 et
1209 887 1301 920 bonis
1330 898 1368 921 ac
1403 888 1664 922 concessionibus
1688 894 1719 923 et

970 940 1165 974 investituris
1176 940 1328 974 cecidisse
1339 946 1370 974 et
1382 941 1446 975 illis
1459 942 1598 985 privatos
1606 943 1716 984 fuisse,

970 1005 1029 1027 nec
1041 1005 1099 1038 per
1119 1005 1360 1038 quamcumque
1375 995 1606 1039 receptionem,
1624 996 1657 1029 in
1672 1002 1719 1030 to-

969 1054 1038 1080 tum
1064 1059 1121 1081 seu
1141 1048 1174 1081 in
1202 1054 1327 1092 partem
1352 1048 1392 1082 de
1420 1048 1541 1083 eisdem
1570 1050 1719 1083 censibus

969 1107 1090 1145 postea,
1110 1107 1175 1134 tam
1196 1101 1229 1134 in
1246 1102 1357 1136 eadem
1378 1101 1511 1136 Gamera
1524 1114 1619 1147 quam
1632 1108 1719 1136 extra

970 1166 1053 1197 eam,
1076 1161 1107 1189 et
1127 1161 1190 1188 tam
1210 1166 1269 1200 per
1288 1156 1394 1200 ipsum
1415 1167 1513 1200 quam
1533 1157 1614 1190 alios
1624 1167 1718 1201 quos-

970 1220 1110 1253 cumque
1131 1210 1259 1250 factam,
1285 1209 1411 1243 iuribus
1441 1210 1586 1244 eiusdem
1606 1210 1718 1244 Game-

970 1273 1023 1295 rae
1056 1262 1284 1306 praeiudicari,
1316 1264 1372 1297 sed
1401 1263 1488 1307 quod
1520 1274 1648 1308 semper
1678 1264 1719 1297 ad

969 1316 1091 1350 bonum
1123 1321 1312 1360 computum
1331 1343 1339 1357 ,
1378 1327 1415 1350 ac
1448 1317 1596 1358 eosdem,
1636 1317 1719 1351 sicut

969 1369 1162 1413 praefertur,
1184 1381 1250 1403 non
1281 1370 1438 1404 solventes
1467 1375 1497 1404 et
1526 1381 1591 1404 non
1615 1370 1717 1403 adim-

970 1424 1105 1466 plentes,
1127 1434 1273 1457 morosos
1293 1424 1450 1458 declarari
1474 1435 1532 1468 per
1550 1424 1718 1458 Gameram

970 1477 1166 1521 praedictam
1185 1477 1318 1520 singulis
1334 1478 1428 1511 annis
1444 1478 1533 1522 petiit
1548 1484 1578 1511 et
1592 1478 1716 1519 institit,

969 1541 1006 1563 ac
1028 1541 1173 1564 morosos
1193 1537 1223 1564 et
1243 1537 1451 1565 contumaces
1474 1532 1523 1565 vel
1560 1531 1639 1565 alias
1663 1532 1718 1565 de—

970 1584 1061 1617 cerni
1082 1589 1113 1617 et
1132 1584 1290 1618 declarari
1311 1584 1460 1618 obtinuit.

1012 1638 1027 1681 g
1047 1637 1078 1670 3.
1101 1638 1211 1681 ltaque
1233 1639 1317 1671 idem
1333 1639 1451 1671 Paulus
1475 1638 1714 1682 praedecessor,
1731 1645 1845 1666 Pautustv
1860 1646 1915 1667 eom:

1731 1676 1826 1702 probavit
1847 1677 1913 1697 dictas

963 1692 1229 1734 protestationes,
1265 1691 1510 1732 declarationes,
1544 1691 1717 1724 sententias
1731 1708 1775 1728 fisci
1812 1711 1915 1734 protem-

971 1750 1001 1778 et
1020 1745 1148 1778 decreta
1169 1745 1332 1789 praedicta
1356 1755 1414 1789 per
1433 1744 1559 1778 casdem
1576 1756 1649 1777 suas
1667 1744 1716 1777 lit·
1731 1740 1915 1791 ¹¹¹fl¹i¹ffi⁶⁵²eff1²22¹ssj

970 1804 1054 1831 teras
1073 1799 1268 1832 confirmans
1289 1804 1319 1832 et
1343 1799 1537 1843 approbans,
1560 1804 1716 1843 perpetuo
1731 1801 1770 1820 ²1⁸³
1793 1803 1813 1820 Ε·
1841 1801 1915 1821 mse*

971 1852 1080 1885 statuit
1104 1863 1214 1886 omnes
1248 1859 1458 1896 occupatores
1477 1859 1507 1885 et
1537 1852 1717 1885 detentores
1730 1835 1762 1883 ,¹3
1785 1831 1915 1883 dignabili&

970 1906 1143 1939 feudorum
1160 1912 1190 1939 et
1202 1907 1340 1940 aliorum
1356 1905 1595 1950 praedictorum
1612 1905 1652 1938 ad
1663 1905 1718 1938 illa
1731 1897 1817 1945 ,⁰ss¹¹ssssss
1832 1896 1915 1945 25¹²ss

972 1958 1076 1993 eidem
1097 1959 1248 1993 Gamerae
1269 1960 1478 1993 relaxandum
1498 1965 1529 1992 et
1544 1958 1717 1991 restituen-
1732 1955 1818 1976 ΝΜ·

971 2013 1048 2046 dum
1069 2013 1151 2046 infra
1180 2019 1307 2046 certum
1338 2013 1533 2052 terminum,
1556 2011 1612 2055 qui
1637 2012 1719 2044 iam-

972 2066 1097 2109 pridem
1125 2066 1300 2110 praeteriit‚
1322 2076 1528 2109 quacumque
1560 2065 1721 2109 praescri-

972 2120 1091 2163 ptione,
1113 2120 1209 2152 etiam
1230 2125 1359 2152 centum
1381 2129 1539 2151 annorum
1561 2125 1592 2152 et
1612 2120 1720 2152 forsan

973 2173 1069 2213 ultra,
1091 2183 1155 2205 non
1185 2173 1340 2213 obstante,
1370 2172 1528 2214 obligatos
1556 2182 1637 2212 esse,
1664 2182 1719 2205 co-

973 2226 1068 2268 gique
1097 2237 1189 2270 posse
1223 2232 1252 2258 et
1284 2226 1423 2265 debere,
1458 2234 1488 2260 et
1520 2226 1598 2258 alias
1621 2231 1721 2269 prout

973 2280 1005 2312 in
1025 2279 1308 2312 constitutionibus
1323 2285 1353 2312 et
1369 2279 1491 2317 litteris,
1509 2290 1635 2312 necnon
1648 2289 1721 2323 pro-

974 2333 1207 2373 testationibus,
1235 2333 1556 2375 interpellationibus,
1577 2334 1720 2366 declara-

974 2386 1128 2426 tionibus,
1151 2385 1316 2418 sententiis
1329 2391 1359 2418 et
1378 2385 1516 2418 decretis
1548 2386 1721 2430 praedictis

974 2438 1069 2471 latius
1085 2438 1279 2471 continetur.

1018 2488 1032 2530 g
1051 2487 1082 2519 li.
1106 2487 1313 2525 Postcavero,
1336 2491 1400 2519 tam
1420 2486 1509 2519 Pauli
1534 2488 1722 2531 praedeces-
1736 2484 1918 2537 ,ὡζῗῖζζοῆζζ

975 2536 1056 2569 soris
1067 2546 1161 2579 quam
1175 2535 1413 2578 praedictorum
1430 2543 1461 2568 et
1475 2536 1613 2569 aliorum
1630 2548 1722 2580 prae·
1736 2547 1809 2567 dama
1831 2550 1852 2567 ei
1881 2547 1919 2567 atti

976 2584 1181 2617 decessorum
1202 2589 1385 2616 nostrorum
1402 2585 1670 2618 constitutionum
1692 2592 1722 2618 et
1736 2579 1860 2629 ξῇᾜξζζθῑη
1883 2579 1920 2628 ἶξζ

976 2633 1155 2667 litterarum
1189 2633 1373 2666 liuiusn‘iodi
1407 2635 1524 2677 vigore,
1552 2634 1720 2669 l'eudatarii
1736 2639 1788 2666 eins
1811 2642 1832 2661 οι
1858 2639 1918 2661 tono
