2059 3228
785 261 937 287 „ticonius
959 261 1014 287 XIII
1034 260 1081 286 PP.

156 319 399 363 comprehendi,
421 318 474 350 secl
496 327 623 361 semper
633 317 672 349 ab
685 319 894 360 iilisexcepta‚

155 377 187 410 et
205 371 330 416 quoties
354 371 426 404 illae
450 370 759 411 einanabunt,toties
783 370 814 403 in
835 369 898 413 pri-

153 424 273 460 stinum
297 429 414 458 statum
436 424 581 458 restituta
601 429 632 457 et
662 424 700 457 de
720 434 801 457 novo
821 434 897 456 con-

156 489 256 519 cessa,
273 489 467 523 semperque
490 478 593 510 valida
613 482 644 510 et
669 476 810 509 efficacia
832 486 899 509 esse

154 537 186 567 et
202 532 283 574 sore,
297 543 334 566 ac
354 543 426 566 suos
447 532 609 576 plenarios
629 530 762 564 effectus
779 529 897 568 sortiri;

154 585 265 630 sicque
297 596 357 630 per
381 596 604 629 quoscumque
635 584 768 623 iudices,
804 584 899 617 etiam

153 638 402 679 commissarios,
425 639 537 682 quavis
553 637 742 671 auctoritate
762 638 899 679 fungen-

152 696 208 733 teS,
229 692 324 725 etiam
346 692 424 725 S.R.
438 692 471 724 E.
486 691 664 724 cardinales
673 701 709 724 ac
728 700 899 723 causarum

152 743 263 778 Palatii
283 745 458 789 Apostolici
479 745 653 784 auditoreS,
670 744 794 777 sublata
812 743 857 776 eis
869 749 900 776 et

152 807 265 831 eorum
286 798 419 831 cuilibet
438 798 549 842 quavis
568 798 660 830 aliter
687 797 848 830 iudicandi
869 802 901 829 et

152 849 385 894 interpretandi
399 852 549 884 facultate
560 856 591 884 et
604 850 807 890 auctoritate,
820 851 901 883 iudi-

151 903 218 937 cari
242 909 274 937 et
292 905 421 937 definiri
446 905 585 943 debere3
616 914 743 937 necnon
772 904 899 937 irritum

151 961 182 990 et
200 956 296 991 inane
315 958 474 1002 quidquid
493 968 585 990 secus
606 968 704 1000 super
728 958 801 990 hisa
818 969 899 1001 quo-

151 1020 260 1054 quam,
277 1011 388 1055 quavis
395 1011 594 1053 auctoritate,
603 1011 742 1044 scienter
753 1012 801 1044 vel
814 1011 901 1053 igno-

149 1068 270 1104 ranter,
297 1064 468 1108 contigerit
491 1064 650 1098 attentari.

195 1116 260 1160 §7.
282 1117 352 1151 Non
381 1118 582 1151 obstantibus
606 1118 706 1162 priori
736 1119 899 1151 voluntate

36 1177 142 1205 nona-⁸¹0
155 1175 262 1204 nostra
286 1171 440 1215 praefata,
463 1177 494 1204 et
522 1172 742 1205 Lateranensis
771 1171 898 1204 concilii

153 1223 324 1257 novissime
345 1225 508 1265 celebrati,
545 1225 681 1258 uniones
713 1231 897 1269 perpetuas,

152 1275 213 1310 nisi
242 1276 276 1310 in
310 1277 435 1311 casibus
466 1289 484 1311 a
514 1278 584 1311 iure
616 1278 796 1322 permissis,
830 1278 897 1311 sieri

152 1330 365 1375 prohibentis,
388 1342 424 1365 ac
440 1331 465 1364 si
487 1342 568 1375 opus
588 1331 628 1364 sit
647 1338 756 1364 nostra
776 1332 815 1365 de
835 1342 897 1364 non

153 1384 294 1417 tollendo
318 1384 389 1418 iure
413 1385 572 1429 quaesito,
611 1385 747 1428 aliisque
775 1391 898 1429 aposto-

152 1436 223 1470 licis
241 1448 368 1472 necnon
398 1439 431 1471 in
455 1439 708 1482 provincialibus
743 1445 773 1472 et
804 1450 898 1483 syno-

152 1490 278 1524 dalibus
311 1491 458 1525 conciliis
482 1492 586 1533 editis,
623 1492 815 1535 specialibus
852 1495 896 1526 vel

172 1545 365 1586 eneralihus,
389 1546 675 1579 constitutionibus
705 1552 736 1579 et
769 1547 896 1580 ordina—

150 1597 309 1639 tionibus;
339 1609 376 1632 ac
396 1599 559 1643 suppressi
576 1600 762 1632 monasterii
787 1605 818 1632 et
841 1599 897 1633 Or-

151 1649 237 1684 dinis
255 1651 484 1696 praesatorum,
511 1652 706 1693 iuramento,
729 1653 899 1686 confirma-

152 1704 239 1739 tione
259 1706 434 1749 apostolica
452 1707 499 1739 vel
520 1706 630 1750 quavis
655 1707 806 1740 firmitate
839 1707 897 1740 alia

152 1758 326 1800 roboratis,
343 1760 471 1793 statutis
481 1765 511 1793 et
521 1760 825 1801 consuetudinibus
838 1761 899 1805 pri-

150 1810 273 1855 vilegiis
292 1823 436 1858 quoque,
476 1813 608 1846 indultis
628 1819 659 1846 et
678 1814 791 1847 litteris
821 1825 898 1858 apo-

152 1865 283 1907 stolicis,
315 1866 378 1899 illis
415 1877 593 1910 eorumque
614 1867 837 1911 superioribus
871 1875 899 1901 et

152 1918 312 1963 personis,
331 1920 390 1953 sub
410 1920 668 1963 quibuscumque
692 1921 859 1954 tenoribus
871 1928 900 1954 et

152 1970 276 2012 formis,
287 1983 324 2006 ac
340 1983 415 2006 cum
428 1973 603 2017 quibusvis,
619 1974 713 2007 etiam
730 1974 900 2018 derogato-

152 2023 274 2059 riarum
286 2026 497 2069 derogatoriis
506 2027 640 2070 aliisque
651 2027 897 2068 efficacioribus,

153 2078 381 2113 efficacissimis
390 2086 421 2113 et
434 2080 582 2122 insolitis,
597 2081 761 2121 clausulis,
774 2092 899 2114 necnon

153 2130 355 2166 irritantibus
374 2140 404 2166 et
423 2134 494 2167 aliis
513 2135 661 2175 decretis,
679 2135 711 2167 in
726 2146 843 2178 genere
854 2137 899 2169 vel

155 2184 188 2218 in
203 2186 321 2230 specie,
337 2187 432 2220 ctiam
454 2193 541 2220 motu
554 2188 687 2231 proprio
703 2194 733 2221 et
754 2200 901 2232 expressa

155 2238 299 2280 scientia,
319 2250 356 2273 ac
376 2240 414 2274 de
438 2242 633 2285 apostolicae
654 2242 817 2285 potestatis
833 2244 901 2286 ple-

155 2291 314 2333 nitudine,
336 2293 431 2326 etiam
451 2294 573 2327 iteratis
588 2295 711 2328 vicibus
728 2296 900 2336 concessis,

157 2345 353 2379 confirmatis
371 2352 402 2379 et
412 2347 580 2389 innovatis3
601 2349 718 2392 quibus
739 2349 900 2389 omnibus,

158 2397 254 2432 etiam
279 2399 316 2439 si,
340 2410 400 2442 pro
418 2399 549 2432 illorum
571 2402 742 2434 sufficienti
771 2402 903 2445 deroga-

159 2451 257 2492 tione,
280 2453 319 2486 de
338 2453 401 2486 illis
426 2464 603 2497 eorumque
633 2455 707 2487 totis
739 2456 903 2489 tenoribus

159 2499 318 2544 specialis,
340 2501 500 2545 specifica,
520 2513 667 2544 expressa
691 2510 721 2536 et
742 2504 903 2537 individua

159 2558 196 2582 ac
215 2549 254 2582 de
278 2550 375 2582 verbo
399 2550 438 2583 ad
462 2551 607 2591 verbum,
635 2562 697 2583 non
720 2558 826 2584 autem
848 2563 897 2595 pei

133 2618 136 2624 ·
161 2596 320 2630 clausulas
354 2599 519 2641 generales
557 2599 641 2632 idem
682 2600 903 2643 importantes,

162 2646 279 2679 mentio
312 2657 369 2681 seu
401 2648 531 2690 quaevis
558 2648 620 2681 alia
654 2649 815 2691 expressio
850 2649 906 2681 lia-

1579 254 1641 288 447

935 314 1051 355 benda,
1068 319 1122 347 aut
1144 314 1251 359 aliqua
1274 316 1429 360 exquisita
1450 317 1552 350 forma
1571 318 1610 350 ad
1623 317 1686 352 hoc

936 368 1089 401 servanda
1114 368 1207 409 foret,
1235 369 1296 403 illis
1316 371 1393 403 alias
1422 371 1452 403 in
1481 381 1538 404 suo
1568 371 1685 405 robore

938 421 1169 464 permansuris,
1193 422 1253 455 hac
1277 423 1342 457 vice
1363 424 1538 466 dumtaxat,
1564 425 1685 469 specia-

937 475 1011 507 liter
1040 481 1071 507 et
1101 486 1248 519 expresse
1269 476 1480 520 derogamus,
1507 479 1685 524 ceterisque

938 529 1109 561 contrariis
1129 529 1401 574 quibuscumque.

982 582 996 624 ἓ
1017 581 1046 615 8.
1076 582 1204 615 Proviso
1228 585 1326 626 quod,
1350 591 1480 627 propter
1517 585 1683 626 unionem,

939 635 1153 669 annexionem
1181 641 1210 668 et
1239 637 1530 680 incorporationem
1560 645 1684 673 nostras

940 688 1136 730 huiusmodi,
1159 690 1243 722 dicta
1275 691 1409 724 ecclesia
1443 692 1547 725 Sancti
1578 692 1684 726 lacobi

940 742 1052 775 debitis
1073 753 1137 775 non
1147 744 1315 776 fraudetur
1334 745 1507 788 obsequiis,
1525 752 1556 779 et
1566 747 1686 780 anima-

940 806 1012 828 rum
1034 807 1121 836 cura,
1147 797 1170 829 si
1200 808 1283 840 quae
1303 797 1348 830 illi
1369 798 1546 839 immineat,
1579 801 1684 833 nulla-

941 854 1032 882 tenus
1052 850 1244 893 negligatur,
1267 851 1321 884 sed
1353 851 1421 885 eius
1450 863 1591 896 congrue
1611 864 1685 897 sup-

940 909 1110 946 portentur
1129 914 1228 937 onera
1253 910 1418 938 consueta.

983 957 998 999 ,ξ
1017 956 1048 989 9.
1071 957 1156 989 Nulli
1168 968 1244 1000 ergo
1260 958 1392 991 omnino
1407 959 1575 992 hominum
1590 959 1684 992 liceat

941 1010 1022 1042 lianc
1042 1011 1190 1054 paginam
1216 1017 1345 1045 nostrae
1364 1012 1586 1053 absolutionis,
1607 1023 1684 1056 sup-

941 1063 1126 1106 pressionis,
1149 1065 1363 1105 extinctionis,
1383 1066 1566 1107 erectionis,
1594 1066 1684 1099 insti-

941 1117 1083 1158 tutionis,
1106 1118 1244 1158 unionis,
1269 1119 1469 1159 annexionis,
1496 1120 1684 1163 incorpora-

941 1170 1047 1211 tionis,
1064 1171 1183 1204 decreti
1204 1177 1234 1205 et
1254 1173 1472 1216 derogationis
1496 1173 1682 1215 infringere.

939 1224 970 1256 Si
999 1224 1071 1268 quis
1098 1231 1204 1258 autem
1238 1226 1300 1259 hoc
1328 1232 1484 1259 attentare
1518 1237 1684 1271 praesum-

939 1278 1050 1321 pserit,
1082 1279 1336 1321 indignationem
1370 1280 1599 1323 omnipotentis
1631 1280 1684 1313 Dei

938 1342 974 1364 ac
994 1332 1163 1365 beatorum
1186 1333 1268 1366 Petri
1289 1339 1318 1366 et
1342 1334 1431 1366 Pauli
1463 1335 1684 1378 apostolorum

939 1386 1010 1419 eius
1030 1397 1062 1419 se
1083 1387 1206 1420 noverit
1228 1388 1449 1421 incursurum.

981 1440 1095 1472 Datum
1117 1440 1236 1473 Romae
1256 1441 1342 1484 apud
1362 1441 1514 1474 Sanctum
1527 1441 1681 1481 Marcum,

939 1503 1023 1526 anno
1043 1493 1275 1527 Inearnationis
1302 1494 1483 1527 dominicae
1514 1494 1684 1527 millesimo

938 1546 1194 1590 quingentesimo
1215 1549 1432 1591 octuagesimo
1441 1554 1568 1591 quarto,
1578 1548 1685 1580 kalen-

939 1599 987 1632 dis
1007 1601 1127 1640 martii,
1147 1601 1352 1645 pontificatus
1371 1602 1472 1634 nostri
1492 1612 1576 1634 anno
1595 1611 1649 1634 ΧΠ.

977 1663 1041 1693 Dat.
1061 1664 1108 1693 die
1125 1664 1138 1693 1
1158 1665 1256 1695 martii
1276 1665 1362 1701 1584,
1380 1665 1484 1704 pontis.
1502 1674 1577 1694 anno
1594 1672 1642 1694 ΧΠ.

1293 1863 1374 1896 CLX.

985 1950 1238 1985 Constitutiones
1257 1953 1382 1995 colleyii
1407 1952 1592 1986 Germanici
1612 1954 1636 1986 ¹.

983 2032 1128 2068 Gregorius
1152 2033 1220 2067 Papa
1238 2033 1307 2067 xlii,
1329 2040 1424 2061 servus
1443 2041 1580 2062 servorum
1593 2033 1648 2067 Dei.

1100 2086 1134 2114 ad
1148 2087 1309 2121 perpetuam
1319 2087 1359 2114 rei
1369 2087 1525 2114 memoriam

983 2158 1027 2190 Ex
1046 2158 1183 2201 collegio
1203 2158 1403 2197 Germanico,
1428 2158 1513 2201 quod
1538 2159 1685 2202 superio-

942 2211 1030 2243 ribus
1045 2211 1137 2244 annis
1149 2212 1180 2243 in
1194 2211 1275 2243 Urbe
1290 2212 1526 2248 constituimus,
1547 2213 1685 2255 magnis-

941 2275 1003 2307 que
1024 2265 1191 2307 hucusque.
1212 2265 1392 2307 sumptibus
1412 2265 1557 2298 auximus
1587 2272 1617 2298 et
1641 2267 1687 2299 lo-

942 2318 1186 2361 cupletavimus,
1201 2318 1362 2360 religionis
1374 2318 1577 2359 christianae,
1595 2331 1687 2363 prae-

942 2371 1116 2414 sertimque
1143 2371 1348 2403 charissimae
1366 2371 1458 2403 nobis
1477 2371 1685 2407 Germanicae

942 2424 1092 2464 nationis,
1115 2424 1207 2456 cuius
1227 2424 1614 2458 caus-‘tinnioinstitutum
1627 2433 1684 2466 est,

944 2488 1057 2520 magna
1078 2488 1150 2509 cum
1171 2477 1268 2510 animi
1293 2478 1390 2510 nostri
1424 2479 1593 2522 voluptate,
1623 2480 1685 2512 iam

944 2529 1387 2573 fructusconsequunturnon
1397 2532 1585 2566 mediocres.
1598 2534 1686 2566 Unde

945 2583 1045 2626 magis
1067 2584 1097 2615 in
1119 2583 1186 2615 dies
1205 2583 1378 2616 invitamur
1397 2591 1431 2617 ut
1451 2585 1624 2620 studiosius
1654 2587 1686 2621 iu

981 2661 991 2685 1
1011 2659 1051 2686 Ex
1068 2660 1178 2693 tugost.
1196 2659 1221 2686 in
1239 2659 1341 2687 Secret.
1363 2661 1505 2688 Brevium.

1699 264 1752 291 An.
1768 262 1798 292 C.
1814 262 1881 292 ¹584

1739 594 1852 624 Biennos

1724 968 1811 991 Sanctio
1826 970 1880 994 ooo-

1698 999 1760 1021 natis.

1732 2175 1854 2197 Exordium.
