2059 3228
87 231 142 262 An.
158 232 187 262 C.
200 233 268 261 ¹584

112 455 197 477 Erectio
221 455 269 477 col-

85 485 144 513 legii.

328 221 392 257 466

284 290 467 329 opportune
486 283 655 327 providere
676 281 714 314 de
733 279 934 324 benignitate
954 289 1033 324 apo-

284 338 396 371 stolica
416 337 635 379 dignaremur.

328 392 342 434 ξ
363 390 394 424 3.
423 390 485 423 Nos
505 388 615 432 igitur,
638 388 693 432 qui
714 388 837 421 dudum
862 388 948 421 inter
972 387 1034 420 alia

282 444 444 477 voluimus
474 443 562 486 quod
582 447 730 486 petentes
753 441 913 475 beneficia
932 441 1034 475 eccle-

283 496 411 530 siastica
434 495 505 529 aliis
524 495 624 536 uniri,
646 500 835 529 tenerentur
854 495 1034 540 exprimere

282 561 394 583 verum
413 560 558 583 annuum
580 549 734 590 valorem,
751 549 930 583 secundum
939 548 1033 582 aesti-

283 603 457 636 mationem
467 602 679 648 praedictam,
692 603 789 636 etiam
799 602 961 643 beneficii,
981 602 1034 635 cui

282 657 371 690 aliud
391 656 478 690 uniri
497 661 677 701 peteretur,
699 656 843 700 alioquin
865 656 942 689 unio
968 666 1034 689 non

280 710 411 751 valeret,
434 715 467 743 et
485 720 613 753 semper
631 709 664 742 in
683 708 858 742 unionibus
882 709 1033 742 commis-

281 763 329 796 sio
348 763 440 797 fieret
452 764 492 797 ad
504 769 622 808 partes,
643 763 763 796 vocatis
782 773 920 807 quorum
935 763 1035 796 inter-

268 822 342 858 .est‚
374 817 481 862 ipsum
500 818 686 862 Philippum
705 828 813 861 regem
835 828 852 850 a
867 817 1033 861 quibusvis

282 871 639 912 excommunicationis,
651 870 871 915 suspensionis
890 876 923 904 et
936 870 1034 904 inter-

281 924 358 957 dicti
400 925 536 969 aliisque
581 924 808 959 ecclesiasticis
853 924 1030 965 sententiis,

281 978 427 1012 censuris
446 984 478 1012 et
495 978 619 1024 poenis,
642 989 660 1012 a
672 978 743 1012 iure
761 978 810 1011 vel
830 977 869 1011 ab
889 977 1031 1018 homine,

280 1032 391 1075 quavis
417 1032 587 1066 occasione
606 1032 655 1065 vel
676 1042 784 1072 causa,
806 1031 891 1072 latis,
913 1030 939 1064 si
958 1030 1031 1074 qui-

279 1084 342 1118 bus
369 1086 617 1129 quomodolibet
649 1085 821 1118 innodatus
850 1083 968 1125 existit,
991 1084 1031 1117 ad

280 1137 431 1180 effectum
460 1139 678 1183 praesentium
717 1139 886 1172 dumtaxat
915 1148 1029 1171 conse-

279 1191 446 1234 quendum
460 1219 468 1232 ,
505 1192 622 1225 harum
657 1191 740 1225 serie
773 1191 973 1224 absolventes
1000 1195 1031 1224 et

279 1244 463 1278 absolutum
501 1246 569 1279 fore
607 1250 774 1279 censentes
792 1271 800 1287 ‚
840 1244 1047 1295 huiusmodi¹

280 1298 573 1342 supplicationibus
607 1299 772 1340 inclinati,
802 1298 837 1332 in
865 1298 1030 1342 praedicta

280 1351 408 1386 civitate
434 1357 467 1386 et
498 1353 634 1386 aedibus
662 1352 783 1386 ibidem
806 1352 847 1385 ad
866 1352 929 1386 hoc
949 1351 1031 1385 desi-

279 1402 428 1448 gnandis,
456 1416 559 1439 unum
590 1406 764 1450 collegium
797 1405 901 1439 dictae
921 1405 1030 1439 Socie-

279 1458 354 1501 tatis
373 1469 447 1492 curn
467 1459 602 1493 ecclesia
613 1470 670 1493 seu
682 1459 829 1504 cappella
842 1470 879 1493 ac
894 1459 1032 1493 officinis

279 1512 472 1546 necessariis
492 1518 524 1546 et
543 1513 757 1558 opportunis,
778 1512 922 1547 adinstar
945 1518 1030 1547 cete-

280 1575 393 1609 rorum
413 1566 558 1600 eiusdem
579 1566 747 1600 Societatis
763 1566 1033 1611 collegiorum,et

281 1618 370 1652 iuxta
390 1629 503 1653 eorum
528 1624 646 1654 statuta
671 1626 703 1654 et
726 1620 978 1655 consuetudines
997 1632 1032 1654 a·

281 1671 406 1716 liasque
418 1673 519 1717 ipsius
531 1673 697 1708 Societatis
708 1674 955 1708 constitutiones
975 1685 1034 1719 per

282 1726 488 1771 presbyteros·
512 1727 657 1761 eiusdem
685 1727 856 1761 Societatis
874 1727 908 1761 in
927 1727 1033 1761 omni-

281 1779 344 1813 bus
364 1784 395 1812 et
409 1790 468 1824 per
487 1780 595 1814 omnia
616 1781 794 1824 regendum
810 1781 1034 1825 etgubernan-

282 1832 374 1873 dum,
397 1834 574 1877 apostolica
593 1834 796 1875 auctoritate,
817 1839 929 1868 tenore
939 1846 1034 1880 prae-

283 1886 437 1927 sentium,
459 1887 528 1921 sine
556 1887 694 1921 alicuius
723 1887 934 1932 praeiudicio,
960 1899 1035 1932 per-

284 1943 385 1983 petuo
406 1939 562 1983 erigimus
581 1946 612 1974 et
630 1940 842 1983 instituimus,
864 1940 977 1984 illique
990 1941 1036 1975 sic

286 1998 393 2026 erecto
408 1998 440 2026 et
454 1994 600 2028 instituto
613 2005 650 2028 ac
667 2005 726 2039 pro
740 1999 888 2039 tempore
901 1994 1039 2028 existen-

286 2046 373 2079 tibus
392 2046 480 2080 illius
499 2047 629 2088 rectori,
651 2047 872 2090 collegialibus
902 2053 933 2081 et
962 2059 1037 2091 per·

287 2099 386 2140 sonis,
399 2100 485 2143 quod
499 2101 649 2134 omnibus
660 2106 690 2134 et
702 2100 835 2144 singulis
846 2101 1034 2145 privilegiis,

288 2153 559 2196 exemptionibus,
582 2154 853 2195 immunitatibus,
864 2165 1037 2199 praeroga-

288 2205 372 2246 tivis,
390 2206 815 2248 concessionibus,indultis,
828 2207 1038 2251 indulgentiis

290 2260 470 2303 ceterisque
499 2260 719 2305 spiritualibus
744 2266 775 2295 et
806 2262 1040 2305 temporalibus

289 2312 409 2355 gratiis,
431 2314 548 2357 quibus
569 2320 675 2348 cetera
702 2313 845 2348 ciusdem
874 2314 1040 2349 Societatis

291 2365 437 2408 collegia,
470 2377 580 2400 eorum
611 2373 766 2408 rectores,
797 2368 980 2411 collegiales
1009 2373 1040 2401 et

291 2418 371 2451 aliae
392 2430 561 2462 personae,
583 2420 622 2454 de
642 2420 724 2462 iure,
748 2432 809 2454 usu
829 2427 884 2454 aut
904 2431 1040 2455 consue-

291 2471 403 2504 tudine
412 2473 459 2504 vel
470 2473 546 2506 alias
557 2474 811 2517 quomodolibet,
823 2480 968 2515 utuntur,
976 2474 1041 2507 sru-

292 2525 406 2560 untur,
424 2522 604 2565 potiuntur,
619 2529 650 2556 et
665 2524 817 2566 gaudent,
831 2535 867 2557 ac
887 2524 946 2564 uti,
962 2523 1038 2565 frui,

285 2568 432 2613 ‘potiriet
446 2571 586 2613 gaudere
603 2579 737 2616 possunt
755 2579 783 2606 ct
800 2579 1040 2617 poteruntquo-

292 2618 467 2654 modolibet
502 2619 532 2653 in
566 2621 725 2664 futurum,
756 2622 978 2666 parisormiter
1010 2628 1042 2657 et

876 226 1053 251 BULLARIUM
1073 225 1228 250 ROMANUM

1048 1106 1052 1151 1

1076 277 1197 322 absque
1216 277 1283 311 ulla
1297 287 1429 321 prorsus
1439 276 1631 315 differentia,
1643 272 1824 320 etiamperss

1075 331 1149 364 inde
1177 342 1213 364 ac
1242 331 1268 364 si
1288 330 1350 364 illis
1370 330 1554 375 specialiter
1572 340 1725 365 concessa
1743 330 1823 364 fuis-

1074 389 1156 426 sent,
1182 384 1241 425 uti,
1268 384 1343 424 frui,
1365 384 1461 429 potiri
1493 390 1536 417 et.
1556 384 1697 428 gaudere
1722 383 1824 417 libere

1074 443 1103 471 et
1114 438 1200 471 licite
1214 439 1350 479 valeant,
1363 438 1555 472 auctoritate
1567 444 1598 471 et
1607 442 1719 472 tenore
1727 447 1823 483 prae-

1073 492 1189 533 missis,
1212 492 1250 525 de
1271 491 1402 535 speciali
1421 492 1524 536 gratia
1543 491 1761 535 indulgemus.

1119 546 1133 589 ξ
1153 546 1183 578 4.
1207 546 1343 590 Insuper
1362 546 1465 580 eidem
1486 545 1622 588 collegio
1631 550 1822 590 erecto,pro
1836 549 1940 604 gestem

1072 599 1208 632 rectoris
1229 606 1259 633 et
1271 599 1486 643 collegialiurn
1507 611 1543 633 ac
1563 599 1700 633 aliarum
1712 609 1822 644 perso·
1867 597 1873 603 “

1069 645 1189 686 ‘narum
1205 653 1237 685 in
1257 664 1294 686 eo
1315 664 1374 697 pro
1394 659 1539 697 tempore
1554 652 1740 696 degentium
1753 662 1821 686 sus-

1071 706 1250 739 tentatione
1271 713 1303 740 ct
1317 707 1540 748 subventione,
1557 707 1748 752 prioratum,
1763 706 1820 751 qui

1072 765 1230 794 conventu
1251 766 1283 794 et
1302 761 1484 794 animarum
1509 771 1588 794 cura
1615 765 1714 802 caret,
1744 771 1820 794 cum

1071 813 1214 856 primum
1234 825 1292 858 per
1313 825 1450 856 cessum,
1473 814 1569 848 etiam
1585 825 1622 848 ex
1637 825 1734 848 causa
1744 825 1819 859 per-

1070 860 1270 909 inutationis,
1306 869 1355 901 vel
1384 868 1551 902 decessum
1584 878 1641 901 seu
1673 867 1820 912 quamvis

1070 919 1167 953 aliam
1178 920 1398 955 dimissionem
1413 922 1462 955 vel
1472 921 1679 955 amissionem
1688 926 1744 954 aut
1752 919 1820 965 pri-

1069 973 1228 1008 vationem
1239 975 1329 1008 illum
1350 975 1389 1009 ad
1408 986 1560 1020 praesens
1577 975 1611 1008 in
1623 975 1754 1008 titulum
1769 974 1819 1008 vel

1069 1028 1294 1062 commendam
1315 1030 1492 1063 obtinentis
1505 1057 1512 1071 ‚
1536 1040 1593 1063 seu
1610 1028 1689 1062 alias
1707 1028 1820 1072 quovis

1069 1081 1178 1122 modo,
1207 1082 1303 1115 etiam
1329 1083 1415 1127 apud
1453 1083 1569 1116 Sedem
1585 1082 1818 1127 Apostolicam,

1068 1133 1164 1167 etiarn
1185 1135 1217 1168 in
1245 1136 1356 1180 aliquo
1385 1148 1422 1170 ex
1442 1136 1606 1170 mensibus
1638 1136 1732 1170 nobis
1762 1146 1820 1170 seu

1067 1187 1211 1222 Romano
1240 1189 1390 1223 Pontifici
1407 1201 1466 1235 pro
1497 1196 1644 1235 tempore
1670 1190 1810 1224 existent

1066 1251 1103 1274 ac
1123 1241 1226 1276 dictae
1256 1242 1331 1276 Sedi
1360 1244 1541 1285 reservatis,
1563 1243 1823 1291 aut'ordinariisi

1066 1294 1287 1338 collatoribus,
1308 1297 1404 1330 etiam
1419 1298 1817 1342 perconstituiionesapo-

1066 1348 1193 1382 stolicas
1220 1361 1279 1394 pro
1307 1356 1453 1395 tempore
1479 1352 1581 1385 editas
1602 1362 1659 1385 seu
1684 1351 1808 1384 litteras

1066 1401 1327 1437 alternativaruni
1337 1405 1386 1438 vel
1406 1405 1468 1438 alia
1485 1405 1653 1450 privilegia
1669 1410 1699 1439 et
1710 1405 1803 1439 indul

1067 1459 1109 1497 ta,
1132 1466 1283 1491 concessa
1310 1458 1466 1493 hactenus
1497 1465 1552 1493 aut
1584 1459 1617 1492 in
1646 1465 1811 1504 posterum

1067 1510 1286 1553 concedenda,
1309 1523 1421 1546 vacare
1448 1513 1631 1556 contigerit,
1664 1513 1761 1547 etiam
1784 1513 1811 1547 si

1068 1562 1122 1597 ille
1142 1570 1217 1598 actu
1227 1575 1326 1607 nunc,
1337 1576 1464 1600 necnon
1476 1567 1707 1601 monasterium
1719 1578 1814 1612 prae-

1071 1617 1204 1660 dictum,
1242 1619 1306 1653 sive
1334 1625 1370 1653 ut
1398 1620 1619 1663 praemittitur
1641 1620 1711 1654 'sive
1743 1621 1822 1656 alias

1081 1671 1182 1714 {novis
1201 1673 1311 1714 modo,
1331 1684 1441 1717 quern,
1464 1674 1590 1707 etiarnsi
1602 1685 1639 1708 ex
1651 1674 1706 1708 illo
1720 1685 1822 1718 quae-

1076 1725 1116 1758 <is
1134 1727 1292 1770 generalis
1311 1726 1495 1768 reservatio,
1517 1729 1612 1761 etiam
1632 1727 1666 1761 in
1685 1739 1822 1772 corpore

1074 1780 1152 1813 iuris
1171 1780 1292 1821 clausa,
1305 1791 1370 1814 non
1390 1786 1497 1814 tamen
1516 1792 1574 1826 per
1593 1781 1716 1815 obitum
1734 1783 1822 1827 apud

1072 1833 1190 1867 dictam
1210 1834 1339 1876 Sedem,
1361 1835 1504 1876 resultet,
1525 1836 1748 1879 praesentibus
1767 1837 1823 1871 ha-

1073 1888 1141 1920 beri
1160 1889 1309 1922 volumus
1329 1899 1388 1932 pro
1413 1899 1574 1932 expresso,
1595 1895 1649 1923 aut
1664 1896 1822 1925 monaste·
1871 1882 1875 1887 ¹

1074 1941 1158 1974 rium
1178 1952 1216 1975 ex
1234 1942 1378 1984 alterius,
1394 1943 1555 1987 prioratus
1569 1953 1644 1976 vero
1664 1943 1822 1987 praedicti

1075 2006 1111 2027 ex
1121 1995 1356 2040 cuiuscumque
1365 2007 1514 2040 persona,
1528 2007 1584 2030 seu
1592 1997 1822 2031 monasterium

1078 2059 1133 2092 per
1151 2049 1288 2082 liberam
1313 2049 1490 2083 cessionem
1514 2049 1617 2083 dictae
1637 2050 1823 2093 Margaritae

1077 2103 1253 2138 abbatissae
1273 2105 1322 2138 vel
1343 2104 1483 2138 cuiusvis
1515 2104 1646 2138 alterius
1665 2105 1704 2138 de
1733 2105 1823 2139 illius

1078 2157 1233 2200 regimine
1252 2164 1283 2191 et
1305 2154 1595 2198 administratione,
1617 2164 1647 2192 et
1662 2158 1823 2202 prioratus

1078 2210 1263 2244 huiusmodi
1282 2222 1341 2256 per
1359 2211 1609 2254 resignationem
1629 2211 1769 2245 cuiusvis
1784 2212 1823 2245 de

1080 2265 1133 2298 illo
1154 2265 1187 2298 in
1206 2265 1349 2299 Romana
1368 2265 1463 2300 Curia
1482 2266 1530 2299 vel
1541 2270 1628 2298 extra
1637 2266 1822 2306 eam‚etiam

1079 2330 1187 2352 toi-am
1211 2319 1337 2354 notario
1358 2320 1488 2364 publico
1507 2325 1537 2353 et
1556 2319 1691 2353 testibus
1710 2325 1823 2364 sponte

1081 2372 1206 2415 iacuisti,
1236 2381 1291 2408 aut
1321 2373 1484 2418 prioratus
1508 2384 1565 2418 per
1588 2373 1822 2407 assecutionem

1080 2422 1211 2456 alterius
1228 2422 1376 2457 beneficii
1394 2422 1613 2463 ecclesiastici,
1636 2421 1747 2465 quavis
1767 2433 1823 2455 au-

1080 2472 1226 2506 ctoritate
1259 2472 1378 2513 collati,
1407 2477 1531 2513 vacent,
1562 2471 1658 2505 etiam
1678 2470 1703 2504 si
1735 2476 1822 2504 tanto

1082 2526 1225 2564 tempore
1244 2520 1427 2555 vacaverint
1445 2521 1533 2564 quod
1552 2520 1738 2554 monasterii
1750 2529 1823 2563 pro-

1081 2570 1158 2604 visio
1178 2576 1209 2605 et
1228 2571 1390 2616 prioratus
1421 2570 1660 2616 praedictorum
1681 2568 1821 2608 collatio,
1865 2599 1868 2602 .

1085 2619 1168 2654 iuxta
1196 2620 1419 2656 Laicranensis
1452 2625 1570 2655 statuta
1602 2617 1742 2660 concilii,
1769 2623 1823 2652 aut

1832 219 1892 251 An.
1906 200 1944 250 cr
