2059 3228
121 249 173 277 An,
190 249 218 277 C.
238 251 302 278 1577

133 472 301 493 Dormientium-

119 506 172 524 hus.

114 1070 219 1091 Exccutor
235 1071 298 1097 ‹lepu-

115 1105 169 1120 tatur
191 1101 299 1122 thesaura-

113 1132 157 1152 1ius
171 1133 285 1158 generalis.

114 2237 115 2240 =
140 2226 247 2247 clausulae
264 2228 297 2248 de-

114 2258 243 2284 togatoriae.

361 239 424 273 «164

317 300 366 333 nis
379 311 505 344 semper
521 299 614 332 fuisse
631 305 660 332 et
675 309 742 332 esse
763 297 951 333 auctoritate.
967 311 1058 344 prae-

317 355 455 387 sentium
479 354 690 386 declaramus.

361 406 425 450 gli.
455 406 570 449 Sicque
602 416 660 449 per
691 417 913 450 quoscumque
939 406 1059 438 iudices

315 461 348 492 in
372 459 534 502 quibusvis
547 459 662 499 causis,
683 459 777 492 etiam
798 470 856 503 per
873 459 1060 503 appellatio-

315 523 388 545 nem
413 518 467 545 aut
491 513 568 545 alias
583 513 797 557 pendentibus
817 519 845 545 et
872 513 999 553 suturis,
1022 523 1058 545 ac

314 567 347 599 in
367 577 573 610 quacumque
597 577 692 599 causa
721 568 768 600 vel
800 567 960 606 instantia,
982 567 1057 599 sub-

314 621 375 652 lata
385 619 430 652 eis
449 625 480 652 et
499 630 611 652 eorum
628 620 759 653 cuilibet
778 621 887 664 quavis
906 620 1060 653 aliteriu—

313 672 441 704 dicandi
456 678 486 705 et
498 673 726 716 interpretandi
742 674 904 712 facultate,
923 672 1057 705 iudicari

313 731 343 757 et
360 725 488 758 deliniri
508 726 636 766 debere;
662 737 789 760 necnon
814 727 950 770 quiquid
968 736 1059 759 secus

313 790 410 823 super
426 780 475 812 his
492 790 510 812 a
532 790 708 823 quoquam,
731 780 840 823 quavis
859 780 1058 819 auctoritate,

312 833 450 866 scienter
467 834 515 866 vel
535 833 731 876 ignoranter,
749 839 935 865 attentatum
953 833 1058 865 forsan

312 891 359 919 est.
381 886 537 919 hactenns
555 886 604 919 vel
637 886 670 918 in
702 891 866 929 posterum
892 885 1059 928 contigerit

313 938 470 979 attentari,
490 938 617 971 irritum
638 944 668 971 et
692 939 786 971 inane
806 938 1020 971 decernimus.

358 993 373 1035 ἓ
403 992 434 1025 5.
466 993 648 1025 Mandantes
671 991 787 1024 dilecto
811 991 878 1024 tilio
908 992 1058 1034 magistro

312 1045 472 1078 Ludovieo
488 1046 661 1085 Tabernae,
671 1045 796 1078 notario
806 1050 835 1077 et
845 1045 1055 1086 thesaurario,

312 1109 439 1131 necnon
473 1099 649 1142 spoliorum
679 1098 718 1130 ad
748 1098 864 1130 dictam
893 1098 1056 1131 Cameram

311 1151 542 1196 pertinentium
562 1151 595 1183 in
619 1151 765 1184 universa
784 1151 872 1183 ltalia
893 1151 1058 1184 collectori

311 1204 452 1247 generali
472 1211 594 1245 nostro,
617 1205 750 1248 eiusque
775 1204 807 1236 in
828 1204 920 1237 dictis
944 1205 1059 1238 officiis

311 1258 563 1298 successoribus,
586 1264 744 1301 quatenus
772 1264 973 1300 praesentem
999 1269 1058 1291 no-

311 1316 409 1344 stram
436 1311 684 1344 declarationem
720 1316 748 1344 et
782 1311 815 1342 in
839 1322 875 1344 ea
911 1317 1058 1344 contenta

310 1375 535 1408 quaecumque
552 1364 777 1397 inviolabiliter
794 1365 954 1397 observari
969 1370 1057 1397 curet

311 1423 341 1451 et
360 1418 466 1458 faciat,
482 1428 547 1451 non
562 1418 776 1462 permittendo
787 1418 931 1450 eamdem
946 1417 1057 1450 Came-

309 1482 379 1504 ram
400 1476 511 1503 contra
531 1470 617 1503 illius
636 1471 763 1510 seriem,
788 1481 1058 1513 quacumquera-

311 1525 398 1558 tione
412 1524 460 1556 vel
472 1534 578 1563 causa,
600 1529 655 1555 aut
666 1523 778 1566 quovis
791 1524 934 1566 quaesito
950 1524 1058 1556 colore

309 1579 357 1611 vel
377 1577 518 1620 ingenio,
539 1577 659 1610 directe
679 1577 728 1609 vel
757 1576 930 1616 indirecte,
956 1578 1058 1609 mole-

309 1631 384 1664 stari
403 1637 458 1663 aut
474 1630 675 1674 perturbari,
696 1630 947 1663 contradictores
960 1641 1057 1673 quos-

310 1684 388 1716 libet
411 1690 443 1716 et
461 1683 610 1723 rebelles,
641 1693 698 1726 per
717 1688 899 1726 opportuna
929 1683 1009 1715 iuris
1029 1688 1059 1715 et

309 1736 384 1769 sacti
407 1735 562 1775 remedia,
589 1746 625 1768 ac
645 1736 776 1768 demum
797 1746 856 1779 per
871 1735 1056 1775 sententias,

310 1800 462 1823 censuras
478 1794 509 1822 et
523 1799 641 1832 poenas
656 1788 897 1827 ecclesiasticas,
918 1790 1059 1833 appella-

310 1843 396 1876 tione
420 1842 606 1887 postposita‚
644 1842 896 1885 compescendo;
920 1847 1056 1875 'necnon

309 1895 460 1938 legitimis
480 1905 578 1939 super
596 1894 647 1927 his
662 1894 819 1927 habendis
839 1895 970 1927 servatis
986 1905 1058 1938 pro-

310 1948 464 1988 cessibus,
491 1948 676 1987 sententias,
709 1957 861 1980 censuras
889 1953 919 1980 et
938 1958 1058 1991 poenas

311 2002 396 2044 ipsas
415 2001 510 2034 etiam
540 2000 660 2034 iteratis
687 2000 810 2033 vicibus
838 2001 1056 2043 aggravando,

311 2055 457 2087 invocato
486 2053 582 2087 etiam
611 2053 651 2086 ad
679 2053 753 2094 hoc,
782 2054 808 2086 si
837 2064 918 2097 opus
948 2054 1055 2094 suerit,

312 2107 431 2140 auxilio
449 2107 573 2140 brachii
593 2107 777 2140 saecularis.

359 2160 415 2204 536.
430 2161 499 2194 Non
515 2160 717 2194 obstantibus
732 2159 1014 2193 constitutionibus
1029 2167 1059 2193 et

313 2215 569 2248 ordinationibus
589 2214 784 2258 apostolicis;
811 2224 937 2246 necnon
955 2214 1058 2246 eccle-

313 2268 433 2300 siarum
452 2274 480 2301 et
502 2268 656 2301 Ordinum
676 2268 724 2300 vel
745 2267 944 2307 militiarum,
968 2267 1059 2300 cuius

313 2321 385 2352 illae
398 2320 526 2360 fuerint,
547 2320 883 2363 monasteriorumque
898 2320 946 2352 vel
966 2330 1059 2361 regu-

312 2373 430 2405 larium
458 2373 617 2414 locorum,
645 2373 742 2407 etiam
762 2373 954 2413 iuramento,
981 2383 1058 2405 con-

313 2426 495 2459 firmatione
514 2427 689 2469 apostoliea
709 2427 758 2460 vel
778 2426 889 2470 quavis
909 2425 1058 2459 firmitate

314 2475 375 2507 alia
386 2475 555 2515 roboratis,
571 2476 696 2508 statutis
713 2481 744 2510 et
756 2474 1056 2514 consuetudinibus;

314 2523 490 2567 privilegiis
505 2534 645 2567 quoque,
667 2524 798 2558 indultis
813 2529 843 2556 et
854 2523 968 2556 litteris
979 2533 1057 2566 apo-

314 2571 435 2604 stolicis
472 2573 657 2604 earumdem
690 2573 898 2605 ecclesiarum
925 2581 1057 2614 praesu-

315 2619 416 2661 libus,
435 2620 597 2665 capitulis,
619 2632 654 2654 ac
676 2620 944 2655 riionasteriorum
966 2630 1059 2663 regu-

1913 0 1924 13 ¹!

906 247 1083 272 BULLAntmt
1103 247 1252 271 nottANt'n

1098 299 1280 340 lariumque
1295 291 1442 330 locorum
1454 299 1674 339 conventibus,
1696 298 1844 331 illorum-

1099 362 1160 393 que
1181 350 1365 390 Ordinibus,
1388 350 1608 394 superioribus
1635 357 1665 384 et
1685 351 1842 395 personis,

1099 414 1224 436 necnon
1237 404 1430 444 civitatibus,
1443 404 1625 448 prouinciis,
1648 405 1799 438 dominiis
1814 410 1846 438 et

1099 457 1218 499 regnis,
1241 457 1273 490 in
1294 457 1412 501 quibus
1430 457 1514 490 bona
1536 458 1584 491 vel
1612 458 1758 502 pecuniae
1778 458 1845 491 col-

1098 510 1232 550 locatae,
1258 515 1313 543 aut
1331 510 1460 543 illarum
1481 511 1627 544 redditus
1645 510 1844 555 percipiendi

1100 563 1205 596 forsan
1229 563 1358 604 fuerint,
1383 564 1442 597 sub
1465 564 1724 608 quibuscumque
1755 569 1844 597 teno-

1100 615 1188 648 ribus
1200 622 1229 649 et
1241 617 1352 650 formis
1371 627 1408 649 ac
1423 627 1496 650 cum
1513 617 1677 660 quibusvis
1691 617 1844 651 clausulis

1099 673 1127 701 et
1139 669 1286 709 decretis,
1300 671 1395 703 etiam
1411 677 1501 703 motu
1515 670 1648 714 proprio
1661 675 1692 704 et
1710 682 1748 704 ex
1759 676 1846 704 certa

1099 722 1231 757 scientia
1250 735 1286 757 ac
1312 724 1351 757 de
1372 723 1565 767 apostolicae
1591 724 1756 767 potestatis
1774 724 1844 769 ple-

1099 777 1256 817 nitudine,
1283 783 1313 810 et
1332 777 1371 811 ad
1399 777 1538 810 savorem
1568 777 1743 819 Religionis
1765 789 1844 812 con-

1099 830 1206 869 cessis,
1240 830 1437 864 confirmatis
1465 835 1497 863 et
1523 830 1697 871 innovati53
1727 831 1846 874 quibus

1099 884 1262 924 omnibus,
1285 883 1408 917 etiamsi
1428 884 1468 917 de
1487 883 1550 916 illis
1570 893 1748 928 eorumque
1770 885 1846 919 totis

1099 937 1263 970 tenoribus
1281 937 1439 981 specialis,
1461 936 1611 980 specifica
1631 942 1662 970 et
1681 948 1842 981 expressa,

1099 1001 1164 1023 non
1183 996 1289 1023 autem
1309 1001 1368 1034 per
1386 990 1547 1023 clausulas
1573 991 1739 1032 generales
1757 991 1843 1025 idem

1099 1043 1308 1087 importantes
1332 1044 1453 1077 mentio
1480 1048 1535 1076 aut
1557 1044 1676 1087 quaevis
1707 1044 1771 1078 alia
1789 1056 1856 1078 ex-

1099 1097 1220 1141 pressio
1251 1098 1401 1130 habenda
1428 1102 1520 1137 esset,
1554 1097 1683 1130 illorum
1716 1103 1845 1132 tenores

1098 1151 1321 1194 praesentibus
1340 1161 1399 1194 pro
1422 1150 1619 1184 sufficienter
1639 1151 1794 1195 expressis
1813 1157 1845 1185 et

1099 1203 1226 1236 insertis
1246 1203 1411 1243 habentes,
1430 1203 1494 1236 illis
1507 1203 1584 1236 alias
1598 1203 1630 1236 in
1650 1214 1707 1237 suo
1727 1205 1845 1239 robore

1099 1256 1328 1300 permansuris,
1350 1256 1411 1289 bac
1435 1257 1503 1290 vice
1523 1257 1698 1298 dumtaxat,
1721 1258 1845 1302 specia-

1099 1310 1172 1342 liter
1195 1315 1226 1342 et
1254 1320 1401 1352 expresse
1433 1309 1638 1351 demgamrm,
1673 1311 1846 1344 contrariis

1099 1363 1378 1406 quibuscumque;
1401 1368 1456 1395 aut
1476 1363 1501 1395 si
1517 1363 1688 1407 aliquibus,
1700 1374 1845 1398 commu-

1098 1416 1183 1448 niter
1201 1416 1247 1448 vel
1268 1415 1404 1455 divisim,
1426 1416 1465 1448 ab
1491 1415 1674 1459 Apostolica
1697 1417 1737 1449 sit
1763 1417 1846 1450 Sede

1099 1469 1261 1501 indultum
1281 1469 1366 1512 quod
1380 1468 1539 1510 interdici,
1566 1470 1719 1513 suspendi
1730 1470 1779 1503 vel
1790 1481 1845 1503 ex-

1099 1521 1332 1555 communicari
1347 1532 1412 1555 non
1423 1522 1544 1566 possint
1559 1534 1617 1566 per
1629 1523 1752 1556 litteras
1765 1534 1846 1567 apo-

1099 1574 1226 1607 stolicas
1236 1585 1301 1608 non
1316 1575 1470 1608 facientes
1484 1576 1612 1620 plenam
1623 1581 1651 1609 et
1663 1587 1846 1620 expressam

1099 1640 1135 1662 ac
1155 1630 1194 1662 de
1212 1630 1309 1662 verbo
1328 1629 1368 1662 ad
1386 1631 1520 1662 verbum
1535 1630 1712 1663 deindulto
1731 1631 1846 1664 huius-

1099 1683 1186 1715 modi
1198 1682 1408 1723 mentionem3
1430 1688 1461 1716 et
1480 1683 1677 1727 quibuslibet
1696 1683 1768 1716 aliis
1781 1684 1847 1728 pri-

1099 1735 1219 1778 vilegiis
1251 1741 1282 1769 et
1314 1735 1533 1779 indulgentiis,
1565 1737 1770 1779 generalibus
1797 1738 1847 1770 vel

1099 1789 1304 1833 specialibus,
1319 1800 1602 1833 quorumcumque
1614 1796 1764 1823 tenorum
1780 1790 1847 1824 exi-

1099 1848 1193 1883 stant,
1210 1854 1267 1886 per
1281 1854 1363 1887 qute,
1384 1843 1607 1887 praesentibus
1622 1854 1687 1876 non
1700 1854 1848 1888 expressa

1099 1897 1146 1929 vel
1167 1897 1307 1929 totaliter
1326 1908 1391 1930 non
1403 1897 1531 1936 inserta,
1549 1897 1683 1930 effectus
1696 1908 1849 1941 praesen-

1099 1950 1180 1982 tium
1213 1949 1361 1994 impediri
1391 1951 1493 1983 valeat
1527 1950 1770 1994 quomodolibet
1796 1951 1847 1984 vel

1099 2002 1230 2042 differri,
1256 2009 1286 2036 et
1305 2002 1473 2046 dequibus
1493 2013 1700 2048 quorumque
1713 2003 1788 2036 totis
1802 2009 1848 2037 te-

1098 2056 1231 2088 noribus
1244 2055 1391 2089 habenda
1402 2055 1442 2088 sit
1453 2055 1486 2088 in
1501 2056 1617 2089 nostris
1630 2056 1746 2089 litteris
1758 2066 1849 2090 men-

1099 2109 1143 2141 tio
1163 2109 1328 2152 specialis;
1350 2120 1435 2152 quae,
1466 2109 1573 2153 quoad
1600 2110 1672 2151 hoc,
1697 2110 1848 2143 volumus

1100 2162 1144 2195 eis
1163 2163 1348 2195 nullatenus
1371 2163 1551 2205 suffragari.

1143 2215 1200 2259 §T
1223 2215 1372 2248 Ceterum
1389 2215 1607 2260 praecipimus
1627 2215 1846 2260 praesentium
1871 2226 1981 2265 rue-tn
2051 2248 2053 2263 ,

1857 2264 1950 2290 plorum.
2011 2280 2013 2282 .

1100 2269 1254 2312 exemplis
1277 2273 1332 2302 etc.
1816 2304 1819 2305 γ

1143 2322 1254 2354 Datum
1272 2322 1391 2355 Romae
1411 2323 1497 2365 apud
1511 2322 1549 2358 S„
1563 2322 1705 2361 Petrum,
1718 2321 1778 2355 sub
1791 2332 1848 2355 an-

1101 2375 1176 2406 nulo
1191 2375 1372 2415 Piscatoris,
1391 2375 1442 2408 die
1461 2385 1512 2407 xm
1529 2374 1665 2408 ianuarii
1683 2384 1844 2416 uncxxvn,

1101 2428 1307 2470 pontificatus
1326 2428 1427 2461 nostri
1447 2439 1532 2461 anno
1550 2438 1580 2461 v.

1119 2489 1181 2519 nat.
1201 2490 1249 2521 die
1267 2491 1301 2521 ⁶21
1324 2491 1450 2521 ianuarii
1476 2491 1563 2527 1577,
1582 2490 1684 2530 pontis.
1703 2498 1780 2519 anno
1795 2497 1824 2519 v.

1858 241 1912 270 An.
1928 240 1959 270 C.
1982 229 2013 261 '‘³'-

2020 3071 2022 3074 ,
2007 2958 2029 3030 ,s'uo
2005 2810 2026 2946 ›ee-'2127
