2059 3228
349 224 412 260 036

302 284 536 327 confugientes,
549 284 582 317 in
599 283 718 316 eisdem
740 280 884 316 ecclesiis
901 291 957 315 seu
974 291 1049 314 coe-

301 339 465 378 meteriis,
499 335 735 379 arcbiepiscopi
755 335 803 368 vel
821 335 932 368 vicarii
955 345 1049 378 prae-

299 391 459 425 dictorum
486 390 574 434 prius
595 389 704 433 petita,
731 388 807 421 licet
830 398 894 421 non
919 388 1047 421 obtenta

297 444 438 483 licentia,
448 443 517 486 capi
530 447 559 474 et
585 442 671 481 inde,
685 442 753 474 sine
765 447 871 474 tamen
883 441 1049 484 sanguinis

298 497 467 535 effusione,
499 495 634 535 extrahi,
657 506 706 534 ac,
733 494 852 527 iustitia
872 494 1046 534 mediante,

297 549 420 594 puniri,
452 560 488 582 ac
507 549 533 581 si
563 554 648 582 extra
680 547 830 582 ecclesias
858 558 914 581 seu
935 558 1045 581 earum

298 603 491 636 coemeteria
502 602 586 646 capti
600 602 744 639 ruissent;
758 611 885 634 necnon
897 601 1049 634 decoctos

297 656 335 689 ad
363 656 625 689 satisfaciendum
655 655 869 688 creditoribus
898 654 1048 687 omnibus

297 709 376 742 iuris
401 709 552 742 remediis
581 708 788 752 compellere,
810 714 841 741 et
860 718 974 741 eorum
994 708 1049 740 bo-

297 773 339 796 na
367 762 452 795 inter
480 762 670 801 creditoreS‚
697 766 794 805 prout
823 760 904 793 iuris
932 760 1046 800 fuerit,

296 815 393 848 dividi
423 816 549 857 facere,
581 814 681 848 libere
711 820 741 848 et
770 814 856 847 licite
883 814 1046 852 valerent,

297 869 467 903 concessit.

383 923 591 957 Postmodum
616 932 704 963 vero,
726 922 819 955 initio
841 921 1049 966 pontificatus

100 983 283 1037 fgjc-gsrgassffta
296 977 513 1017 nostri‚nobis
531 987 590 1020 per
609 982 687 1009 tunc
709 976 863 1020 temporis
883 975 997 1008 ducem
1019 980 1050 1008 et

105 235 160 265 An.
174 236 206 266 c.
218 226 288 267 158'5

99 1053 138 1074 pes
181 1049 282 1073 quoda-dm
296 1031 528 1073 gubernatores
548 1035 677 1063 narrato
695 1030 790 1063 etiam
810 1039 904 1072 saepe
922 1028 1048 1061 contin·
1068 1064 1071 1075 k

98 1079 283 1137 ζξξζζζῖῗῧξξι
296 1094 371 1127 gere
392 1084 566 1116 nonnullos
587 1083 708 1116 ordinis
728 1083 871 1116 ccclesia:
884 1082 936 1114 tici
952 1081 1048 1115 vestri

100 1142 283 1162 0¹i³m³÷²x¹ffi
297 1137 445 1177 dominii,
469 1144 634 1180 tamquam
660 1136 720 1168 fori
748 1136 843 1169 vestri
873 1136 1046 1175 immunes,

100 1173 285 1237 {iin'i'f‘auppiissiiznf
297 1202 423 1224 necnon
452 1191 578 1234 aliquos
606 1190 726 1222 intuitu
755 1190 936 1230 laicorum,
967 1199 1050 1232 quos

100 1235 287 1286 ἶζζζξξξηῑζῇζῖ
297 1245 421 1278 scilicet
440 1250 543 1277 metus
563 1254 686 1287 poenae
700 1254 717 1276 a
732 1243 863 1276 nefariis
881 1242 1050 1276 conatibus

100 1298 135 1322 ‘¹⁵³
297 1297 494 1336 retrahebat,
517 1303 548 1330 et
567 1297 645 1330 alias
665 1297 698 1329 in
712 1296 834 1329 Statum
845 1301 986 1329 vestrum
998 1306 1051 1328 va-

296 1351 355 1384 riis
384 1351 563 1384 rationibus
587 1355 619 1383 et
638 1350 742 1383 modis
767 1349 971 1393 conspirare,
1001 1360 1049 1390 ac,

295 1415 356 1449 pro
369 1405 423 1437 illo
440 1403 670 1443 conservando,
687 1402 939 1436 animavertendi
951 1402 985 1435 iu
996 1413 1050 1436 eos

296 1458 462 1491 licentiam
493 1457 538 1490 eis
571 1456 705 1489 concedi
735 1456 983 1495 desiderabant,
1014 1461 1051 1488 ut

297 1510 422 1544 iudices
441 1510 537 1543 vestri
556 1510 738 1543 saeculares
748 1519 807 1553 pro
828 1515 974 1552 tempore
985 1509 1051 1542 exi-

298 1570 427 1603 stentes,
447 1563 666 1597 assistentibus
691 1563 737 1595 eis
763 1563 803 1595 ad
832 1562 894 1595 hoc
923 1562 1051 1595 duobus

299 1618 421 1651 civibus
441 1617 685 1660 circumspectis
695 1617 734 1650 de
745 1616 868 1659 gremio
881 1615 1050 1659 magistra-

298 1677 350 1705 tus
369 1677 492 1704 vestrae
512 1670 721 1714 reipublicae,
743 1680 815 1702 cum
827 1674 899 1702 voto
919 1669 1050 1703 ordina-

299 1724 352 1764 rii,
378 1730 446 1765 aut,
477 1723 502 1757 si
531 1728 699 1767 suspectus
718 1723 892 1764 videretur,
913 1722 1051 1756 alicuius

299 1788 458 1822 personae
478 1776 673 1810 cathedralis
684 1776 840 1809 ecelesiae
860 1777 932 1809 loco
956 1786 1051 1819 prae-

301 1831 380 1864 dicti
401 1829 556 1864 ordinarii
588 1830 620 1862 in
649 1829 805 1872 dignitate
834 1829 1052 1862 ecclesiastica

301 1884 509 1924 constitutae,
545 1894 771 1927 quoscumque
791 1882 940 1923 clericos,
965 1894 1054 1927 pres-

301 1938 431 1982 byteros
460 1943 491 1971 et
519 1937 598 1970 alias
622 1947 777 1980 personas
805 1935 1051 1976 ecclesiasticas,

302 1992 484 2025 saeculares
501 1996 533 2024 et
552 1989 739 2035 quorumvis
758 1989 913 2023 Ordinum
929 1991 1054 2032 regula-

303 2055 366 2085 res,
389 2044 484 2078 etiam
506 2051 682 2088 exemptos,
705 2043 939 2086 cuiuscumque
951 2042 1054 2085 digni-

303 2098 386 2138 tatis,
407 2104 519 2137 status,
540 2098 672 2141 gradus,
694 2096 823 2130 Ordinis
846 2102 877 2129 et
897 2096 1055 2129 conditio-

304 2152 364 2191 nis,
388 2162 452 2184 non
471 2156 579 2184 tamen
604 2150 772 2194 episcopos
790 2154 846 2182 aut
864 2150 944 2183 alios
959 2159 1055 2193 supe-

304 2204 417 2244 riores,
452 2204 627 2237 criminum
657 2202 907 2247 conspirationis
931 2202 963 2235 in
984 2202 1053 2235 Sta-

305 2261 374 2289 tum
399 2262 430 2290 et
458 2258 536 2290 alias
555 2257 661 2290 laesae
682 2256 857 2289 maiestatis
876 2256 1055 2300 culpabiles

306 2310 355 2342 vel
387 2315 553 2353 suspectos
567 2337 575 2350 ‚
610 2310 795 2343 carceribus
833 2309 1056 2342 ecclesiasticis

307 2364 494 2407 mancipare
518 2363 620 2396 libere
647 2364 802 2403 valerent,
837 2367 869 2396 et
896 2362 971 2395 inde
999 2373 1058 2406 per

308 2411 413 2454 ipsum
434 2412 636 2445 ordinarium
656 2413 705 2446 vel
718 2422 889 2456 personam
902 2412 934 2444 in
954 2411 1057 2454 digni-

308 2465 370 2492 tate
395 2460 613 2494 ecclesiastica
628 2461 834 2494 constitutam
846 2460 886 2493 ad
898 2466 1056 2493 torturam

310 2513 341 2541 et
359 2509 594 2552 quaestionem,
625 2510 651 2542 si
677 2510 820 2552 legitima
845 2509 964 2542 indicia
992 2509 1057 2541 visa

310 2557 456 2597 fuissent,
483 2568 556 2591 cum
578 2558 758 2591 interventu
784 2558 928 2591 iudicum
949 2568 1060 2591 saecu-

310 2605 428 2638 larium
455 2612 487 2639 et
513 2607 653 2640 duorum
680 2607 795 2640 civium
819 2606 1058 2652 praedictorum

895 228 1076 253 BULLARIUM
1094 227 1245 252 ROMANUM

1091 285 1204 313 contra
1229 279 1303 313 illos
1325 279 1514 324 procedere,
1541 287 1760 323 processuque
1787 277 1836 312 in-

1090 338 1226 373 structo,
1247 337 1280 366 et
1298 334 1504 377 postmodum
1530 343 1588 376 per
1606 333 1728 366 dictum
1747 332 1836 366 ordi-

1090 385 1219 418 narium
1243 396 1300 418 seu
1321 395 1490 429 personam
1512 385 1545 418 in
1564 385 1716 428 dignitate
1735 385 1839 419 eccle·-

1090 439 1217 472 siastica
1245 438 1460 472 constitutam.
1490 445 1525 471 ut
1553 438 1742 481 praefertur,
1762 438 1836 472 dili-

1089 498 1202 535 genter
1229 492 1408 525 examinato
1437 502 1466 524 e·
1492 491 1639 535 probato,
1662 501 1727 532 eos,
1755 500 1837 535 quos

1089 546 1193 579 dictus
1213 545 1395 578 ordinarius
1423 550 1479 578 aut
1508 555 1644 589 persona
1672 545 1838 589 praedicta

1090 599 1266 643 culpabiles
1286 598 1458 642 reperisset
1477 598 1509 630 in
1527 597 1722 642 praemissis,
1740 594 1838 642 prout'

1089 652 1279 685 delictorum
1291 657 1323 684 et
1339 651 1510 685 criminum
1524 651 1661 695 qualitas
1672 651 1837 695 exegisset,

1089 705 1327 744 condemnare;
1361 705 1409 737 vel
1437 703 1493 737 ubi
1534 714 1637 748 poena
1673 703 1839 745 sanguinis

1089 764 1142 792 aut
1162 758 1264 791 ultimi
1283 758 1434 802 supplicii
1458 769 1517 803 pro
1540 757 1706 792 atrocitate
1729 757 1838 792 delicti

1091 812 1283 856 imponenda
1295 812 1429 852 veniret,
1451 811 1580 856 praevia
1599 811 1837 854 degradatione,

1089 866 1218 899 eosdem
1246 865 1429 909 puniendos
1457 865 1567 898 curiae
1596 864 1752 898 saeculari
1771 869 1837 899 tra-

1089 920 1166 952 dere
1186 919 1287 952 libere
1307 923 1450 962 possent,
1472 929 1533 952 nec
1553 924 1726 963 propterea
1748 917 1837 952 ordi-

1090 972 1199 1006 narius
1228 978 1282 1005 aut
1306 982 1445 1015 persona
1469 971 1633 1015 praedicta
1657 982 1694 1005 ac
1713 971 1839 1006 iudices

1089 1031 1119 1059 et
1138 1026 1222 1059 cives
1241 1025 1424 1058 assistentes
1444 1025 1598 1070 praedicti
1618 1025 1744 1069 aliquas
1762 1035 1838 1059 cen-

1089 1090 1179 1112 suras
1208 1079 1382 1112 incurrisse
1403 1083 1624 1119 censerentur,
1646 1078 1838 1112 auctoritate

1090 1140 1119 1166 et
1143 1139 1256 1166 tenore
1284 1132 1456 1176 praedictis
1479 1132 1674 1165 indulsimus
1693 1138 1724 1165 et
1743 1131 1834 1174 alias,

1092 1192 1185 1229 prout
1204 1186 1237 1218 in
1261 1186 1358 1219 variis
1377 1186 1537 1219 dictorum
1550 1186 1838 1230 praedeeessorum

1090 1251 1126 1273 ac
1145 1239 1262 1272 nostris
1279 1249 1314 1272 su
1319 1250 1377 1282 per
1386 1239 1435 1272 his
1446 1239 1601 1272 confectis
1611 1239 1726 1273 litteris
1741 1239 1839 1274 latius

1090 1292 1285 1326 continetur.

1175 1347 1268 1380 Nune
1287 1353 1393 1380 autern
1414 1346 1521 1379 denuo
1540 1346 1634 1380 nobis
1653 1345 1769 1390 exponi
1779 1357 1837 1381 cu·
1895 1353 1934 1375 ¹³⁰
1954 1369 1956 1371 -

1091 1401 1182 1434 rastis
1192 1400 1338 1434 eamdem
1355 1400 1512 1433 civitatem
1525 1405 1555 1433 et
1566 1400 1653 1433 illius
1665 1399 1806 1444 quietern
1819 1411 1839 1434 a
1849 1384 1955 1438 :2:22⁹
1982 1406 1986 1412 ·’
2008 1406 2012 1407 ’

1093 1454 1279 1488 'facinorosis
1292 1454 1480 1487 hominibus
1496 1453 1557 1487 hoc
1576 1459 1722 1498 tempore
1741 1453 1840 1487 maxi·
1850 1444 1946 1474 'mm‘

1092 1519 1140 1542 me
1160 1507 1265 1542 vexari
1285 1513 1316 1540 et
1334 1507 1531 1551 perturbari3
1550 1512 1582 1540 et
1595 1507 1672 1541 licet
1690 1517 1756 1548 vos,
1778 1517 1839 1551 pro

1091 1566 1194 1595 vestro
1214 1572 1291 1605 erga
1307 1560 1459 1594 iustitiam
1481 1561 1599 1604 insigni
1619 1562 1688 1594 zelo
1707 1571 1745 1594 ac
1764 1572 1841 1604 pru-

1090 1615 1210 1655 dentia,
1225 1614 1326 1648 multa
1338 1614 1389 1647 bis
1409 1613 1502 1647 malis
1515 1619 1547 1647 et
1561 1613 1777 1648 incommodis
1787 1624 1840 1647 re-

1093 1667 1197 1701 media
1211 1666 1399 1701 curaveritis
1413 1667 1575 1708 adhiberi,
1597 1672 1716 1708 tamen,
1738 1667 1779 1700 ob
1789 1677 1842 1701 eo-

1092 1721 1284 1762 desiarum,
1310 1720 1544 1764 cappellarum,
1571 1720 1840 1754 coemeteriorum

1091 1775 1295 1819 aliorumque
1313 1774 1440 1818 piorum
1452 1774 1612 1814 locorum,
1626 1784 1709 1817 quae
1720 1774 1759 1807 de
1771 1773 1842 1807 iure

1093 1827 1257 1862 communi
1285 1827 1504 1861 ecclesiastica
1534 1827 1739 1860 immunitate
1762 1837 1841 1870 gau-

1092 1883 1167 1915 dere
1190 1887 1382 1921 noscuntur,
1403 1880 1522 1925 quibus
1542 1880 1652 1913 civitas
1673 1885 1776 1913 vestra
1799 1879 1843 1914 ita

1094 1936 1208 1970 referta
1225 1940 1283 1975 est,
1302 1939 1336 1967 ut
1351 1934 1385 1967 in
1404 1944 1600 1978 unaquaque
1618 1933 1669 1967 via
1688 1933 1758 1967 eius
1767 1933 1842 1967 civi-

1094 1988 1164 2022 tatis
1183 1987 1320 2022 ecclesia
1339 1987 1403 2020 sive
1423 1987 1570 2030 cappella
1584 1987 1634 2020 vel
1649 1997 1740 2020 sacer
1752 1987 1843 2020 locus

1093 2043 1133 2075 sit
1160 2040 1372 2074 immunitatis
1401 2040 1569 2085 privilegio
1598 2040 1784 2084 praeditus,
1805 2051 1843 2074 ac

1096 2106 1158 2128 nna
1180 2096 1230 2128 vel
1250 2094 1399 2138 pluribus
1428 2095 1570 2127 cratibus
1588 2093 1699 2127 ferreis
1717 2094 1766 2127 vel
1785 2104 1842 2128 cu-

1096 2148 1192 2181 iusvis
1211 2147 1343 2181 alterius
1362 2147 1488 2190 generis
1507 2147 1602 2180 etiam
1628 2153 1772 2188 ornatus,
1802 2146 1843 2180 ob

1096 2211 1235 2245 quorum
1256 2200 1471 2244 frequentiam
1492 2200 1718 2244 delinquentes
1736 2200 1785 2233 vel
1811 2199 1833 2232 ἰῐ

1098 2256 1129 2287 in
1158 2255 1213 2287 itta
1241 2264 1275 2287 se
1300 2254 1464 2298 recipiunt
1492 2259 1547 2287 aut
1571 2253 1720 2286 manibus
1743 2252 1843 2286 dictas

1097 2314 1199 2342 crates
1219 2312 1340 2348 tenent,
1368 2307 1412 2340 ita
1431 2313 1467 2340 ut
1491 2307 1694 2349 magistratus
1713 2317 1842 2340 eorum-

1098 2373 1161 2406 que
1181 2362 1336 2394 samiliam
1356 2361 1427 2394 illos
1446 2366 1693 2405 persequentem
1713 2360 1844 2393 eludant

1098 2417 1129 2444 et
1148 2410 1354 2450 frustrentur,
1369 2421 1405 2443 ex
1416 2409 1535 2453 quibus
1545 2410 1737 2454 plerumque
1748 2408 1842 2442 etiam

1099 2460 1204 2493 evenit
1228 2465 1282 2499 ut,
1315 2458 1516 2503 impunitatis
1539 2469 1596 2502 spe
1616 2452 1716 2494 du'cti.
1743 2458 1843 2491 scele-

1100 2509 1159 2542 rati
1183 2508 1331 2541 homines
1356 2508 1535 2541 facinorum
1565 2517 1698 2540 suorum
1726 2516 1846 2550 poenas

1100 2558 1292 2601 plerumque
1312 2556 1557 2599 subterfugiant,
1579 2556 1688 2599 sicque
1708 2554 1845 2588 maiores

1100 2607 1226 2640 animos
1233 2605 1273 2639 ad
1280 2605 1535 2650 delinquendum
1546 2610 1687 2644 sumant,
1697 2602 1843 2636 liberius-
