2059 3228
27 165 40 171 0
76 141 95 179 (3
122 145 190 189 ¹52ss

68 198 109 239 ‘.
204 207 290 242 libus
312 207 432 242 vicario
457 211 612 253 generali.
641 217 668 245 ot
696 211 811 246 Curiae
841 223 952 246 causa-

203 271 276 294 rum
298 260 450 296 Gamerae
470 264 671 308 Apostolicac
692 266 835 307 generali
861 265 952 298 audi-

175 353 177 355 ,
203 313 278 354 tori,
293 320 382 348 motu
404 316 513 353 simili,
536 329 593 361 per
611 324 793 362 praesentes
819 319 952 352 manda-

202 377 274 400 mus
293 373 454 411 quatenus
476 370 534 414 ipsi
560 372 605 404 vel
632 372 695 405 duo
721 377 776 405 aut
796 382 881 405 unus
901 382 953 405 eo-

201 431 287 460 rum,
311 432 368 464 per
388 433 420 455 sc
440 424 488 455 vel
505 424 602 456 alium
616 427 678 457 *seu
694 425 785 466 alios,
800 435 952 469 praesen-

201 473 379 507 teslitteras
394 481 421 508 et
435 475 467 508 in
479 476 524 509 eis
544 482 693 511 contenta
711 489 950 522 quaecumque,

201 527 257 560 ubi
278 533 310 561 et
329 530 460 572 quando
480 540 562 573 opus
575 530 682 571 fucrit,
700 542 737 564 ac
752 532 878 575 quotics
892 542 957 575 pro>

200 585 292 625 parte
312 581 472 615 dictorum
493 583 709 617 hebraeorum
731 584 871 628 desuper
886 585 954 617 fue-

201 633 266 667 rint
292 635 450 679 requisiti,
473 636 660 669 solemniter
679 637 889 681 publicantes,
915 648 953 671 ac

201 686 259 727 eis,
288 687 320 720 in
350 688 546 732 praemissis,
583 689 724 723 efficacis
756 689 952 723 defensionis

199 740 362 784 praesidio
386 741 583 782 assistentes,
605 742 733 783 saciant,
761 743 953 776 auctoritate

199 798 323 836 nostra,
342 795 567 834 concessione,
600 795 739 836 indulto,
777 796 950 836 voluntate,

199 847 426 892 permissione,
444 848 647 888 liberatione,
668 849 883 891 absolutione,
895 850 952 883 dc-

201 907 302 943 creto‚
325 902 584 942 confirmatione,
611 902 845 947 approbatione
870 903 954 936 aliis-

200 966 264 1000 que
283 956 468 1003 praemissis
488 956 639 990 omnibus
659 963 690 990 et
705 957 839 1000 singulis
864 957 953 1001 paci-

200 1008 261 1043 fice
291 1009 355 1042 frui
393 1014 424 1043 et
452 1010 611 1053 gaudere,
637 1020 702 1043 non
729 1011 953 1054 permittentes

200 1072 256 1097 eos
275 1062 416 1108 desuper
435 1067 547 1096 contra
567 1064 788 1107 praesentium
805 1069 951 1098 tenorem

201 1116 447 1161 quomodolibet
474 1116 657 1158 molestari3
696 1118 954 1151 contradictores

201 1170 365 1214 quoslibet
378 1181 416 1204 ac
433 1171 569 1204 rebelles
589 1171 812 1215 etpracmissis
823 1182 886 1205 non
896 1183 953 1216 pa-

199 1227 318 1265 rentes,
338 1234 398 1268 per
416 1224 602 1266 sententias,
621 1235 774 1259 censuras
786 1231 817 1258 et
833 1236 954 1270 poenas

201 1277 436 1312 ecclesiasticas
477 1278 603 1322 aliaque
650 1285 834 1324 opportuna
874 1279 954 1314 iuris

194 1333 234 1365 'et
249 1330 325 1365 sacti
345 1331 502 1374 remedia,
529 1332 747 1377 appellatione
763 1333 952 1377 postposita,

201 1386 453 1430 compescendo,
494 1385 643 1420 invocato
677 1386 772 1420 etiarn
807 1387 848 1419 ad
876 1387 951 1429 hoc,

145 1472 152 1480 ,
201 1437 229 1472 si
259 1449 342 1483 opus
371 1439 481 1480 fuerit,
512 1439 633 1473 auxilio
657 1439 783 1473 brachii
808 1441 953 1474 saecula-

202 1492 259 1527 ris.
700 1497 702 1501 ’

206 1538 219 1551 “
249 1546 265 1591 §
287 1545 341 1580 14.
368 1546 603 1581 Confirmames
627 1552 657 1581 et
683 1547 899 1592 approbantes
919 1558 955 1581 o-

205 1600 295 1634 mnia
314 1605 345 1634 et
361 1600 487 1644 singula
499 1601 678 1645 privilegia,
697 1601 955 1642 constitutiones,

25 1654 27 1660 ”
73 1635 195 1696 ·„=¹⁵'v⁰÷i¹⁶¹‘g÷3
207 1654 337 1698 gratias,
359 1653 483 1687 indulta
508 1661 539 1687 et
558 1654 685 1688 litteras·
702 1665 760 1698 per
784 1665 843 1688 nos
867 1660 898 1688 et
921 1666 955 1688 a·

57 1699 267 1756 wsssss'lios
294 1707 457 1741 Romanos
486 1708 659 1741 Pontifices
692 1708 957 1751 praedecessores

75 1755 79 1760 ’
206 1766 335 1795 nostros
368 1761 402 1794 iu
425 1767 517 1805 parte
551 1767 581 1794 et
609 1762 754 1806 partibus
782 1761 875 1795 dietis
899 1762 956 1795 be-

191 1808 381 1848 *braeorum
414 1808 678 1848 universitatibus
712 1815 957 1859 quomodolibet

208 1878 374 1910 concessa,
396 1874 428 1902 et
446 1868 486 1902 de
506 1869 681 1912 praedictis
700 1869 878 1912 loquentia.

253 1922 268 1966 ᾗ
291 1921 344 1956 15.
371 1922 441 1955 Νοῃ
467 1921 669 1955 obstantibus
688 1922 790 1956 felicis
810 1923 958 1956 recorda·

160 1975 307 2009 ‹ie-tionis
324 1975 416 2008 Pauli
436 1975 541 2020 Papae
572 1976 619 2015 IV,
637 1975 696 2008 suh
716 1976 826 2009 datum
850 1977 959 2010 videli-

211 2034 262 2063 cet
293 2028 399 2073 pridie
431 2028 504 2062 idus
543 2029 636 2069 iulii,
671 2029 878 2072 pontificatus
910 2030 959 2063 sni

211 2093 297 2116 anno
317 2082 448 2126 prim03
475 2092 602 2114 necnon
620 2082 691 2125 piae
715 2083 892 2116 memoriae
911 2083 958 2116 Pii

210 2135 316 2179 Papae
332 2135 437 2179 quinti
457 2135 544 2168 illius
563 2136 805 2169 confirmatoria
824 2137 883 2169 sub
903 2137 959 2170 da-

211 2194 280 2222 tum
298 2188 448 2222 videlicet
466 2189 689 2222 tertiodecimo
703 2190 855 2223 kalendas
871 2191 957 2231 maii,

212 2248 245 2276 et
263 2241 325 2275 alia
344 2248 459 2285 quarto
484 2243 637 2276 kalendas
658 2243 776 2282 martii,
795 2243 962 2287 pontifica—

214 2301 264 2329 tus
284 2296 333 2328 sui
356 2296 534 2340 respective
555 2297 565 2329 l
586 2303 612 2329 et
642 2297 678 2329 lv
697 2297 806 2337 annis;
829 2308 865 2330 ac
885 2297 961 2331 dicti

213 2343 260 2377 Pii
291 2344 328 2376 lV
357 2344 397 2377 de.
434 2345 643 2388 registrandis
668 2345 778 2388 gratiis
808 2346 961 2380 interesse

215 2393 368 2427 Gamerae
403 2394 604 2437 Apostolieae
630 2395 899 2429 concernentibus
929 2397 962 2428 in

216 2442 308 2476 libris
328 2442 471 2475 eiusdem
489 2443 641 2477 Gamerae
654 2443 735 2476 infra
747 2449 870 2477 certum
887 2451 962 2478 tunc

217 2503 403 2536 expressum
425 2498 562 2536 tempus,
590 2504 625 2525 ae
646 2493 781 2526 aliorum
803 2504 962 2537 quorum-

217 2551 359 2585 cumque
377 2541 597 2575 Romanorum
617 2542 807 2576 Pontificum
829 2543 962 2588 praede-

67 1774 93 1841 ξι),

860 157 963 184 stx't't's
985 158 1005 183 V
1028 159 1075 183 Μ’.

1635 148 1700 185 789
1734 153 1742 161 ”
1757 158 1811 187 An.
1826 156 1856 186 C.
1867 162 1935 194 9891

995 220 1159 244 cessorum
1187 216 1372 245 nostrorum
1402 211 1685 246 constitutionibus
1711 216 1744 246 et

995 263 1265 305 ordinationibus;
1280 264 1454 309 privilegiis
1469 276 1610 309 quoque,
1633 265 1742 299 indul-

993 316 1032 349 tis
1053 316 1207 349 etlittcris
1221 318 1405 361 apostolicis
1415 318 1743 364 subquibuscumque

992 370 1165 403 verborum
1188 371 1298 404 formis
1318 376 1348 405 et
1368 372 1638 413 clausulis,etiam
1651 373 1744 407 dero-

991 423 1189 466 gatoriarum
1222 424 1433 468 ‹lerogatoriis
1466 426 1601 470 aliisque
1638 426 1743 460 effica-

993 476 1135 510 cioribus
1165 482 1196 510 et
1230 477 1388 519 insolitis,
1420 479 1688 523 irritantibusque
1711 486 1743 514 et

992 529 1063 563 aliis
1090 530 1228 563 decretis
1252 531 1451 573 quibuslibet
1475 532 1587 572 terris,
1613 533 1742 578 oppidis

992 588 1022 615 et
1062 582 1142 616 locis
1180 583 1212 616 in
1253 585 1452 618 contrarium
1496 586 1742 629 quomodolibet

993 636 1168 676 concessis,
1198 637 1381 681 approbatis
1413 644 1444 672 et
1467 639 1626 673 innovatis
1636 650 1644 680 ;
1671 640 1742 684 qui-

992 688 1052 722 bus
1081 689 1244 731 omnibus,
1278 691 1401 725 etiamsi
1427 703 1485 736 pro
1508 693 1639 726 illorum
1673 693 1741 727 suf-

993 742 1114 775 ficienti
1136 743 1354 786 derogatione,
1376 745 1415 778 de
1428 745 1491 778 illis
1501 756 1681 789 eorumque
1692 752 1741 780 to-

992 795 1031 828 tis
1046 796 1213 830 tenoribus
1236 797 1397 842 specialis,
1418 799 1581 843 specifica,
1594 811 1741 844 expressa

991 853 1023 882 et
1051 848 1228 892 individua,
1260 862 1325 885 non
1353 858 1461 886 autem
1491 864 1550 896 per
1579 853 1741 887 clausulas

991 903 1159 945 generales
1178 904 1263 938 idem
1291 904 1514 949 importantes‚
1543 906 1663 940 mentio
1683 917 1739 941 seu

991 956 1123 1000 quaevis
1140 957 1201 990 alia
1222 959 1382 1002 expressio
1402 959 1550 993 habenda
1569 960 1742 1001 foret,ill0-

993 1019 1064 1042 rum
1095 1015 1222 1044 tenores
1253 1012 1476 1055 praesentibus
1501 1023 1560 1057 pro
1585 1014 1740 1057 expressis

991 1063 1156 1105 habentes,
1189 1064 1253 1098 illis
1279 1065 1357 1099 alias
1389 1066 1422 1098 in
1445 1077 1504 1099 suo
1532 1068 1648 1101 robore
1670 1079 1741 1111 per-

993 1118 1166 1158 mansuris,
1188 1118 1247 1152 bac
1266 1119 1335 1153 vice
1360 1120 1536 1161 dumtaxat,
1558 1120 1741 1165 specialiter

992 1176 1022 1204 ct
1041 1182 1190 1215 expresse
1210 1173 1738 1219 derogamus,contrariisquibus-

992 1235 1144 1269 cumque.

1035 1279 1098 1312 Aut
1117 1280 1142 1313 si
1163 1280 1339 1324 aliquibus,
1366 1282 1583 1316 communiter
1600 1283 1647 1315 vel
1664 1282 1741 1316 divi-

993 1331 1064 1374 sim,
1092 1333 1132 1366 ab
1159 1334 1271 1367 eadem
1301 1335 1341 1368 sit
1369 1335 1451 1368 Sede
1472 1335 1633 1369 indultum
1654 1337 1740 1379 quod

994 1386 1162 1428 interdici,
1193 1388 1347 1432 suspendi
1380 1389 1430 1422 vel
1467 1390 1740 1423 excommunicari

994 1450 1058 1472 non
1082 1440 1205 1484 possint
1227 1452 1285 1485 per
1309 1441 1429 1476 litteras
1457 1443 1649 1486 apostolicas
1677 1455 1741 1476 non

995 1492 1145 1527 facientes
1164 1495 1293 1538 plenam
1315 1500 1345 1528 et
1359 1506 1539 1540 expressam
1560 1507 1596 1529 ac
1617 1497 1656 1530 de
1673 1508 1741 1529 ver-

995 1548 1034 1580 bo
1054 1547 1094 1580 ad
1112 1548 1246 1581 verbum
1264 1549 1304 1582 de
1324 1548 1448 1582 indulto
1458 1549 1643 1583 huiusmodi
1655 1560 1742 1583 men-

996 1601 1127 1634 tionem.

1039 1656 1054 1697 ξ
1079 1655 1133 1689 16.
1160 1655 1322 1698 Ceterum,
1337 1656 1413 1699 quia
1428 1656 1559 1690 difficile
1579 1657 1661 1694 soret
1680 1662 1737 1690 etc.

1038 1708 1153 1742 Datum
1165 1709 1284 1742 Romae
1295 1710 1381 1754 apud
1396 1709 1427 1743 S.
1450 1710 1592 1751 Petrum,
1614 1711 1674 1743 sub
1689 1722 1742 1744 an-

997 1763 1073 1795 nulo
1083 1761 1266 1803 piscatoris,
1277 1763 1328 1796 die
1337 1773 1401 1796 xxn
1418 1764 1559 1797 octobris
1576 1774 1742 1805 MDLxxxw,

998 1816 1202 1861 pontificatus
1222 1817 1322 1851 nostri
1347 1827 1433 1850 anno
1448 1826 1482 1850 11.

1072 1869 1136 1900 Dat.
1155 1870 1203 1900 die
1218 1869 1256 1899 ΞΕ).
1272 1874 1328 1900 oct.
1345 1870 1434 1908 1586,
1449 1874 1528 1910 pont.
1546 1879 1623 1901 anno
1638 1879 1670 1901 ιι.

1796 1658 1937 1685 'transumptis

1755 1691 1812 1710 credi
1828 1692 1893 1710 iubet.

1326 1989 1415 2023 Lxx.

999 2059 1044 2091 De
1065 2058 1238 2091 temeraria
1259 2058 1322 2091 tori
1330 2058 1545 2102 separatione,
1563 2069 1600 2091 ac
1610 2058 1747 2102 publicis

1043 2112 1226 2152 adzdteriis,
1243 2112 1363 2155 stupris
1382 2116 1411 2144 et
1432 2112 1601 2145 lenociniis
1624 2113 1659 2145 in
1681 2113 1747 2155 qui-

1045 2165 1178 2197 busdam
1197 2166 1322 2198 casibus
1337 2165 1475 2198 severius
1497 2165 1535 2198 in
1556 2165 1646 2198 alma
1667 2165 1748 2198 Urbc

1041 2219 1217 2262 puniendis
1237 2218 1263 2251 ¹.

1073 2290 1167 2318 sixtus
1187 2290 1338 2326 episcopus,
1351 2297 1448 2319 servus
1463 2297 1603 2319 serrorum
1620 2290 1681 2324 Dei.

1138 2344 1172 2372 ad
1197 2345 1357 2380 perpetuam
1382 2344 1424 2372 rei
1447 2345 1616 2373 memoriam.

1047 2403 1093 2435 Ad
1119 2403 1400 2446 compescendam,
1421 2409 1580 2447 quantum
1605 2403 1638 2436 in
1657 2402 1750 2437 nobis
1789 2417 1921 2438 Prommium.

1039 2472 1049 2497 1
1069 2469 1167 2502 Quoad
1181 2469 1319 2499 lenocinia
1334 2473 1362 2497 et
1379 2473 1476 2504 stupra
1492 2470 1520 2497 in
1540 2469 1615 2497 Urbe
1638 2469 1749 2498 contin-

1003 2510 1115 2545 gentia,
1142 2510 1206 2537 vide
1232 2510 1315 2537 etiam
1345 2510 1373 2537 in
1396 2509 1474 2547 Pauli
1498 2509 1532 2538 IV
1560 2514 1649 2539 coust.
1675 2516 1747 2539 xxxi.

1003 2551 1203 2586 Sanctissimus,
1220 2555 1287 2579 tom.
1304 2557 1342 2586 Vl,
1357 2557 1420 2586 pag.
1437 2550 1499 2579 537.
