2059 3228
135 0 164 20 '-

43 0 140 95 W

55 89 105 104 ,ι

59 108 69 118 ν

44 223 112 274 dc.
127 239 196 268 ¹586

53 284 65 298 ⁹
202 288 388 329 inhibendi;
410 293 442 322 et
461 287 493 321 in
513 292 662 322 eventum
683 296 748 321 non
767 286 947 331 paritionis,

202 342 592 390 contrajnobedienues,
622 347 829 376 contumaces
853 347 884 375 et
902 352 950 375 re-

201 396 311 438 belles,
338 396 378 430 ad
399 396 648 430 declarationem
669 396 818 430 incursus
838 406 950 429 censu-

201 460 310 484 rarum
331 455 363 483 et
382 460 561 494 poenarum
581 450 780 491 huiusmodi,
805 449 949 482 illarum-

201 514 264 548 que
283 504 526 553 aggravationes
550 510 582 538 et
611 503 889 548 reaggravationes
912 514 949 536 ac

201 558 290 599 alias,
312 564 408 602 prout
423 559 483 592 sibi
499 559 615 593 melius
629 558 780 602 expedire
790 557 950 590 videbitur

201 622 258 645 seu
278 612 448 656 placuerit,
470 618 594 646 servata
614 612 717 647 forma
734 611 863 645 concilii
878 611 948 644 Tri-

202 665 338 707 dentini,
374 666 583 711 procedendi,
619 666 858 709 sententiasque
893 676 949 698 seu

203 719 363 761 mandata,
385 731 444 764 per
463 730 537 753 eum
555 731 614 764 pro
633 725 782 764 tempore
801 720 881 752 latas
893 729 950 752 seu

203 773 356 813 relaxata,
369 773 494 806 debitae
505 773 715 817 exequutioni
733 772 950 806 demandandi

203 826 267 860 sive
287 827 475 860 demandari
496 826 645 860 faciendi.

245 880 261 924 ἓ
283 879 315 914 3.
342 879 601 914 Contradictores
619 880 780 924 quoslibet
800 886 830 914 et
847 880 951 914 rebel·

203 934 249 968 les
272 945 310 967 ac
342 934 527 979 praemissis
558 934 671 978 quovis
696 940 862 978 praetextu
887 945 953 967 non

205 993 366 1033 parentes,
394 999 453 1033 per
482 999 635 1022 censuras
660 989 891 1023 ecclesiasticas
916 999 953 1022 ac

203 1041 300 1075 etiam
321 1042 526 1086 pecuniarias
541 1053 662 1087 poenas
689 1043 816 1087 aliaque
835 1054 954 1087 oppor-

204 1101 282 1129 tuna
301 1095 382 1130 iuris
401 1102 434 1130 et
452 1096 527 1130 facti
557 1096 710 1136 remedia,
737 1097 954 1140 appellatione

203 1150 400 1194 postposita,
441 1151 693 1195 compescendi,
733 1151 955 1194 auxiliumque

205 1203 329 1237 brachii
352 1204 528 1238 saecularis
548 1205 587 1238 ad
607 1205 683 1245 hoc,
705 1205 728 1237 si
750 1216 832 1249 opus
851 1205 957 1244 fuerit,

205 1256 388 1298 invocandi,
410 1258 538 1303 aliaque
567 1258 678 1291 omnia
709 1264 739 1291 et
773 1258 898 1300 singula
925 1258 958 1291 in

54 1332 65 1345 t
205 1311 390 1355 praemissis
414 1318 444 1345 et
463 1312 551 1346 circa
575 1323 612 1345 ea
631 1312 876 1356 quomodolibet
900 1322 958 1344 ne-

206 1365 346 1398 cessaria
362 1370 393 1399 et
413 1373 602 1410 opportuna
622 1366 773 1405 faciendi,
786 1366 917 1409 gerendi
931 1372 961 1398 et

213 1419 406 1462 exequendi,
430 1430 468 1453 ac
495 1430 569 1453 cum
595 1420 665 1453 aliis
699 1420 903 1453 facultatibus
922 1419 961 1452 ad

207 1471 240 1505 id
268 1473 516 1517 quomodolibet
545 1473 749 1514 necessariis,
770 1473 961 1507 auctoritate

208 1530 240 1559 et
257 1531 369 1560 tenore
381 1527 566 1571 praedictis,
583 1528 733 1561 similiter
743 1533 902 1572 perpetuo
919 1527 964 1560 sa-

208 1580 325 1622 cimus,
354 1581 584 1615 constituimus
604 1587 634 1616 et
654 1582 860 1626 deputamus,
884 1581 965 1614 silii-

208 1644 274 1678 que
298 1634 443 1678 plenam,
476 1635 613 1668 liberam
643 1642 671 1669 et
697 1637 837 1681 amplam
869 1638 967 1682 super

209 1687 393 1733 praemissis
411 1688 574 1722 licentiam
600 1695 630 1723 et
660 1690 843 1724 facultatem
865 1698 960 1735 atque

215 1742 438 1776 auctoritatem
460 1744 555 1776 etiam
576 1745 785 1778 concedimus
799 1752 828 1778 ct
846 1746 967 1790 impar-

219 1796 331 1829 timur.

263 1850 278 1894 ξ
303 1850 335 1884 4.
356 1850 572 1884 Decernentes
596 1852 683 1895 quod
704 1863 721 1884 a
743 1863 801 1896 pro
825 1858 971 1898 ternpore

0 1916 2 1932 ·
51 1908 199 1946 *muffiqb
221 1903 386 1937 existentis
405 1904 628 1945 referendarii,
655 1910 690 1938 ut
711 1906 893 1949 praefertur
909 1908 972 1940 ele-

0 1971 1 1986 :
48 1944 202 1996 2:¹⁶2?ssssss
228 1957 271 1990 cti
295 1963 327 1991 et
344 1957 499 2002 deputati,
522 1959 699 1998 sententiis,
723 1959 891 2002 mandatis,
922 1971 973 1994 or-

58 2005 203 2032 ·*⁸¹'¹¹³¹'⁰¹¹‘
227 2010 446 2045 dinationibus
471 2017 502 2045 et
524 2013 661 2046 decretis
694 2014 879 2047 nullatenus
903 2026 972 2048 sus-

0 2059 1 2063 ,
49 2030 83 2063 ἦ.
97 2036 123 2058 αἰ
145 2035 209 2056 utinm

51 2073 117 2122 *ζ’
130 2073 208 2120 ⁸432·
225 2065 354 2108 pensive
373 2066 542 2110 appellari,
570 2067 748 2107 reclamari,
770 2067 807 2100 de
828 2068 974 2102 nullitate

64 2105 207 2155 'unicui-n,
225 2117 288 2151 dici
327 2118 392 2152 sive
418 2119 663 2162 quomodolibet
679 2120 831 2154 adversus
850 2120 914 2162 illa,
935 2122 974 2155 ad

70 2162 118 2186 ms
143 2161 211 2182 nutu-
400 2172 407 2178 -
511 2172 517 2178 ·
588 2173 593 2179 -
769 2174 774 2178 -
953 2175 959 2181 -

131 2195 211 2214 „mm
226 2171 377 2206 effectum
398 2173 594 2216 impediendi
625 2180 886 2217 exequutionem,
920 2176 975 2208 ali-

58 2224 106 2252 ἸΝ
122 2225 212 2252 ’Μω-
227 2226 315 2270 quod
334 2226 513 2260 remedium
532 2228 681 2260 attentari
706 2228 818 2271 possit.
843 2228 976 2262 Devotu-

226 2279 290 2313 tive
309 2285 416 2313 autem
437 2281 535 2313 semel
552 2285 675 2313 tantum
695 2281 789 2314 liceat
800 2283 974 2326 appellare,

227 2337 259 2367 et
279 2333 342 2366 alia
361 2334 503 2367 remedia
524 2334 681 2368 intentare
702 2346 811 2368 coram
836 2336 899 2370 alio
928 2337 977 2370 iu-

228 2386 300 2420 dice
321 2387 486 2430 pracdicto
506 2399 565 2431 pro
586 2394 730 2433 tempore
743 2389 889 2422 existenti
905 2401 979 2434 pro-

229 2436 357 2477 tectori,
393 2441 428 2469 ut
455 2439 649 2481 praefertur,
672 2439 868 2472 nominando
889 2444 919 2473 et
939 2441 978 2474 ab

228 2496 266 2519 eo
292 2485 516 2529 approbando.
541 2487 688 2520 Secundo
709 2494 815 2521 autem
832 2489 877 2522 vel
900 2489 980 2524 ulte-

48 938 188 965 muti-adtem-

54 973 117 994 ιιὶιιιι
128 975 188 992 coer-

53 1002 80 1027 Ι.

317 2683 390 2713 uati.
413 2682 487 2712 liant.
518 2682 569 2711 l'al.
598 2681 669 2712 VIII.
857 2684 900 2713 00.)

857 225 963 254 smus
986 226 1006 251 V
1028 227 1075 252 PP-

228 2534 298 2567 rius
319 2534 443 2566 sublata
464 2535 620 2568 sitomnis
640 2541 669 2568 et
691 2547 915 2581 quaecumque
927 2549 983 2582 ap-

228 2583 376 2626 pellatio,
411 2583 465 2616 sed
493 2585 674 2627 praedictae
699 2586 780 2619 duae
805 2587 982 2621 sententiae

233 2632 412 2678 plenariam
447 2634 696 2676 exequutionem
731 2635 909 2676 obtineant,
947 2648 984 2670 ac
1026 2635 1098 2667 dcm
1119 2634 1305 2666 custodibus
1326 2634 1364 2666 ab
1386 2633 1568 2667 huiusmodi
1595 2634 1772 2668 notariatus

1629 217 1692 252 799
1750 224 1803 253 An.
1818 225 1848 254 C.
1866 227 1934 257 1586

990 285 1103 319 firmae
1127 289 1158 319 et
1176 284 1317 319 illibatae
1336 288 1559 329 permaneant,
1581 293 1618 316 ac
1643 283 1667 315 si
1688 293 1735 316 cs-

991 345 1060 373 sent
1089 344 1152 372 tres
1179 339 1377 380 conformes,
1400 350 1436 371 ac
1461 337 1590 371 nullitas
1614 336 1734 379 aliqua,

991 393 1130 438 exceptis
1164 393 1266 426 tribus
1299 391 1582 430 substantialibus,
1617 389 1736 435 opponi

990 449 1081 485 nullo
1106 448 1202 482 modo
1223 447 1333 492 possit.

1034 505 1049 548 ᾖ
1073 504 1105 537 5.
1131 503 1168 536 Et
1194 503 1270 535 licet
1303 502 1342 535 ad
1366 500 1548 533 instantiam
1580 509 1736 543 quorum-

991 568 1130 603 cumque
1150 556 1326 590 haeredum
1343 555 1407 588 sive
1427 553 1648 598 quorumlibet
1662 552 1738 585 alio-

992 623 1064 647 rum
1085 611 1305 646 committatur
1324 609 1357 642 in
1384 610 1542 647 futurum,
1568 607 1615 639 vel
1642 606 1737 639 etiam

993 668 1088 701 modo
1102 665 1240 710 pendeat
1260 662 1430 696 commissa
1450 673 1543 694 rausa
1564 659 1739 693 discussio-

992 721 1042 754 nis
1066 719 1204 753 alicuius
1227 716 1442 755 haereditatis,
1463 721 1493 748 et
1513 715 1615 747 dis-tac
1631 712 1739 747 archi-

992 772 1259 813 confraternitati‚
1286 782 1343 804 seu
1364 770 1450 802 illius
1464 767 1663 807 custodibus,
1687 777 1740 799 ca-

993 828 1143 867 merario,
1163 825 1356 860 officialibus
1380 829 1411 857 et
1446 822 1611 862 ministris,
1645 821 1739 854 etiam

993 883 1110 916 virtute
1125 879 1374 918 commissionis,
1391 877 1485 910 fuerit
1497 876 1681 911 inhibitum,
1699 880 1742 906 ta-

997 948 1080 977 men,
1100 947 1141 970 ne
1161 934 1282 969 exactio
1308 932 1505 966 creditorum
1526 930 1557 962 in
1579 928 1742 974 praeiudi-

996 992 1080 1025 cium
1107 989 1207 1034 ipsius
1231 983 1593 1021 archieonsraternitatis
1618 988 1743 1026 protra-

996 1047 1111 1085 hatur,
1139 1044 1211 1076 data
1235 1042 1352 1075 idonea
1378 1039 1525 1073 cautione
1554 1047 1611 1081 per
1643 1036 1744 1069 dictos

997 1100 1156 1140 custodes,
1188 1096 1415 1134 camerarium,
1438 1092 1589 1127 officiales
1609 1101 1666 1124 seu
1688 1090 1745 1122 mi-

997 1156 1115 1188 nistros
1135 1154 1174 1187 de
1194 1150 1391 1186 restituendo
1411 1158 1569 1181 sumniam
1591 1145 1742 1181 debitam,

999 1210 1032 1242 in
1057 1214 1205 1242 eventum
1231 1204 1504 1245 succumbentiae,
1527 1201 1691 1247 prioribus
1716 1205 1742 1232 et

1001 1262 1180 1307 potioribus
1208 1259 1436 1300 creditoribus,
1463 1269 1521 1302 pro
1545 1263 1688 1299 tempore
1713 1266 1746 1286 c-

1001 1317 1118 1349 xistens
1142 1313 1379 1348 referendarius
1403 1311 1587 1356 praedictus
1619 1309 1747 1342 eosdem

1002 1370 1158 1403 haeredes
1178 1369 1241 1402 sive
1261 1368 1340 1401 alios
1356 1375 1577 1410 quoscumquc
1589 1363 1750 1396 debitores

1004 1435 1059 1457 seu
1089 1424 1233 1467 ipsorum
1262 1420 1451 1465 quemlibet,
1485 1430 1521 1452 ex
1546 1427 1750 1460 quacumque

1005 1488 1101 1510 causa
1131 1475 1354 1514 cessionarios,
1379 1474 1427 1507 vel
1448 1473 1486 1506 ab
1507 1472 1551 1505 eis
1571 1470 1751 1515 quomodo-

1006 1531 1085 1564 libet
1116 1535 1148 1563 et
1188 1541 1224 1563 ex
1262 1539 1471 1572 quocumque
1502 1526 1596 1559 titulo
1625 1535 1751 1558 causam

1006 1586 1182 1625 babentes,
1208 1584 1248 1617 ad
1272 1582 1531 1616 satisfaciendum
1557 1578 1754 1621 integraliter

1007 1639 1112 1672 dictae
1143 1636 1489 1671 archiconfraternitati
1523 1634 1562 1667 de
1595 1633 1663 1666 eius
1687 1642 1754 1665 cre-

1009 1693 1086 1733 dito,
1111 1692 1191 1725 iuris
1205 1698 1236 1725 et
1250 1690 1323 1724 facti
1338 1689 1501 1729 remediis,
1520 1693 1610 1731 cogat
1621 1693 1652 1720 et
1666 1696 1755 1719 com-

1011 1747 1119 1791 pellat.

1055 1801 1070 1843 5
1094 1800 1124 1833 6.
1148 1801 1191 1832 Ac
1216 1799 1247 1831 in
1273 1798 1424 1831 omnibus
1449 1802 1479 1829 et
1502 1794 1636 1837 singulis
1653 1793 1757 1827 causis

1012 1854 1194 1898 praedictis,
1217 1853 1256 1885 ad
1280 1853 1399 1886 dictam
1420 1847 1757 1884 arcliiconsraternita-

1013 1914 1088 1949 tem,
1113 1914 1146 1940 ut
1157 1907 1346 1951 praefertur,
1357 1903 1599 1948 quomodolibet
1615 1907 1760 1946 spectan-

1014 1962 1111 2001 tibus,
1135 1960 1269 2004 surg-ulis
1293 1959 1408 1992 diebus
1432 1963 1462 1991 et
1481 1957 1569 1990 horis
1590 1955 1710 1989 feriatis
1729 1961 1760 1988 et

1015 2026 1079 2048 non
1095 2014 1226 2053 feriatis,
1239 2019 1466 2057 praeterquam
1478 2011 1678 2044 inhonorem
1690 2008 1758 2048 Dei,

1015 2069 1180 2113 procedat.

1059 2123 1074 2166 ξ
1100 2122 1129 2154 7.
1157 2122 1194 2154 Et
1224 2121 1386 2154 notarium
1411 2118 1589 2152 actuarium
1617 2128 1675 2161 per
1694 2127 1763 2151 eos·
1803 2137 1908 2158 Nondum
1924 2138 1959 2158 40,

1016 2177 1088 2209 dem
1109 2175 1257 2208 custodes
1272 2173 1467 2216 eligendum,
1490 2183 1526 2205 ac
1546 2172 1584 2204 ab
1604 2171 1650 2204 eis
1669 2177 1699 2203 et
1711 2180 1764 2203 eo·
1778 2169 1872 2196 tumn&-

1018 2240 1089 2262 rum
1110 2228 1242 2261 arbitrio
1263 2238 1300 2260 ac
1319 2227 1358 2259 ad
1379 2237 1491 2259 eorum
1509 2232 1622 2258 nutum
1644 2235 1765 2269 ponen-

1017 2284 1094 2316 dum
1119 2288 1150 2315 et
1165 2281 1392 2320 amovendum,
1414 2291 1511 2323 quem
1532 2279 1576 2312 eis
1596 2278 1764 2322 placuerit,

1019 2337 1151 2375 lrabeat,
1173 2334 1229 2378 qui
1249 2340 1396 2367 teneatur
1419 2333 1494 2366 dare
1520 2333 1667 2366 idoneam
1688 2344 1765 2366 cau-

1021 2391 1139 2422 tionem
1165 2388 1283 2422 eisdem
1305 2387 1491 2420 custodibus
1512 2387 1542 2420 in
1569 2387 1638 2420 eius
1667 2387 1766 2431 depu-

1021 2438 1152 2479 tatione,
1175 2438 1214 2471 de
1234 2436 1442 2476 restituendo,
1462 2436 1583 2479 absque
1594 2437 1700 2480 aliqua
1714 2447 1768 2480 pe-

1023 2487 1193 2520 cuniarum
1214 2486 1373 2519 solutione
1398 2492 1427 2519 et
1457 2486 1580 2527 fraude,
1611 2497 1647 2519 ac
1680 2487 1767 2520 omni

1024 2548 1113 2569 mora
1137 2541 1167 2569 et
1193 2535 1344 2569 dilatione
1368 2542 1464 2579 atque
1492 2536 1678 2579 exceptione
1713 2547 1769 2569 seu

1025 2585 1228 2619 excusatione
1262 2585 1456 2628 postpositis,
1492 2585 1616 2628 quoties
1645 2585 1684 2617 ab
1709 2585 1770 2617 eis-

1777 518 1854 540 ludicls
1869 518 1938 540 rau-ut-

1751 554 1782 571 tas
1811 552 1830 571 in
1866 551 1936 571 causi·

1751 582 1916 608 discussionum‚

1819 1813 1952 1843 Sinznltsque

1771 1845 1844 1866 diebus
1856 1848 1876 1864 el
1896 1846 1953 1863 lion!

1771 1874 1910 1903 procedendi,
