2059 3228
1627 214 1690 248 989
1749 223 1801 250 An.
1819 222 1846 250 c.
1864 223 1931 250 1587

990 276 1127 318 gentiani
1154 276 1304 309 adhibeat
1337 282 1371 309 ut
1405 277 1561 320 pecuniae
1596 289 1734 319 summa,
1775 284 1832 310 Quae
1848 284 1881 304 ¹¹³⁶
1901 284 1935 304 ‹¹¹-

990 335 1155 361 scutorum
1178 330 1298 362 scilicet
1317 330 1530 364 ducentorum
1549 331 1699 372 millium,
1719 343 1736 365 a
1750 314 1936 371 iffiffiwifoss‘r'ss:

992 381 1082 412 nobis
1104 386 1164 412 tain
1179 382 1296 414 salubri
1312 393 1348 415 ac
1362 383 1541 416 necessario
1553 384 1641 427 operi
1655 396 1736 428 pau-
1751 377 1808 397 ’Μ’

992 443 1103 475 pertun
1128 444 1156 464 in
1181 445 1290 475 prunis
1310 446 1406 468 causa
1426 442 1556 479 paterne
1576 437 1735 479 assignata

991 490 1085 528 atquc
1111 486 1274 523 attributa.
1298 499 1353 520 nei·
1376 489 1407 521 in
1428 489 1525 522 alium
1546 501 1639 523 usum
1661 501 1736 524 con-

56 247 65 257 .
80 228 190 258 &1587
860 223 963 247 stx‘rts
983 224 999 246 v
1020 224 1066 247 rr.

276 278 487 322 Conqreyaeio
511 282 629 321 quarta
650 287 708 321 pro
732 276 874 309 ubertate

297 342 448 365 annonae
467 330 578 364 Status
598 328 813 363 Ecclesiastici
834 328 858 360 ¹.

247 417 394 460 Cumque
413 417 452 449 ad
475 415 704 460 providentiam
726 419 866 447 nostram
879 423 950 458 per-

37 477 103 501 cin-u
128 471 303 504 huiustincat
325 480 439 503 curare
459 474 493 502 ut
518 468 629 513 populi
654 467 886 500 ecclesiasticae
906 466 949 499 di-

61 511 76 529 ⁸'
203 524 283 557 tioni
309 523 458 563 subiecti,
482 533 545 556 non
566 522 669 555 solum
691 532 772 565 pane
793 520 877 554 verbi
895 520 947 553 Dei

29 1171 124 1193 nnumin
131 1177 186 1193 con-

58 1205 186 1230 ‚qu-rucei

26 1233 118 1254 entiam
131 1239 186 1255 ear-

27 1263 78 1285 ιιιΙίι
95 1265 186 1292 deputa-

202 577 402 616 ressciantur,
416 576 469 609 sed
482 577 543 609 hoc
559 586 687 619 quoque
702 581 840 613 terrens),
852 584 947 616 quem

201 630 297 663 etiam
318 640 391 662 cum
418 629 472 662 itto
489 620 609 661 aPatre
631 627 759 660 coelesti
775 627 867 660 nobis
880 626 947 659 dari

201 683 345 726 quotidie
383 682 543 725 petimus,
578 681 756 719 abundent,
791 690 949 723 pauperes

200 736 390 780 pracsertim
412 741 442 768 et
462 735 566 778 egeni,
589 733 857 778 quihusparentis
877 733 948 765 lo'co

200 799 324 829 sumus,
348 788 468 821 idcirco
489 794 524 821 ut
547 788 580 820 in
606 786 754 820 omnibus
774 785 948 830 provini-iis

200 841 330 881 nostris,
352 847 383 874 et
403 840 434 873 in
454 841 514 873 liae
534 839 735 884 potissimum
754 839 836 871 alma
849 838 945 877 Urbe,

199 894 238 927 ad
263 905 360 938 quam
385 900 471 927 tanta
496 892 663 926 hominum
684 892 867 935 frequentia
887 902 946 924 un-

199 947 297 991 diquc
317 947 462 987 confluit,
485 957 535 980 res
551 945 761 979 frumentaria
782 945 864 977 benc
890 955 947 977 eu-

199 1005 268 1033 rata
287 1000 339 1040 sit,
358 1006 389 1033 et
408 1010 554 1033 annonae
570 998 718 1042 publicae
732 998 837 1040 copia,
854 997 948 1030 bene—

200 1053 328 1087 dicente
347 1053 495 1093 Domino,
517 1062 646 1096 semper
665 1056 826 1095 suppetat:

242 1106 258 1150 §
277 1106 307 1139 1.
334 1105 623 1149 Congregationem
645 1104 856 1137 cardinalium
873 1113 948 1136 con-

198 1159 374 1200 stituimus,
401 1169 483 1202 quae
508 1158 597 1192 omni
631 1158 736 1191 studio
763 1163 854 1190 curet
882 1167 946 1190 non

199 1212 303 1245 solum
324 1212 358 1245 in
377 1212 474 1252 Urbe,
491 1211 545 1245 sed
566 1211 598 1244 in
618 1211 768 1244 universo
787 1210 875 1243 Statu
891 1210 948 1242 Ec-

199 1265 376 1299 clesiastico
396 1265 579 1310 temporali,
606 1265 730 1309 copiam
754 1263 864 1297 haberi
884 1263 948 1296 sru-

199 1319 300 1352 menti
311 1324 406 1363 atque
417 1319 553 1352 aliarum
561 1318 659 1352 huius
669 1319 796 1361 generis
805 1318 819 1350 s
819 1328 947 1360 rugum,

198 1372 320 1416 quibus
333 1373 373 1406 ad
392 1372 489 1406 vitam
509 1373 684 1405 humanam
705 1371 945 1404 sustentandam

197 1425 392 1469 indigemus,
423 1436 519 1469 quae,
549 1425 575 1458 si
599 1424 739 1469 peccatis
771 1424 883 1467 populi
917 1423 947 1457 id

197 1479 470 1524 promerentibus,
491 1480 532 1513 ob
559 1485 664 1513 terrae
689 1478 887 1512 sterilitatem
916 1478 947 1510 in

198 1532 320 1566 ditione
331 1532 555 1566 Ecclesiastica
568 1531 752 1575 aliquando,
768 1531 853 1575 quod
866 1532 947 1564 Deus

197 1591 330 1627 avertat,
351 1586 500 1626 deerunt,
518 1587 648 1620 aliunde
661 1592 875 1619 commeatum
889 1595 947 1629 pro

197 1640 346 1673 locorum
365 1639 622 1684 opportunitate,
640 1639 775 1673 convehi
796 1650 947 1683 compor-

198 1691 323 1735 tarique
343 1693 479 1733 studeat,
493 1692 684 1732 civitatibus,
703 1692 842 1736 oppidis,
855 1691 945 1732 locis,

199 1744 347 1788 personis
366 1745 637 1789 quibuscumque,
657 1746 768 1789 quavis
786 1746 883 1779 etiam
898 1756 948 1779 ee-

200 1797 381 1832 clesiastiea
417 1804 514 1842 atque
547 1798 763 1831 cardinalatus
795 1798 947 1841 dignitate

198 1851 409 1894 fulgentibus,
431 1862 468 1884 ea
485 1851 604 1891 omnia,
627 1862 709 1894 quae
730 1852 768 1884 ad
782 1852 949 1884 abundan-

199 1904 276 1938 tiam
288 1905 462 1948 parandam
480 1911 576 1948 atquc
588 1905 839 1938 conservandam
853 1911 948 1938 erunt

199 1964 396 2002 opportuna,
412 1959 602 2003 praecipiat.
617 1958 857 1992 Commissarios
876 1959 947 1992 ubi-

198 2021 262 2054 que
281 2011 441 2052 locorum,
477 2017 574 2055 prout
606 2012 748 2055 exegerit
775 2012 949 2045 necessitas

197 2068 254 2097 aut
273 2064 409 2097 suaserit
427 2065 561 2105 utilitas,
583 2065 728 2108 deputet,
751 2073 862 2098 contra
887 2065 947 2097 im-

199 2117 366 2160 pedientes
385 2124 440 2151 aut
460 2119 669 2161 negligentes,
695 2117 758 2151 sive
786 2128 946 2150 annonam

199 2170 324 2203 extrahi
345 2172 392 2204 vel
412 2172 540 2212 abduci,
567 2183 625 2216 per
644 2182 676 2204 se
701 2171 786 2215 ipsos
805 2178 859 2204 aut
890 2182 948 2213 per

199 2224 292 2264 alios,
304 2224 410 2268 palam
422 2225 469 2258 vel
490 2226 616 2258 occulte
636 2231 858 2268 procurantes,
874 2235 948 2268 pro-

198 2277 304 2318 cedat,
336 2277 464 2320 aliaque
493 2277 587 2310 saciat
616 2289 699 2321 quae
728 2278 768 2310 ad
801 2287 946 2310 annonae

198 2331 380 2364 ubertatem
401 2331 533 2365 omnino
553 2332 714 2376 pertinere
739 2331 943 2364 videlnmtur.

241 2383 307 2427 §2
330 2383 540 2428 Praecipuam
577 2396 652 2418 vero
686 2395 796 2419 curam
821 2390 852 2417 et
875 2384 946 2416 dili-

234 2465 244 2490 1
259 2463 330 2491 Huic
341 2471 470 2492 annonae
482 2466 646 2500 praeficitur
656 2473 669 2493 a
682 2465 798 2493 Summo
811 2465 946 2491 Pontitice

196 2515 273 2536 unus
292 2515 327 2535 ex
347 2508 456 2537 clericis
475 2509 542 2536 Rev.
555 2510 690 2538 Gamerae
706 2508 898 2544 Apostolicac‚
916 2511 946 2535 ut

196 2552 293 2580 videre
316 2557 359 2580 est
378 2554 522 2588 superiuS,
540 2562 602 2589 pag.
625 2555 684 2581 1⁴50.
701 2553 727 2580 in
748 2552 946 2580 constitutione

198 2603 243 2624 ω’
259 2596 384 2632 Gregorii
400 2598 469 2632 tht,
486 2598 562 2626 Inter
577 2601 686 2626 celetas.

990 544 1143 578 vertatur,
1166 545 1193 571 ‹Jt
1218 540 1337 581 integra
1367 547 1591 582 conservetur·,
1613 554 1677 586 quo
1709 544 1734 576 si

991 602 1021 623 in
1043 591 1173 624 caritate
1189 604 1333 626 annonae
1349 594 1468 637 aliquid
1485 606 1520 627 cx
1541 595 1624 628 dicta
1647 607 1736 628 suni-

992 655 1042 676 nia
1062 644 1244 684 decesserit,
1267 646 1353 679 illius
1372 648 1612 691 recuperandae
1627 660 1662 681 ai-
1684 660 1735 681 re-

991 699 1196 742 integrandac
1217 700 1295 733 ratio
1321 701 1560 744 quamprimum
1595 708 1732 742 tucatur,

992 758 1025 784 nt
1045 753 1105 785 hoc
1125 753 1290 796 publicum
1308 754 1501 796 praesidium
1519 760 1549 787 et
1570 761 1733 799 tamquam

991 806 1218 849 patrimonium
1240 818 1432 850 pauperum,
1455 809 1641 841 eorumdem
1668 819 1735 841 car-

990 859 1144 892 dinalium
1160 860 1329 902 prudentia
1343 866 1373 893 et
1385 861 1563 901 sedulitate,
1578 868 1734 904 perpetuo

989 919 1169 945 asservetur
1186 918 1227 953 ct,
1255 918 1350 955 prout
1370 913 1401 945 in
1425 913 1487 946 alia
1506 913 1735 947 constitutione

989 978 1087 1011 super
1106 967 1195 1000 hoca
1217 967 1307 1000 nobis
1320 967 1419 1007 edita,
1437 967 1529 1000 latius
1543 967 1732 1010 explicatur.

1100 1056 1310 1099 Conqreyalio
1331 1057 1446 1100 quinta
1468 1067 1526 1099 pro
1545 1057 1631 1088 sacri

1154 1111 1270 1143 ritibus
1290 1114 1319 1143 et
1343 1110 1562 1142 caeremoniis.

1033 1204 1097 1236 lam
1119 1214 1204 1243 vero,
1227 1215 1300 1237 cum
1321 1203 1403 1237 sacri
1424 1203 1503 1236 ritus
1527 1210 1555 1236 et
1573 1213 1736 1236 caeremo-

990 1258 1073 1297 niae,
1105 1258 1223 1300 quibus
1257 1258 1397 1290 Ecclesia
1423 1268 1440 1289 a
1470 1256 1590 1300 Spiritu
1617 1256 1735 1289 Sancto

990 1311 1114 1350 edocta,
1137 1321 1174 1343 ex
1197 1311 1374 1354 apostolica
1394 1310 1563 1342 traditione
1588 1315 1617 1342 et
1637 1309 1734 1342 disci-

990 1363 1078 1406 plina
1102 1363 1213 1401 utitur,
1243 1363 1273 1394 in
1299 1369 1573 1395 sacramentorum
1600 1354 1745 1394 adminiss

990 1417 1163 1457 stratione,
1200 1417 1314 1450 divinis
1352 1416 1466 1449 officiis
1498 1416 1651 1459 omnique
1680 1415 1734 1447 Dei

990 1475 1020 1503 et
1039 1477 1222 1503 sanctorum
1243 1469 1445 1502 veneratione
1471 1479 1617 1510 magnam
1652 1468 1735 1500 cliri-

989 1523 1082 1556 stiani
1103 1523 1213 1567 populi
1240 1522 1450 1555 eruditionem
1476 1532 1632 1564 veraeque
1660 1521 1733 1553 side-i

990 1576 1253 1621 protestationem
1274 1574 1470 1614 contineant,
1504 1584 1610 1606 rerum
1632 1584 1736 1605 sacra-

991 1642 1061 1662 rum
1090 1630 1287 1662 maiestatem
1321 1627 1558 1665 commendant,
1590 1627 1733 1658 fidelium

991 1689 1112 1717 mentes
1132 1683 1170 1716 ad
1187 1693 1295 1715 rerum
1315 1681 1540 1714 altissimarum
1554 1679 1734 1713 meditatio-

990 1748 1062 1769 nem
1092 1736 1280 1775 sustollant,
1307 1741 1334 1767 et
1369 1734 1545 1767 devotionis
1574 1743 1626 1765 eas
1663 1732 1734 1775 igne

990 1791 1200 1828 inflamment,
1227 1789 1392 1832 cupientes
1413 1787 1552 1820 liliorum
1574 1787 1733 1819 Ecclesiae

990 1845 1138 1888 pietatem
1156 1850 1186 1876 et
1205 1842 1347 1875 divinum
1368 1842 1490 1874 cultum
1507 1840 1606 1873 sacris
1620 1840 1734 1872 ritibus

990 1904 1020 1931 et
1049 1897 1261 1930 eaeremoniis
1295 1894 1518 1927 conservandis
1551 1893 1732 1926 instauran-

990 1952 1101 1994 disque
1123 1950 1222 1992 magis
1241 1959 1378 1991 augere:

1033 2004 1048 2046 ἓ
1068 2004 1098 2036 1.
1121 2003 1266 2044 Quinque
1288 2001 1396 2033 itidem
1418 1999 1595 2033 cardinales
1611 1999 1731 2041 delegi·
1760 2003 1866 2027 ῐιιειῑιαιῑο
1882 2012 1931 2042 son-

990 2068 1071 2089 mus.
1085 2056 1201 2099 quilius
1222 2056 1300 2087 llaec
1320 2053 1494 2097 praecipue
1507 2063 1584 2085 cura
1604 2053 1731 2084 incum·
1745 2040 1931 2088 ἕζῗξῗξξυιῖζζζζζῗ

1746 2100 1796 2120 card

990 2111 1063 2142 here
1084 2109 1194 2141 debeat
1217 2114 1250 2140 ut
1284 2113 1402 2139 veteres
1423 2106 1500 2138 ritus
1524 2105 1604 2137 sacri
1630 2104 1732 2137 ubivis

990 2164 1146 2201 loom-um,
1171 2162 1200 2193 in
1227 2161 1375 2194 omnibus
1396 2159 1487 2193 Urbis
1506 2158 1657 2200 orbisque
1681 2168 1732 2190 ec-

990 2216 1113 2255 clesiis,
1136 2215 1228 2247 etiam
1253 2214 1284 2246 in
1313 2213 1435 2257 capella
1466 2218 1574 2244 nostra
1602 2211 1731 2254 pontisi-

989 2269 1047 2307 cia,
1070 2269 1101 2301 in
1126 2268 1240 2304 missis,
1263 2266 1375 2298 (livinis
1403 2265 1526 2305 officiis,
1552 2275 1733 2297 sacramen-

990 2328 1093 2355 torum
1114 2319 1402 2357 administratione,
1424 2318 1603 2360 ceterisque
1623 2317 1663 2350 ad
1687 2318 1734 2350 di-

988 2375 1095 2407 vinum
1117 2374 1237 2405 cultum
1257 2372 1502 2415 pcrtinentibus,
1526 2381 1543 2403 a
1567 2370 1733 2413 quibusvis

989 2427 1134 2473 personis
1163 2426 1333 2468 diligenter
1361 2425 1591 2459 observentur:
1625 2434 1734 2456 caerc-

988 2477 1115 2509 moniae
1135 2475 1159 2507 si
1180 2474 1383 2511 exoleverint,
1406 2473 1625 2510 restituantur,
1641 2471 1665 2503 si
1681 2471 1733 2504 de-

987 2535 1135 2574 pravatae
1157 2528 1286 2566 suerint,
1306 2527 1532 2564 reformentur,
1570 2524 1667 2556 libios
1694 2524 1734 2556 de

987 2584 1085 2617 sacris
1107 2584 1219 2616 ritihus
1249 2589 1277 2615 et
1310 2578 1534 2619 caeremoniis,
1571 2579 1601 2611 in
1622 2577 1733 2622 primis

1787 1218 1853 1240 Canu
1869 1218 1930 1240 huius

1756 1250 1895 1272 nstitutiunis.
