2059 3228
51 275 186 299 onte-riorum

39 309 114 336 ῐοιιΙΙο

45 701 187 729 manumme-

64 734 121 754 Mul.

71 1199 75 1203 ,
95 1175 149 1198 ulae.

65 2255 191 2279 rmoemium.

811 199 986 226 GREGonlUS
1005 198 1059 224 XIH
1079 201 1128 224 PF.

201 266 232 295 et
260 259 517 294 ordinationibus
546 258 739 302 apostolicis,
772 267 809 291 ac
843 257 949 302 primo

200 314 276 348 dicti
297 314 475 358 hospitalis,
492 313 685 352 iuramento,
703 311 949 346 confirmatione

199 367 373 412 apostolica
389 367 435 400 vel
458 366 566 409 quavis
587 365 735 399 firmitate
747 365 809 399 alia
819 365 952 399 robora-

199 420 248 461 tis,
268 420 392 454 statutis
422 425 453 453 et
483 419 789 459 consuetudinibus,
822 429 950 452 necnon

200 473 351 508 omnibus
375 473 448 514 illis,
471 484 554 517 quae
567 473 670 506 dictus
682 472 949 517 praedecessorin

200 527 278 571 ipsis
297 527 412 560 litteris
426 527 599 561 voluitnon
615 526 753 566 obstare,
769 526 950 569 ceterisque

201 581 371 614 contrariis
391 580 661 624 quibuscumque.

244 634 259 677 ἓ
284 633 337 667 1⁵2.
364 632 612 676 Ceterum,quia
623 631 752 665 difficile
764 631 951 675 soretprae-

199 692 306 720 sentes
325 687 446 720 litteras
466 687 504 719 ad
526 685 634 719 omnia
653 690 684 718 et
704 685 830 728 singula
850 696 949 728 quae-

200 751 264 784 que
297 740 468 784 hospitalia
494 739 621 782 aliaque
646 739 718 771 loca
750 738 947 781 supradicta,

199 793 275 826 dum
296 803 378 837 opus
402 792 472 833 erit,
495 792 625 833 deferri,
647 792 795 825 volumus
805 792 899 825 etiam
920 797 950 825 et

198 846 375 890 apostolica
397 845 587 879 auctoritate
613 844 779 889 praedicta
805 845 949 878 decerni-

198 910 271 932 mus
293 899 380 943 quod
413 898 601 932 earumdem
626 897 844 942 praesentium
866 903 949 931 tran-

163 983 166 987 ,
199 952 336 996 sumptis
355 962 411 986 seu
431 952 533 996 copiis
548 951 712 995 impressis
733 956 763 984 et
783 962 881 984 manu
892 952 950 984 ali-

1629 194 1686 228 541

988 255 1154 298 pulorum,
1180 258 1217 289 ad
1236 258 1374 291 fructum
1392 258 1515 291 divinae
1535 257 1654 301 gratiae
1667 258 1731 292 dis-

989 309 1138 352 positam,
1165 321 1203 343 ne
1226 312 1497 355 pereat,‹1uotidie
1507 324 1629 356 prosua
1641 313 1733 345 mise-

989 362 1129 396 ricordia
1169 364 1318 406 dignatur
1359 365 1515 406 emittere,
1553 366 1734 399 conducere

989 425 1054 449 non
1075 415 1273 456 differamus,
1303 428 1420 461 eosque
1440 419 1478 451 ad
1499 419 1733 463 suscipiendam

990 469 1091 513 ipsius
1102 469 1227 503 Domini
1240 470 1491 504 misericordiam
1502 472 1533 504 in
1544 471 1648 505 medio
1658 478 1735 505 tem-

990 522 1034 566 pli
1059 522 1118 562 sui,
1150 523 1283 566 eiusque
1313 524 1376 557 vias
1400 524 1663 558 christifidelibus
1683 526 1736 558 de-

991 576 1247 617 monstrandum,
1275 588 1454 621 eorumque
1487 579 1583 611 corda
1610 579 1734 612 divino-

990 640 1061 662 rum
1087 640 1274 663 sermonum
1303 631 1519 665 declaratione
1548 632 1733 666 illuminan-

990 683 1080 723 dum,
1102 694 1199 716 novas
1219 683 1313 717 ctiam
1330 684 1490 717 interdum
1513 685 1639 729 piorum
1654 686 1735 718 viro-

990 747 1061 770 rum
1079 737 1342 780 congregationes
1355 743 1525 781 propterea
1539 739 1735 772 constituen-

989 792 1040 830 do,
1055 797 1171 824 nostrae
1185 790 1409 824 sollicitudinis
1418 802 1477 835 ope
1488 792 1734 836 apostolicisque

989 845 1150 878 favoribus
1170 845 1360 888 propensius
1381 845 1565 878 excitemus.

1033 898 1047 941 ἓ
1071 898 1103 930 1.
1130 898 1256 931 Dudum
1273 898 1430 942 siquidem
1452 898 1557 932 omnia
1579 898 1734 932 beneficia

989 951 1264 1000 ecclesiast.‚·cum
1274 962 1351 984 cura
1363 957 1393 984 et
1405 952 1471 984 sine
1483 962 1570 991 cura,
1580 953 1664 996 apud
1677 952 1733 985 Se-

197 1005 290 1039 cuius
318 1005 436 1039 notarii
464 1005 585 1050 publici
618 1004 819 1049 subscriptis,
849 1016 886 1038 ac
905 1005 948 1038 si·
968 1017 971 1053 Ι
989 1005 1063 1038 dem
1089 1005 1148 1048 Ap.
1171 1011 1247 1038 tunc
1276 1004 1419 1037 vacantia
1439 1010 1470 1038 et
1494 1004 1523 1037 in
1535 1011 1627 1038 antea
1646 1016 1733 1038 vaca-

197 1059 274 1103 gillo
300 1064 358 1094 etc.
968 1056 971 1087 i

243 1113 259 1156 ἓ
282 1111 336 1146 13.
364 1112 449 1146 Nulli
470 1123 546 1155 ergo
567 1111 700 1145 omnino
717 1111 887 1145 hominum
907 1112 948 1144 li-
968 1134 971 1183 Ι

198 1171 268 1200 ceat
287 1166 372 1199 hanc
391 1166 541 1210 paginam
570 1171 698 1198 nostrae
725 1165 948 1205 absolutionis,

198 1218 514 1260 communicationis,
542 1218 734 1252 extensionis
755 1223 812 1251 etc.

241 1273 357 1306 Datum
379 1272 520 1313 Tusculi,
547 1282 631 1305 anno
652 1271 883 1305 Incarnationis
894 1271 950 1304 do-

199 1325 338 1359 minicae
359 1325 531 1359 millesimo
551 1325 809 1369 quingentesimo
823 1331 950 1369 septua-

198 1378 319 1422 gesimo
339 1384 438 1419 sexto,
458 1384 572 1422 quarto
589 1378 742 1411 kalendas
756 1377 829 1411 maii
841 1378 949 1421 ponti-

175 1463 181 1469 ,
199 1432 220 1465 fi
233 1437 312 1465 :atus
336 1432 438 1465 nostri
458 1442 542 1464 anno
563 1441 603 1464 lv.

229 1489 292 1520 Dat.
309 1489 356 1520 die
371 1489 409 1520 28
427 1489 531 1530 aprilis
544 1488 632 1526 1576,
647 1488 750 1528 pontis.
773 1498 850 1518 anno
872 1497 912 1519 iv.

486 1681 660 1716 CLXXXVI.

201 1783 370 1818 Institutio
394 1781 653 1824 conflreqationis
673 1781 861 1813 clericorum
884 1791 951 1813 sae-

245 1835 406 1869 cularium
430 1835 465 1867 cle
489 1833 639 1867 oratorio
670 1837 888 1875 nzwtcitpalae,
916 1834 948 1865 in

245 1889 374 1922 ecclesia
395 1887 535 1921 Sanctae
566 1887 692 1919 Mariae
722 1887 759 1919 de
789 1886 951 1920 Vallicella

245 1943 283 1975 de
302 1941 396 1975 Urbe.

247 2044 390 2080 Gregorius
398 2043 556 2080 episcopus,
579 2050 673 2071 servus
692 2049 833 2070 servorum
851 2042 907 2074 Dei,

345 2098 380 2126 ad
397 2098 557 2134 perpetuam
576 2097 617 2125 rei
641 2096 810 2124 memoriam.

248 2191 404 2236 Copiosus
434 2191 467 2224 in
497 2189 721 2223 misericordia
745 2187 899 2221 Dominus
924 2193 955 2221 et

205 2245 239 2278 in
255 2245 377 2278 cunctis
389 2243 549 2287 gloriosus
560 2243 724 2287 operibus,
737 2252 828 2284 aquo
847 2241 955 2273 omnia

205 2299 291 2332 dona
310 2298 468 2337 defluunt,
487 2297 527 2330 ad
545 2297 608 2330 hoc
632 2295 735 2335 nobis,
747 2294 821 2328 lieet
842 2294 954 2326 imme-

207 2352 289 2392 ritis,
318 2362 394 2385 suae
414 2350 556 2394 Sponsae
579 2349 769 2382 universalis
795 2347 955 2380 Ecclesiae

208 2402 352 2446 regimen
372 2400 584 2439 committere,
607 2404 638 2431 et
652 2404 780 2431 nostrae
801 2395 957 2429 debilitati

209 2451 321 2495 iugum
341 2448 535 2494 apostolicae
557 2445 894 2488 servitutisimponere
905 2454 958 2476 vo-

209 2500 282 2541 luit,
303 2506 351 2540 ut,
373 2499 456 2532 inter
467 2497 545 2530 alias
561 2495 757 2539 multiplices
768 2503 957 2536 curas,ope-

210 2549 324 2589 rarios,
357 2558 438 2592 quos
467 2547 536 2591 ipse
572 2544 726 2578 Dominus
759 2543 792 2575 in
821 2551 957 2574 messem

211 2609 314 2640 suam,
336 2596 574 2631 multitudinem
596 2594 708 2637 utique
730 2601 876 2634 magnam
904 2600 959 2633 po-

990 1064 1078 1099 tura,
1097 1058 1262 1092 collationi
1280 1063 1310 1091 et
1329 1057 1529 1102 dispositioni
1551 1064 1666 1091 nostrze
1683 1070 1733 1092 re-

989 1111 1412 1145 servavimus.Decernentes
1427 1122 1464 1145 ex
1477 1117 1553 1145 tunc
1566 1111 1692 1145 irritum
1705 1119 1735 1145 et

990 1164 1096 1205 inane,
1118 1164 1143 1197 si
1154 1171 1353 1209 secus'super
1366 1165 1415 1198 his
1432 1176 1449 1198 a
1467 1175 1642 1209 quoquam,
1659 1176 1735 1208 qua-

988 1214 1034 1246 vis
1066 1215 1269 1254 auctoritate,
1301 1214 1438 1248 scienter
1466 1215 1513 1247 vel
1538 1215 1733 1257 ignoranter,

990 1263 1160 1307 contigerit
1178 1264 1337 1297 attentari.
1365 1264 1443 1297 Cum
1465 1263 1571 1307 itaque
1595 1270 1736 1307 postmo-

989 1311 1066 1344 dum
1087 1313 1282 1356 paroehialis
1303 1312 1438 1346 ecclesia
1458 1312 1491 1344 B.
1514 1312 1628 1346 Mariae
1644 1313 1737 1345 Valli-

990 1361 1089 1394 cellae
1109 1367 1323 1405 nuncupatae,
1336 1361 1477 1404 regionis
1492 1361 1599 1394 Pontis
1615 1372 1670 1394 seu
1683 1362 1738 1394 Pa-

990 1409 1091 1443 rionis
1117 1410 1156 1443 de
1186 1411 1281 1450 Urbe,
1310 1421 1368 1454 per
1388 1410 1520 1443 liberam
1549 1410 1737 1453 resignatio-

989 1468 1062 1491 nem
1088 1459 1196 1493 dilecti
1216 1459 1429 1492 filiiAntonini
1447 1459 1486 1492 de
1497 1459 1623 1499 Adiuto,
1634 1470 1739 1502 nuper

989 1506 1090 1550 ipsius
1122 1508 1276 1541 ecclesiae
1309 1507 1454 1547 rectoris,
1490 1508 1529 1540 de
1563 1507 1617 1540 illa
1640 1519 1735 1551 quam

990 1562 1067 1590 tunc
1087 1557 1249 1590 obtinebat
1270 1558 1301 1589 in
1327 1557 1474 1589 manibus
1494 1556 1610 1589 nostris
1626 1563 1738 1600 sponte

991 1606 1117 1646 factam,
1149 1612 1180 1639 et
1213 1617 1271 1649 per
1294 1616 1352 1638 nos
1372 1606 1553 1645 admissam,
1576 1606 1661 1648 apud
1683 1606 1738 1638 Se-

990 1653 1063 1687 dem
1084 1655 1231 1688 eamdem
1248 1655 1403 1687 vacaverit
1433 1660 1463 1687 et
1482 1659 1571 1686 vacet
1590 1654 1628 1686 ad
1646 1664 1738 1697 prae-

990 1713 1075 1744 sens,
1097 1705 1273 1747 nullusque
1293 1704 1332 1736 de
1361 1703 1415 1736 illa
1443 1708 1569 1747 praeter
1593 1712 1652 1735 nos
1680 1703 1739 1735 hac

990 1752 1057 1786 vice
1077 1753 1249 1797 disponere
1270 1752 1410 1796 potuerit
1429 1751 1492 1784 sive
1514 1750 1622 1794 possit,
1636 1761 1739 1784 reser-

990 1802 1115 1835 vatione
1135 1808 1166 1835 et
1185 1802 1314 1835 decreto
1340 1800 1567 1834 obsistentibus
1593 1800 1739 1843 supradi—

991 1851 1059 1884 ctis.
1078 1851 1125 1891 Et,
1143 1850 1225 1884 sieut
1244 1850 1379 1883 dilectus
1399 1849 1484 1882 filius
1499 1848 1667 1892 Philippus
1678 1848 1739 1881 Ne-

991 1899 1067 1940 rius,
1095 1900 1260 1944 presbyter
1286 1898 1489 1931 Florentinus
1516 1908 1552 1930 ac
1576 1897 1740 1941 praeposi·

991 1955 1041 1982 tus
1061 1949 1293 1982 nonnullorum
1324 1948 1582 1992 presbyterorum
1601 1951 1631 1979 et.
1648 1946 1741 1979 cleri-

992 2009 1104 2032 corum
1129 1997 1361 2037 saecularium,
1382 2002 1446 2029 tam
1466 2006 1524 2028 suo
1544 2005 1640 2038 quam
1660 1995 1740 2028 alio-

993 2059 1065 2081 rum
1092 2048 1352 2092 presbyterorum
1379 2051 1408 2079 et
1434 2045 1625 2078 clericorum
1650 2055 1742 2088 prae-

992 2097 1131 2129 fatorum
1159 2095 1364 2133 nominibus,
1394 2093 1485 2126 nobis
1513 2103 1617 2136 nuper
1644 2103 1740 2136 expo-

993 2145 1078 2185 suit,
1113 2144 1145 2176 hi
1175 2144 1206 2176 in
1235 2143 1303 2187 ipsa
1336 2142 1471 2175 ecclesia
1494 2141 1656 2174 introduci
1685 2152 1741 2174 eu-

993 2194 1098 2236 piant,
1118 2203 1154 2225 ac
1188 2192 1247 2231 ita,
1279 2191 1340 2223 illis
1372 2190 1473 2232 gratia
1503 2189 1666 2223 assistente
1695 2189 1742 2221 di-

992 2242 1074 2282 vina,
1095 2242 1180 2275 circa
1208 2241 1375 2273 missarum
1398 2245 1428 2272 et
1453 2238 1592 2271 aliorum
1617 2238 1741 2271 divino-

995 2302 1066 2324 rum
1086 2290 1266 2324 officiorum
1278 2288 1310 2321 in
1326 2288 1435 2321 eadem
1449 2288 1583 2321 ecclesia
1598 2288 1741 2321 celebra-

994 2340 1128 2379 tionem,
1142 2345 1173 2372 et
1193 2337 1278 2371 verbi
1298 2337 1351 2370 Dei
1371 2337 1492 2380 populo
1512 2336 1592 2369 inibi
1611 2336 1743 2369 interes-

996 2388 1075 2422 senti
1088 2387 1370 2431 praedicationem,
1388 2385 1514 2428 aliaque
1523 2383 1663 2417 salubria
1673 2394 1742 2417 mo-

996 2437 1062 2470 nita
1082 2437 1121 2469 ad
1136 2437 1271 2468 salutem
1287 2434 1467 2467 animarum
1485 2433 1742 2466 christifidelium

997 2485 1233 2530 procurandam
1275 2489 1305 2517 et
1341 2482 1582 2526 quamplurima
1615 2481 1743 2526 pietatis

997 2545 1096 2578 opera
1115 2533 1290 2566 exercenda
1312 2531 1477 2565 intendere
1497 2536 1635 2575 sperent,
1651 2536 1685 2563 ut
1706 2540 1742 2562 ex

998 2582 1186 2616 corumdem
1218 2581 1477 2625 presbyterorum
1499 2586 1530 2613 et
1549 2579 1741 2612 clericorum

1751 202 1803 230 An.
1821 201 1849 231 C.
1868 202 1934 231 ¹575

1776 910 1885 937 Philippus
1895 910 1936 930 Πρ-

1749 941 1792 962 rius
1830 944 1934 968 supplicat

1750 971 1817 998 Papae
1833 978 1870 998 pro
1885 977 1933 992 ere-

1748 1003 1819 1023 ctione
1840 1008 1934 1028 congro-

1749 1034 1840 1059 gationis
1868 1034 1932 1054 cteri-

1750 1070 1820 1085 eorurn
1837 1064 1931 1084 saei-ulu-

1749 1095 1800 1115 rium
1816 1096 1840 1115 de
1856 1095 1932 1114 Orato-

1750 1126 1780 1146 rio
1795 1124 1932 1152 nuncupanda

1750 1157 1771 1177 in
1786 1155 1850 1177 Urbe.
