2059 3228
65 242 98 304 ’6.
118 274 185 304 1584
794 264 969 292 caecemus
986 264 1041 289 xm
1060 263 1109 288 1³1³.
1620 244 1683 278 lam
1740 247 1793 276 An.
1812 248 1839 274 c.
1857 246 1923 275 158t

203 325 241 359 tis
259 323 456 359 monasterio
476 327 506 357 et
521 322 680 368 prioratu,
700 325 943 365 seupraescnta-
982 318 1037 351 sed
1073 326 1185 350 eorum
1215 313 1387 349 cuiuslibet,
1419 319 1560 354 congrue
1589 316 1727 351 suppor-

154 401 157 404 ι
199 378 286 412 tione
305 378 353 411 vel
373 377 809 420 nominationepersonarum
821 375 860 407 ad
874 373 940 413 illa,
983 376 1093 405 tentur
1113 380 1211 402 onera
1231 373 1396 401 consueta.

198 431 274 465 dum
298 442 357 475 pro
379 436 522 475 tempore
547 434 673 469 vacant,
695 434 751 462 aut
771 428 847 461 alias
867 436 942 461 con·
1027 425 1042 467 ξ
1065 424 1117 457 10.
1140 422 1225 455 Nulli
1246 432 1323 463 ergo
1343 425 1399 453 etc.

198 484 305 525 cessis,
327 483 512 527 approbatis
531 489 561 516 et
577 482 743 515 innovatis.
1026 477 1138 509 Datum
1160 476 1279 508 Romae
1304 473 1388 518 apud
1412 473 1561 506 Sanctum
1583 471 1726 509 Petrum,

241 539 256 581 5
275 537 306 572 8,
325 537 447 576 Quibus
460 537 621 576 omnibus,
637 535 773 575 etiamsi,
792 545 850 578 pro
875 533 941 567 sus-
983 540 1067 563 anno
1088 528 1320 562 incarnationis
1349 525 1529 559 dominicae
1556 524 1729 557 millesimo

43 603 106 627 :uam
119 608 183 631 poc-1·
197 590 318 624 ficienti
339 591 470 624 illorum
498 588 719 631 derogatione,
747 588 785 620 dc
806 587 867 620 illis
887 597 941 620 eo·
983 582 1241 627 quingentesimo
1275 579 1493 622 octuagesimo
1521 582 1647 621 quarto,
1675 585 1729 609 viti

29 634 181 688 Zss'ss'fi'ssffi
197 635 335 688 rumque
359 643 433 676 totis
457 642 622 676 tenoribus
645 640 807 685 specialis,
838 639 942 682 speci·
983 634 1450 678 kalendasiunii,pontificatus
1460 632 1726 665 nostriannoxttt.

196 697 268 738 fica,
289 697 452 731 individua
471 702 502 729 ct
521 705 669 740 expressa
688 705 724 727 ac
736 694 774 727 de
793 694 890 726 verbo
903 693 941 725 ad
1032 693 1096 723 Dat.
1110 694 1157 723 uie
1168 693 1206 723 25
1218 692 1288 722 maii
1306 691 1393 729 1584,
1409 690 1513 730 pontis.
1528 698 1605 719 anno
1617 695 1679 718 xnt.

195 752 341 791 verbum,
364 761 428 784 non
448 755 554 783 autem
568 759 625 792 per
640 748 942 790 clausulasgenera-

195 804 242 838 les
268 803 354 838 idem
375 803 601 847 importantes‚
624 801 746 835 mentio
765 811 822 834 scu
846 811 944 844 quae-

194 857 241 891 vis
260 857 322 890 alia
339 857 501 900 expressio
520 855 677 892 habenda,
691 860 747 887 aut
761 853 868 898 aliqua
881 854 941 886 alia
1300 867 1410 902 CLXV·

195 911 352 954 exquisita
376 911 479 944 forma
506 909 545 942 ad
575 909 638 942 hoc
666 908 821 942 servanda
848 908 940 948 soret,

196 969 323 998 tenores
341 963 536 1003 huiusmodi,
557 972 594 996 ac
613 961 639 995 si
659 962 698 995 de
711 961 807 994 verbo
823 961 863 994 ad
874 972 943 994 ver·
1079 960 1206 992 Erectio
1233 958 1358 1001 colleqii
1375 957 1545 991 Societatvtc
1570 957 1642 990 Iam

195 1017 273 1050 bum
284 1017 505 1050 insererentur
524 1014 759 1059 praesentibus,
779 1025 837 1058 pro
856 1015 944 1047 suffi-
982 1013 1018 1046 in
1029 1013 1143 1056 oppido
1153 1013 1225 1045 Mon
1233 1012 1315 1045 tensi
1326 1011 1567 1045 Cameracensis
1585 1012 1681 1043 (liat-c.
1700 1011 1725 1044 ¹.

195 1070 317 1104 cienter
336 1069 493 1114 expressis
526 1069 692 1108 habentes,
725 1067 788 1101 illis
807 1067 886 1100 alias
911 1068 942 1101 in

194 1134 252 1157 suo
277 1123 393 1157 robore
413 1122 646 1167 permansuris,
666 1122 726 1155 hac
736 1121 803 1155 vice
818 1122 944 1155 dumta-

193 1182 258 1218 xat,
291 1177 475 1221 specialiter
503 1182 534 1209 et
559 1186 707 1219 expresse
735 1176 941 1219 derogamus,

194 1230 364 1264 contrariis
391 1230 672 1273 quibuscumque,
704 1234 759 1262 aut
787 1229 812 1262 si
845 1229 943 1272 aliqui

193 1293 292 1328 super
309 1280 548 1327 provisionibus
568 1293 624 1316 seu
652 1282 856 1316 commendis
885 1283 943 1315 sibi

192 1336 348 1371 faciendis
366 1337 406 1370 de
426 1336 623 1381 prioratibus
654 1337 841 1370 huiusmodi
871 1347 944 1380 spe·

194 1390 303 1432 etates,
324 1392 373 1424 vel
393 1391 464 1424 aliis
483 1390 649 1424 beneficiis
674 1390 943 1424 ecclesiasticisin

140 1439 143 1442 ’
193 1441 257 1477 illis
274 1444 420 1488 partibus
441 1444 608 1487 generales
641 1444 746 1477 dictae
772 1443 864 1476 Sedis
896 1444 944 1476 vel

193 1497 374 1540 legatorum
394 1497 464 1530 eius
481 1497 603 1531 litteras
624 1496 835 1541 impetrarint,
849 1496 943 1529 etiam

194 1550 220 1584 si
239 1561 298 1594 per
316 1560 369 1584 eas
382 1550 420 1583 ad
434 1550 672 1591 inhibitionem,
696 1549 944 1583 reservationem

195 1610 226 1638 et
258 1604 424 1637 decretum
454 1605 503 1638 vel
532 1604 609 1637 alias
634 1603 879 1647 quomodolibet
907 1604 945 1636 sit
984 1606 1089 1649 gregis
1113 1612 1160 1639 est
1185 1605 1364 1645 commissa,
1397 1605 1541 1649 ipsorum
1571 1604 1728 1643 fidelium,

195 1668 394 1702 processum,
416 1668 496 1702 quas
515 1658 648 1701 quidem
678 1657 799 1690 litteras
819 1662 850 1690 et
868 1667 945 1700 pro-
986 1660 1174 1702 praesertim
1199 1659 1433 1692 catholicorum
1457 1668 1581 1701 regum,
1601 1663 1673 1691 vota
1697 1658 1728 1691 in

195 1721 303 1745 cessus
330 1711 458 1745 habitos
496 1722 555 1756 per
583 1711 711 1745 easdem
746 1716 776 1743 et
809 1716 947 1754 sequuta
985 1713 1016 1745 id
1040 1713 1201 1747 tendentia
1226 1723 1263 1745 ex
1283 1711 1396 1745 intimo
1417 1711 1522 1745 cordis
1545 1711 1661 1744 affectu
1693 1712 1729 1744 li-

195 1775 421 1809 quaecumque
448 1765 488 1798 ad
516 1764 638 1798 dictum
658 1765 838 1808 prioratum
853 1765 946 1797 volu·
963 1757 965 1782 ³
984 1768 1098 1800 henter
1130 1776 1369 1811 promovemus,
1396 1770 1427 1798 et
1460 1765 1599 1809 desuper
1630 1764 1727 1798 officii

196 1829 269 1852 mus
279 1828 345 1852 non
365 1818 502 1859 extendi,
523 1818 578 1851 sed
590 1818 717 1851 nullum
738 1828 796 1861 per
814 1818 875 1851 hoc
887 1818 944 1858 εἰς,
984 1821 1085 1853 nostri
1109 1827 1216 1865 partes
1240 1819 1457 1853 favorabiliter
1481 1817 1726 1862 interponimus,

195 1871 302 1916 quoad
317 1872 553 1905 assecutionem
569 1872 774 1916 prioratuum
790 1872 838 1904 vel
851 1871 948 1904 bene-
964 1874 966 1916 k
984 1880 1092 1918 prout,
1111 1884 1218 1906 rerum
1236 1874 1447 1916 locorumque
1482 1870 1730 1904 circumstantiis

195 1924 346 1958 ficiorum
363 1925 514 1965 aliorum,
531 1925 767 1968 praeiudicium
779 1924 945 1967 generar13
985 1927 1091 1960 debite
1123 1927 1275 1971 pensatis,
1304 1925 1520 1970 conspicimus
1545 1925 1575 1957 in
1595 1923 1730 1958 Domino

197 1983 228 2012 et
246 1978 445 2022 quibuslibet
464 1978 534 2012 aliis
564 1978 750 2021 privilegiis,
779 1977 949 2021 indulgen·
986 1981 1159 2014 salubriter
1178 1979 1338 2024 expedire.

196 2030 249 2065 tiis
273 2032 479 2075 generalibus
501 2032 549 2065 vel
567 2031 770 2075 specialibus,
789 2042 946 2075 quorum-
965 1989 968 2063 i
1030 2035 1044 2077 ξ
1064 2034 1094 2067 1.
1109 2035 1186 2067 Cum
1202 2034 1319 2077 itaque,
1332 2032 1424 2065 sicuti
1437 2030 1632 2074 accepimus,
1646 2031 1730 2074 prio-
1772 2030 1828 2054 f-'ffl
1851 2036 1927 2057 series·

156 2120 158 2123 .
198 2095 337 2128 cumque
363 2090 511 2118 tenorum
528 2085 674 2125 existant,
686 2096 742 2128 per
753 2095 949 2128 quae,prae-
987 2094 1075 2122 ratus
1095 2088 1200 2121 Sancti
1226 2086 1357 2119 Antonii
1385 2086 1423 2118 de
1448 2084 1646 2124 Barbafosse,
1674 2083 1731 2117 Or-

198 2137 341 2171 sentibus
360 2149 425 2171 non
444 2148 593 2182 expressa
613 2138 659 2171 vel
669 2138 809 2171 totaliter
819 2149 883 2171 non
898 2137 947 2170 in-
987 2142 1071 2175 (linis
1103 2141 1209 2175 Sancti
1243 2138 1417 2178 Benedicti,
1454 2148 1555 2182 prope
1588 2142 1618 2170 et
1644 2142 1731 2170 extra

197 2196 292 2232 serta,
313 2192 443 2225 effectus
453 2202 565 2224 earum
583 2191 733 2234 impediri
752 2191 853 2224 valeat
866 2202 946 2235 quo·
989 2206 1097 2229 muros
1128 2194 1237 2239 oppidi
1267 2192 1458 2231 Montensis,
1495 2190 1732 2224 Cameracensis

199 2243 376 2278 modolibct
395 2245 443 2277 vel
463 2244 594 2283 differri,
615 2250 645 2277 et
664 2245 702 2277 de
727 2244 844 2287 quibus
865 2255 947 2286 quo-
988 2249 1154 2288 dioecesis,
1180 2258 1275 2292 quem
1297 2246 1439 2279 lulianus
1458 2244 1575 2287 Gergot.
1594 2243 1731 2277 clericus

200 2309 339 2341 rumque
359 2297 434 2331 totis
454 2298 618 2331 tenoribus
638 2298 785 2331 habenda
801 2297 880 2330 sitin
889 2307 947 2330 no·
988 2314 1025 2337 gx
1044 2302 1250 2336 concessione
1261 2299 1436 2344 apostolica
1455 2297 1487 2330 in
1508 2297 1730 2331 commendam

200 2350 273 2384 Siris
292 2350 405 2384 ῙίῑῑΟΓῑΞ
425 2350 546 2384 ΠῚΘΠῖῖΟ
562 2351 720 2395 Spessisslis-
988 2357 1026 2390 ad
1056 2356 1125 2389 eius
1150 2355 1258 2391 vitam,
1292 2353 1368 2386 dum
1397 2350 1526 2390 viveret,
1552 2349 1729 2391 obtinebat,

245 2404 261 2448 ἓ
294 2403 324 2437 9·
362 2404 516 2436 VOlUfflUS
549 2409 657 2437 ffllleffl
685 2404 785 2447 quod,
817 2409 949 2447 ΡΓΟΡῘΘΓ
989 2408 1180 2444 commenda
1205 2404 1402 2445 huiusmodi,
1427 2414 1485 2448 per
1512 2403 1634 2437 obitum
1656 2403 1732 2437 dicti

51 2453 188 2506 5322‘2512'20·
203 2452 593 2492 unionem‚annexionem
606 2460 638 2485 et
654 2453 947 2496 incorporationem
989 2463 1115 2502 Iuliani,
1142 2461 1196 2504 qui
1225 2465 1311 2493 extra
1337 2459 1513 2494 Romanam
1541 2457 1668 2492 Curiam
1693 2457 1732 2490 de

138 2500 143 2506 '
201 2502 401 2542 huiusmodi,
422 2502 653 2534 monasterium
674 2502 707 2534 in
727 2502 949 2545 spiritualibus
990 2527 1098 2550 mense
1134 2513 1269 2547 januarii
1302 2512 1378 2546 anm
1412 2510 1538 2545 Domini
1572 2520 1733 2544 MDLxxxttt

203 2561 269 2585 non
299 2551 457 2590 laedatur,
484 2555 514 2582 et
543 2550 575 2582 in
598 2550 829 2593 temporalibus
853 2550 970 2593 detti-3

205 2605 350 2633 mentum
375 2610 439 2632 non
459 2598 624 2638 sustineat,
646 2609 682 2631 ac
702 2598 862 2642 prioratus
890 2599 950 2632 hu-

207 2648 344 2683 iusmodi
367 2648 483 2683 debitis
506 2658 571 2682 non
591 2647 758 2682 fraudetur
777 2647 950 2692 obsequiis,

1027 1094 1173 1130 Gregorius
1193 1094 1343 1129 episcopus,
1363 1099 1459 1122 servus
1478 1099 1618 1122 servorum
1630 1092 1690 1129 nei,

1114 1147 1147 1175 ad
1171 1148 1334 1183 pei-petuam
1351 1147 1393 1175 rei
1415 1147 1583 1176 memoriam.

1027 1229 1186 1261 Immensa
1197 1228 1251 1261 Dei
1263 1227 1474 1272 providentia,
1485 1239 1502 1261 a
1512 1239 1574 1272 qua
1583 1229 1728 1262 omnium
1772 1233 1891 1254 Emrdiumf

983 1281 1142 1315 bonorum
1174 1281 1318 1325 operatio
1347 1282 1506 1325 procedit,
1538 1293 1572 1315 ea
1598 1282 1629 1314 in
1655 1294 1729 1315 suo-

984 1347 1056 1368 rum
1082 1335 1226 1368 fidelium
1257 1334 1372 1368 animis
1391 1336 1578 1378 frequenter
1601 1336 1726 1379 ing-erit,

983 1399 1066 1433 quae
1091 1389 1129 1422 ad
1147 1389 1337 1422 christianae
1355 1388 1518 1431 religionis
1530 1386 1731 1423 instauratio-

984 1454 1057 1476 nem
1078 1454 1114 1476 ac
1139 1443 1417 1486 propagationem,
1431 1442 1659 1486 publicamque
1670 1443 1731 1475 uti-

984 1496 1106 1529 litatem
1123 1502 1153 1529 et
1164 1497 1299 1529 salutem
1314 1502 1388 1529 sunt
1400 1495 1536 1529 maxime
1546 1496 1727 1540 profutura.

984 1550 1075 1583 Unde
1096 1561 1166 1591 nos,
1185 1550 1303 1594 quibus
1324 1560 1401 1583 cura
1421 1560 1458 1582 ac
1479 1550 1565 1582 salus
1576 1549 1728 1583 dominici

990 2570 1074 2603 diem
1099 2567 1211 2602 clausit
1237 2572 1427 2606 extremum,
1450 2569 1605 2605 cessante,
1628 2563 1734 2597 adhuc

1027 2656 1038 2681 1
1061 2653 1103 2681 Ex
1121 2652 1231 2687 Regest.
1249 2650 1278 2679 in
1293 2649 1399 2679 Secret.
1414 2648 1558 2677 Brevium.
