2059 3228
199 215 262 244 res,
280 202 353 236 lites
372 206 403 235 et
417 211 530 234 causas
547 199 648 233 active
668 203 699 232 et
723 193 857 240 passive,
875 202 948 224 nec-

199 267 265 292 non
285 257 324 290 ad
345 255 454 290 omnia
473 260 503 288 et
522 254 648 296 singula
665 250 947 295 congregationem

200 311 302 355 ipsam
322 320 445 352 suaque
470 307 665 342 monasteria
683 312 711 340 et
741 307 811 340 loca
832 316 868 339 ac
897 315 950 338 eo·

202 374 272 397 rum
302 362 470 408 quodlibet
498 361 737 400 concernentia,
760 365 791 392 et
819 360 949 393 demum

200 417 308 451 omnia
328 416 362 449 in
381 416 467 449 dicto
482 416 633 448 mandato
647 419 796 448 contenta
815 418 950 446 tractan-

200 470 279 504 dum
317 475 349 503 et
385 469 634 513 expediendum,
657 479 693 500 ac
728 476 951 510 quoscumque

199 529 322 558 veteres
341 534 457 557 census
476 522 715 563 1·‹i=dimentlnm‚
731 527 761 554 et
781 531 879 554 novos
891 520 953 553 uti-

200 576 274 610 liori
291 576 476 610 conditione
498 576 674 609 creandum
697 580 725 607 et
747 573 950 607 vendendum

201 641 301 674 super
320 629 581 674 quibuscumque
602 628 762 661 dictorum
792 633 953 661 monaste-

202 683 326 718 riorum
348 683 455 724 bonis,
475 688 505 716 et
524 682 587 716 alia
607 681 787 715 faciendum
802 691 863 725 pro
877 681 952 713 dicti

204 742 392 771 contractus
412 747 485 770 cum
503 737 621 769 loanne
646 734 785 778 Baptista
808 740 838 767 et
858 727 953 768 Pom-

201 790 282 834 pilio
301 790 474 834 praedictis
493 789 744 834 adimplemento
774 789 954 822 necessaria

202 849 234 878 et
258 850 454 888 opportuna,
478 844 649 888 ipsumque
669 843 797 876 Petrum
822 842 954 875 Franci-

202 908 294 932 scum
315 897 421 940 quoad
442 897 618 942 praemissa
644 896 753 929 onmia
779 902 809 929 et
828 896 954 939 singula

203 950 236 984 in
255 951 364 985 locum
383 950 460 984 dicti
481 949 657 984 cherubini
677 949 826 994 ponimus
847 956 873 982 et
901 961 955 983 su-

204 1058 291 1092 cisco
309 1064 339 1092 et
350 1058 479 1093 duobus
490 1057 706 1091 visitatoribus
716 1068 957 1101 quemcumque

204 1117 450 1156 procuratorem
467 1111 566 1145 totius
580 1111 710 1145 Ordinis
729 1111 885 1155 praedicti
900 1122 956 1155 ge-

206 1165 363 1206 neralem,
393 1176 465 1199 cum
492 1165 674 1198 eademmet
703 1165 893 1198 auctoritate
927 1171 959 1198 et

208 1219 370 1261 mandato,
392 1231 475 1264 quae
497 1219 526 1253 ei
548 1219 628 1252 solet
647 1219 786 1252 conferri
799 1229 857 1262 per
868 1219 957 1263 eapi-

208 1273 312 1307 tulum
350 1274 520 1317 generale,
554 1279 651 1317 prout
687 1273 717 1305 in
747 1272 826 1305 actis
858 1273 959 1317 ipsius

208 1327 342 1372 capituli
362 1327 521 1371 generalis
539 1354 546 1368 ,
578 1338 635 1371 per
654 1326 776 1359 dictum
803 1327 959 1372 Hierony-

209 1391 298 1414 mum
317 1381 543 1415 authenticatis
559 1387 692 1414 constat.

254 1434 269 1478 ξ
289 1434 320 1468 5.
342 1434 381 1468 Et
399 1434 542 1475 abbates,
575 1434 712 1478 priores,
746 1433 958 1477 praepositos,

192 1488 371 1532 praelatos
386 1493 418 1521 et
441 1488 592 1521 officiales
613 1488 645 1520 in
666 1488 772 1520 locum
794 1487 962 1521 defuncto-

213 1551 284 1574 rum
309 1547 340 1575 et
372 1542 567 1581 vacantium,
598 1546 695 1585 prout.
722 1541 894 1574 necessitas
915 1541 962 1574 vel

213 1595 340 1629 occasio
360 1596 545 1640 postulabit,
573 1606 675 1638 usque
699 1595 737 1627 ad
758 1594 890 1638 capituli
908 1605 963 1637 ge-

213 1649 336 1682 neralis
351 1650 600 1683 celebrationem
616 1649 701 1681 iuxta
719 1658 830 1681 eorum
849 1648 966 1681 consti-

215 1703 369 1743 tationes,
389 1714 516 1736 necnon
546 1703 628 1736 sacto
657 1702 746 1746 prius
772 1701 866 1734 verbo
892 1712 965 1735 cum

215 1756 302 1790 dicto
318 1757 424 1790 Marco
444 1757 584 1789 Antonio
604 1756 756 1799 episcopo
787 1755 964 1795 cardinale,

216 1815 398 1854 protectore
431 1810 534 1842 dictae
571 1808 838 1852 congregationis,
866 1814 896 1841 et
928 1809 968 1842 (le

218 1862 289 1896 eius
299 1873 473 1904 consensu,
486 1873 709 1906 quoscumque
723 1862 896 1905 praelatos,
914 1862 969 1894 ab·

218 1916 320 1957 bates‚
337 1916 472 1961 priores,
493 1915 694 1960 praepositos
714 1915 777 1948 sive
798 1926 970 1958 quoscum-

219 1980 283 2014 que
303 1969 395 2009 alios,
412 1969 525 2013 quovis
544 1968 675 2002 nomine
687 1973 902 2011 nuncupatos,
916 1979 970 2001 su-

221 2023 366 2068 periores
385 2023 424 2056 ad
450 2023 594 2065 regimen
621 2021 838 2066 quorumlibet
860 2032 971 2054 mona-

222 2076 394 2110 steriorum
426 2075 734 2120 quomodocumque
768 2075 948 2107 vacantium
965 2101 972 2114 ,

856 135 961 164 fflXTI’S
981 135 999 158 Y
1020 135 1036 158 Γ
1041 136 1056 157 l'
1063 153 1067 157 .

202 1004 390 1048 brogamus,
413 1010 445 1038 et
469 998 602 1048 insuper
622 1003 725 1037 eidem
746 1003 839 1037 Petro
859 1003 956 1036 Fran·
975 1005 978 1011 ’

224 2130 321 2164 ctiam
347 2140 412 2163 non
444 2134 608 2174 expectata
639 2128 768 2161 illorum
803 2129 974 2161 renuncia-

223 2183 324 2226 tione,
346 2183 372 2217 si
391 2188 465 2216 actu
483 2181 616 2226 praelati
630 2182 759 2222 suerint,
775 2188 828 2214 aut
846 2181 975 2215 abbates
995 2199 997 2204 =

225 2247 282 2271 seu
313 2236 439 2282 priores
462 2235 602 2279 eligendi
630 2241 661 2268 et
693 2234 881 2279 deputandi,
920 2245 975 2267 seu

227 2291 347 2325 electos
363 2288 591 2329 confirmandi;
613 2294 643 2321 et
661 2288 685 2321 si
705 2287 748 2321 ita
767 2287 918 2331 expedire
931 2287 977 2319 vi-

228 2349 300 2374 sum
327 2339 424 2373 fuerit
456 2349 515 2383 pro
541 2338 648 2382 quiete
682 2337 885 2370 subditorum
924 2342 979 2369 aut

227 2389 368 2423 utilitate
383 2387 653 2420 monasteriorum
672 2386 924 2430 praedictorum,
941 2385 979 2419 de

230 2447 389 2472 consensu
410 2437 603 2480 protectoris
622 2441 651 2469 et
681 2435 819 2468 duorum
841 2434 980 2468 visitato-

232 2497 306 2521 rum
319 2485 560 2531 praedictorum,
571 2494 809 2529 quemcumque
823 2483 980 2524 abbatem,

231 2535 389 2581 priorem,
410 2534 630 2580 praepositum
651 2539 705 2567 aut
719 2533 818 2566 alium
835 2532 980 2576 superio-

1627 118 1691 151 893

991 198 1057 220 rem
1083 195 1099 219 a
1123 185 1277 229 regimine
1302 184 1397 218 unius
1427 184 1610 218 monasterii
1646 195 1736 218 amo-

989 240 1093 280 vendi,
1115 240 1204 273 etad
1231 238 1363 273 alterius
1393 238 1533 282 regimen
1565 244 1591 271 et
1623 239 1739 281 guber-

991 293 1080 326 nium
1111 292 1360 332 transmittendi,
1389 292 1516 335 plenam
1539 298 1569 325 et.
1598 293 1738 337 amplam

990 346 1212 379 auctoritatem
1234 345 1442 379 concedimus
1466 351 1495 378 et
1521 345 1738 389 impartimur.

1035 401 1050 444 ἓ
1069 399 1100 433 6.
1127 400 1341 433 Decernentes
1361 400 1471 433 omnia
1491 406 1521 433 ct
1543 400 1668 441 singula
1688 411 1740 444 ge—

993 458 1040 487 sta
1059 458 1091 487 et
1110 454 1251 496 gerenda
1276 464 1334 497 per
1355 454 1458 497 ipsum
1484 454 1612 487 Petrum
1643 454 1739 487 Fran-

993 507 1127 547 ciscum,
1149 512 1181 540 et
1205 507 1244 541 ab
1269 518 1306 540 eo
1337 508 1476 552 desuper
1501 507 1741 540 substituendos

988 558 1024 593 'in
1045 561 1304 605 quibuscumque
1324 560 1553 600 contractibus,
1584 560 1742 594 distracti·

994 615 1066 655 bus,
1087 615 1197 655 rebus,
1229 615 1372 658 negociis
1396 621 1427 648 et
1451 616 1560 648 litibus
1586 620 1742 659 perpetuo

994 668 1097 701 valida
1116 674 1147 702 et
1172 669 1312 702 efficacia
1333 682 1367 703 ac
1385 671 1524 714 legitima
1545 673 1624 714 sore,
1651 684 1742 707 suos-

994 732 1057 766 que
1077 722 1210 756 efsectus
1235 724 1340 757 sortiri
1360 725 1488 758 dehere.

1038 776 1053 819 ἓ
1074 774 1104 809 7.
1122 775 1290 810 Praeterea
1307 778 1427 812 litteras
1444 779 1548 812 eident
1570 791 1744 824 congrega-

995 829 1073 863 tioni
1091 841 1109 863 a
1128 831 1221 864 nobis
1241 831 1273 864 in
1293 833 1394 865 forma
1411 834 1517 867 Brevis
1535 841 1647 868 contra
1666 846 1721 869 eos
1734 863 1741 877 ,

995 883 1050 927 qui
1066 894 1164 917 onera
1181 896 1315 918 suorum
1330 888 1598 921 monasteriorum
1618 902 1634 922 a
1653 901 1744 933 prae-

996 937 1081 970 dicta
1105 939 1353 982 congregatione
1374 941 1522 985 impos-ita
1544 953 1608 976 non
1634 944 1744 977 solvis-

995 996 1076 1029 sent,
1097 1002 1182 1025 anno
1208 993 1352 1036 proxime
1374 997 1547 1038 praeterito
1577 1008 1745 1036 concessas

996 1050 1027 1078 et
1056 1052 1231 1086 emanatas,
1268 1048 1448 1081 executioni
1478 1050 1666 1084 demandari
1687 1063 1745 1086 no-

997 1099 1116 1139 lumus,
1135 1110 1313 1145 earumque
1333 1102 1483 1136 effectum
1508 1116 1567 1148 pro
1593 1106 1653 1140 hac
1680 1108 1746 1141 vice

998 1159 1122 1186 tantum
1149 1154 1281 1188 omnino
1311 1158 1550 1200 suspendimus,
1582 1160 1684 1195 donec
1717 1168 1748 1195 et

998 1217 1166 1251 quousque
1186 1218 1245 1251 per
1263 1208 1405 1242 Marcum
1430 1212 1603 1245 Antonium
1625 1214 1748 1258 episco-

1000 1271 1076 1303 pum
1113 1266 1143 1294 et
1167 1261 1376 1303 cardinalem,
1397 1274 1434 1297 ac
1464 1265 1591 1299 Petrum
1617 1267 1747 1302 Franci-

999 1325 1102 1355 seum,
1125 1325 1252 1348 necnon
1265 1315 1442 1351 visitatores
1457 1323 1487 1351 et
1511 1320 1749 1356 commissarios

1000 1368 1194 1412 praedictos,
1226 1369 1264 1403 dc
1289 1371 1440 1404 mandato
1460 1378 1570 1406 nostro
1603 1375 1748 1409 eamdem

1001 1423 1283 1465 congregationem
1299 1424 1473 1467 visitantes,
1488 1437 1602 1460 causae
1618 1434 1751 1472 propter

1001 1487 1080 1520 quas
1104 1487 1203 1510 onera
1223 1477 1410 1512 huiusmodi
1427 1490 1486 1523 per
1502 1490 1556 1513 eos
1573 1481 1677 1514 soluta
1687 1493 1751 1515 non

1004 1530 1133 1571 fuerint,
1161 1530 1306 1574 cognitae
1338 1531 1411 1572 sint,
1448 1538 1479 1565 et
1502 1544 1560 1577 pro
1584 1535 1679 1574 veris,
1704 1536 1751 1569 le-

1003 1579 1120 1621 gitimis
1153 1586 1181 1613 et
1216 1581 1407 1614 necessariis
1440 1587 1586 1626 repertae
1620 1583 1750 1617 suerint.

1004 1634 1040 1666 Et
1060 1634 1146 1678 quod
1167 1635 1257 1668 nullo
1275 1646 1429 1678 umquam
1447 1640 1592 1680 tempore
1610 1637 1751 1678 abbates,

1006 1689 1142 1733 priores,
1178 1689 1353 1732 praepositi
1377 1699 1433 1722 seu
1458 1700 1666 1734 quocumque
1690 1691 1754 1724 alio

1007 1742 1100 1775 titulo
1124 1742 1303 1786 nuncupati
1326 1743 1474 1786 praelati,
1497 1743 1634 1776 ministri
1655 1750 1686 1778 et
1709 1745 1755 1778 os-

1008 1796 1138 1837 tioiales‚
1159 1796 1213 1839 qui
1238 1801 1372 1840 propter
1388 1797 1546 1840 legitimas
1570 1803 1600 1830 et
1616 1797 1757 1831 rationa-

1009 1849 1088 1882 biles
1108 1861 1219 1883 causas
1243 1861 1302 1893 per
1322 1856 1551 1894 protectorem,
1574 1852 1756 1894 generalem

1009 1909 1037 1936 et
1063 1903 1300 1937 commissarios
1324 1915 1381 1938 sua
1412 1915 1511 1938 onera
1541 1905 1665 1938 solvere
1692 1898 1781 1938 non>

1013 1958 1151 2001 potuisse
1182 1958 1299 2002 reperti
1338 1958 1467 1999 suerint,
1506 1959 1668 1992 molestari
1702 1969 1759 1992 seu

1013 2011 1193 2054 perturbari
1210 2012 1379 2046 occasione
1400 2012 1559 2045 dictarum
1577 2018 1759 2046 nostrarum

1015 2066 1192 2099 litterarum
1213 2077 1447 2110 aquocumque
1467 2065 1574 2100 iudice
1592 2072 1622 2100 et
1646 2077 1663 2099 a
1679 2066 1761 2100 Sede

1021 2121 1197 2164 apostolica
1216 2121 1360 2164 delegato
1376 2120 1510 2165 possint,
1524 2120 1611 2154 omni
1633 2120 1762 2164 penitus

1015 2174 1268 2208 contradictione
1293 2180 1323 2208 et
1347 2174 1550 2219 oppositione
1572 2173 1716 2207 remotis.

1060 2229 1074 2271 ξ
1108 2228 1138 2261 8.
1166 2228 1283 2271 Sicque
1306 2238 1365 2272 per
1395 2238 1618 2271 quoscumque
1641 2226 1763 2261 iudices

1018 2289 1044 2315 et
1072 2281 1321 2322 commissarios,
1346 2281 1527 2314 ordinarios
1542 2286 1570 2314 et
1587 2281 1762 2324 delegatos,

1019 2332 1113 2365 etiam
1143 2342 1311 2365 causarum
1340 2331 1449 2365 Palatii
1475 2330 1646 2374 Apostoliei
1672 2330 1765 2364 audi-

1020 2388 1105 2415 tores
1124 2392 1161 2414 ac
1185 2382 1216 2415 S.
1244 2381 1280 2414 R.
1307 2381 1343 2414 E.
1366 2381 1558 2420 cardinales,
1579 2379 1702 2413 sublata
1722 2379 1767 2412 eis

1021 2438 1049 2465 et
1066 2441 1177 2464 eorum
1198 2430 1329 2463 cuilibet
1351 2430 1461 2474 quavis
1485 2430 1578 2463 aliter
1606 2428 1767 2462 iudicandi

1022 2487 1051 2513 et
1081 2479 1312 2524 interpretandi
1344 2480 1493 2512 facultate
1513 2484 1542 2512 et
1568 2477 1768 2515 auctoritate,

1024 2530 1143 2574 ubique
1161 2529 1296 2563 iudicari
1308 2535 1336 2563 et
1353 2528 1479 2562 definiri
1495 2528 1626 2568 debere3
1641 2526 1766 2560 irritum

1753 125 1803 150 An.
1822 123 1850 150 C.
1868 122 1933 150 ¹587

1803 402 1937 423 Validilatvm

1755 434 1811 454 addit
1837 435 1862 453 tit
1885 438 1937 458 qnae

1755 465 1780 485 ab
1797 470 1822 485 eo
1831 464 1939 485 neriton-

1755 497 1830 522 tinget.

1759 785 1940 808 Consta-utonem

1759 827 1816 842 suam
1826 822 1850 842 de
1859 820 1942 842 solvon-

1759 853 1792 873 dis
1841 852 1942 873 oneribus

1759 884 1934 904 monasteriorum

1759 916 1880 941 suspendit.

1837 2230 1957 2253 (ἶΙΛιιῑιιΙκε4

1778 2267 1958 2287 praesernuue.
