2059 3228
47 263 51 267 ,
69 239 99 270 C.
111 239 179 270 {577

798 234 974 264 Gnnssomt's
991 236 1046 260 xm
1071 236 1119 260 PP.

193 303 230 326 ac
244 291 419 337 quibusvis,
442 290 558 324 intuitu
569 290 647 324 dicti
665 287 934 333 archihospitatis‚

193 354 343 380 concessa
351 344 576 383 conservanda,
585 354 696 391 verum
717 342 822 381 etiam,
832 351 936 386 qnan-

190 403 258 431 tum
279 407 352 431 cum
373 397 437 431 Deo
462 397 554 430 nobis
575 397 658 437 licet,
691 396 836 439 augenda
868 405 936 428 esse

191 450 419 490 existimantes}
436 461 471 483 ac
482 449 936 494 quarumcumqueindulgen-

189 503 317 544 Uarum,
337 503 590 547 privilegiorum,
613 504 813 542 facultatum,
834 513 936 536 exem-

190 555 349 600 ptionum,
386 556 641 596 immunitatum,
678 556 877 589 indultorum
905 561 935 589 et

189 608 328 643 cuiusvis
337 609 462 652 generis
471 609 657 652 gratiarum,
671 620 743 642 cum
755 609 932 652 quibusvis.

188 662 341 696 clausulis
361 670 391 696 et
402 663 549 703 decretis,
562 669 623 696 tam
644 673 702 706 per
720 662 821 696 dictos
837 673 934 706 quam

187 725 409 759 quoscumque
441 715 532 749 Rom.
560 715 748 755 Pontifices,
769 715 935 759 quibusvis

187 767 361 812 praedictis
377 779 413 801 ac
432 768 503 801 aliis
521 768 626 800 forsan
646 766 840 807 rationibus,
855 778 933 801 con-

187 828 493 862 ccssarumtenorcs,
501 827 531 855 et
547 826 642 866 prout
653 821 706 854 illa
720 828 930 861 concernunt,

186 873 294 908 omnia
313 881 344 908 et
363 875 486 918 singula
507 874 538 907 in
556 874 602 907 cis
616 879 764 907 contenta
785 885 933 917 praesen-

185 926 270 960 tibus
289 938 347 971 pro
361 927 519 971 expressis
534 938 570 960 ac
582 927 621 960 de
629 927 725 960 verbo
742 927 782 960 ad
800 928 931 961 verbum

184 979 314 1013 insertis
337 980 502 1020 habentes,
525 980 632 1013 onmia
656 985 687 1013 et
721 980 845 1023 singula
869 981 933 1024 pri·

183 1031 307 1075 vilegia,
331 1033 507 1073 facultates,
537 1033 666 1076 gratias,
699 1033 929 1077 exemptiones,

183 1083 413 1125 immunitates,
426 1085 599 1127 libertates,
612 1086 838 1129 indulgentias,
859 1098 933 1131 pec-

182 1144 328 1172 catorum
347 1138 565 1179 remissiones,
585 1139 809 1174 concessiones
836 1147 866 1174 et
885 1142 932 1175 in-

182 1191 271 1225 dulta
290 1191 474 1235 supradicta
493 1197 526 1224 et
544 1192 606 1225 alia
620 1202 848 1236 quaecumque,
867 1194 930 1228 sive

181 1243 267 1278 dicto
286 1244 527 1288 archihospitali
543 1247 605 1279 sive
625 1245 694 1286 cius
714 1247 927 1290 praeceptori,

181 1308 219 1330 ac
233 1297 274 1330 ab
288 1297 400 1330 eodem
420 1298 660 1342 archibospitali
677 1299 930 1342 dependentibus

181 1349 388 1395 prioratibus,
410 1351 652 1394 praeceptoriis,
670 1353 831 1392 oratoriis,
853 1365 929 1398 cap-

179 1402 338 1448 pellaniis,
355 1403 521 1444 membiis,
533 1405 675 1447 grangiis
698 1411 728 1438 et
747 1406 836 1445 locis,
853 1418 928 1441 nec—

179 1467 246 1490 non
275 1456 406 1490 ittorum
427 1457 602 1501 respective
627 1458 781 1491 ministris
801 1465 829 1492 et
861 1461 929 1494 ossi-

181 1510 328 1550 cialibus,
347 1521 385 1543 ac
406 1516 469 1544 tam
494 1510 526 1543 in
563 1511 649 1544 dicto
687 1512 927 1557 arcliihospitali

179 1574 277 1608 quam
297 1564 373 1598 alibi
392 1564 546 1598 institutis
570 1565 884 1600 confraternitatibus
898 1573 928 1600 et

180 1617 407 1658 confratribus,
430 1617 702 1660 quandocumque
721 1623 753 1651 et
774 1619 927 1662 qualiter-

179 1680 320 1713 cumque
341 1680 506 1710 concessa,
533 1669 656 1703 indulta
676 1676 706 1703 et
737 1672 925 1714 approbata,

179 1727 338 1766 quatenus
357 1722 419 1755 sint
439 1721 470 1755 in
491 1733 551 1754 usu
571 1733 608 1755 ac
633 1722 732 1755 sacris
750 1725 927 1758 canonibus

52 1778 84 1794 '¹
136 1782 149 1787 ’·
178 1780 210 1808 et
229 1774 366 1809 concilio
386 1774 572 1808 Tridentino
591 1785 657 1808 non
690 1777 863 1817 contraria,
890 1789 927 1811 ex

179 1833 266 1862 certa
283 1834 390 1862 nostra
425 1827 570 1868 scientia,
601 1829 720 1869 denuo,
753 1831 926 1873 apostolica

177 1880 378 1921 auctoritate,
397 1886 510 1915 tenore
523 1881 753 1925 praesentium,
766 1884 925 1927 approba·

177 1944 252 1967 mus
269 1938 301 1967 et
317 1934 548 1968 confirmamus
567 1945 605 1968 ac
624 1934 826 1976 innovamus,
847 1936 925 1970 illis-

945 1980 947 1996 *
965 1986 1071 2028 inane,
1093 1988 1120 2020 si
1130 1998 1330 2032 secussuper
1341 1988 1415 2020 hisa
1435 1999 1611 2030 quoquam,
1633 1999 1711 2031 qua-

178 1998 242 2031 que
278 1992 444 2031 perpetuae
481 1992 514 2021 et
536 1987 729 2021 inviolabilis
765 1988 925 2023 firmitatis

178 2039 279 2073 robur
296 2039 477 2081 adiicimus‚
503 2051 540 2073 ac
559 2040 724 2084 praesentis
743 2042 853 2085 scripti
868 2054 925 2086 pa—

179 2091 318 2126 trocinio
337 2092 589 2134 communimus;
611 2104 786 2138 omnesque
806 2100 837 2128 et
859 2095 924 2128 sin-

155 2170 160 2176 .
179 2145 272 2187 gulos
289 2150 357 2178 tam
377 2145 458 2179 iuris
488 2157 586 2189 quam
617 2146 692 2180 facti
726 2147 879 2188 defectus,
900 2148 925 2181 si
944 2160 947 2195 t

179 2197 236 2241 qui
258 2198 366 2231 forsan
383 2197 611 2233 intervenerint
631 2199 664 2232 in
684 2197 817 2241 eisdem,
851 2212 925 2245 sup-

179 2250 318 2294 plemus;
335 2250 509 2295 eademque
524 2252 633 2286 omnia
652 2258 683 2286 et
701 2253 838 2297 singula,
851 2265 924 2298 quze

179 2313 238 2347 per
257 2303 358 2336 'dictos
385 2305 646 2347 praedecessores
687 2316 839 2339 concessa
859 2308 924 2340 sue-

127 2381 132 2386 .
178 2360 267 2396 runt,
288 2361 385 2399 prout
403 2367 461 2400 per
479 2356 550 2391 illos
574 2368 736 2399 concessa,
758 2358 880 2392 indulta
895 2367 925 2393 et

180 2407 314 2455 elargita
337 2408 520 2450 extiterunt,
541 2415 711 2454 quatenus,
733 2416 768 2444 ut
786 2413 925 2455 praefer-

178 2462 243 2498 tur,
265 2455 328 2490 sint
363 2456 396 2489 in
415 2467 487 2498 usu,
521 2458 672 2492 adversus
703 2469 923 2504 quascumque

176 2505 357 2554 contrarias
373 2504 595 2550 dispositiones
604 2506 812 2548 restituimus,
831 2519 923 2552 repo-

179 2553 287 2588 nimus
302 2559 333 2588 et
347 2554 491 2599 plenarie
510 2554 756 2598 reintegramus.
792 2588 798 2595 ,

224 2599 240 2642 ἓ
258 2600 290 2635 3.
312 2601 433 2646 illaque
451 2601 559 2636 omnia
579 2608 609 2637 et
626 2602 750 2646 singula
770 2603 855 2638 dicto
871 2616 923 2639 ar-

1618 225 1682 261 ¹173

978 287 1180 330 cliiliospitali
1202 293 1254 319 aut
1276 287 1307 320 in
1328 298 1365 321 eo
1403 287 1565 322 institutae
1598 291 1725 323 confra-

978 339 1116 372 ternitati
1137 346 1189 372 aut
1212 341 1378 383 quibusvis
1403 341 1496 375 certis
1530 348 1561 376 et
1594 343 1725 385 signatis

978 392 1056 425 locis
1079 392 1242 425 dumtaxat
1263 394 1542 436 forsanconccssa,
1568 396 1725 429 universis

977 451 1007 478 et
1031 445 1176 487 singulis,
1199 457 1269 488 qua*
1289 447 1328 478 ab
1350 448 1461 480 codem
1483 449 1725 493 arcliihospitali

977 498 1170 542 dependent,
1186 499 1392 542 prioratibus,
1415 503 1656 546 praeceptoriis,
1671 513 1724 536 ec-

977 550 1093 590 clesiis,
1116 552 1334 595 cappellanus,
1367 553 1589 595 hospitalibus,
1617 562 1724 588 orato-

977 604 1042 643 riis,
1057 604 1261 644 eremitoriis,
1275 606 1425 647 grangiis,
1440 608 1590 640 membris
1605 615 1633 641 et
1646 609 1724 642 locis

976 668 1012 689 ac
1032 657 1350 690 confraternitatibus
1378 658 1570 702 illarumque
1595 661 1723 694 confra-

975 709 1088 748 tribus,
1115 716 1146 743 et
1165 721 1237 754 quar
1262 711 1324 743 illis
1348 712 1380 743 in
1400 712 1460 743 vim
1482 713 1721 755 privilegiorum

975 763 1214 806 praedictorum
1227 763 1290 796 iam
1310 764 1439 797 fuerunt
1455 771 1484 797 ct
1506 766 1537 797 in
1558 773 1722 809 posterum

975 816 1059 848 uniri
1081 816 1262 859 contigerit,
1284 817 1479 861 illorumque
1514 819 1665 852 ministris
1684 832 1722 853 ac

975 869 1186 902 servientibus
1201 871 1491 910 communicamus,
1514 873 1721 906 consedimus

974 927 1003 954 et
1023 922 1241 965 impartimur,
1263 923 1441 966 eademque
1476 925 1583 958 omnia
1603 926 1640 958 ad
1666 927 1719 959 illa

973 975 1174 1008 extendimus
1193 981 1222 1008 et
1242 977 1447 1019 ampliamus.

1017 1029 1032 1073 ξ
1061 1028 1093 1061 4.
1130 1028 1344 1063 Decernentes
1380 1036 1564 1074 praesentes
1583 1032 1714 1073 litteras,

972 1081 1032 1113 sub
1050 1082 1215 1124 quibusvis
1251 1083 1405 1116 similium
1430 1084 1476 1116 vel
1512 1085 1716 1118 dissimilium

972 1135 1147 1177 gratiarum
1168 1136 1433 1174 revocationibus,
1453 1139 1717 1181 suspensionibus

971 1194 1025 1222 aut
1051 1189 1310 1231 derogationibus
1334 1190 1485 1223 similium
1517 1192 1715 1233 gratiarum,

971 1241 1258 1284 indulgentiarum,
1275 1245 1521 1276 concessionum
1537 1251 1566 1277 ct
1580 1246 1717 1278 aliorum

970 1305 1251 1339 quorumcumque
1271 1297 1455 1330 nullatenus
1475 1299 1717 1342 comprehendi,

970 1348 1025 1381 sed
1046 1359 1174 1392 semper
1192 1350 1232 1382 ab
1251 1350 1315 1383 illis
1352 1356 1499 1394 exceptas
1519 1362 1585 1383 esse
1605 1363 1717 1385 censc-

969 1401 1061 1444 rique
1080 1402 1219 1441 del)ere;
1263 1414 1299 1435 ac
1325 1403 1364 1436 de
1389 1404 1608 1447 subreptionis
1640 1405 1716 1438 vitio

969 1465 1024 1487 seu
1045 1455 1232 1488 intentionis
1255 1456 1382 1489 defectu
1402 1457 1506 1489 notari
1540 1464 1592 1490 aut
1614 1458 1716 1502 impu-

968 1508 1059 1549 gnari
1084 1519 1148 1541 non
1173 1520 1278 1552 posse,
1313 1510 1367 1543 sed
1401 1511 1520 1543 validas
1539 1522 1667 1554 semper
1686 1520 1716 1545 et

968 1562 1113 1594 efficaces
1133 1563 1279 1603 existere,
1298 1574 1335 1596 ac
1354 1569 1511 1607 perpetuo
1532 1565 1711 1607 suffragari.

1012 1615 1026 1658 ἓ
1046 1616 1077 1648 5.
1105 1616 1222 1658 Sicque
1247 1622 1277 1649 et
1296 1627 1360 1648 non
1385 1617 1489 1657 aliter,
1508 1617 1539 1649 in
1560 1619 1713 1661 praemis-

967 1668 1179 1703 sisromnibus
1198 1675 1229 1702 et
1252 1669 1396 1712 singulis,
1419 1680 1476 1713 per
1489 1681 1713 1714 quoscumque

967 1721 1099 1761 iudices,
1120 1722 1302 1755 ordinarios
1334 1728 1364 1755 ct
1395 1723 1567 1765 delegatos,
1602 1725 1713 1767 quavis

966 1774 1156 1808 auctoritate
1168 1775 1348 1818 fungentes,
1363 1776 1485 1808 sublata
1499 1776 1543 1808 cis
1557 1782 1712 1809 eteorum

967 1828 1097 1861 cuilibet
1118 1828 1230 1871 quavis
1257 1829 1350 1862 aliter
1378 1829 1541 1862 iudicandi
1562 1835 1592 1862 et
1615 1830 1712 1862 inter-

965 1881 1112 1923 pretandi
1132 1882 1282 1915 facultate
1302 1887 1334 1914 et
1363 1882 1565 1922 auctoritate,
1592 1881 1711 1925 ubique

966 1934 1102 1967 iudicari
1122 1940 1153 1967 et
1168 1934 1295 1967 deliniri
1315 1935 1450 1972 debere;
1472 1935 1665 1978 irritumque
1681 1941 1710 1968 et

965 2040 1009 2074 vis
1031 2041 1233 2081 auctoritate,
1265 2041 1403 2074 scienter
1438 2041 1485 2073 vel
1511 2041 1708 2083 ignoranter,

965 2094 1135 2136 contigerit
1153 2094 1312 2134 attentari,
1335 2093 1549 2127 decernimus.

1008 2147 1023 2189 ξ,
1047 2147 1078 2180 6.
1109 2146 1267 2185 Quocirca
1290 2146 1525 2179 venerabilibus
1558 2145 1712 2179 fratribus

964 2199 1081 2232 nostris
1115 2200 1196 2233 sacri
1234 2199 1360 2241 collegii
1386 2205 1512 2231 sanctae
1545 2199 1707 2232 Romanae

964 2253 1124 2286 Ecclesiae
1143 2253 1354 2286 cardinalium
1371 2252 1503 2291 decano,
1523 2263 1558 2284 ac
1578 2251 1707 2285 Cancel-

964 2306 1061 2340 lariae
1081 2306 1282 2350 Apostolicac
1307 2305 1442 2347 regenti,
1478 2311 1507 2337 et
1538 2316 1707 2338 causarum

964 2359 1077 2393 Curiae
1095 2360 1247 2392 Gamerae
1272 2357 1471 2401 Apostolicae
1494 2358 1633 2391 auditori
1652 2369 1708 2402 ge-

964 2412 1077 2451 nerali,
1097 2423 1183 2445 nunc
1203 2418 1233 2444 et
1248 2421 1306 2454 pro
1325 2416 1470 2454 tempore
1490 2411 1708 2452 existentibus,

964 2472 1022 2504 per
1058 2460 1233 2504 apostolica
1266 2459 1384 2503 scripta
1409 2459 1640 2493 committimus
1677 2466 1709 2494 et

964 2509 1155 2542 mandamus
1169 2514 1326 2551 quatenus
1338 2507 1397 2550 ipsi
1407 2508 1455 2540 vel
1469 2508 1532 2541 duo
1552 2514 1607 2541 aut
1622 2519 1707 2542 unus

964 2568 1089 2597 eorum,
1112 2568 1170 2600 per
1188 2567 1220 2589 se
1240 2557 1288 2589 vel
1313 2556 1411 2588 aliurn
1431 2567 1485 2589 sen
1501 2557 1592 2597 alios,
1614 2568 1708 2601 prae-

964 2612 1069 2641 sentes
1079 2606 1200 2639 litteras
1218 2612 1249 2638 et
1266 2607 1297 2637 in
1314 2605 1360 2639 eis
1371 2610 1519 2640 contenta
1533 2616 1706 2648 quaecum-

1740 237 1792 266 An⁴
1808 238 1836 267 C.
1856 238 1924 266 1577

1768 298 1869 326 Locisque
1884 306 1925 320 nm-

1739 331 1926 351 nummi-›uonn-

1740 363 1772 382 nis
1808 364 1926 384 communi-

1740 396 1781 412 cat.

1743 1043 1842 1064 ctau3utre
1857 1050 1914 1068 ων.

1730 1073 1858 1094 sertatim.

1753 1632 1862 1654 nmmum
1877 1634 1909 1654 tr-

1727 1665 1798 1685 filans.

1764 2164 1905 2185 Execntorum

1721 2196 1827 2222 deputatio
1844 2199 1863 2216 et
1874 2194 1905 2214 ia-

1720 2227 1819 2248 culmus.
