2059 3228
31 256 56 277 n.
70 245 106 276 ῦς
117 245 181 277 urm

796 238 971 263 cnassontus
995 238 1046 260 Kttt
1074 236 1119 258 ΡΡ.

1635 218 1677 251 (⁴153

195 293 834 337 abbatissarumhuiusmodiprotempore
845 302 936 323 casus
979 288 1115 321 cessaria
1132 297 1186 319 seu
1209 284 1446 329 quomodolibet
1470 286 1651 325 opportuna
1674 279 1720 311 sa-

195 349 341 388 evenerit,
363 349 393 380 in
414 353 559 380 eventum
580 346 665 389 quod
687 345 787 377 dictae
812 342 934 375 monia-

193 403 238 437 les
262 401 497 446 praedictorum
523 398 803 435 tnouasteriorum,
827 396 856 427 iu
874 395 936 426 ele-

193 455 350 488 ctionibus
362 453 502 496 ipsarum
520 452 748 484 abbatissarum
770 447 932 487 faciendis,

191 519 250 552 per
269 507 332 540 duo
353 506 505 539 scrutinia
529 516 592 537 nou
614 502 832 541 convenerint,
862 512 934 544 pos-

191 561 264 601 sint,
281 560 404 593 valeant
420 565 446 591 et
466 559 600 591 debeant
618 558 759 600 ipsorum
776 559 933 587 monaste-

191 613 314 647 riorum
343 612 534 644 monialibus
569 618 748 654 proponere
777 607 857 638 duas
886 606 934 638 rel

191 671 255 700 tres
279 665 421 699 ciusdem
448 662 632 697 monasterii
658 660 823 699 moniatos,
855 670 935 702 quas

191 719 229 753 ad
253 719 396 762 regimen
426 723 456 751 et
479 715 671 759 guber-nium
695 713 835 758 aptiores
867 724 934 746 esse

190 771 411 808 iudicaverint,
430 774 594 811 gravantes
609 768 641 800 in
653 767 714 799 hoc
731 776 843 799 eorum
860 776 935 798 con-

189 824 366 865 scientiam,
389 829 419 856 et
439 823 491 855 illa
512 833 548 855 cx
562 820 654 853 dictis
670 820 794 852 duabus
813 820 860 852 vel
878 819 934 851 tri-

189 878 250 911 bus
270 877 462 910 monialibus
479 875 523 908 sic
538 872 721 918 propositis,
739 883 821 915 quae
841 872 935 915 plura

190 931 377 964 monialium
405 934 484 969 vota,
504 928 566 961 sive
587 926 738 968 sutfragia
758 925 789 957 in
817 925 864 958 sui
893 926 935 957 fa-

188 993 296 1017 vorem
317 982 475 1020 babuerit,
495 980 535 1013 sit
552 985 582 1012 et
601 989 668 1012 esse
698 984 866 1011 censeatur
894 978 935 1009 le-

187 1036 296 1080 gitime
316 1041 347 1068 et
366 1034 519 1068 canonice
549 1033 648 1066 electa
682 1032 715 1064 iu
743 1032 934 1064 abbatissam

187 1089 287 1133 ipsius
302 1087 499 1126 monasterii,
513 1091 717 1128 ettamquam
737 1084 805 1116 talis
830 1084 861 1116 in
881 1084 935 1116 al)-

186 1142 337 1175 batissam
347 1139 531 1173 monasterii
546 1137 732 1171 huiusmodi
746 1148 804 1181 per
819 1148 882 1177 cos,
896 1137 935 1169 ad
953 1173 956 1186 b

187 1205 269 1239 quos
288 1198 453 1238 spectatet
472 1191 640 1235 spectabit,
659 1190 791 1223 omnino
812 1189 934 1222 institui

187 1256 244 1282 seu
264 1246 449 1281 confirmari
478 1245 608 1284 debeat;
639 1254 744 1287 neque
768 1244 806 1275 de
827 1248 934 1276 cetero

187 1300 359 1335 electiones
393 1299 551 1332 dictarum
589 1297 834 1336 abbatissarum,
857 1296 935 1329 alias

186 1361 282 1398 quam
317 1358 352 1386 ut
386 1353 566 1396 praefertur
599 1355 629 1383 et
668 1360 726 1394 per
753 1354 935 1392 praesentes

186 1406 387 1451 disponitur,
428 1405 498 1438 fieri
528 1404 649 1447 possint
682 1413 742 1436 nec
776 1402 931 1442 debeant,

187 1459 361 1504 apostolica
373 1458 572 1497 auctoritate,
586 1462 695 1490 tenore
707 1456 934 1500 praesentium,

187 1517 344 1557 perpetuo
360 1512 528 1545 statuimus
549 1516 579 1544 et
594 1511 791 1543 ordinamus.

231 1566 247 1609 ἓ
269 1565 302 1600 3.
324 1565 454 1599 Necnon
475 1565 569 1598 etiam
589 1563 805 1596 visitatoribus
825 1567 856 1595 et
882 1562 935 1595 ab-

40 1618 176 1647 momorum
188 1619 315 1653 batibus
334 1629 390 1652 seu
407 1618 557 1663 praelatis
574 1617 733 1660 praefatis,
745 1621 779 1648 ut
799 1615 877 1648 duas
888 1616 934 1648 vel

20 1654 177 1685 {Quongregw

23 1684 74 1710 onus.
90 1683 176 1704 incutias
190 1679 254 1707 tres
270 1673 436 1712 moniales,
460 1671 554 1704 modo
575 1676 605 1703 ct
622 1671 723 1703 forma
753 1669 936 1712 praemissis

17 1712 44 1736 ir‘
62 1712 68 1719 ⁸
78 1714 176 1736 eiusmodi

17 1744 168 1769 mquam-n·
190 1737 227 1760 ac
246 1726 286 1760 ad
311 1725 459 1759 effectum
488 1723 701 1768 praedictum,
735 1732 932 1765 proponere,

17 1772 118 1799 wilm-i.

187 1790 317 1814 necnon
327 1778 483 1812 moniales
494 1777 653 1810 dictorum
667 1775 935 1809 monasteriorum

188 1834 229 1867 ad
248 1833 375 1866 easdem
396 1832 475 1864 duas
489 1832 537 1864 vel
559 1836 622 1863 tres
642 1830 797 1862 moniales
813 1829 856 1862 sic
877 1840 935 1872 pro

188 1892 336 1931 tempore
356 1885 402 1919 eis
421 1884 603 1929 propositas
623 1883 854 1926 acceptandum
867 1909 876 1923 ,
907 1887 935 1915 et

188 1950 288 1973 unam
312 1949 349 1972 ex
367 1938 444 1982 ipsis
463 1937 588 1970 duabus
606 1937 654 1970 vel
670 1936 782 1975 tribus,
798 1941 935 1979 utprae-

189 1993 303 2033 fertur,
320 1991 516 2034 eligendum,v
534 1990 660 2033 aliaque
677 1988 851 2032 praemissa
866 2000 935 2020 om-

190 2045 245 2078 nia
276 2050 306 2078 et
339 2045 464 2087 singula
500 2053 624 2076 necnon
660 2052 718 2085 per
755 2047 937 2084 praesentes

191 2097 343 2142 disposita
358 2097 603 2136 observandum,
622 2096 715 2128 etiam
734 2095 792 2127 sub
808 2105 935 2127 excom-

192 2150 436 2190 municationis,
467 2149 686 2193 suspensionis
716 2153 746 2180 et
776 2147 935 2180 interdicti

191 2203 327 2246 aliisque
347 2203 568 2236 ecclesiasticis
588 2201 765 2239 sententiis,
793 2200 938 2232 censuris

192 2261 223 2290 et
242 2255 366 2300 poenis,
388 2256 481 2289 ctiam
502 2254 629 2299 saepius
648 2254 863 2297 aggravandis,
885 2264 936 2287 ce-

193 2309 334 2352 terisque
351 2308 429 2341 iuris
444 2315 474 2341 ct
489 2308 561 2340 facti
572 2308 721 2340 remediis
737 2306 936 2349 opportunis,

193 2362 339 2395 invocato
364 2361 459 2394 etiam
483 2361 521 2393 ad
554 2361 625 2400 hoc,
659 2360 683 2393 si
713 2370 794 2402 opus
824 2359 934 2399 fuerit,

194 2415 312 2448 auxilio
328 2414 451 2447 brachii
471 2413 654 2451 saecularis,
675 2413 768 2445 etiam
787 2423 938 2455 quacum-

195 2473 258 2509 que
277 2463 503 2508 appellatione,
520 2472 651 2494 recursu
668 2468 698 2494 ct
712 2462 938 2494 reclamatione

196 2513 379 2557 postpositis
398 2511 526 2555 penitus
546 2516 575 2543 et
595 2511 734 2550 semotis,
750 2510 938 2543 auctoritate

197 2568 305 2595 nostra
329 2572 442 2604 cogere
463 2565 493 2592 et
517 2559 723 2602 compellere,
754 2559 878 2601 aliaque
908 2561 937 2590 in

199 2611 380 2654 praemissis
399 2616 429 2642 et
449 2608 659 2650 infrascriptis
679 2618 713 2640 ac
734 2607 816 2639 Cirr-'1
832 2618 866 2639 ea
885 2617 938 2639 ne-

276 2660 349 2690 Bau.
372 2659 448 2689 Rom.
476 2658 527 2688 l'ol.
557 2657 623 2686 ts'ltl.
806 2657 823 2683 9

978 352 1050 374 cere
1066 347 1093 373 et
1113 350 1260 371 exercerc
1282 339 1379 370 libere
1400 343 1429 369 ct
1450 335 1533 368 livit«¹
1556 333 1672 377 possint
1691 336 1722 363 et

976 395 1112 431 valeant,
1134 393 1322 425 auctoritatr¹
1344 396 1371 423 et
1397 395 1505 422 tenore
1535 385 1722 431 praedictis,

977 447 1071 479 etiam
1094 451 1264 489 perpetuo,
1291 443 1497 475 coticedituus
1518 446 1547 472 et
1575 439 1722 479 indulge—

978 510 1060 539 mus,
1078 510 1115 531 ac
1132 499 1270 541 plenam,
1291 497 1435 532 liberam,
1452 495 1588 537 amplam
1608 497 1638 524 et
1653 501 1722 523 om-

976 552 1139 584 nimodam
1161 552 1300 592 desuprr
1318 548 1490 583 licentiaiu,
1521 550 1720 589 potestatem,

977 606 1158 638 facultatem
1185 610 1215 636 et
1240 603 1461 635 auctoritati-in
1498 599 1721 642 impartiuutr;

975 669 1101 691 necnon
1127 658 1221 689 etiam
1244 657 1335 688 dictis
1360 654 1553 687 monialibus
1579 653 1721 695 ipsorum

977 711 1261 749 monasteriorum,
1272 715 1304 741 ut
1318 707 1540 751 praesentibus
1555 705 1671 737 nostris
1687 715 1723 736 ac

975 764 1203 803 visitatoribus,
1226 762 1394 795 abbatibus
1414 766 1440 793 et
1463 758 1611 803 praelatis
1629 769 1723 801 prae-

975 817 1068 850 dictis
1089 817 1119 849 in
1151 815 1335 860 praemissis
1359 814 1491 846 omuino
1519 817 1667 855 pareant,
1692 811 1720 844 in

974 870 1088 903 virtute
1114 875 1240 902 sanetae
1270 868 1523 908 obedientiaevet
1553 866 1611 898 sub
1641 865 1722 897 iudi-

975 923 1135 964 gnationis
1156 928 1282 955 nostrae
1312 932 1436 954 necnon
1458 920 1528 952 aliis
1545 919 1656 962 poenis
1677 920 1722 951 ‹li-

974 977 1082 1009 strictc
1104 975 1343 1019 praecipiendo,
1368 974 1568 1006 mandamus.

1019 1030 1033 1072 ἓ
1053 1030 1084 1061 4.
1108 1030 1294 1062 Praesentcs
1309 1038 1437 1070 quoque
1454 1027 1490 1058 tle
1507 1026 1720 1068 subreptionis

974 1084 1021 1115 rel
1042 1082 1240 1126 obreptionis
1259 1093 1315 1115 seu
1335 1078 1490 1113 nullitatis
1508 1080 1582 1111 vitio
1598 1084 1652 1111 aut
1671 1079 1720 1112 in-

975 1136 1124 1169 tentionis
1144 1141 1271 1169 nostrae
1302 1134 1349 1167 vel
1373 1127 1484 1177 quovis
1509 1132 1570 1165 alio
1596 1132 1721 1165 defectu

974 1188 1078 1223 notari
1098 1190 1146 1222 vel
1167 1187 1350 1232 impugnari
1375 1192 1430 1219 aut
1449 1186 1526 1218 alias
1546 1186 1723 1229 quomodo-

974 1243 1052 1275 libet
1068 1242 1198 1285 infringi
1211 1241 1257 1274 vel
1274 1239 1438 1274 retractari
1454 1236 1638 1271 nullatenus
1654 1250 1723 1271 um-

975 1307 1070 1338 quam
1092 1306 1196 1339 posse,
1219 1294 1274 1327 sed
1303 1304 1356 1326 eas
1384 1303 1512 1335 semper
1543 1292 1661 1324 validas
1693 1297 1723 1323 et

975 1349 1121 1381 efficaces
1136 1348 1283 1387 existere,
1301 1356 1440 1389 suosque
1456 1345 1617 1388 plenarios
1645 1346 1722 1378 esse-

975 1407 1045 1434 ctus
1064 1401 1170 1434 sortiri
1190 1405 1221 1433 et
1236 1400 1380 1433 obtinere
1395 1410 1401 1435 ;
1419 1409 1544 1431 necnon
1561 1398 1599 1430 ab
1617 1399 1721 1431 omni-

974 1455 1044 1495 bus,
1064 1465 1145 1498 quos
1161 1453 1335 1498 praemissa
1355 1457 1554 1485 concernunt
1574 1457 1603 1483 et
1623 1451 1654 1483 in
1677 1453 1723 1485 fu-

976 1514 1084 1541 turum
1099 1512 1308 1547 concernent,
1320 1510 1487 1549 perpetue,
1498 1504 1723 1537 inviolabiliter

976 1567 1005 1594 et
1025 1561 1064 1593 ad
1089 1571 1229 1603 unguem
1251 1554 1423 1598 observari,
1446 1558 1555 1600 sicque
1575 1558 1607 1589 iu
1627 1569 1720 1600 prae-

976 1615 1080 1647 missis
1108 1614 1147 1646 ab
1176 1613 1327 1646 omnibus
1360 1611 1501 1651 censeri;
1530 1622 1567 1643 ae
1593 1611 1632 1643 ita
1665 1622 1722 1654 per

975 1677 1197 1711 quoscumque
1210 1666 1331 1699 iudices
1342 1670 1372 1698 et
1384 1664 1631 1703 commissarios,
1645 1675 1723 1706 qua-

975 1722 1020 1754 vis
1031 1721 1220 1753 auctoritate
1233 1720 1411 1761 fungentes,
1426 1717 1549 1750 sublata
1561 1717 1722 1760 eisquaris

975 1776 1067 1808 aliter
1086 1773 1249 1806 iudicandi
1275 1777 1305 1805 et
1324 1771 1552 1814 interpretandi
1574 1771 1722 1803 facultate

976 1835 1006 1861 et
1025 1827 1227 1866 auctoritate,
1250 1824 1386 1858 iudicari
1402 1830 1433 1857 et
1448 1823 1573 1856 deliniri
1591 1824 1720 1863 del»ere;

977 1894 1012 1915 ac
1033 1880 1186 1925 quiequid
1207 1890 1298 1912 secus
1322 1888 1419 1921 super
1438 1877 1488 1909 his
1508 1888 1524 1909 a
1545 1888 1719 1919 quoquam,

976 1935 1087 1978 quavis
1100 1933 1302 1972 auctoritate,
1315 1931 1453 1965 scienter
1465 1931 1510 1961 vot
1525 1930 1720 1969 ignoranter,

977 1988 1146 2026 contigerit.
1165 1985 1325 2025 attentari,
1347 1984 1472 2017 irritum
1499 1989 1525 2016 et
1553 1983 1646 2015 inane
1666 1983 1722 2015 de-

977 2042 1139 2074 cernimus
1160 2045 1190 2072 ct
1210 2040 1421 2072 declaramus.

1021 2096 1033 2135 ξ
1055 2095 1083 2125 Γ).
1103 2094 1169 2126 Non
1191 2092 1389 2125 obstantibus
1410 2090 1508 2122 felicis
1529 2089 1723 2121 recordatio-

978 2150 1025 2182 nis
1051 2147 1202 2181 bonifacii
1227 2147 1329 2189 Papae
1357 2144 1432 2182 Vlll,
1468 2143 1723 2186 pmt‘ffdecessoris

978 2202 1089 2241 nostri,
1117 2202 1155 2233 de
1184 2211 1260 2239 una,
1287 2205 1317 2231 ct
1345 2197 1473 2231 concilii
1494 2196 1651 2238 generatis
1684 2197 1722 2229 de

978 2256 1101 2289 duabus
1121 2254 1245 2289 diaetis,
1268 2250 1441 2285 dummodo
1461 2249 1532 2292 quis
1557 2249 1640 2281 ultra
1659 2253 1723 2282 tres

978 2310 1096 2342 diaetas
1112 2307 1219 2349 vigore
1244 2304 1461 2349 praesentium
1495 2302 1533 2334 ad
1567 2302 1722 2334 iudicium

978 2373 1042 2396 non
1062 2361 1219 2398 trabatur,
1242 2364 1272 2391 et
1291 2356 1456 2400 quibusvis
1475 2356 1546 2387 aliis
1573 2355 1724 2398 apostoli-

979 2412 1024 2444 cis
1043 2407 1355 2453 provinrialibusque
1376 2410 1406 2437 et
1425 2403 1629 2446 synodalibus
1645 2411 1722 2436 con-

980 2458 1198 2493 stitutionibus
1209 2461 1238 2488 et
1246 2453 1511 2493 ordinationibus;
1521 2463 1646 2485 necnon
1657 2459 1725 2483 nio-

979 2507 1192 2541 nastcriorum
1227 2510 1257 2536 et.
1281 2503 1435 2537 Ordinum
1462 2502 1721 2546 praedictttfflu‘i,

980 2558 1072 2591 etiam
1086 2557 1276 2592 iuramento,
1293 2551 1535 2585 confirmatione
1551 2549 1723 2593 apostolica

981 2607 1025 2638 rel
1046 2604 1155 2648 quai-is
1171 2601 1319 2635 oramate
1335 2599 1396 2633 alia
1411 2599 1581 2639 roboratis,
1599 2597 1723 2630 statutis

1741 212 1786 251 “nt
1805 224 1833 250 c.
1852 220 1917 249 t³÷7t

1743 1035 1850 1055 (Itaevcntae
1859 1041 1920 1061 prae«

1734 1068 1850 1086 servatii-ae
1859 1068 1919 1085 uuum

1735 1098 1900 1117 constitutionis.

1762 2087 1871 2111 clausurae
1882 2091 1919 2111 de-

1736 2127 1854 2152 rogatoriae
1874 2132 1905 2144 um

1736 2159 1791 2178 nium
1803 2157 1919 2177 contrario—

1735 2195 1788 2210 rum.
