2059 3228
105 205 157 242 An.
175 214 204 243 c.
223 214 288 242 15702

349 199 411 233 5ἳῦ

304 265 363 297 nisi
386 264 416 295 in
438 259 564 293 casibus
581 268 598 289 a
618 255 687 287 iure
704 252 879 297 permissis,
896 252 963 285 tieri
978 262 1049 295 pro-

302 315 452 355 hibentis,
474 324 508 345 ar
531 309 631 343 felicis
650 306 881 340 recordationis
895 303 1048 338 Bonil'acii

301 371 403 413 Papae
424 365 537 404 octavi,
555 361 811 408 praedecessoris
830 359 941 398 nostri,
953 358 1047 390 etiam

301 423 353 455 itta
375 431 437 464 qua
459 424 589 451 cavetur
605 427 645 449 ne
665 415 736 459 quis
756 420 842 448 extra
863 422 952 446 suam
974 410 1049 444 civi—

300 481 394 508 tatem
416 474 463 506 vel
478 470 659 510 dioecesim
681 469 741 502 nisi
756 468 789 501 in
805 468 898 501 certis
909 464 1048 508 exceptis

299 528 438 568 casibus,
460 532 490 559 et
510 526 542 558 in
563 524 626 557 illis
646 523 727 556 ultra
751 531 845 554 unam
868 520 1004 552 diaetam
1030 528 1045 549 a

298 581 361 614 line
381 590 457 613 suae
477 577 632 612 dioecesis
653 577 691 609 ad
712 574 867 609 iudicium
884 576 1043 610 evocetur,

299 645 354 667 seu
385 644 424 666 ne
453 632 575 665 iudices
601 641 618 663 a
638 630 718 664 Sede
738 623 1043 672 praefatadeputati‚

298 693 385 721 extra
401 686 559 720 civitatem
568 685 617 718 vel
633 682 804 718 dioecesim
817 681 848 714 in
862 680 978 724 quibus
994 678 1046 714 de-

298 741 399 784 putati
417 739 544 780 suerint,
561 743 671 772 contra
690 742 911 781 quoscumque
931 742 1044 776 proce-

296 795 372 828 dere
389 799 443 827 aut
456 793 510 826 alii
521 792 569 826 vel
585 791 656 825 aliis
665 790 748 823 vices
759 799 832 822 suas
845 786 1044 820 committere

294 851 504 892 praesumant,
515 857 552 879 ac
561 845 600 879 de
609 844 734 878 duabus
741 840 893 876 diaetisin
907 838 1044 873 concilio

293 900 436 945 generali
453 900 547 941 edita,
563 897 740 932 dummodo
756 896 839 929 ultra
852 900 916 928 tres
926 892 1045 926 diaetas

294 954 412 998 aliquis
431 953 621 987 auctoritate
644 949 863 996 praesentium
892 947 931 980 ad
959 945 1043 979 iudi-

293 1007 380 1041 cium
400 1017 465 1040 non
493 1006 654 1045 trahatur,
684 1015 721 1037 ac
749 1002 820 1036 aliis
845 999 1041 1045 apostolicis,

291 1071 419 1094 necnon
444 1060 476 1093 in
500 1057 751 1104 provincialibus
783 1061 814 1089 et
837 1054 1043 1099 synodalibus

292 1114 438 1148 conciliis
462 1113 567 1153 editis,
593 1110 798 1155 generalibus
821 1109 870 1142 vel
895 1106 1042 1151 speciali-

291 1167 364 1208 bus,
393 1165 676 1200 constitutionibus
704 1175 741 1197 ac
766 1162 1040 1202 ordinationibus5

291 1221 446 1254 ecclesiae
488 1220 634 1253 Metcnsis
676 1224 706 1252 et
746 1216 1016 1250 monasteriorum
1033 1243 1040 1256 ,

291 1273 493 1318 prioratuum
515 1279 545 1307 et
564 1273 721 1306 Ordinum
742 1282 778 1304 ac
792 1270 1041 1304 Universitatum

291 1328 520 1371 praefatorum,
558 1326 752 1365 iuramento,
797 1322 1041 1357 confirmatione

289 1380 465 1424 apostolica
484 1380 532 1413 vel
553 1379 664 1423 quavis
683 1377 834 1411 firmitate
859 1376 921 1409 alia
944 1376 1041 1409 robo-

290 1434 378 1475 ratis,
405 1434 531 1467 statutis
555 1439 585 1466 et
610 1431 916 1470 consuetudinilms,
945 1430 1040 1474 privi-

290 1488 380 1532 legiis
399 1498 541 1531 quoque,
564 1487 707 1526 indultis,
730 1485 988 1528 exemptionibus
1012 1492 1042 1518 et

289 1541 550 1574 immunitatibus
569 1551 606 1573 ac
625 1539 740 1573 litteris
760 1538 957 1583 apostolicis,
978 1538 1041 1571 illis

287 1595 486 1638 illorumque
512 1593 748 1638 superioribus,
775 1592 986 1625 conventibus
1010 1598 1040 1625 et

290 1648 445 1692 personis,
469 1648 527 1680 sub
547 1647 808 1691 quibuscumque
828 1646 994 1678 tenoribus
1011 1651 1042 1678 et

289 1701 414 1742 formis,
439 1712 475 1734 ac
497 1712 570 1734 cum
591 1700 769 1743 quibusvis,
792 1699 887 1733 etiam
908 1699 1041 1742 deroga-

291 1755 447 1788 toriarum
467 1754 680 1797 derogatoriis
701 1753 836 1796 aliisque
853 1752 1041 1786 efficaciori-

287 1809 346 1842 bus
354 1808 539 1849 etinsolitis,
553 1807 720 1847 clausulis,
732 1806 998 1849 irritantibusque
1011 1812 1041 1839 et

285 1862 358 1896 aliis
378 1862 529 1902 decretis,
549 1861 581 1894 in
599 1871 716 1904 genere
736 1860 784 1893 vel
806 1860 836 1892 in
857 1860 977 1903 specie,
1011 1871 1041 1892 e-

287 1916 365 1949 tiam
392 1915 672 1955 consistorialiter,
695 1913 941 1957 quon‘iodolibet
961 1924 1039 1946 con-

286 1969 396 2010 cessis,
421 1980 458 2002 ac
474 1969 571 2002 etiam
592 1967 714 2001 iteratis
733 1967 859 2000 vicibus
879 1967 1039 2010 approba-

287 2023 326 2057 tis
345 2028 377 2058 et
395 2023 564 2056 innovatis.
587 2023 709 2062 Quibus
725 2021 888 2060 omnibus,
902 2021 1038 2060 etiamsi,

287 2088 346 2122 pro
366 2077 497 2111 illorum
519 2076 691 2110 sufficienti
716 2074 935 2118 derogatione,
963 2076 1042 2107 alias

289 2132 327 2164 de
346 2131 410 2164 illis
425 2141 604 2174 eorumque
617 2129 867 2163 totistenoribus
878 2128 1038 2172 specialis,

288 2184 453 2229 specifica,
467 2195 617 2228 expressa
630 2188 660 2217 et
671 2182 834 2215 individua
850 2192 886 2215 ac
898 2182 936 2214 dc
945 2182 1040 2214 verbo

290 2238 329 2271 ad
352 2239 497 2279 verbum,
538 2249 604 2271 non
641 2242 748 2270 autem
788 2246 846 2279 per
881 2236 1042 2268 clausulas

290 2292 454 2334 generales
478 2291 563 2324 idem
589 2291 812 2334 importantes,
839 2289 959 2323 mentio
984 2301 1040 2322 scu
1061 2316 1063 2323 .

289 2345 420 2386 quaevis
438 2344 501 2377 alia
516 2343 848 2387 expressioltabenda,
863 2349 918 2376 aut
932 2342 1041 2385 aliqua

291 2393 353 2426 alia
372 2393 528 2436 exquisita
548 2393 650 2426 forma
669 2393 709 2425 ad
730 2393 792 2425 hoc
812 2392 967 2425 servanda
992 2392 1040 2424 l'o-

291 2446 352 2481 ret,
374 2447 500 2475 tenores
519 2441 721 2482 huiusmodi,
743 2452 779 2474 ac
800 2441 824 2474 si
840 2441 878 2474 de
894 2440 1040 2473 verboad

291 2489 434 2529 verbum,
466 2491 707 2534 nibil-penitus
735 2490 864 2530 omisso,
889 2496 919 2523 et
940 2491 1041 2521 t'ornta

292 2539 407 2572 inillis
432 2540 546 2572 tradita
574 2541 750 2579 observata,
783 2540 893 2572 inserti
925 2540 1038 2577 forent,

292 2587 515 2633 praesentibus
536 2600 594 2632 pro
606 2590 804 2623 sufficienter
815 2588 971 2632 expressis
984 2588 1040 2620 lia-

897 199 1072 223 nrtmnttwwt
1101 198 1248 220 nontANttM

1091 250 1214 288 bentes,
1238 248 1301 280 illis
1321 247 1399 280 alias
1418 246 1450 278 in
1470 255 1528 278 suo
1548 246 1663 279 robore
1688 257 1839 290 perman-

1092 298 1187 337 suris,
1209 298 1269 330 hac
1289 296 1357 329 vice
1387 296 1561 335 dumtaxat,
1596 296 1777 339 specialiter
1810 305 1842 333 et

1091 357 1238 390 expresse
1269 346 1480 386 derogatum,
1506 343 1674 377 contrariis
1709 347 1842 390 quibus-

1091 405 1242 438 cumque.
1262 394 1323 426 Aut
1343 393 1366 426 si
1387 392 1500 425 Carolo
1525 391 1680 425 cardinali
1696 395 1840 438 etlegato

1090 454 1125 476 ac
1141 444 1294 486 episcopo
1319 452 1376 475 seu
1389 437 1639 474 administratori
1654 441 1795 484 Metensi,
1810 450 1841 478 et

1089 491 1267 531 abbatibus,
1289 491 1453 534 prioribus
1477 499 1534 522 seu
1558 491 1841 527 commendatariis

1089 546 1115 573 et
1130 541 1341 573 conventibus
1356 538 1508 583 praefatis
1516 539 1564 571 vel
1579 538 1745 582 quibusvis
1757 542 1836 581 aliis,

1089 591 1305 622 cuimnuniter
1316 590 1364 622 vel
1381 588 1515 628 divisim,
1530 589 1568 621 ab
1580 589 1691 622 eadem
1707 589 1747 622 sit
1759 590 1840 624 Sede

1089 639 1248 671 indultum
1271 638 1356 682 quod
1382 637 1422 670 ad
1447 637 1694 681 praestationem
1716 639 1763 671 vel
1787 650 1840 672 so-

1088 688 1245 720 lutionem
1269 686 1433 731 pensionis
1461 685 1600 719 alicuius
1628 686 1761 721 minime
1791 693 1837 721 te-

1088 742 1236 776 neantur,
1255 742 1285 769 et
1305 736 1344 769 ad
1364 735 1396 768 id
1416 735 1579 780 compelli,
1598 741 1653 769 aut
1676 737 1763 780 quod
1788 737 1838 770 in-

1087 784 1213 824 terdici,
1236 784 1402 829 suspendi,
1424 785 1472 817 vel
1486 784 1761 818 excommunicari
1774 795 1839 819 non

1087 833 1210 876 possint
1229 844 1287 878 per
1302 833 1424 866 litteras
1439 832 1632 876 apostolicas
1643 843 1708 866 non
1721 833 1840 867 facien-

1087 887 1132 914 tes
1153 883 1280 926 plenam
1299 887 1330 915 et
1350 892 1533 926 expressam
1553 892 1590 914 ac
1610 882 1649 915 de
1669 883 1768 916 verbo
1798 883 1838 916 ad

1084 931 1218 964 verbum
1231 931 1269 964 de
1283 931 1407 964 indulto
1423 930 1608 964 huiusmodi
1623 931 1836 972 mentionem,

1085 986 1116 1013 et
1135 980 1333 1023 quibuslibet.
1356 980 1427 1014 aliis
1452 980 1638 1024 privilegiis,
1664 981 1838 1024 indulgen-

1085 1029 1137 1062 tiis
1157 1036 1187 1063 et
1207 1030 1321 1063 litteris
1341 1028 1538 1074 apostolicis,
1561 1029 1767 1071 generalibus
1789 1030 1836 1063 vel

1085 1080 1289 1122 specialibus,
1309 1089 1595 1123 quorumcumque
1605 1083 1755 1112 tenorum
1771 1079 1837 1112 exi-

1084 1135 1178 1169 stant,
1191 1141 1250 1173 per
1264 1139 1358 1172 quae,
1376 1127 1599 1172 praesentibus
1610 1137 1676 1160 non
1687 1138 1837 1171 expressa

1084 1179 1131 1212 vel
1156 1179 1299 1212 totaliter
1322 1188 1388 1210 non
1412 1177 1541 1216 inserta,
1566 1175 1701 1209 effectus
1724 1187 1837 1210 earum

1085 1227 1235 1273 impediri
1258 1228 1362 1261 valeat
1380 1225 1679 1269 quomodolibetvel
1699 1224 1835 1268 differri,

1084 1283 1114 1310 et
1131 1278 1169 1310 de
1189 1277 1308 1320 quibus
1334 1285 1540 1320 quorumque
1566 1274 1642 1307 totis
1668 1274 1837 1308 tenoribus

1084 1327 1230 1360 habenda
1250 1326 1290 1359 sit
1308 1326 1342 1359 in
1361 1325 1479 1359 nostris
1493 1323 1608 1357 litteris
1627 1323 1748 1357 mentio
1768 1334 1837 1368 spe-

1084 1376 1182 1409 ciaIIs.

1127 1425 1205 1468 §15
1220 1424 1303 1457 Nulli
1319 1433 1395 1466 ergo
1409 1421 1541 1455 omnino
1556 1420 1726 1454 hominum
1740 1421 1836 1455 liceat

1084 1475 1166 1507 banc
1192 1474 1341 1518 paginam
1364 1477 1491 1505 nostrae
1516 1470 1738 1511 absolutionis,
1769 1470 1834 1504 dis-

1084 1523 1338 1563 membrationis,
1361 1521 1582 1565 separationis,
1603 1519 1832 1561 concessionis,

1083 1572 1320 1617 applicationis,
1341 1569 1626 1615 appropriationis,
1644 1568 1834 1602 reservatio-

1083 1623 1143 1662 nis,
1171 1620 1421 1660 constitutionis,
1448 1618 1685 1662 assignationis,
1711 1619 1831 1660 statuti,

1083 1671 1260 1711 electionis,
1287 1668 1511 1709 institutionis,
1538 1666 1666 1707 indulti,
1699 1666 1832 1708 decreti,

1083 1720 1264 1760 voluntatis,
1285 1718 1427 1752 mandati
1447 1724 1477 1751 et
1496 1715 1712 1759 derogationis
1723 1715 1834 1748 infrin-

1082 1782 1168 1813 gere,
1205 1771 1253 1803 vel
1277 1769 1306 1802 ei
1339 1778 1422 1802 ausu
1454 1765 1629 1800 temerario
1658 1765 1831 1799 contraire.

1083 1821 1114 1854 Si
1135 1820 1207 1863 quis
1226 1824 1285 1853 etc.

1126 1870 1239 1902 Datum
1260 1869 1380 1901 Romae
1401 1866 1486 1911 apud
1520 1866 1551 1899 S.
1587 1865 1717 1898 Petrum
1749 1874 1833 1898 anno

1083 1917 1316 1951 incarnationis
1339 1915 1520 1949 dominicae
1545 1913 1717 1947 millesimo
1741 1912 1835 1956 quin-

1082 1967 1260 2008 gentesimo
1295 1963 1530 2010 septuagesimo
1563 1963 1716 2003 secundo,
1740 1962 1835 1996 nonis

1083 2016 1276 2055 decembris,
1304 2014 1510 2058 pontificatus
1535 2012 1636 2046 nostri
1661 2022 1746 2044 anno
1765 2021 1787 2044 1.

1148 2069 1210 2098 Dat.
1231 2069 1277 2098 die
1297 2069 1315 2098 5
1332 2068 1396 2097 (loc.
1411 2067 1498 2102 4572,
1519 2065 1624 2106 pontis.
1642 2074 1719 2095 anno
1737 2073 1757 2094 1.

1373 2200 1539 2235 CLxxxtt.

1061 2300 1063 2311 Ι
1087 2267 1168 2300 Unio
1193 2266 1414 2308 Iietzeficiarnm
1443 2263 1660 2305 lmliusn'orum
1691 2261 1730 2293 ab
1756 2260 1832 2293 hae-

1126 2317 1234 2348 reticis
1258 2317 1517 2357 recuperatorum
1540 2311 1680 2343 militiae
1698 2309 1833 2343 Sancto-

1126 2377 1196 2398 rum
1217 2364 1369 2397 llluttrc'lii
1384 2367 1411 2395 et
1431 2361 1554 2394 Lctmrz‘
1574 2360 1600 2392 ¹.

1137 2427 1281 2462 Gregorius
1296 2427 1446 2461 episcopus,
1462 2430 1556 2451 servus
1572 2427 1710 2450 servorum
1721 2420 1778 2453 Dei.

1222 2476 1265 2514 ⁴ad
1287 2476 1445 2510 perpetuam
1460 2473 1501 2500 rei
1516 2471 1684 2500 memoriam.

1127 2531 1142 2573 g
1163 2531 1194 2562 l.
1216 2530 1308 2562 Dect-t
1331 2527 1545 2572 Apostolicam
1565 2524 1692 2565 Sedem,
1709 2521 1831 2567 praeci-

1121 2595 1129 2621 1
1151 2593 1191 2620 Ex
1208 2592 1315 2628 Regest.
1333 2591 1359 2618 in
1380 2589 1485 2619 secret.
1505 2587 1637 2616 Brevium

1855 189 1906 218 Ᾱῐι-
1924 189 1955 218 C,⁴
1971 189 2001 226 t5

1884 1431 2026 1458 Sanctionam-

1851 1468 1891 1488 que
1919 1461 2025 1488 poenalem

1851 1493 1930 1514 adiicit.
