2059 3228
195 338 366 377 sequentes
386 339 441 367 aut
471 342 692 380 procurantes,
717 338 943 384 negociorum-

195 395 257 430 quc
277 392 429 430 gestorcs,
450 389 632 431 advocatos,
661 399 889 437 procuratores
914 398 944 426 ct

194 443 324 482 agentes
343 440 499 484 ipsarum,
521 454 577 477 scu
595 445 690 478 ctiam
712 446 875 480 auditores
894 447 941 480 vcl

193 491 318 543 iudices
351 504 449 538 super
469 496 564 530 dietis
588 499 692 532 causis
716 501 764 533 vel
798 500 941 543 negociis

193 544 373 590 deputatos,
397 550 565 584 occasione
586 564 756 587 causarum
776 555 824 587 vel
845 565 941 597 nego-

193 597 315 632 ciorum
343 600 539 643 huiusmodi,
566 605 744 647 verberant,
777 607 937 647 mutilant,

191 652 357 695 occidunt,
381 655 474 688 bonis
494 657 644 700 spoliant;
664 670 720 693 seu
741 660 809 703 qui,
829 670 887 704 per
906 672 939 695 sc
958 681 963 705 1

190 704 237 738 vel
258 706 356 740 alium
379 718 434 741 seu
455 709 545 751 alios,
563 711 683 745 directe
700 713 748 746 vel
768 713 935 756 indirecte,

189 759 355 802 praedicta
388 763 504 806 exequi
540 765 586 797 vel
613 776 789 808 procurare
820 773 875 801 aut
905 768 937 801 in

189 812 309 846 eisdem
331 815 516 856 consilium,
538 818 693 851 auxilium
718 821 765 853 vel
796 821 935 855 favorem

187 872 350 910 praestare
363 877 428 902 uon
438 876 598 912 verentur,
611 872 846 919 cuiuscumque
856 886 938 919 prse-

187 919 382 955 cminentiae
402 927 433 956 ct
452 923 615 966 dignitatis
636 926 766 961 suerint.
809 939 813 942 ·

43 1014 46 1015 ⁷
230 972 245 1015 ξ
266 972 318 1006 13.
341 975 385 1007 Ac
405 975 499 1009 etiam
539 983 661 1019 omnes,
686 985 749 1013 tam
782 982 935 1015 ecclesia-

52 1031 172 1070 tmpedtqn-
185 1024 282 1059 sticos
302 1038 399 1071 quam
421 1030 615 1072 saeculares,
638 1032 874 1078 cuiuscumque
885 1036 934 1069 di-

50 1067 172 1124 ,ζξξιᾞζζῖ
184 1078 325 1122 gnitatis,
338 1081 408 1125 qui,
420 1088 642 1126 praetexentes
659 1086 804 1120 frivolam
819 1098 933 1131 quam-

36 1125 171 1181 uffff‘u‘gffss'ss
185 1132 258 1166 dam
279 1135 532 1178 appellationem
553 1149 570 1170 a
594 1140 777 1181 gravamine
810 1141 858 1174 vel
887 1144 935 1175 t'u-

36 1189 170 1243 *munz-:¹:123
184 1191 256 1221 tura
271 1189 460 1223 executione
480 1190 660 1224 litterarum
682 1193 932 1236 apostolicarum

42 1244 73 1272 tim
90 1252 114 1273 aa
129 1245 215 1275 se-ret
234 1240 266 1274 in
282 1241 385 1276 forma
400 1243 516 1285 brevis,
533 1250 597 1278 tam
619 1246 756 1288 gratiam
772 1257 869 1290 quam
886 1248 933 1281 iu-

63 1281 169 1341 23⁸2?ss
182 1293 300 1328 stitiam
328 1298 606 1340 concernentium,
644 1310 772 1334 necnon
806 1302 931 1336 citatio-

265 1374 273 1389 ,
296 1348 542 1393 inhibitionum,
573 1359 828 1397 sequestrorum,
866 1367 933 1394 mu-

181 1400 389 1445 nitoriorum,
411 1415 636 1448 processuum,
666 1409 932 1443 executorialium

181 1459 212 1488 et
231 1454 370 1490 aliorum
391 1457 609 1501 decretorum,
624 1472 642 1494 a
655 1462 747 1495 nobis
763 1468 793 1495 et
813 1474 829 1496 a
850 1464 932 1497 Sede

181 1507 347 1551 praedicta
366 1521 423 1543 seu
444 1512 567 1555 legatis,
586 1514 727 1555 nunciis,
746 1517 933 1559 praesiden-

181 1561 279 1603 tibus,
302 1562 453 1598 Gamerae
482 1566 683 1609 Apostolicae
714 1570 929 1612 auditoribus,

180 1616 410 1651 commissariis
430 1619 565 1664 aliisque
586 1621 747 1656 iudicibus
783 1629 814 1657 et
847 1625 932 1659 dele-

178 1668 260 1712 gatis
272 1671 460 1714 apostolicis
478 1680 716 1717 emanatorum,
731 1682 761 1710 et
772 1688 855 1720 quae
871 1689 931 1722 pro

179 1727 325 1767 tempore
345 1727 576 1768 emanaverint,
594 1734 650 1762 aut
669 1730 747 1763 alias
767 1732 806 1764 ad
825 1732 931 1765 curias

178 1777 362 1811 saeculares
390 1784 420 1812 et
444 1779 560 1813 laicam
597 1788 787 1826 potestatem
821 1795 931 1818 recur-

179 1835 266 1871 runt,
293 1836 325 1864 et
343 1832 383 1865 ab
404 1843 453 1873 ea,
481 1833 619 1868 instante
642 1836 737 1869 etiam
763 1838 833 1871 fisci
858 1850 931 1882 pro-

178 1886 581 1929 cu1·atore,appellationes
590 1889 776 1923 huiusmodi
793 1892 928 1934 admitti,

177 1946 215 1969 ac
242 1936 376 1980 litteras,
417 1939 597 1981 citationes,
624 1943 845 1987 inhibitiones,
879 1957 928 1980 se-

175 1995 318 2034 questra,
346 1993 516 2027 monitoria
537 2001 565 2027 et
588 1996 649 2029 alia
670 1998 833 2040 praedicta
858 2001 928 2044 capi

176 2049 208 2076 et
226 2044 359 2078 retineri
379 2047 512 2080 faciunt.
531 2048 629 2086 Quive
645 2050 709 2092 illa,
725 2052 926 2096 simpliciter,

175 2097 223 2130 vel
244 2097 312 2132 sine
330 2110 441 2133 eorum
463 2101 680 2145 beneplacito,
704 2116 862 2139 consensu
880 2108 928 2140 ‘rel

176 2150 334 2194 examine,
357 2155 568 2197 exequutioni
590 2156 792 2201 demandari,
820 2166 928 2194 autnc

177 2204 367 2240 tabelliones
398 2214 427 2241 ct
459 2210 577 2243 notarii
609 2217 708 2255 super
741 2213 928 2247 huiusmodi

177 2257 358 2292 litterarum
380 2266 411 2294 et
431 2272 641 2305 processuum
671 2267 861 2301 executione
882 2268 929 2300 in-

177 2316 358 2346 strumenta
377 2315 426 2347 vel
457 2321 527 2348 acta
560 2318 733 2360 conticere,
762 2326 817 2352 aut
850 2331 928 2353 con-

178 2363 258 2397 fecta
287 2366 383 2408 parti,
416 2367 506 2401 cuius
538 2369 679 2412 interest,
720 2374 848 2406 tradere
872 2374 928 2407 de-

177 2415 285 2459 beant,
311 2419 493 2463 impediunt
508 2423 555 2455 vel
573 2425 759 2467 prohibent,
783 2430 927 2460 ucetiam

178 2476 285 2514 partes
310 2483 367 2505 seu
389 2484 498 2507 earum
519 2482 659 2518 agentes,
686 2480 841 2521 notaribs,
856 2491 928 2514 exe·
946 2465 958 2722 Ι

179 2525 307 2554 cutores
332 2526 363 2554 et
387 2523 635 2559 subexecutorcs
659 2527 854 2569 litterarum,
883 2530 928 2562 ei-

179 2569 350 2610 tationum,
370 2572 617 2606 monitoriorum
639 2582 669 2608 et
684 2576 824 2609 :diorum
834 2588 929 2621 prae--

180 2615 342 2651 dictorum
363 2620 506 2663 rapiunt,
529 2624 727 2665 percutiunt,
743 2627 927 2667 vulnerant,

180 2674 358 2710 carcerum,
386 2670 543 2716 ‹lc-tinent,
571 2683 608 2706 ex
628 2673 929 2719 eivita.ti1]11s„locis

799 275 975 309 Gnnflontus
994 272 1050 298 xm
1069 270 1117 295 Μ’.

1625 267 1688 300 415

986 332 1018 360 et
1050 326 1155 368 reguis
1181 327 1326 368 eiiciunt,
1357 328 1450 361 bonis
1480 329 1629 373 spoliant,
1662 343 1733 374 per-

985 381 1205 419 terrefaciunt,
1229 382 1458 416 ‹Joneutitmtet
1477 385 1728 427 comminantur,

984 445 1042 478 per
1066 446 1098 466 sc
1124 435 1170 467 vel
1191 436 1289 469 alium
1315 448 1370 470 seu
1401 437 1492 480 alios,
1520 439 1647 482 publice
1683 442 1730 474 xel

984 489 1122 529 occulte,
1150 499 1206 522 Seu
1240 490 1333 533 oapi,
1369 493 1540 532 carcerari,
1577 494 1727 535 detineri,

983 543 1121 586 percuti,
1149 544 1312 577 vulnerari
1346 546 1505 589 minisque
1537 547 1649 589 agitari
1685 554 1729 582 ta-

982 595 1084 628 cinut.
1106 596 1205 636 Quive
1229 598 1308 631 alias
1328 599 1586 644 quilmscumque
1617 612 1728 645 perso-

982 649 1042 689 nis,
1061 649 1094 682 in
1114 660 1231 692 genere
1251 652 1298 685 vel
1316 651 1346 684 in
1368 653 1485 695 specie,
1514 664 1562 691 ue,
1584 665 1642 698 pro
1660 656 1730 698 qui-

980 701 1086 735 busvis
1111 704 1223 736 eorum
1249 705 1392 748 negociis
1417 708 1649 750 prosequendis
1673 720 1729 742 seu

979 755 1088 798 gratiis
1109 758 1156 790 vel
1179 758 1293 791 litteris
1314 760 1536 802 impetrandis,
1559 762 1596 793 :td
1612 762 1728 795 Roma-

979 819 1052 841 nam
1074 810 1204 843 Curiam
1225 813 1381 845 accedant
1400 819 1456 846 aut
1477 826 1643 848 recursum
1669 816 1728 849 lia-

978 862 1086 904 beant,
1120 876 1175 897 seu
1204 866 1322 909 gvatias
1356 867 1439 909 ipsas
1477 870 1524 901 vet
1554 869 1676 902 litteras
1710 881 1729 903 a

977 916 1060 950 dicta
1081 918 1160 951 Sede
1173 918 1358 963 impetrent,
1374 932 1429 953 seu
1446 921 1623 964 impetratis
1637 927 1728 956 utan-

978 975 1040 1011 tur,
1063 971 1184 1005 directe
1200 974 1248 1005 vel
1269 973 1437 1015 indirecte,
1452 976 1634 1017 probibere,
1662 983 1726 1010 sta·

978 1029 1068 1058 tuere
1089 1036 1144 1058 seu
1170 1027 1338 1068 mandare,
1365 1028 1412 1060 vel
1438 1039 1491 1061 eos
1512 1030 1596 1072 apud
1618 1040 1651 1063 se
1670 1035 1726 1063 aut

976 1078 1117 1112 notarios
1138 1091 1195 1113 seu
1216 1081 1406 1114 tabelliones
1427 1082 1474 1114 vel
1500 1083 1724 1127 aliasquomo-

976 1132 1095 1165 delibet
1119 1134 1258 1168 retinere
1283 1141 1502 1178 praesumant.

1018 1188 1033 1230 ἓ
1053 1186 1105 1219 14.
1142 1188 1219 1220 Item
1252 1189 1572 1222 excommunicamus
1593 1194 1623 1223 ct
1647 1201 1724 1224 ana-

974 1239 1219 1274 thematizamus
1241 1251 1353 1275 omncs
1380 1248 1411 1276 et
1431 1243 1573 1286 singulos
1598 1247 1742 1292 cancel-t
1774 1290 1777 1293 Ι
1796 1289 1799 1293 ι

975 1294 1083 1334 iarios,
1106 1295 1406 1330 vice-cancellarios
1423 1303 1454 1330 et
1466 1298 1666 1332 consiliarios
1675 1311 1724 1333 or·
1737 1288 1863 1342 'gigssffffizu
1881 1293 1922 1341 ⁰2}

974 1347 1116 1381 dinarios
1133 1354 1163 1381 et
1183 1351 1456 1384 extraordinarios
1489 1362 1722 1394 quorumcum-
1737 1351 1811 1411 ξὲῗω
1848 1349 1918 1376 ¹²²⁸⁰³

973 1411 1035 1443 que
1052 1412 1165 1444 regum
1182 1408 1213 1436 et
1228 1403 1428 1448 principum,
1447 1416 1484 1438 ac
1504 1406 1723 1448 praesidentes

974 1455 1254 1498 cancellariarum,
1269 1458 1479 1491 consiliorum
1494 1464 1523 1492 et
1540 1460 1723 1502 parlamen-

974 1515 1091 1550 torum,
1103 1520 1230 1543 necnon
1245 1518 1472 1554 procuratores
1483 1515 1648 1556 generales
1668 1526 1723 1548 eo-

973 1564 1122 1597 rumdem
1139 1565 1187 1597 vel
1220 1565 1359 1599 aliorum
1376 1565 1560 1610 priucipum
1581 1568 1723 1601 saecula-

973 1616 1069 1658 rium,
1086 1617 1210 1651 etiamsi
1224 1618 1396 1663 imperiali,
1415 1619 1525 1663 regali,
1548 1621 1654 1654 ducali
1675 1623 1722 1656 vel

971 1670 1033 1703 alia
1057 1682 1263 1716 quacumque
1299 1673 1519 1716 praefulgeant
1554 1674 1718 1718 dignitate,

972 1733 1179 1769 quocumque
1187 1726 1318 1758 nomine
1327 1733 1568 1770 nuncupentur,
1578 1727 1721 1772 aliosque

972 1777 1105 1820 iudices,
1129 1784 1193 1812 tam
1224 1779 1405 1813 ordinarios
1424 1791 1520 1824 quam
1545 1781 1719 1824 delegatos,

972 1843 1098 1866 necnon
1119 1833 1383 1877 arcl‘iiepiscopos
1403 1839 1433 1867 ct
1458 1834 1638 1878 episcopos,
1663 1835 1720 1868 ab-

971 1886 1071 1928 bates,
1086 1887 1392 1928 commendatarios,
1410 1887 1581 1920 vicarioset
1597 1888 1719 1922 officia-

970 1940 1027 1980 les,
1051 1940 1118 1984 qui,
1142 1952 1200 1984 per
1220 1952 1252 1974 se
1272 1942 1319 1973 vel
1341 1941 1439 1974 alium
1470 1951 1527 1974 seu
1547 1941 1638 1981 alios,
1660 1953 1720 1974 au-

971 1995 1115 2028 ctoritate
1151 1995 1281 2039 propria
1306 2000 1336 2027 et
1369 1995 1407 2027 dc
1441 1995 1536 2034 sacto,
1563 2005 1719 2037 quarum-

971 2058 1109 2091 cumque
1130 2048 1370 2091 exemptionum
1399 2048 1444 2080 vel
1477 2048 1615 2080 aliarum
1650 2058 1721 2091 gra-

971 2103 1087 2135 tiarum
1110 2107 1140 2135 ct
1158 2102 1338 2135 litterarum
1359 2101 1607 2145 apostolicarum
1625 2111 1720 2145 prae-

971 2163 1070 2198 textu,
1087 2157 1293 2190 beneficiales
1313 2162 1343 2189 ct
1362 2155 1560 2188 decimarum
1583 2166 1620 2188 ac
1643 2154 1720 2189 alias

970 2202 1082 2244 causas
1097 2211 1280 2254 spirituales
1296 2215 1326 2243 et
1342 2208 1563 2252 spiritualibus
1582 2219 1720 2242 annexas

970 2265 1009 2297 ab
1047 2264 1250 2297 auditoribus
1276 2269 1305 2297 et
1335 2262 1579 2312 commissoriis!
1601 2262 1718 2296 nostris

970 2318 1105 2361 aliisque
1128 2317 1288 2350 iudicibus
1313 2315 1539 2349 ecclesiasticis
1569 2321 1715 2356 avocant,

972 2372 1140 2405 illarumve
1162 2381 1293 2404 cursum
1315 2375 1344 2403 et
1365 2368 1575 2410 audientiam,
1595 2379 1631 2402 ac
1646 2379 1719 2413 per-

971 2435 1076 2465 sonas,
1100 2424 1253 2468 capitula,
1277 2428 1463 2464 conventus,
1486 2421 1630 2466 collegia,
1642 2433 1718 2455 cau-

971 2489 1020 2511 sas
1053 2479 1139 2522 ipsas
1178 2476 1329 2521 prosequi
1349 2477 1502 2516 volentes,
1523 2475 1716 2530 impediunt,

970 2537 1007 2560 ac
1028 2538 1059 2559 se
1076 2527 1113 2559 de
1135 2527 1263 2559 illarum
1285 2525 1467 2568 cognitione
1486 2530 1650 2568 tamquam
1672 2536 1719 2556 iu-

970 2575 1057 2609 dices
1079 2577 1306 2619 iuterponunt;
1329 2575 1450 2618 quique
1485 2580 1592 2618 partes
1622 2573 1718 2606 actri-

971 2636 1032 2665 ces,
1059 2636 1141 2668 quac
1164 2626 1234 2657 illas
1255 2624 1411 2658 committi
1436 2624 1580 2656 fecerunt
1613 2629 1655 2676 ct·
1672 2622 1718 2654 sa-

971 2674 1072 2716 ciunt‚
1094 2675 1133 2709 ad
1155 2673 1369 2709 revocandum
1383 2678 1414 2706 ct
1431 2672 1573 2707 revocari
1597 2672 1722 2709 sacten-r

1749 271 1799 298 An.
1817 269 1845 299 C.
1861 269 1931 302 1583

1786 1193 1922 1216 Avocantes-

1738 1230 1778 1253 quo
1792 1231 1866 1247 causas
1882 1230 1922 1247 ee-

1737 1257 1870 1278 ctesiasticas
1907 1263 1921 1278 a
