2059 3228
105 235 162 271 An.
176 238 205 267 c.
225 240 291 270 ¹587
350 229 415 265 906

302 345 372 378 sula
396 345 470 385 orti,
493 344 533 378 ad
552 343 669 377 similia
693 344 851 378 beneficia
871 355 908 378 ac
928 346 1052 379 fructus

302 404 330 431 et
357 398 527 441 pensiones
546 397 579 430 in
599 398 684 432 dicto
704 409 804 439 regno
827 399 988 433 Valentiae
1005 400 1049 432 vi-

301 451 407 483 cissim
433 450 558 484 admitti
584 451 733 492 debeant,
751 457 781 484 et
798 452 837 485 ad
856 452 910 485 illa
928 453 1051 486 habiles

300 510 332 537 et
352 514 487 547 capaces
513 510 718 537 censeantur.

343 558 358 601 ξ
378 558 409 591 7.
431 558 647 592 Decernentes
659 569 773 592 omnes
783 564 814 592 et
827 559 970 603 singulas
982 561 1049 593 col-

153 621 283 642 r011uones
298 611 448 653 lationeS,
480 612 699 656 provisiones,
731 614 951 653 commendas
983 614 1048 647 ele-

100 656 139 704 ζ’
149 660 197 710 q‚¹'.'
194 653 284 711 ζὼζίζ
298 665 429 706 (aiones,
443 666 692 726 acceptationes,
709 667 986 710 praesentationes,
1000 667 1049 700 in-

100 715 284 770 gssgfgf’r‘ffigg}
297 718 478 753 stitutiones
508 725 539 753 et
567 720 693 764 quasxis
717 720 795 753 alias
823 720 1049 779 dispositiones

100 773 336 828 ¹f-‹11fflmfd0r-de
361 773 622 817 quibuscumque
651 773 821 807 beneficiis
850 774 927 807 dicti
957 774 1048 818 regni

98 813 168 858 353¹st
184 810 249 859 e'x'mi
257 813 281 829 π
296 825 470 867 valentiae,
493 832 529 860 ut
548 838 587 871 pl
589 827 742 868 aesertur
759 828 809 861 vel
825 827 902 861 alias
912 839 1048 870 quomo-

296 879 418 913 dolibet
450 881 657 925 qualificatis‚
693 892 730 915 ac
754 882 985 915 reservationes
1012 882 1049 914 il-

294 932 402 966 lorum
421 934 599 976 fructuum,
625 935 804 976 redituum,
833 942 1048 980 proventuum

294 992 326 1019 et
344 987 540 1030 pensionum
573 999 671 1033 super
705 989 826 1022 eisdem
852 989 886 1021 in
906 990 1046 1023 favorem

251 1042 253 1045 '
293 1040 457 1074 dictorum
476 1042 745 1085 alienigenarum,
765 1047 878 1076 contra
897 1053 1048 1087 praesen-

293 1093 333 1127 tis
349 1095 459 1129 statuti
482 1096 620 1129 formam
641 1102 672 1130 et
691 1102 851 1137 tenorem,
872 1097 970 1130 etiam
990 1108 1049 1141 per

293 1157 353 1180 nos
378 1154 410 1181 et
428 1159 655 1193 quoscumque
679 1150 759 1183 alios
787 1150 949 1184 Romanos
966 1151 1048 1184 Pon-

293 1201 397 1236 tifices
415 1213 619 1237 successores
638 1209 777 1245 nostros,
797 1204 982 1248 dictamque
994 1204 1048 1238 Se-

293 1255 380 1298 dem,
402 1266 439 1290 ac
459 1257 546 1290 illius
565 1258 697 1301 legatos,
719 1257 814 1291 etiam
836 1258 875 1291 de
893 1258 994 1292 latere
1016 1264 1047 1292 et

292 1309 442 1351 nuncios,
469 1321 648 1355 omnesque
668 1317 699 1345 et
719 1311 863 1355 singulos
887 1311 967 1345 alios
996 1312 1047 1345 ius

293 1368 325 1397 et
334 1363 520 1398 facultatem
533 1365 734 1406 conferendi,
746 1365 950 1410 providendi,
960 1376 1047 1399 com-

292 1417 479 1459 mendandi,
502 1418 655 1462 eligendi,
680 1419 922 1464 praesentandi,
953 1419 1046 1453 insti-

291 1471 405 1503 tuendi
428 1477 460 1505 et
492 1472 571 1505 alias
603 1473 848 1517 quomodolibet
867 1473 907 1506 de
931 1473 1045 1507 huius-

293 1524 380 1557 modi
410 1525 578 1559 beneficiis
602 1526 816 1570 disponendi,
848 1527 1046 1571 illorumque

292 1578 426 1619 fructus,
446 1579 589 1620 reditus,
618 1585 792 1624 proventus
817 1585 848 1613 et
875 1591 975 1625 super
1000 1581 1046 1613 eis

290 1631 463 1675 pensiones
479 1633 663 1666 reservandi
684 1634 723 1666 ab
744 1634 814 1678 ipsa
829 1633 911 1668 Sede
925 1634 1046 1667 haben-

290 1690 350 1726 tes,
372 1696 499 1720 necnon
519 1687 702 1721 ordinarios
721 1693 752 1721 et
771 1687 851 1721 alios
871 1687 1045 1721 inferiores

292 1740 474 1782 collatores,
487 1741 584 1775 etiam
605 1741 645 1792 ad
664 1747 877 1786 patronorum
889 1752 1044 1786 praesen-

291 1794 447 1828 tationem
482 1806 539 1829 seu
571 1795 610 1829 de
641 1795 773 1829 illorum
802 1789 961 1830 consensu
985 1806 1045 1839 pro

291 1852 438 1891 tempore
456 1849 566 1890 factas,
589 1849 659 1893 ipso
681 1849 752 1883 iure
777 1850 884 1883 nullas
904 1855 933 1883 et
954 1850 1045 1882 inva-

292 1901 383 1942 lidas,
402 1902 589 1946 nulliusque
604 1903 730 1936 roboris
740 1904 789 1936 vel
802 1903 958 1936 momenti
975 1904 1045 1937 sore

293 1961 325 1987 et
345 1965 424 1996 esse,
448 1966 485 1988 ac
504 1966 564 2000 pro
594 1956 692 1989 nullis
712 1962 743 1990 et
763 1957 890 1990 infectis
918 1957 1043 1997 haberi,

292 2017 354 2041 nec
373 2018 432 2051 per
451 2019 505 2042 eas
525 2009 679 2053 cuiquam
698 2009 749 2042 ius
767 2009 816 2043 vel
837 2010 933 2043 etiam
954 2011 1043 2043 colo-

293 2067 400 2094 ratum
412 2062 598 2106 possidendi
610 2063 740 2096 titulum
756 2062 860 2096 tribui
874 2073 980 2106 posse,
995 2063 1045 2107 ip-

292 2124 411 2158 sosque
431 2115 627 2158 alienigenas
645 2116 774 2150 illarum
790 2126 923 2160 prorsus
938 2127 1000 2149 usu
1016 2121 1047 2150 et

294 2169 465 2202 commodo
486 2180 613 2210 carere;
641 2180 700 2203 nec
719 2169 936 2203 Cancellariae
960 2170 1046 2214 Apo-

294 2221 414 2255 stolicae
425 2223 553 2265 regulas
564 2233 621 2256 seu
629 2223 875 2257 constitutiones
886 2223 926 2257 de
937 2223 1046 2256 annali

296 2279 327 2306 et
367 2274 519 2308 triennali
556 2276 809 2320 possessoribus,
843 2276 942 2310 etiam
969 2287 1046 2321 pro-

296 2333 368 2370 pter
395 2329 601 2372 quantumvis
629 2329 815 2363 diuturnam
840 2330 1048 2363 continuatae

296 2381 490 2422 possesionis
524 2382 747 2424 tolerantiam,
781 2389 834 2416 aut
864 2383 1047 2427 quodcum-

297 2439 359 2472 que
378 2430 467 2463 aliud
491 2430 540 2463 ius
564 2431 613 2464 vel
639 2431 846 2472 beneficium,
874 2432 941 2465 ullo
967 2437 1047 2465 tem-

298 2488 376 2530 pore
401 2479 464 2512 illis
495 2480 685 2523 suffragari;
708 2481 764 2514 sed
796 2481 955 2515 beneficia
988 2481 1048 2513 hu·

300 2526 347 2558 ius
336 2526 436 2560 modi
457 2533 492 2560 ut
512 2528 601 2571 prius
621 2540 746 2570 vae-ue,
768 2535 799 2562 et
822 2540 905 2573 quae
924 2541 961 2563 ex
986 2529 1047 2562 illis

299 2581 444 2618 t‹::„1npo
421 2586 443 2598 Ὦ
477 2576 696 2621 dispositionis
729 2579 926 2621 apostolicae
954 2578 1048 2612 dictis

300 2623 415 2668 alienis
409 2625 487 2658 enis
504 2626 575 2659 sact¹
577 2636 604 2660 ie
615 2626 719 2661 eidem
731 2627 934 2671 dispositioni
946 2638 1071 2676 1¹·5ese1-

901 239 1082 264 numanum
1101 240 1254 266 ROMANUM

304 302 403 336 regno
422 301 479 325 seu
498 290 663 335 provincia
683 291 732 323 vel
756 291 898 325 dominio
923 299 978 326 aut
1002 293 1050 325 in·
1094 300 1161 326 vata
1180 305 1235 327 seu
1250 294 1363 328 affecta
1382 295 1513 337 suerint,
1531 295 1590 329 sub
1611 297 1723 332 eadem
1739 307 1843 332 reser-¹

1856 241 1910 271 An:
1923 241 1996 272 c.·1
2009 267 2011 276 2

1092 347 1216 381 vatione
1228 358 1283 381 seu
1292 348 1462 382 affectione
1476 359 1656 391 remanere,
1666 356 1696 384 et
1709 357 1774 385 tam
1784 351 1839 385 illa

1092 411 1190 444 quam
1211 402 1307 434 etiam
1328 402 1437 435 omnia
1456 402 1520 435 alia
1534 413 1599 435 non
1615 409 1775 437 reservata
1784 415 1841 438 ne-

1092 463 1156 496 que
1186 454 1311 494 affecta,
1334 456 1373 488 de
1392 455 1511 499 quibus
1539 466 1557 488 a
1580 456 1664 489 dicta
1693 456 1773 490 Sede
1791 458 1841 491 vel

1093 507 1179 540 illius
1198 508 1310 551 legatis
1340 519 1396 542 seu
1416 509 1545 542 nunciis
1563 514 1620 542 aut
1639 509 1721 549 aliis,
1741 510 1792 543 ius
1810 517 1842 544 et

1092 560 1274 594 facultatem
1309 562 1497 595 conserendi
1529 573 1547 595 a
1581 562 1667 595 dicta
1692 563 1785 604 Sede,
1805 569 1842 596 ut

1091 615 1285 658 praefertur,
1306 616 1513 657 habentibus,
1535 616 1568 649 in
1588 616 1777 650 huiusmodi
1805 627 1840 650 a·

1090 668 1267 711 lienigenas
1278 670 1552 714 quandocumque
1564 669 1756 714 dispositum
1769 669 1841 704 fue-

1090 722 1143 763 rit,
1167 723 1205 755 ad
1227 733 1341 756 novam
1357 723 1494 756 Romani
1511 723 1677 756 Pontificis
1687 734 1748 767 pro
1761 728 1842 757 tem-

1091 786 1169 818 pore
1197 775 1361 809 existentis
1382 776 1627 820 dispositionem
1662 776 1840 818 dumtaxat,

1091 829 1272 872 pertinere;
1295 829 1334 862 ab
1354 829 1526 863 ordinariis
1545 840 1621 863 vero
1641 835 1672 863 et
1691 829 1763 863 aliis
1789 829 1862 865 in-.

1090 882 1263 916 feriol-ibus
1283 883 1503 923 collatoribus,
1521 883 1720 916 cessantibus
1739 893 1842 917 reser-

1088 936 1269 969 vationibus
1301 947 1359 969 seu
1385 936 1612 970 affectionibus
1641 935 1839 980 apostolicis,

1090 990 1210 1023 eisdem
1230 989 1419 1033 alienigenis
1448 1001 1508 1034 pro
1538 996 1687 1034 tempore
1711 990 1839 1031 collata,

1089 1054 1126 1077 ac
1146 1043 1242 1076 etiam
1263 1054 1300 1077 ea
1317 1054 1397 1086 quae
1423 1044 1462 1076 de
1483 1043 1554 1077 iure
1573 1048 1762 1088 patronatus
1779 1043 1842 1076 hu-

1089 1097 1227 1130 iusmodi
1247 1097 1378 1137 fuerint,
1391 1097 1416 1130 si
1428 1097 1591 1140 contingat
1601 1097 1641 1130 ad
1655 1096 1710 1130 illa
1725 1102 1854 1141 quemi

1089 1161 1187 1194 quam
1211 1156 1323 1184 contra
1351 1151 1529 1195 praesentis
1559 1151 1667 1184 statuti
1701 1151 1840 1184 formam

1088 1205 1297 1249 praesentari,
1327 1204 1525 1238 devolutioni
1545 1204 1584 1237 ad
1605 1203 1722 1238 Sedem
1745 1214 1841 1251 praef

1088 1258 1208 1291 dictam
1232 1258 1417 1292 immediate
1437 1269 1475 1292 eo
1496 1259 1565 1303 ipso
1584 1258 1766 1299 subiacere,
1781 1257 1837 1291 'il-

1088 1313 1182 1356 laque
1204 1313 1313 1346 omnia
1334 1313 1373 1346 ab
1394 1312 1583 1356 alienigenis
1603 1312 1679 1346 dicti
1698 1311 1791 1356 regni
1807 1317 1840 1346 et

1088 1366 1167 1400 Sede
1187 1366 1350 1410 praedicta
1369 1366 1531 1400 dumtaxat
1544 1365 1711 1410 impetrari
1729 1375 1836 1410 posse,

1088 1430 1147 1453 nec
1167 1419 1217 1453 ius
1236 1421 1339 1453 ullum
1360 1420 1400 1453 ad
1417 1420 1618 1463 resignantes
1637 1430 1695 1453 seu
1721 1419 1839 1453 ceden-

1087 1473 1280 1514 tes‚etiamsi
1300 1473 1333 1506 in
1353 1472 1568 1518 possessione,
1589 1472 1685 1506 etiam
1696 1469 1834 1514 diutina,

1086 1527 1312 1567 remanserint,
1334 1531 1365 1560 et
1384 1526 1617 1569 resignationes
1635 1536 1694 1559 seu
1717 1525 1837 1559 cessio-

1086 1590 1143 1613 nes
1158 1580 1345 1614 huiusmodi
1366 1579 1547 1624 publicatae
1561 1590 1628 1613 non
1640 1579 1772 1620 suerint,
1787 1589 1838 1612 re-

1086 1633 1156 1667 dire
1179 1634 1229 1668 vel
1248 1644 1348 1678 penes
1367 1644 1422 1667 eos
1442 1643 1623 1667 remanere.
1684 1634 1690 1641 “

1130 1688 1145 1731 ἐ
1170 1687 1201 1721 8.
1224 1687 1469 1731 Impet1ationes
1498 1697 1575 1720 vero
1595 1698 1632 1720 ac
1652 1692 1742 1721 motu
1761 1683 1979 1742 ΡΓο-Νῇῑέ·“’

1085 1742 1158 1785 piio
1178 1741 1412 1782 concessiones,
1433 1751 1517 1785 quae
1537 1741 1577 1774 de
1597 1741 1716 1774 eisdem
1729 1738 1834 1774 bene·
1847 1752 1915 1773 mnae
1941 1744 1961 1773 α’

1085 1795 1167 1828 ficiis
1191 1806 1252 1840 pio
1278 1801 1424 1839 tempore
1452 1794 1554 1835 fient,
1575 1794 1834 1838 quibuscumque
1847 1788 1944 1835 ξζᾞῒξ,

1086 1849 1351 1893 derogationibus
1390 1848 1510 1882 fuerint
1543 1847 1714 1889 suffultae,
1737 1857 1835 1881 num·
1847 1847 1897 1867 '0¹¹‘
1911 1846 1970 1867 ⁸²⁰·

1086 1913 1183 1947 quam
1204 1902 1264 1936 sub
1283 1902 1436 1936 clausulis
1450 1901 1656 1946 generalibus
1674 1906 1730 1935 aut
1742 1911 1836 1934 vaca-
1956 1907 1959 1909 “

1087 1956 1215 1990 sionum
1237 1956 1342 1990 modis
1362 1955 1636 1989 conditionalibus
1657 1955 1709 1988 vel
1726 1953 1837 1999 impli-
1877 1955 1886 1964 ⁶

1088 2010 1159 2044 citis
1183 2009 1428 2053 comprehendi,
1451 2010 1507 2042 sed
1527 2008 1710 2053 specialiter
1727 2014 1759 2042 et
1781 2018 1837 2041 ex-

1088 2075 1208 2108 presse,
1236 2065 1277 2097 ob
1304 2074 1370 2097 non
1399 2067 1556 2097 servatam
1575 2062 1753 2107 praesentis
1776 2067 1839 2096 sta-

1088 2118 1148 2151 tuti
1169 2118 1318 2158 formam,
1338 2128 1412 2150 cum
1431 2117 1652 2150 declaratione
1666 2115 1838 2149 nominum

1087 2176 1119 2204 et
1151 2170 1381 2214 cognominum
1395 2171 1547 2214 ipsorum
1568 2169 1836 2213 alienigenarum,

1088 2224 1272 2269 dispositive
1289 2234 1311 2265 ‚t
1332 2229 1363 2257 et
1392 2234 1458 2257 non
1484 2222 1747 2257 conditionaliter
1776 2232 1838 2256 nec

1087 2289 1147 2322 per
1175 2278 1416 2322 aequipollens,
1448 2277 1582 2311 omnino
1601 2276 1673 2309 fieri
1698 2276 1835 2316 debere3

1089 2331 1275 2375 eisdemque
1291 2331 1515 2375 praesentibus
1534 2329 1648 2363 litteris
1667 2339 1726 2373 per
1740 2339 1838 2373 quas-

1089 2394 1230 2427 cumque
1254 2383 1333 2417 alias
1359 2384 1481 2417 litteras
1506 2383 1714 2428 apostolicas,
1741 2382 1838 2416 etiam

1066 2452 1069 2500 1
1089 2433 1218 2476 quasvis
1235 2434 1403 2476 generales
1418 2434 1467 2466 vel
1487 2432 1654 2477 speciales,
1673 2431 1768 2465 etiam
1785 2431 1838 2465 de·

1089 2482 1325 2524 rogatoriarum
1353 2481 1586 2525 derogatorias,
1618 2481 1762 2523 aliasque
1790 2480 1837 2512 ef-

1089 2530 1256 2564 {icacioies
1270 2536 1299 2564 et
1320 2531 1464 2564 insolitas
1483 2531 1645 2564 clausulas
1661 2537 1692 2562 et
1711 2528 1838 2562 irritan-

1066 2581 1070 2607 l
1090 2579 1132 2612 tia
1152 2585 1182 2612 et
1197 2579 1258 2612 alia
1275 2580 1403 2613 decreta
1419 2580 1478 2612 sub
1494 2579 1756 2633 quibuscumque
1765 2586 1836 2609 ver-

1066 2610 1148 2662 b01
1152 2638 1205 2662 um
1226 2628 1337 2662 fotmis
1365 2634 1534 2672 concepta,
1559 2627 1592 2660 iu
1616 2637 1649 2660 se
1673 2624 1839 2659 continen—
