2059 3228
60 166 61 172 ¹
82 152 110 182 C.
127 152 192 182 1587

208 203 258 237 ius
277 203 502 247 praesentandi
523 203 709 236 liuiusinodi
730 203 766 236 ad
784 213 884 236 unum
907 216 955 235 so-

206 257 274 290 lum
295 268 511 290 successorem
529 257 712 295 insolidum,
728 263 754 290 et
778 263 847 301 post
864 257 953 290 illum

206 310 244 343 ad
271 310 371 343 alium
409 321 537 355 semper
570 311 725 348 deveniat,
762 312 882 355 alisque
916 321 953 343 eo

205 364 292 407 quod
313 364 396 396 inter
416 365 524 408 plures
545 375 745 397 successores
766 365 859 397 dividi
883 375 954 407 pos-

205 417 257 457 sit,
271 422 359 450 motu
372 423 403 450 et.
423 418 554 451 scientia
575 417 746 457 similibus,
761 418 952 451 attulerit-ate

205 475 236 503 et
266 474 376 504 tenore
415 471 596 515 praedietis,
638 472 757 515 pariter
795 476 952 515 perpetuo

204 534 415 564 reservamus,
442 524 649 558 concedimus
669 531 695 557 et
719 524 926 565 assignamus.

247 577 325 620 §⁶2ss.
348 578 562 611 Decernontes
577 578 817 621 iuspatronatus
832 583 862 611 et
874 589 951 621 prm-

42 568 60 595 -5

40 602 58 631 *r

40 632 188 674 ‘fiand-iva·
203 631 348 664 scntandi
373 631 572 671 huiusmodi,
604 631 760 664 laieorum
792 632 949 663 nobilium

27 699 58 729 m
71 669 188 722 'ussiiiffii
203 688 233 717 et
253 683 427 717 illustrium
449 685 596 723 existere,
619 695 655 717 ac
671 680 815 717 Mieliaeli
837 690 867 717 et
880 685 950 717 aliis

27 728 187 790 :gfffssnffi'c'ffg
201 736 318 770 suturis
337 738 481 781 patronis
506 737 689 781 piziedictis,
711 748 776 770 non
797 748 833 770 ex
853 738 949 781 privi-

27 793 185 830 ¹⁸⁶21³J³⁰¹¹0¹
201 790 295 833 legio,
313 792 366 823 sed
386 802 514 832 exvera,
530 792 703 835 primaeva,
718 791 807 831 reali,
821 791 948 831 actiuili,

27 824 185 881 ffiiffi'i'iuissi
199 844 305 888 plena,
333 844 455 887 integra
476 856 512 878 ae
543 844 729 877 omnimoda
760 845 948 878 fundatione

27 888 185 944 ithr‘i‘i'ssffi‘
199 901 230 930 el
249 902 404 941 perpetua
424 898 587 930 dotatione
602 902 797 940 competere,
815 904 842 930 et
857 899 894 931 ad
913 899 949 931 il-

28 948 90 996 *ξ’θ·
200 950 246 983 los
285 950 456 994 pertinere,
498 951 641 994 illudque
666 951 740 991 vim,
781 952 944 993 ellectum,

36 996 50 1013 ⁵
198 1009 358 1043 naturam,
381 1004 603 1045 substantiam,
635 1004 815 1044 essentiam,
842 1005 945 1048 quali-

197 1061 305 1098 tatem,
330 1057 524 1090 validitatem
546 1062 576 1089 et
607 1058 733 1091 roboris
762 1058 944 1091 firmitatem

197 1110 355 1152 obtinere,
378 1122 413 1143 ac
442 1111 586 1143 Micliaeli
608 1116 639 1144 et
658 1111 728 1143 aliis
753 1112 868 1144 suturis
890 1123 945 1156 pa-

199 1164 299 1197 tronis
318 1165 493 1209 praedictis
514 1170 544 1197 et
569 1176 679 1197 eorum
702 1165 843 1206 cuilibet,
872 1177 944 1209 per-

197 1223 293 1261 petuo
308 1218 476 1261 suffragari
491 1219 608 1251 dehere
625 1219 657 1251 in
671 1219 821 1252 omnibus
842 1225 872 1252 et.
889 1230 946 1263 per

197 1271 316 1311 onmia,
350 1271 470 1315 absque
495 1272 561 1304 ulla
594 1282 727 1315 prorsus
751 1272 942 1313 differentia,

198 1324 331 1367 perinde
351 1336 387 1358 ac
411 1325 436 1357 si
457 1325 518 1358 illis
538 1330 569 1358 et
588 1336 701 1357 eorum
727 1325 871 1366 cuilibet,
893 1337 943 1359 ra-

197 1377 283 1412 tione
302 1389 408 1419 verae,
442 1378 549 1419 realis,
586 1379 731 1419 actualis,
767 1380 881 1422 plenae
915 1385 946 1413 et

197 1432 340 1476 integrae
360 1432 556 1465 fundationis
589 1444 625 1465 ac
649 1438 825 1476 perpetuae
853 1433 944 1467 dota-

197 1484 290 1518 tionis
310 1496 369 1530 per
388 1496 442 1518 eos
459 1486 498 1518 de
518 1496 631 1519 eorum
653 1486 794 1530 propriis
811 1492 842 1519 et
858 1497 945 1521 mere

197 1539 477 1582 patrimonialibus
502 1544 532 1572 et
552 1539 719 1572 laicalibus
739 1539 830 1573 bonis
850 1540 944 1573 dum-

196 1597 280 1626 taxat
299 1598 497 1637 competeret
513 1599 544 1626 et
563 1604 752 1626 concessum
774 1600 867 1627 esset.

239 1646 254 1690 ἓ
273 1645 326 1679 ⁶27.
349 1647 393 1680 Ac
412 1652 447 1679 ut
468 1647 529 1680 tale
549 1647 608 1679 sub
629 1657 833 1691 quacumque
854 1647 945 1681 dero-

196 1699 335 1741 gatione,
358 1700 452 1733 etiam
474 1711 547 1733 cum
574 1699 738 1743 quibusvis
767 1711 946 1744 praegnan-

198 1753 326 1786 tissimis
347 1759 378 1787 et
402 1754 630 1787 efficacissimis
649 1754 765 1795 verbis,
793 1755 946 1789 clausulis

196 1817 233 1840 ae
252 1807 401 1848 decretis,
424 1808 518 1841 etiam
540 1819 614 1840 cum
635 1808 779 1841 clausula
804 1808 946 1848 Quorum

198 1864 329 1901 tenores,
344 1861 375 1894 in
391 1872 597 1905 quacumque
609 1861 831 1905 dispositione,
849 1863 945 1895 etiam

197 1924 254 1957 per
277 1913 358 1947 viam
399 1915 646 1955 constitutionis,
687 1915 778 1958 legis,
815 1917 945 1959 regulae

196 1966 412 2001 Cancellariae
432 1968 633 2011 Apostolicae
647 1974 702 2001 aut
712 1968 789 2002 alias
809 1972 945 2012 quomo-

197 2020 378 2065 documque
397 2020 480 2054 facta
500 2022 682 2055 nullatenus
702 2022 943 2066 comprehendi,

198 2073 317 2106 necilli
338 2074 403 2107 ullo
426 2086 580 2118 umquam
604 2082 760 2119 tempore,
779 2076 872 2108 etiam
894 2087 945 2109 ra-

199 2126 283 2160 tione
303 2127 442 2160 cuiusvis
470 2128 533 2161 litis
558 2129 750 2172 pendentiae
780 2130 826 2161 vel
856 2140 947 2161 vaca-

199 2179 292 2212 tionis
311 2181 566 2224 praepositurae,
595 2182 882 2225 cappellaniaruin,
896 2194 944 2215 sa-

197 2232 324 2266 cristiae
358 2239 388 2266 et
412 2234 550 2267 aliorum
576 2235 806 2268 beneficiorum
833 2236 945 2269 liuius-

199 2287 285 2319 modi
306 2287 392 2331 apud
420 2287 534 2320 Sedent
555 2288 766 2331 praedictam,
795 2290 889 2321 etiam
911 2300 947 2322 ex

199 2346 295 2369 eausa
315 2336 561 2379 permutationis
581 2337 628 2369 vel
653 2338 865 2371 devolutionis
890 2350 946 2371 seu

199 2383 262 2418 alio
274 2395 481 2428 quocumque
493 2392 671 2428 praetextu,
690 2392 719 2419 et
737 2397 772 2418 ex
793 2398 947 2430 quacum-

201 2444 263 2476 que
288 2443 395 2473 causa,
418 2434 621 2476 quantumvis
641 2434 766 2477 urgenti
792 2440 823 2467 et
842 2435 946 2478 legiti-

203 2492 264 2522 ma,
287 2492 344 2525 per
364 2492 422 2515 nos
441 2493 498 2515 seu
529 2493 752 2526 quoscumque
785 2483 864 2516 alios
888 2484 947 2517 Ro-

203 2540 312 2564 manos
331 2530 500 2564 Pontifices
525 2541 583 2575 pro
614 2536 759 2575 tempore
779 2532 947 2567 existentes.

875 151 978 175 Six'rus
996 152 1015 172 V
1034 150 1080 175 ΓΡ.

1636 127 1703 170 '86'7

994 204 1039 235 ret
1061 201 1174 235 sedem
1195 202 1391 245 pramtietam
1413 204 1467 233 aut
1497 198 1582 233 illius
1606 198 1742 242 legatos,

993 256 1087 289 etium
1109 256 1147 287 de
1179 256 1286 295 tau-rc,
1317 255 1410 287 ctiam
1434 258 1534 294 motu,
1557 252 1690 286 scientia
1713 257 1745 288 et

993 309 1158 352 potestatis
1184 307 1383 351 plenitudine
1417 306 1586 347 similibus,
1609 316 1664 340 scu
1686 299 1756 340 cu-'

995 362 1088 394 iusris
1110 361 1225 393 intuitu
1239 367 1269 394 et
1280 360 1563 404 contemplatione,
1578 370 1636 404 per
1646 371 1741 404 quas-

994 426 1131 459 cumque
1152 415 1271 447 litteras
1295 415 1499 458 apostolicas,
1521 414 1616 448 etiam
1633 413 1665 447 in
1681 414 1743 447 sor-

993 481 1044 502 ma
1064 468 1177 509 brevis,
1201 474 1232 501 et
1256 468 1381 512 quasvis
1406 469 1500 501 etiam
1525 468 1743 511 derogatoria-

994 534 1063 556 rum
1085 522 1315 565 derogatorias,
1334 533 1371 554 ac
1391 522 1540 555 fortiores
1555 522 1741 555 etinsolitas

992 576 1164 615 clausulas,
1185 585 1311 608 necnon
1336 574 1493 607 irritantia
1517 580 1547 607 et
1578 575 1640 608 alia
1660 585 1739 608 con-

994 629 1086 663 traria
1120 629 1248 662 decreta
1267 639 1493 672 quaecumque
1518 628 1663 671 derogari
1685 634 1740 663 aut

991 683 1180 725 derogatum
1201 681 1323 714 censeri
1348 692 1440 725 posse
1469 692 1574 725 neque
1607 682 1736 725 debere,

990 735 1050 768 nisi
1080 735 1112 768 in
1136 735 1200 768 illis
1219 735 1257 768 de
1278 740 1344 768 toto
1365 741 1475 769 tenore
1496 747 1531 768 ac
1553 736 1624 768 data
1643 747 1738 780 prac-

991 789 1142 827 sentium,
1178 799 1304 822 necnon
1340 789 1466 832 patroni
1501 800 1559 833 pro
1595 794 1738 832 tempore

990 843 1153 876 existentis
1168 842 1310 884 nomine,
1329 842 1519 885 cognomine
1536 842 1736 886 etqualitate,

989 897 1148 940 specialis,
1180 896 1327 941 specitica
1363 902 1394 929 et
1425 895 1587 929 individua
1618 896 1737 929 mentio

988 950 1069 983 sacta
1088 950 1193 991 suerit,
1213 961 1249 983 ae
1270 949 1412 983 ciusdem
1434 949 1559 993 patroni
1576 960 1634 993 pro
1655 955 1735 983 tem-

988 1014 1065 1046 pore
1086 1003 1246 1037 existentis
1266 1004 1305 1036 ad
1326 1004 1387 1036 hoc
1405 1014 1573 1046 expressus
1592 1014 1734 1037 accesse—

988 1057 1029 1090 rit
1048 1067 1208 1098 assensus;
1227 1063 1257 1090 et
1274 1057 1366 1090 aliter
1380 1056 1477 1090 factas
1498 1057 1732 1100 derogationes,

987 1121 1113 1143 necnon
1133 1121 1355 1154 quascumque
1369 1110 1567 1151 collationes,
1579 1110 1734 1154 provisio-

987 1175 1053 1201 nes,
1077 1165 1295 1205 commendas,
1326 1164 1612 1208 praesentationes,
1647 1164 1736 1197 insti-

986 1218 1126 1251 tutiones
1145 1219 1192 1251 vel
1205 1218 1283 1251 alias
1303 1217 1578 1261 dispositionesde
1597 1229 1735 1262 praepo-

986 1271 1098 1312 situra,
1125 1271 1281 1312 sacristia,
1313 1271 1522 1315 cappellaniis
1543 1276 1572 1304 et
1591 1271 1662 1303 aliis
1681 1272 1736 1304 be-

986 1325 1110 1358 neficiis
1130 1325 1314 1369 praedictis,
1333 1330 1369 1357 ut
1384 1325 1577 1369 praefertur,
1595 1325 1640 1358 vel
1658 1325 1736 1358 alias

986 1379 1097 1423 quovis
1117 1379 1222 1420 modo,
1246 1379 1340 1412 etiam
1359 1379 1443 1422 apud
1460 1378 1573 1412 Sedem
1590 1379 1734 1412 eamdem

986 1443 1044 1476 pro
1065 1437 1210 1476 tempore
1239 1432 1438 1472 vacantibus,
1472 1432 1635 1475 quibusvis
1661 1443 1734 1475 per-

986 1486 1070 1519 sonis
1096 1487 1183 1527 alias,
1204 1497 1300 1529 quam
1318 1487 1356 1519 ad
1374 1486 1665 1530 praesentationem
1682 1486 1736 1519 Mi-

986 1541 1106 1573 chaelis
1127 1546 1157 1574 et
1176 1540 1313 1574 aliorum
1331 1546 1543 1584 patronorum
1554 1540 1735 1583 praedicto-

986 1604 1069 1633 rum,
1096 1604 1152 1627 seu
1181 1594 1219 1626 de
1245 1604 1358 1627 eorum
1388 1604 1537 1635 expresso
1562 1603 1732 1631 consensu,

986 1647 1082 1680 etiam
1099 1658 1173 1680 curn
1183 1647 1312 1691 speciali
1323 1652 1353 1679 et
1367 1657 1512 1690 expressa
1526 1646 1735 1689 derogatione

986 1700 1255 1744 iurispatronatus
1286 1700 1470 1734 huiusmodi
1500 1711 1557 1744 pro
1592 1705 1735 1743 tempore

986 1755 1096 1796 saetas,
1124 1764 1357 1798 processusque
1384 1754 1521 1797 desuper
1540 1753 1677 1794 habitos,
1700 1765 1736 1787 ac

987 1808 1062 1841 inde
1091 1818 1150 1852 pro
1176 1814 1322 1852 tempore
1356 1812 1465 1840 secuta
1495 1818 1732 1851 quaecumque,

986 1862 1074 1894 nulla
1094 1868 1123 1894 et
1153 1862 1290 1894 invalida
1318 1861 1504 1904 nulliusque
1538 1861 1663 1894 roboris
1688 1862 1732 1894 vel

987 1915 1142 1948 momenti
1174 1916 1242 1948 sore
1269 1920 1299 1947 et
1327 1925 1405 1955 esse,
1431 1925 1467 1947 ae
1497 1925 1554 1958 pro
1585 1915 1682 1947 nullis
1705 1919 1736 1947 et

987 1969 1111 2002 insectis
1128 1969 1239 2002 haberi
1257 1974 1287 2001 et
1307 1968 1442 2008 censeri,
1465 1979 1523 2001 nec
1541 1968 1591 2000 ius
1611 1974 1661 2000 aut
1685 1978 1736 2001 co-

987 2023 1126 2055 loratum
1160 2022 1290 2054 titulum
1320 2021 1502 2064 possidendi
1533 2021 1649 2065 cuique
1684 2021 1736 2053 tri-

987 2076 1085 2109 buere
1106 2076 1153 2109 vel
1174 2075 1294 2119 perilla
1316 2075 1439 2118 acquiri
1453 2086 1557 2118 posse,
1581 2076 1633 2108 sed
1648 2086 1735 2119 prae-

987 2130 1179 2163 sentationes
1204 2140 1261 2172 per
1282 2129 1464 2161 lllicliaelem
1487 2135 1514 2161 et
1543 2129 1623 2162 alios
1651 2129 1736 2162 sutu-

988 2193 1039 2215 ros
1064 2188 1215 2226 patronos
1236 2182 1415 2225 praedictos
1435 2193 1493 2225 pro
1519 2187 1662 2226 tempore
1689 2184 1734 2215 sa-

988 2241 1062 2276 etas,
1088 2241 1118 2269 et
1151 2236 1339 2269 subsecutas
1368 2235 1593 2277 institutiones,
1618 2236 1736 2269 validas

988 2295 1018 2322 et
1038 2289 1182 2322 efficaces
1203 2290 1283 2329 sore,
1306 2300 1445 2332 suosque
1466 2289 1597 2322 effeetus
1613 2290 1732 2331 sortiri,

988 2337 1127 2381 ipsisque
1148 2338 1359 2381 praesentatis
1385 2343 1415 2371 et
1434 2338 1584 2371 institutis
1604 2340 1665 2373 tale
1686 2339 1734 2372 ius

988 2386 1019 2418 in
1040 2398 1073 2419 re
1094 2393 1125 2419 et
1162 2387 1200 2419 ad
1232 2397 1300 2420 rem
1323 2387 1444 2430 acquiri
1478 2387 1606 2428 debere,
1640 2389 1735 2431 quale

989 2435 1168 2478 acquiritur
1182 2437 1392 2480 praesentatis
1412 2442 1442 2469 et
1462 2436 1614 2470 institutis
1626 2438 1664 2471 ad
1682 2439 1735 2471 be-

988 2484 1103 2517 neticia
1141 2484 1179 2518 de
1203 2495 1276 2518 vero
1301 2491 1332 2518 ct
1366 2486 1444 2518 reali
1474 2485 1735 2530 iurepatronatus

964 2575 972 2585 h
989 2534 1146 2567 laicorum
1166 2534 1325 2568 nobilium
1347 2540 1377 2569 et
1397 2534 1583 2578 illustrium,
1611 2535 1734 2573 ratione

1759 144 1812 174 An.
1828 145 1858 175 C.
1876 140 1944 176 ¹58?
