2059 3228
498 2 506 7 ·
514 0 685 30 WWW:
699 0 717 15 7
730 0 750 6 ⁸*

184 340 242 375 tas,
263 335 368 369 dictus
387 333 550 379 prioratus
573 331 690 365 debitis
710 341 776 365 non
795 330 924 364 fraude-

80 371 102 413 ,⁴¹
133 421 139 426 ,
182 393 236 421 tur
254 388 425 431 obsequiis,
446 388 498 419 >ed
524 386 593 419 cius
625 395 764 429 congrue
793 393 926 429 suppor-

183 445 292 474 tentur
310 451 409 473 onera
428 445 593 473 consueta.

224 493 240 538 ἓ
258 493 289 528 8.
311 494 395 527 Nulli
413 504 490 537 crgo
508 493 638 528 omnino
649 493 818 527 hominum
830 492 926 525 liceat

181 547 264 581 hanc
283 547 433 591 paginam
451 552 509 581 etc.

221 600 337 634 Datum
359 602 479 634 Romae
496 600 581 645 apud
598 600 753 634 Sanctum
778 599 923 639 Petrum,

179 664 265 688 anno
284 654 517 688 incarnationis
542 654 722 688 dominicae
754 653 925 686 millesimo

179 707 437 752 quingentesimo
445 707 666 751 octuagesimo
674 712 802 751 quarto,
813 712 925 740 octavo

178 761 330 795 kalendas
348 762 440 804 iunii,
463 761 670 806 pontificatus
706 760 808 794 nostri
840 770 925 793 anno

178 813 417 848 decimotertio.

226 870 290 902 Dat.
309 872 357 903 die
371 873 411 904 25
428 873 499 903 maii
519 873 607 911 1584,
628 876 710 912 pont.
728 881 805 903 anno
820 881 883 903 xm.

493 1027 614 1062 CLXVI.

176 1103 224 1140 De
239 1105 388 1138 electione
403 1105 583 1148 praepositi
601 1104 761 1148 yeneralss
785 1109 813 1137 el
842 1105 925 1137 alio-

221 1168 296 1191 rum
307 1159 530 1202 praelatorum
545 1159 801 1201 conqrequtiom's
816 1169 927 1190 mona-

221 1211 355 1244 chorum
373 1212 599 1245 Eremitarttm
618 1211 653 1244 S.
675 1211 871 1254 Hieronymi
889 1212 927 1244 de

224 1265 437 1300 Obseruantia
449 1292 457 1306 ‚
490 1266 757 1309 celebrationequc
791 1266 928 1308 capituli

221 1320 394 1365 yeneralis,
421 1324 451 1353 et
479 1321 658 1353 retentione
689 1319 847 1364 reqularis
874 1320 926 1352 ob-

221 1374 417 1407 servantiae.

179 1454 325 1490 Gregorius
346 1454 419 1490 Papa
435 1454 494 1484 xm
512 1454 622 1483 dilectis
633 1453 699 1483 tiliis
710 1455 869 1490 praeposito
882 1461 927 1490 ge·

222 1507 310 1537 nei-ati
329 1509 357 1537 ct
375 1508 578 1537 consultoribus
593 1508 815 1544 congregationis
835 1515 929 1537 mona-

223 1561 334 1591 chorum
342 1562 524 1591 Eremitarum
535 1563 628 1591 sancti
637 1559 790 1598 Hieronymi
796 1563 828 1591 de
837 1563 930 1592 obser-

223 1615 321 1645 vantia
337 1616 496 1646 salutemet
509 1617 688 1652 apostolicam
704 1617 929 1646 benedictionem.

224 1686 270 1720 Ea
285 1697 369 1730 quae
379 1687 418 1720 ad
429 1698 601 1732 prosperos
613 1687 789 1731 Religionis
807 1694 931 1722 vestrae

55 1731 57 1733 ¹
107 1735 110 1739 '
129 1763 146 1771 ..
182 1741 508 1778 successusordinata
524 1741 667 1782 suerunt,
684 1752 929 1786 nonnunquam,

182 1803 243 1838 pro
253 1803 366 1827 eorum
379 1793 512 1828 veritate
527 1794 542 1817 1
554 1800 587 1829 et
599 1800 782 1839 temporum
795 1796 931 1837 ratione,

184 1840 314 1890 expedit
332 1847 520 1881 immutare.

228 1900 244 1943 5
261 1899 293 1934 1.
316 1900 402 1934 Alias
421 1901 592 1944 siquidem,
609 1902 706 1936 rebus
717 1909 841 1937 vestrae
857 1915 934 1937 con-

42 1964 57 1978 ·,
91 1960 173 2015 ιιιεΙι
168 1954 384 2015 gregationis
427 1955 653 1989 emendatione
692 1957 932 2000 indigentibus,

87 1997 344 2058 ‘fflpleraque
363 2008 402 2041 ad
430 2019 544 2052 preces
571 2015 693 2043 vestiis
722 2010 935 2052 decieximus‚

51 2054 177 2106 fss·]¹¹⁰”⁸
143 2064 224 2108 met
250 2061 441 2104 praesertim
469 2062 507 2095 de
536 2067 682 2106 tempore
713 2064 938 2097 celcbtationis

65 2125 68 2128 ·
137 2115 178 2146 “l
192 2112 334 2158 capituli
343 2115 619 2158 vestrigeneialis‚
630 2117 733 2160 deque
744 2118 838 2150 modo
854 2119 938 2151 elec-

96 2163 121 2215 ᾗ),
134 2179 180 2206 120-
195 2166 290 2200 ttonts
328 2169 504 2214 praepositi
545 2170 729 2213 ςοηεΐιὶἰς,
778 2172 941 2205 consulto-

193 2229 280 2261 rum,
309 2221 523 2263 visitatorum,
557 2223 779 2263 definitomm,
813 2235 940 2258 necnon

194 2272 355 2318 priorum,
376 2274 569 2308 vicariorum
595 2282 627 2309 et
647 2277 786 2310 aliorum
806 2278 845 2311 ad
873 2289 944 2310 mu-

195 2325 250 2359 nia
262 2326 368 2360 dictae
381 2329 639 2371 congregationis
658 2331 942 2372 desumendomm,

198 2389 376 2424 commque
396 2382 618 2424 qualitatibus,
638 2384 828 2417 muneribus
848 2390 880 2417 et
899 2385 945 2418 of-

198 2431 292 2474 ficiis,
315 2433 450 2478 aliisque
477 2435 622 2478 regimen
652 2443 684 2469 et
706 2437 868 2483 salubrem
895 2439 943 2471 di-

102 2482 114 2511 ·“
158 2483 166 2493 “
200 2486 378 2519 rectionem
404 2487 549 2521 ciusdem
574 2490 832 2532 congregationis
868 2502 945 2524 eon-

193 2539 419 2580 cernentibus,
442 2546 480 2573 ut
498 2541 630 2574 diversis
657 2543 727 2575 aliis
755 2543 874 2575 nostris
892 2545 945 2577 lit-

147 2606 153 2613 ·
202 2591 280 2628 teris
297 2593 426 2637 plenius
452 2594 650 2636 continetur3
665 2596 732 2637 sed,
749 2601 786 2628 ut
800 2597 948 2640 probavit

237 2659 259 2687 1v
271 2659 415 2694 Varietate,
432 2660 554 2688 Cherub.
575 2662 615 2696 (a.
629 2662 666 2696 T).

281 2703 355 2735 Ball.
378 2704 454 2734 Rom.
477 2705 530 2735 Vol.
553 2706 624 2736 VIII.
794 2707 831 2737 60

787 277 962 303 annnonws
980 277 1034 301 xm
1058 277 1105 301 PF.

1603 264 1668 299 473

965 334 1110 369 eventus,
1132 339 1243 363 eorum
1265 328 1441 369 nonnullis,
1463 327 1527 362 sive
1547 326 1713 361 mutandis

967 382 1031 416 sive
1055 382 1254 426 corrigendis
1286 394 1368 417 nova
1396 388 1445 417 est
1474 392 1576 427 opera
1599 381 1713 415 adiun-

965 435 1078 478 genda.

1010 489 1025 532 ἓ
1045 488 1076 522 ⁶2.
1099 487 1216 529 Quare,
1237 489 1299 522 illis
1314 490 1570 534 omnibus,quae
1589 494 1621 523 et
1635 499 1714 534 qua-

966 596 1121 638 rescissis,
1144 596 1261 630 ceteris
1289 597 1320 630 in
1350 608 1409 631 suo
1439 598 1555 631 robore
1584 608 1712 642 perma-

966 649 1128 691 nentibus,
1149 652 1342 684 auctoritate
1364 651 1582 694 praesentium
1597 652 1712 685 statui-

967 713 1038 736 mus
1058 708 1091 736 et
1110 703 1298 737 ordinamus
1318 709 1355 736 ut
1374 705 1520 748 posthac,
1544 705 1575 738 in
1599 716 1714 750 perpe-

967 761 1072 797 tuum,
1087 757 1267 800 capitulum
1282 762 1422 790 vestrum
1443 759 1593 801 generale
1617 759 1713 793 tertio

966 821 1096 854 quoque
1123 821 1208 843 anno
1241 811 1442 850 celebretur3
1477 812 1607 845 interim
1638 824 1713 847 vero

966 863 1101 907 singulis
1130 864 1223 897 annis
1255 865 1460 908 praepositus
1491 867 1650 909 generalis
1682 872 1715 900 et

967 918 1180 959 consultores,
1203 918 1258 962 qui
1280 929 1338 961 pro
1358 924 1505 962 tempore
1525 926 1632 961 erunt,
1654 931 1714 965 pro

966 981 1137 1012 novorum,
1159 971 1184 1004 si
1205 972 1251 1005 eis
1270 972 1420 1016 expedire
1436 972 1610 1014 videbitur,
1629 974 1714 1007 vica-

967 1025 1090 1058 riorum
1108 1031 1141 1059 et
1160 1036 1405 1060 oeconomorum
1418 1027 1522 1060 dictae
1538 1038 1714 1071 congrega-

967 1078 1065 1112 tionis
1084 1079 1244 1112 electione
1264 1085 1518 1123 congregentur.

1011 1133 1026 1176 ἓ
1047 1131 1077 1166 3.
1100 1133 1140 1166 Et
1159 1133 1184 1166 si
1205 1134 1373 1176 contingat
1403 1135 1553 1168 eumdem
1577 1146 1714 1179 praepo-

967 1185 1066 1219 situm
1086 1186 1171 1219 intra
1190 1187 1252 1220 hoc
1274 1187 1453 1220 triennium
1481 1188 1639 1222 decedere
1667 1190 1716 1222 vel

967 1239 1075 1273 officio
1095 1240 1247 1281 amoveri,
1265 1241 1467 1274 consultores
1495 1244 1716 1285 congregatio-

968 1293 1018 1326 nis
1040 1293 1228 1327 huiusmodi
1256 1305 1331 1327 suos
1356 1295 1482 1339 priores
1508 1295 1594 1328 illico
1620 1297 1659 1329 ad
1683 1308 1716 1330 se

968 1353 1114 1388 avocent,
1136 1348 1191 1391 qui
1212 1347 1298 1381 intra
1324 1348 1516 1391 vigesimum
1553 1350 1638 1382 diem
1676 1351 1717 1383 ad

969 1401 1078 1434 locum
1117 1401 1348 1435 celebrationis
1385 1402 1513 1436 futurae
1551 1404 1717 1437 electionis

969 1455 1042 1488 novi
1065 1456 1243 1500 praepositi
1267 1457 1426 1499 generalis
1450 1463 1579 1500 praesto
1599 1458 1716 1491 adsint.

1013 1509 1028 1552 ἓ
1045 1509 1078 1542 4.
1100 1509 1235 1542 Interim
1245 1520 1321 1543 vero
1339 1511 1506 1543 consultor
1522 1511 1719 1555 professione

970 1562 1307 1605 antiquissimusvices
1317 1563 1609 1608 auctoritatemque
1627 1576 1719 1608 prae-

972 1615 1068 1659 positi
1084 1616 1245 1659 generalis
1262 1616 1294 1649 in
1315 1617 1468 1650 omnibus
1483 1624 1586 1661 gerat.

1015 1669 1030 1712 ξ
1049 1669 1080 1702 5.
1111 1669 1176 1713 ,Ipsi
1196 1674 1305 1702 autem
1324 1670 1449 1714 priores
1468 1682 1541 1704 cum
1568 1682 1721 1715 procura-

1728 636 1792 658 iubet.

1731 1277 1814 1300 ligatur.

1735 1598 1776 1616 ra!-

973 1776 1112 1809 aliorum
1133 1777 1331 1820 regularium
1352 1778 1499 1810 locorum
1520 1778 1624 1812 dictae
1644 1789 1720 1812 con-

974 1831 1181 1873 gregationis,
1202 1831 1291 1864 iuxta
1311 1831 1461 1875 antiquas
1485 1831 1570 1864 illius
1603 1833 1722 1865 consti-

976 1884 1131 1925 tutiones,
1145 1885 1185 1918 ad
1199 1884 1377 1929 capitulum
1394 1886 1542 1928 generale
1554 1887 1720 1926 accedant,

977 1943 1009 1970 et
1028 1937 1180 1970 electioni
1205 1938 1380 1982 praepositi
1410 1939 1568 1981 generalis
1587 1950 1624 1972 ac
1644 1940 1724 1972 defi-

978 1991 1121 2024 nitorum
1141 1992 1328 2025 huiusmodi
1353 1991 1511 2025 intersint.

1023 2045 1037 2088 ξ
1057 2045 1313 2089 6.P1aepesitus
1329 2056 1403 2078 veto
1419 2046 1649 2078 etdelinitoies
1666 2046 1726 2079 hu-
1767 2053 1798 2074 un
1812 2057 1881 2075 autem
1897 2060 1922 2075 ex

980 2098 1119 2131 iusmodi

981 2152 1153 2195 eliganttu.

1146 2099 1185 2132 de
1212 2099 1360 2142 ptiorum
1380 2099 1569 2132 eorumdem
1589 2109 1726 2143 corpme
1741 2120 1823 2143 gamm

1026 2205 1092 2248 37.
1115 2204 1277 2245 Ceterum,
1316 2204 1603 2238 constitutionibus
1637 2216 1729 2249 prae-
1769 2218 1864 2239 prioratu
1885 2218 1926 2238 an-

1743 2256 1783 2278 quo
1827 2253 1925 2273 vacante,

1743 2282 1876 2308 praepositus
1905 2283 1926 2299 et

1744 2311 1879 2333 consultores
1903 2317 1927 2329 a·

1744 2343 1792 2364 lium
1803 2349 1827 2363 ex
1843 2341 1927 2362 vicariis

983 2258 1076 2290 dictis
1097 2258 1309 2298 inhaerendo,
1332 2258 1357 2290 si
1385 2258 1552 2300 contingat
1588 2259 1728 2302 aliquem

984 2311 1145 2344 dictorum
1166 2312 1314 2355 priorum
1334 2311 1419 2344 intra
1447 2311 1635 2353 triennium,
1665 2323 1729 2357 quo

985 2365 1162 2408 capitulum
1188 2365 1292 2408 ipsum
1322 2365 1473 2407 generale
1502 2365 1730 2399 celebrandum
1746 2375 1881 2396 substituant.

985 2418 1058 2456 erit,
1081 2417 1246 2458 decedere,
1267 2419 1315 2451 vel
1336 2429 1352 2451 a
1373 2418 1519 2462 prioratu
1535 2429 1591 2452 suo
1607 2419 1732 2463 regula-

986 2466 1066 2499 riter
1093 2466 1246 2507 amoveri‚
1273 2477 1311 2500 eo
1343 2478 1419 2500 casu
1442 2467 1650 2511 praepositus
1677 2480 1731 2512 ge-

986 2515 1105 2548 neralis
1134 2521 1163 2548 et
1191 2516 1394 2549 consultores
1430 2516 1588 2560 praedicti
1624 2518 1730 2551 statim

987 2563 1126 2607 aliquem
1158 2575 1195 2596 ex
1219 2563 1347 2597 vicariis
1375 2565 1645 2599 monasteriorum
1679 2572 1735 2599 ant

988 2613 1124 2645 aliorum
1158 2613 1356 2656 regularium
1384 2614 1530 2648 locorum
1559 2625 1734 2659 congrega--

990 2661 1087 2695 tionis
1105 2661 1304 2704 huiusmodi,
1335 2662 1369 2696 in
1397 2663 1505 2698 locum
1525 2664 1667 2698 defuncti
1687 2664 1733 2698 vel

1727 271 1779 299 An.
1796 270 1909 300 015}st

1743 504 1860 533 Capitulum
1877 507 1911 527 td-

967 547 1061 575 tenus
1081 543 1306 586 praesentibus
1331 544 1461 585 obsunt,
1491 543 1656 577 subductis
1681 538 1911 598 etflffffibessffssfffiff

1728 603 1763 624 nlo
1805 602 1911 624 celebrari

1743 1149 1867 1177 Praeposito
1879 1154 1913 1175 ge-

1730 1181 1798 1203 nerali
1826 1182 1913 1201 interim

1731 1214 1849 1235 dercdente
1878 1211 1913 1231 vel

1731 1248 1809 1270 amoto,
1825 1243 1879 1265 alter
1890 1247 1912 1263 e·

1748 1530 1859 1557 Antiquior
1866 1535 1916 1549 con-

1735 1561 1801 1582 sultor
1814 1561 1872 1581 vices
1883 1566 1917 1586 gc-

1833 1686 1917 1706 Priores

974 1722 1097 1756 toribus
1139 1723 1341 1766 singulorum
1376 1725 1646 1758 monasteriorum
1690 1732 1721 1759 et
1735 1722 1919 1770 ζξζὸᾗξᾙυςμζζ

1736 1780 1822 1800 lectioni
1832 1783 1919 1806 praepo<

1738 1812 1773 1831 siti
1788 1814 1808 1830 e·-
1820 1810 1920 1830 definito-

1737 1848 1781 1862 rum
1797 1841 1905 1862 intersint.

1740 2087 1770 2112 pri
1774 2092 1804 2106 ori
1800 2086 1846 2106 isbu
1882 2086 1923 2106 cli-
