2059 3228
32 233 63 268 G.
78 238 147 268 ¹577
193 236 198 243 ”

40 565 90 592 pon
109 568 134 584 un

35 593 148 622 protento—

31 625 133 646 omnum.

163 296 241 332 tant,
267 295 299 325 et
330 286 369 324 ab
393 291 439 325 eis
468 289 699 334 professionem
720 290 900 333 regularem

160 344 235 379 dicti
254 344 380 378 Ordinis
408 344 438 378 S.
466 344 584 385 Basilii,
618 345 642 377 si
672 345 758 377 illam
789 348 902 387 sponte

160 397 304 432 emittere
330 397 502 437 voluerint,
540 398 716 441 recipiant,
750 397 902 430 facientes

158 460 215 484 eos
229 450 353 483 sincera
364 450 406 482 ibi
419 450 451 483 in
465 450 601 484 Domino
613 450 745 484 caritate
759 449 898 482 tractari.

205 502 220 546 g
239 501 292 536 ⁶20.
303 502 364 535 Sed
378 508 406 535 ct
422 503 551 546 eosqui
569 503 599 535 in
615 502 785 547 praedictis
798 501 901 535 domi-

136 555 222 588 -bus
240 566 297 588 seu
316 555 510 589 eremitoriis
529 556 577 589 del
594 556 718 588 Turdam
738 561 768 588 et
781 555 820 587 de
830 555 902 588 Gal-

160 608 314 652 lcyuillos,
335 609 395 641 sub
421 609 600 641 voluntaria
624 607 821 646 obedientia,
845 619 902 650 per

159 672 279 694 annum
301 666 331 694 et
350 662 435 694 ultra
455 663 516 694 iam
529 661 776 706 permanserint,
795 661 900 693 statim

160 713 216 747 ubi
241 714 460 758 praesentium
485 714 630 748 notitiam
651 713 839 754 habuerint,
862 713 902 745 ad

159 766 390 810 profitendum,
413 772 448 800 ut
474 767 664 810 praefertur,
695 766 827 799 omnino
857 772 902 799 te-

159 820 412 863 neantur3quod
423 826 460 853 ut
477 819 593 853 faciant
614 819 830 863 praecipimus
845 830 904 863 per

159 879 355 918 praesentes.

202 926 218 970 g
238 926 290 959 21.
317 927 492 966 Postremo,
515 925 802 959 animadvertentes
835 936 904 958 eos-

37 977 100 1034 apuu
134 979 232 1012 ¹dem
251 979 300 1012 del
321 979 447 1012 Tardo‘n
467 984 495 1012 et
517 979 555 1012 de
586 979 799 1022 Galleyuillos,
832 984 903 1022 post

159 1036 361 1075 praetensam
374 1031 607 1074 professionem
618 1031 651 1064 in
664 1031 740 1064 dicti
754 1031 902 1064 Matthaei

159 1084 309 1118 manibus
327 1083 384 1125 sic,
406 1090 442 1117 ut
461 1085 653 1128 praefertur,
671 1084 831 1125 emissam,
844 1095 903 1128 pro

157 1144 232 1171 vere
252 1137 403 1181 professis
421 1137 548 1171 habitos
567 1137 676 1177 fuisse,
699 1138 904 1171 decernimus

159 1194 192 1224 et
214 1190 416 1224 declaramus
426 1190 509 1229 illos,
524 1191 611 1223 iuxta
627 1191 846 1234 exemptiones
867 1202 903 1223 ac

159 1242 327 1287 privilegia
345 1243 471 1277 Ordinis
487 1244 519 1277 S.
538 1244 646 1276 Basilii
666 1245 714 1277 vel
733 1244 811 1277 alias
830 1255 905 1277 ron-

160 1307 260 1337 cessa,
282 1296 322 1329 ad
337 1296 530 1330 solutionem
554 1297 755 1330 decimarum
775 1298 904 1340 frugum

158 1354 192 1383 et
207 1349 395 1382 animalium
408 1360 445 1382 ac
465 1350 602 1383 aliarum
622 1361 744 1389 rerum,
766 1357 848 1393 'quae
868 1361 905 1383 ex

159 1413 291 1436 suarum
304 1413 460 1435 manuum
475 1403 587 1436 labore
604 1414 621 1436 a
636 1403 686 1436 die
698 1403 906 1446 professionis

159 1460 348 1498 praetensae
362 1455 550 1488 huiusmodi
567 1466 669 1499 usque
685 1455 814 1487 adhaec
829 1461 907 1488 tem·

159 1517 239 1551 pora
259 1508 471 1551 collegerunt,
494 1519 530 1541 ac
554 1508 586 1541 in
615 1514 779 1551 posterum
804 1519 905 1552 usque

159 1561 200 1594 ad
219 1570 320 1594 novae
351 1561 558 1604 professionis
581 1567 729 1605 tempora
756 1561 907 1604 colligent

159 1614 209 1647 vel
228 1614 512 1654 administrabunt,
543 1614 675 1647 minime
705 1614 820 1653 teneri,
847 1625 906 1647 nec

150 1666 319 1710 ,obligatos
338 1667 434 1701 fuisse
459 1673 514 1701 aut
543 1678 628 1708 esse,
650 1678 710 1701 nec
729 1668 769 1701 ad
789 1668 833 1700 id·
849 1678 908 1711 per

161 1718 307 1753 loco‘rum
318 1720 501 1754 ordinarios
511 1726 567 1753 aut
576 1720 656 1754 alios
670 1731 905 1764 quoscumque,

111 1795 118 1804 .
160 1772 202 1805 ad
221 1782 304 1816 quos
323 1773 524 1806 decimarum
544 1771 731 1806 earumdem
759 1773 907 1806 collectio

161 1831 295 1869 spectat,
315 1825 386 1869 cogi
407 1826 472 1860 sive
491 1826 643 1870 compelli
662 1837 767 1871 posse.

207 1879 223 1922 ἓ
241 1878 295 1911 2³2.
317 1879 513 1923 Irritumque
531 1884 562 1912 et
577 1880 672 1912 inane
688 1879 842 1923 quicquid
862 1890 909 1912 se-

41 1937 106 1959 reum
119 1937 151 1977 ¹¹5
164 1941 221 1964 cus
239 1940 338 1976 super
355 1931 406 1965 his
429 1943 447 1965 a
465 1942 642 1976 quoquam,
664 1932 774 1975 quavis
798 1937 909 1964 aucto-

146 1983 267 2025 ⁴ritate,
287 1985 426 2018 scienter
443 1986 492 2018 vel
512 1985 710 2028 ignoranter,
737 1985 910 2027 contigerit

164 2037 326 2071 attentari.
353 2037 437 2076 Quin
465 2038 561 2071 etiam
595 2048 650 2073 cos
682 2038 849 2071 universos
879 2043 910 2070 ct

165 2089 307 2132 singulos
327 2101 345 2123 a
363 2091 522 2124 solutione
537 2091 700 2134 praedicta
717 2090 910 2123 absolvimus

166 2147 198 2175 et
219 2143 406 2176 liberamus«.

210 2190 298 2238 5³23.
320 2195 477 2234 Quocirca
501 2196 675 2229 venerabili
697 2196 786 2241 fratri
800 2201 910 2229 nostro

41 2259 150 2278 eunom
166 2247 370 2292 patriarchae
388 2249 601 2282 Alexandrino
629 2254 659 2282 et
687 2249 812 2282 dilectis
838 2249 911 2281 tiliis

29 2287 80 2308 utin
127 2293 139 2310 e

31 2316 92 2343 tutes.

143 2291 150 2309 ¹
168 2299 396 2333 archidiacono
406 2300 585 2343 Hispalensi
602 2312 637 2334 ac
656 2302 761 2334 abbati
776 2301 909 2334 Sanctae

168 2353 258 2386 Fidei
278 2353 311 2385 in
331 2352 465 2385 ecclesia
484 2353 669 2387 Granatensi
695 2364 753 2397 per
783 2360 911 2398 aposto-

146 2434 149 2437 .
168 2406 232 2439 lica
251 2405 370 2448 scripta
388 2405 577 2438 mandamus
603 2412 764 2449 quatenus
783 2407 843 2450 ipsi
863 2407 910 2439 vel

150 2455 235 2488 ‚duo
254 2460 310 2487 aut
334 2464 418 2486 unus
437 2464 562 2492 corum,
596 2465 653 2497 per
680 2465 712 2487 se
737 2454 784 2486 vel
812 2454 910 2486 alium

170 2513 227 2536 seu
242 2502 334 2542 alios,
346 2507 530 2545 praesentes
550 2501 669 2534 litteras
677 2508 707 2534 et
727 2502 759 2534 in
777 2502 821 2534 eis
835 2512 912 2534 con-

170 2555 258 2582 tenta
277 2559 515 2593 quaecumque,
539 2549 593 2581 ubi
617 2555 647 2582 et
670 2550 801 2592 quando
831 2560 913 2592 opus

171 2598 278 2639 suerit,
300 2609 336 2631 ac
356 2598 481 2641 quoties
493 2609 550 2640 pro
567 2604 656 2640 parte
673 2599 911 2642 praedictorum

248 2647 323 2678 Bau.
345 2646 420 2677 Rom.
448 2647 500 2677 t'ut.
529 2647 598 2676 t‘m.
757 2647 795 2677 24

746 235 923 262 finncomtts
938 231 996 260 xm
1016 235 1062 259 PF.

1578 226 1643 261 185

943 293 974 321 et
1011 287 1161 328 aliorum,
1193 297 1332 331 quorum
1362 288 1505 328 interest,
1542 288 1687 321 intererit

943 345 997 374 aut
1017 340 1169 373 interesse
1190 342 1318 383 poterit,
1336 348 1388 374 aut
1411 342 1687 385 praesentodiuo-

943 403 996 425 rae
1012 393 1256 436 quomodolibet
1276 400 1486 434 concernunt,
1505 394 1621 428 fuerint
1639 406 1687 427 re-

942 445 1063 489 quisiti,
1089 446 1275 479 solemniter
1296 448 1506 489 publicantes,
1529 447 1638 490 eisque
1656 449 1686 480 in

942 499 1127 542 praemissis
1147 499 1342 539 assistentes,
1365 501 1481 532 furiant,
1496 501 1687 534 auctoritate

942 558 1051 585 nostra
1071 553 1197 585 easdem
1219 553 1341 585 litteras
1361 559 1390 585 et.
1406 564 1629 597 quaecumque
1655 555 1687 587 in

943 604 1006 637 illis
1025 605 1236 637 continentur
1254 605 1391 637 tirmiter
1423 606 1596 639 observari.
1618 608 1687 640 Non

942 657 1165 700 permittentes
1185 668 1238 690 eos
1257 658 1307 690 vel
1333 668 1444 690 eorum
1471 660 1610 702 aliquem
1631 661 1688 693 dc-

943 710 1336 753 superaquiliuscumquc
1354 711 1495 743 indebite
1512 714 1686 753 molestari;

943 763 1195 796 contradictores
1226 764 1387 806 quoslibet
1421 770 1451 796 et
1483 766 1618 798 rebelles
1652 779 1688 799 ae

943 816 1128 859 praemissis
1148 827 1211 849 non
1226 823 1387 860 parentes,
1402 828 1460 860 per
1476 818 1552 850 iuri>
1569 825 1595 851 et
1615 820 1686 852 facti

943 869 1086 902 remedia
1106 875 1298 914 opportuna,
1319 882 1355 903 ac
1375 871 1505 903 demum
1535 883 1593 915 per
1615 884 1687 906 sen-

943 921 1069 959 tentias,
1091 933 1244 955 censuras
1264 928 1295 955 et
1314 934 1434 966 poenas
1444 925 1686 966 ecclesiasticas,

943 975 1158 1019 appellatione
1169 976 1356 1019 postposita,
1375 978 1625 1020 compescendo;
1638 990 1686 1019 ac,

944 1028 1094 1071 legitimis
1114 1039 1211 1071 super
1230 1028 1279 1061 his
1299 1029 1454 1062 habendis
1474 1030 1602 1063 servatis
1622 1042 1688 1064 ser-

943 1080 1053 1113 vandis
1073 1081 1289 1124 processibus,
1311 1082 1383 1114 illos
1403 1083 1588 1123 sententias,
1614 1095 1689 1116 een-

944 1144 1035 1166 suras
1059 1139 1089 1166 et
1109 1142 1228 1177 poenas
1247 1134 1432 1168 huiusmodi
1446 1136 1620 1169 incurrisse
1634 1137 1689 1169 de-

945 1187 1111 1226 clarando,
1134 1187 1267 1230 illasque
1289 1189 1385 1220 etiam
1420 1189 1540 1222 iteratis
1570 1190 1692 1223 vicibus

945 1239 1158 1282 aggravando,
1191 1240 1337 1273 invocato
1366 1241 1462 1274 etiam
1494 1242 1533 1274 ad
1564 1242 1637 1282 hoe,
1665 1244 1689 1276 si

945 1302 1027 1336 opus
1051 1293 1156 1333 fuerit,
1177 1294 1295 1327 auxilio
1315 1295 1439 1327 brachii
1460 1295 1645 1329 saecularis.

990 1346 1004 1389 ξ
1028 1345 1081 1378 ⁶24.
1104 1346 1173 1379 Non
1193 1346 1394 1380 obstantibus
1424 1346 1495 1392 piae
1516 1349 1691 1382 memoriae.

945 1399 1213 1443 BonifaciiPapae
1223 1400 1286 1433 wll
1297 1426 1304 1440 ,
1317 1401 1562 1443 praedecessoris
1577 1402 1690 1442 nostri,

947 1452 986 1484 de
1006 1463 1082 1492 una,
1105 1458 1135 1486 et
1165 1453 1293 1486 concilii
1318 1453 1477 1495 generalis
1506 1455 1544 1487 de
1570 1455 1695 1487 duabus

946 1505 1071 1545 diaetis,
1094 1505 1270 1539 dummodo
1290 1507 1375 1539 ultra
1398 1511 1463 1539 tres
1486 1507 1606 1540 diaetas
1636 1509 1694 1540 ali-

948 1559 1020 1602 quis
1043 1559 1151 1601 vigore
1172 1560 1389 1603 praesentium
1405 1560 1444 1592 ad
1457 1560 1612 1593 iudicium
1630 1572 1695 1594 non

947 1613 1104 1651 trahatur,
1128 1618 1156 1645 et
1178 1613 1342 1656 quibusvis
1366 1613 1437 1646 aliis
1457 1614 1695 1647 constitutioni-

946 1663 1008 1698 bus
1027 1672 1058 1698 et
1082 1666 1340 1699 ordinationibus
1364 1667 1559 1710 apostolicis;
1581 1678 1617 1700 ac
1638 1667 1695 1701 Or-

948 1718 1031 1751 dinis
1055 1718 1211 1761 praedicti
1232 1718 1383 1762 illiusque
1413 1720 1694 1759 monasteriorum,

948 1771 1043 1804 etiam
1055 1771 1249 1811 iuramento,
1263 1772 1509 1805 confirmatione
1521 1773 1696 1816 apostolica

947 1824 996 1856 vel
1017 1824 1127 1867 quavis
1147 1824 1297 1857 firmitate
1308 1824 1368 1857 alia
1381 1824 1554 1861 roboratis,
1572 1825 1695 1858 statutis

949 1883 980 1909 et
1010 1878 1316 1917 consuetudinibus;
1346 1879 1520 1922 privilegiis
1551 1889 1693 1920 quoque,

950 1930 1082 1963 indultis
1092 1936 1120 1963 ct
1138 1931 1253 1963 litteris
1269 1931 1464 1975 apostolicis,
1482 1930 1697 1974 eui‘uquibus-

950 1983 995 2015 vis
1018 1984 1172 2016 clausulis
1192 1990 1223 2016 et
1242 1983 1390 2023 decretis,
1414 1984 1444 2016 in
1462 1995 1579 2026 genere
1599 1985 1646 2016 vel
1663 1984 1695 2016 in

950 2036 1069 2079 specie,
1091 2047 1128 2069 ac
1148 2048 1221 2069 cum
1239 2037 1401 2079 quibusvis
1417 2036 1695 2078 derogatoriarum

951 2089 1163 2128 derogatoriis
1183 2090 1317 2132 aliisque
1343 2089 1576 2122 efficacioribus
1596 2095 1626 2121 et
1646 2089 1695 2121 in-

951 2141 1051 2174 solitis
1071 2142 1235 2181 clausulis,
1270 2142 1536 2184 irritamibusque
1571 2147 1601 2174 et
1626 2142 1696 2174 aliis

951 2194 1086 2228 decretis
1105 2196 1137 2227 in
1154 2196 1352 2228 eontrarium
1367 2195 1606 2237 quomodolibet
1621 2206 1697 2228 con-

952 2248 1060 2288 cessis,
1094 2249 1291 2281 confirmatIs
1319 2254 1349 2280 et
1378 2247 1551 2287 innovatis3
1578 2249 1696 2291 quibus

952 2301 1114 2338 erunibus,
1137 2301 1231 2333 etiam
1252 2301 1276 2332 si
1294 2301 1331 2332 de
1349 2300 1410 2332 illis
1426 2311 1603 2344 eorumque
1623 2303 1696 2334 totis

955 2355 1119 2387 tenoribus
1140 2354 1284 2386 habenda
1305 2358 1384 2385 esset
1405 2353 1526 2386 mentio
1538 2354 1696 2396 specialis,

953 2407 1087 2451 perinde
1108 2418 1142 2439 ae
1163 2407 1187 2438 si
1208 2407 1246 2438 (le
1268 2406 1363 2438 verbo
1383 2406 1421 2438 ad
1431 2406 1696 2440 verbuminsere-

954 2462 1066 2488 rentur
1089 2455 1323 2498 praesentibus,
1345 2465 1404 2497 pro
1428 2455 1583 2498 expressis
1603 2461 1632 2488 et
1652 2457 1698 2488 in-

954 2504 1046 2536 sertis
1067 2505 1230 2542 balwntes,
1251 2503 1312 2535 illis
1332 2503 1408 2535 alias
1433 2503 1465 2535 in
1489 2514 1547 2537 suo
1581 2506 1697 2538 robore

954 2552 1185 2594 permansuris,
1207 2551 1266 2583 hae
1287 2551 1354 2583 viee
1374 2553 1547 2593 dumtaxat,
1571 2564 1696 2597 specia—

957 2600 1029 2632 liter
1057 2606 1085 2632 et
1111 2610 1257 2643 expresse
1284 2599 1487 2644 derogamus,
1518 2602 1697 2646 ceterisque

1702 234 1743 261 An
1773 233 1791 261 C
1819 229 1883 261 1577

1730 1358 1841 1380 iltuizntae
1860 1360 1900 1380 de·

1707 1396 1825 1417 rogatorum
