2059 3228
311 251 395 286 1100

395 315 585 358 Sequuntur
626 312 861 347 declarationes
907 311 1009 345 dictae

352 367 601 407 constitutionis,
623 367 697 400 955.

264 422 365 454 CXIII.
387 421 582 454 Reformatio
599 419 714 454 Curiae
734 420 836 453 almae
847 419 941 452 Urbis
954 429 1009 462 gn-

352 474 533 508 bernatoris
553 473 658 518 quoad
679 473 799 512 civiles,
821 472 896 506 960.

394 527 546 571 Sequitur
564 526 773 567 Reformatio,
795 525 871 559 961.

264 580 362 614 cxlv.
390 580 666 623 Indulgentiarum
691 579 838 623 elargitio
857 589 916 623 pro
932 588 1010 621 quo-

351 634 500 667 rumdam
513 633 763 667 christianorum
777 633 1008 677 imperatorum

350 687 544 720 numismata
561 686 771 730 gestantibus,
782 686 1007 726 autecclesias,

350 741 406 774 ubi
442 751 479 774 ea
525 746 749 782 asservantur,
792 740 1006 780 visitantibus,

350 800 382 827 et
400 794 453 838 pia
473 804 571 838 opera
590 794 645 828 hic
665 804 813 838 expressa
834 793 1010 827 exercenti-

349 848 421 889 bus,
441 848 516 882 966.

265 900 348 934 CXV.
365 900 574 935 Confirmatio
598 900 840 945 privilegiorum
861 900 1007 940 civitatis,

350 960 510 988 terrarum
532 961 564 988 et
580 955 728 989 locorum
756 954 927 988 comitatus
947 953 1010 987 Esii

351 1019 427 1042 cum
440 1008 607 1042 nonnullis
621 1007 748 1042 statutis
758 1018 818 1053 pro
832 1007 1009 1042 directione

351 1061 495 1096 eiusdem
520 1061 704 1103 comitatus,
727 1061 803 1095 972.

265 1114 361 1148 Cxt'l.
377 1115 504 1148 Erectio
520 1115 647 1158 collegii
666 1115 697 1148 S.
712 1115 953 1148 Bonaventurae
977 1113 1010 1146 in

352 1174 513 1202 conventu
521 1168 712 1202 Sanctorum
722 1168 775 1201 XII
782 1168 1009 1212 Apostolorum

353 1221 393 1255 de
411 1221 495 1255 Urbe
507 1221 634 1255 Ordinis
650 1221 811 1254 Minorum
820 1225 1011 1254 conventua-

351 1275 443 1315 tium,
467 1274 543 1309 978·

266 1327 377 1362 CXVII.
399 1329 559 1363 Institutio
580 1328 766 1373 quindecim
787 1327 1010 1372 congregatio-

352 1393 430 1416 num
450 1382 481 1416 S.
508 1383 545 1416 R.
563 1382 598 1415 E.
621 1382 848 1422 cardinalium,
871 1392 944 1415 cum
960 1381 1010 1414 iu-

353 1436 577 1470 risdictionum
615 1441 645 1469 et
674 1435 863 1469 facultatum
896 1434 1011 1479 partita

355 1489 576 1531 concessione,
604 1489 644 1522 ad
674 1489 852 1523 faciliorem
881 1488 1010 1521 univer-

353 1553 406 1576 sae
416 1543 615 1587 reipublicae
634 1542 827 1576 christianae
840 1542 1011 1585 Statusque

352 1596 567 1630 Ecclesiastici
614 1602 646 1630 et
682 1596 846 1630 Romanae
897 1595 1011 1629 Curiae

353 1650 564 1693 negociorum
592 1654 623 1684 et
646 1659 817 1683 causarum
837 1649 1013 1693 expeditio-

353 1713 439 1744 nem,
459 1703 535 1738 985.

396 1757 609 1801 Congregatio
626 1756 731 1801 prima
756 1767 816 1801 pro
835 1761 944 1790 sancta
962 1756 1013 1789 In-

354 1810 537 1854 quisitione,
563 1810 639 1845 986.

396 1864 609 1908 Congregatio
640 1864 782 1898 secunda
814 1874 874 1908 pro
903 1863 1014 1908 Signa-

353 1923 426 1951 tura
445 1917 583 1959 Gratiae,
606 1917 682 1951 988.

398 1971 610 2015 Congregatio
636 1970 731 2004 tertia
757 1981 816 2015 pro
849 1971 1013 2004 erectione

355 2024 564 2058 eeclesiarum
590 2030 622 2058 et
645 2023 883 2068 provisionibus
907 2023 1013 2058 consi-

355 2077 550 2119 storialibus,
568 2077 642 2112 988.

398 2132 612 2176 Congregatio
639 2137 755 2175 quarta
778 2142 838 2176 pro
871 2132 1014 2166 ubertate

357 2195 504 2220 annonae
523 2185 629 2219 Status
643 2185 870 2227 Ecclesiastici‚
893 2184 968 2220 989.

400 2238 613 2283 Congregatio
632 2239 746 2283 quinta
758 2250 818 2284 pro
838 2238 936 2274 sacris
947 2239 1015 2273 riti-

355 2291 416 2326 bus
435 2298 466 2326 et
485 2292 708 2333 caeremoniis,
730 2292 806 2326 989.

400 2351 612 2395 Congregatio
631 2356 717 2386 sexta
741 2349 801 2395 pro
830 2351 930 2385 classe
957 2362 1014 2396 pa-

356 2409 457 2442 randa
467 2415 498 2443 et
509 2410 664 2444 servanda
683 2409 722 2442 ad
739 2409 845 2443 Status
859 2409 1017 2443 Ecclesia-

357 2467 427 2501 stici
447 2467 678 2508 defensionem,
695 2466 771 2501 990.

401 2525 610 2569 Congregatio
630 2526 775 2569 septima,
786 2536 845 2569 pro
859 2525 965 2559 Indice
980 2526 1014 2558 li-

358 2583 490 2616 brorum
510 2583 761 2628 prohibitorum,
783 2583 858 2617 990.

401 2637 611 2682 Congregatio
627 2647 738 2673 octava
755 2651 816 2683 pro
827 2640 1016 2674 executione

889 257 1036 284 nummu
1054 258 1172 284 nomm

1138 317 1169 344 et
1202 311 1464 355 interpretatione
1496 314 1625 349 concilii
1661 316 1795 352 Triden-

1138 364 1208 404 tini,
1230 364 1304 398 991.

1182 416 1393 461 Congregatio
1417 428 1503 452 nona
1523 430 1582 463 pro
1610 420 1716 456 Status
1739 423 1795 457 Ec-

1139 471 1306 505 clesiastici
1343 473 1583 515 gravaminibus
1625 475 1794 510 sublevan-

1137 524 1198 564 dis,
1221 524 1296 558 999..

1182 577 1392 621 Congregatio
1413 578 1537 613 decima
1556 590 1616 624 pro
1639 580 1798 616 Universi·

1138 634 1200 663 tate
1221 630 1324 664 Studii
1345 631 1490 673 Romani,
1510 632 1585 667 992.

1181 683 1393 728 Congregatio
1412 685 1583 720 undecima
1592 698 1651 731 pro
1664 688 1795 722 consul-

1139 737 1312 771 tationibus
1330 739 1542 782 regularium,
1563 739 1638 774 993.

1181 789 1391 834 Congregatio
1403 792 1594 827 duodecima
1603 804 1662 838 pro
1669 794 1796 828 consul-

1138 843 1313 878 tationibus
1337 845 1564 891 episcoporum
1589 854 1620 882 et
1654 848 1795 882 aliorum

1139 897 1368 939 praelatorum,
1388 899 1464 933 994.

1181 950 1393 995 Congregatio
1413 952 1632 988 decimatertia
1655 965 1714 998 pro
1736 954 1795 989 viis

1137 1004 1291 1047 pontibus
1310 1010 1340 1038 et
1359 1006 1451 1049 aquis
1470 1007 1634 1049 curandis,
1655 1007 1731 1042 995.

1181 1057 1392 1102 Congregatio
1412 1060 1653 1105 decimaquarta
1671 1072 1730 1106 pro
1750 1067 1795 1107 ty·

1138 1111 1316 1154 pographia
1338 1112 1500 1155 Vaticana,
1523 1113 1597 1148 996.

1181 1164 1394 1209 Congregatio
1401 1166 1638 1211 decimaquinta
1645 1177 1704 1211 pro
1717 1178 1795 1201 con-

1139 1217 1364 1252 sultationibus
1387 1220 1596 1263 negociorum
1616 1220 1722 1254 Status
1736 1221 1795 1255 Ec-

1139 1270 1318 1313 clesiastici,
1345 1271 1420 1306 996.

1181 1323 1334 1368 Sequitur
1380 1326 1552 1361 declaratio
1606 1327 1794 1362 facultatum

1139 1377 1376 1419 praedictarum
1401 1379 1704 1424 Congregationum,
1716 1379 1792 1415 997.

1181 1431 1368 1476 Sequuntur
1387 1433 1469 1467 aliae
1483 1434 1718 1468 declarationes
1725 1434 1795 1467 edi-

1139 1489 1189 1518 tae
1208 1485 1242 1518 in
1259 1486 1450 1520 consistorio
1468 1497 1499 1521 x1
1518 1487 1593 1521 maii
1611 1497 1792 1528 MDLxxxvll,

1141 1538 1226 1572 circa
1245 1539 1343 1573 dubia
1362 1540 1396 1573 in
1411 1540 1712 1585 congregationibus
1727 1551 1797 1574 eve-

1139 1592 1268 1635 nienda,
1290 1593 1366 1628 999.

1052 1644 1178 1679 CXVIII.
1201 1646 1379 1681 Prohibitio
1398 1647 1438 1681 ad
1457 1658 1546 1682 arma
1564 1659 1602 1682 ex
1629 1647 1797 1693 quibusvis

1140 1700 1258 1741 causis,
1279 1706 1407 1745 praeter
1433 1701 1488 1735 hic
1512 1707 1673 1747 exceptas,
1695 1712 1798 1735 arma-

1140 1758 1247 1787 torum
1268 1765 1382 1789 manus
1401 1761 1456 1789 aut
1475 1755 1649 1789 calvacatas
1673 1754 1797 1789 tumul-

1141 1812 1313 1852 tuosasque
1325 1809 1494 1845 hominum
1506 1809 1656 1843 collectas
1664 1809 1697 1842 in
1708 1807 1798 1842 Statu

1140 1860 1363 1895 Ecclesiastico
1383 1862 1611 1906 congregandi,
1632 1860 1708 1896 999·

1053 1910 1154 1946 CXIX.
1171 1914 1352 1958 Adscriptio
1364 1915 1396 1948 S.
1413 1916 1654 1949 Bonaventurae
1667 1913 1800 1947 Balneo-

1141 1967 1295 2011 regiensis
1322 1969 1408 2004 inter
1431 1969 1577 2013 egregios
1606 1973 1799 2011 sanctosque

1142 2021 1320 2056 catholicae
1340 2023 1496 2057 ecclesiae
1528 2023 1690 2064 doctores,
1723 2031 1799 2055 cum

1141 2074 1348 2119 indulgentiis
1371 2087 1431 2120 pro
1463 2076 1532 2110 eius
1562 2075 1729 2110 festivitate
1748 2073 1800 2108 die

1141 2129 1275 2162 xtviulii
1295 2130 1501 2171 celebranda,
1523 2129 1622 2164 1005.

1054 2180 1142 2215 CXX.
1164 2182 1392 2217 Monasterium
1411 2182 1517 2217 Sancti
1535 2181 1686 2228 Cypriani
1705 2191 1798 2215 men-

1142 2246 1195 2269 sae
1238 2236 1446 2280 patriarchali
1479 2236 1684 2271 Venetiarum
1727 2234 1800 2268 uni-

1143 2294 1206 2330 tur,
1226 2289 1324 2324 1013.

1055 2345 1157 2380 CXXI.
1179 2346 1346 2386 Quomodo
1371 2346 1482 2381 cleriei
1508 2347 1673 2391 regulares
1691 2345 1800 2381 Sancti

1142 2404 1232 2438 Pauli
1244 2404 1399 2439 Decollati
1415 2404 1551 2439 novitios
1562 2404 1602 2438 ad
1611 2415 1725 2438 eorum
1737 2404 1800 2438 Re-

1144 2463 1294 2507 ligionem
1314 2463 1481 2497 admittere
1500 2462 1636 2507 possint,
1656 2462 1754 2496 1017.

1056 2520 1168 2554 CXXll.
1204 2520 1362 2554 Institutio
1397 2519 1575 2568 praesidii?
1587 2519 1800 2554 ducentorum

1146 2578 1281 2611 tuillium
1306 2584 1472 2612 scutorum
1496 2587 1555 2623 pro
1571 2576 1719 2612 ubertate
1741 2585 1799 2608 an-

1146 2647 1247 2669 nonae
1267 2637 1300 2669 in
1317 2637 1403 2677 alma
1421 2635 1518 2677 Urbe,
1530 2634 1628 2673 ¹019.
