2059 3228
214 271 266 300 ln.
285 274 311 302 C.
332 275 396 304 t577

270 865 385 888 Prohibitio

202 899 311 918 mercandi
354 900 384 920 sat

203 929 300 949 exterum
313 930 334 950 in
350 930 384 952 lo-

246 960 267 981 S.
285 960 308 981 lt,
324 961 347 982 E.

237 2457 378 2478 Exeeutomm

198 2489 304 2516 desutatto
320 2493 340 2510 ct
351 2489 377 2508 [a-

200 2521 292 2541 tultam

458 266 521 298 tot

409 380 471 412 emi
497 378 674 418 consuevit,
693 378 773 411 adeo
793 383 886 411 aucta
899 378 950 418 sit,
971 383 1005 411 ut
1025 377 1152 411 nonnisi

408 431 542 473 congrui
563 431 717 474 temporis
746 431 849 474 spatio
873 431 1005 464 distrahi
1027 430 1150 474 possit,

407 490 436 517 et
457 496 493 516 cx
523 485 596 523 hoc,
630 484 690 517 nisi
715 485 896 518 remedium
931 490 1150 528 opportunum

405 537 610 578 adhibeatur,
628 538 676 570 vel
702 537 787 581 ipsos
807 538 889 571 cives
914 543 945 570 et
970 537 1090 570 incolas
1110 537 1150 569 ab

403 590 550 624 ulteriori
570 591 713 625 eiusdem
734 591 808 625 salis
828 591 956 631 fabrica,
996 601 1061 624 non
1081 590 1149 624 sine

402 645 488 685 gravi
506 655 619 678 eorum
638 645 816 689 dispendio,
827 656 963 684 cessare,
981 646 1029 677 vel
1047 645 1148 689 ipsam

401 697 568 731 Cameram
579 699 790 742 pecuniarum
802 698 1058 742 recuperatione,
1070 709 1149 742 quas

401 760 460 794 pro
479 751 563 785 dicto
580 751 683 796 pretio
701 752 976 795 erogat,srustrari
989 757 1144 795 oporteat.

445 804 460 847 ξ
484 804 516 837 Ξ).
546 804 619 846 Nos,
650 805 829 849 cupientes,
861 811 895 838 ut
927 816 985 848 par
1001 810 1060 845 est,
1082 816 1147 838 non

400 857 504 890 solum
528 859 716 891 eorumdem
742 857 857 891 civium
893 864 921 890 et
955 858 1146 899 incolarum,

398 920 479 953 quos
496 916 630 954 paterna
654 911 877 944 benevolentia
904 911 1144 954 prosequimur,

397 973 509 996 verum
529 963 625 997 etiam
647 963 849 997 indemnitati
868 963 1013 996 eiusdem
1033 962 1145 996 Came-

396 1026 450 1049 rae
474 1023 656 1060 opportune
680 1016 886 1060 prospicere;
911 1027 948 1049 ac
969 1015 1070 1048 felicis
1093 1027 1145 1049 re-

395 1069 592 1103 cordationis
607 1070 677 1103 Iulii
699 1070 802 1114 Papae
819 1069 869 1109 ΙΙΙ,
892 1069 1146 1113 praedecessoris

394 1122 508 1163 nostri,
524 1123 663 1165 vestigiis
680 1123 895 1163 inhaerente&
909 1128 998 1155 motu
1012 1123 1144 1166 proprio

399 1182 430 1209 et
448 1187 485 1209 ex
505 1182 591 1209 certa
602 1176 731 1209 scientia
744 1182 864 1215 nostra,
882 1176 969 1218 quod
989 1175 1027 1209 de
1036 1182 1144 1209 cetero

395 1229 429 1262 in
442 1229 643 1268 «civitatibus,
669 1229 764 1262 terris
784 1235 813 1262 et
830 1229 909 1261 locis
929 1234 1056 1262 sanctae
1069 1228 1144 1262 Sedi

393 1283 597 1327 Apostolicae
635 1281 820 1316 immediate
858 1282 1022 1322 subiectis,
1061 1282 1142 1315 nulli

393 1345 527 1379 prorsus
555 1335 702 1368 locorum
740 1334 950 1374 universitati,
990 1335 1140 1378 collegio,

392 1388 616 1421 communitati
636 1389 685 1421 vel
706 1387 836 1432 privatis
856 1387 1012 1432 personis,
1033 1389 1143 1431 quavis

392 1442 559 1484 dignitate,
586 1442 682 1475 etiam
692 1441 973 1486 archiepiscopali,
995 1441 1142 1475 cardina-

391 1496 475 1528 latus
512 1496 561 1528 vel
590 1495 722 1534 maiori,
759 1494 974 1528 ecclesiastica
1000 1495 1047 1528 vel
1082 1494 1141 1527 lai-

391 1549 474 1590 cali,
497 1548 691 1592 fulgentibus
709 1576 716 1589 ‚
740 1549 784 1582 sal
811 1554 974 1588 exterum,
1001 1554 1032 1581 et
1059 1548 1141 1581 illud

390 1602 580 1645 praesertim
604 1602 691 1646 quod
718 1602 757 1635 ab
786 1602 852 1635 oris
880 1601 1052 1634 Dalmatiae
1084 1612 1139 1634 seu

390 1655 603 1689 orientalibus
631 1656 679 1689 vel
718 1655 982 1689 meridionalibus
1021 1661 1052 1688 et
1071 1655 1140 1687 aliis

391 1708 502 1741 mundi
523 1708 710 1751 regionibus
729 1708 906 1747 advehitur,
932 1708 965 1740 in
992 1708 1140 1751 publicos

391 1761 439 1793 vel
459 1761 600 1804 privatos
618 1772 697 1794 usus
717 1761 854 1794 mercari
888 1761 994 1799 liceat,
1020 1767 1050 1794 et
1080 1761 1138 1793 sub

390 1814 734 1847 excommunicationis
772 1815 853 1847 latae
897 1814 1081 1854 sententia),
1109 1819 1139 1847 et

391 1867 497 1909 quoad
531 1867 778 1900 communitates
806 1872 861 1899 'aut
902 1866 1135 1907 universitates,

391 1919 493 1960 mille,
514 1926 546 1953 et
563 1920 670 1964 quoad
690 1920 830 1963 reliquas
855 1919 994 1963 privatas
1028 1930 1137 1963 perso-

390 1982 448 2006 nas
467 1979 498 2006 et
517 1973 654 2016 collegia
672 1982 885 2016 personarum
906 1972 1136 2005 ecclesiastica-

390 2036 476 2067 rum,
499 2032 630 2059 centum
640 2026 831 2059 ducatorum
852 2025 969 2058 auride
990 2025 1134 2066 Camera,

390 2085 419 2112 ct
445 2079 626 2112 amissionis
650 2079 724 2112 salis
744 2079 842 2112 exteri
862 2078 1060 2118 huiusmodi,
1082 2078 1138 2111 Ca-

391 2143 498 2165 merae
510 2133 670 2176 praefatae
678 2131 959 2176 applicandorum,
974 2131 1041 2174 ipso
1055 2130 1136 2164 facto

390 2196 448 2228 per
481 2185 658 2229 quemlibet
688 2184 979 2218 contravenientem
1015 2189 1043 2216 et
1077 2194 1136 2227 pro

390 2236 1135 2281 qualibetcontraventioneincurrendispoenis,

390 2292 579 2325 auctoritate
592 2292 780 2335 apostolica,
792 2297 902 2324 tenore
918 2290 1135 2334 praesentium,

391 2345 560 2378 statuimus
580 2351 611 2378 et
629 2345 830 2378 ordinamus.

436 2396 502 2439 ξ3.
531 2398 714 2431 Mandantes
751 2397 876 2430 dilectis
909 2395 983 2428 siliis
1002 2396 1133 2439 legatis,

392 2450 647 2493 praesidentibus
667 2456 696 2483 et
716 2447 986 2492 gubernatoribus
1009 2448 1135 2492 provin-

392 2499 514 2531 ciarum
535 2505 564 2531 et
585 2500 714 2532 illorum
736 2498 1001 2537 locatencntibus‚
1029 2508 1066 2530 ac
1086 2498 1134 2530 lo-

393 2557 505 2579 corum
525 2547 794 2588 gubernatoribus
808 2553 838 2580 et
851 2547 920 2580 aliis
935 2546 1134 2586 officialibus,

392 2594 431 2626 ad
452 2604 532 2636 quos
545 2595 728 2638 pertinebit,
741 2595 771 2627 in
788 2595 902 2628 virtute
918 2600 1045 2627 sanctae
1061 2593 1135 2626 ohe-

394 2643 543 2684 dientiac‚
567 2650 601 2676 ut
621 2649 773 2677 statutum
795 2650 823 2677 ct
845 2644 1009 2678 decretum
1026 2648 1134 2676 nostra

1001 270 1179 297 enituntur
1201 271 1351 297 nommm

410 326 542 360 Catnera
562 325 745 369 Apostolica
764 329 852 358 certo
875 331 1031 358 convento
1052 330 1154 368 pretio
1195 322 1794 360 huiusmodiinviolabilitembservari
1807 327 1936 369 saciant,

1195 382 1434 422 contemptores
1454 384 1486 411 et
1504 378 1724 413 inobedientes
1744 390 1801 424 per
1820 391 1938 425 oppor-

1194 436 1271 464 tuna
1291 431 1364 464 facti
1384 437 1414 465 et
1433 432 1513 465 iuris
1532 433 1674 466 remedia
1689 435 1933 477 compescendo.

1236 484 1251 527 ξ
1279 484 1312 518 4.
1345 485 1412 518 Non
1451 485 1649 520 obstantibus
1679 487 1863 530 praemissis
1899 498 1936 521 ac

1192 537 1293 571 felicis
1312 538 1544 571 recordationis
1562 539 1716 572 Bonisacii
1735 540 1839 584 Papae
1858 541 1933 582 Vnt,

1190 590 1446 634 praedecessoris
1465 591 1578 633 nostri,
1597 592 1636 625 de
1659 603 1736 632 una,
1755 599 1786 626 et
1806 594 1934 628 concilii

1189 643 1347 686 generalis
1366 644 1404 677 de
1424 644 1550 677 duabus
1569 644 1680 685 ditetis,
1702 645 1839 689 aliisque
1862 657 1936 680 con-

1188 696 1406 731 stitutionibus
1448 702 1479 731 et
1509 698 1765 732 ordinationibus
1806 704 1934 742 aposto-

1188 749 1268 791 titus,
1279 756 1342 784 tam
1353 750 1556 794 generalibus
1566 761 1662 794 quam
1672 752 1933 794 provincialibus;

1187 813 1328 844 necnon,
1349 804 1446 837 etiam
1466 804 1659 845 iuramento,
1690 805 1934 839 confirmatione
1978 802 1982 804 ’
2006 811 2017 822 ”

1187 857 1364 900 apostolica
1382 857 1432 890 vel
1456 857 1569 900 quavis
1588 857 1740 890 firmitate
1755 858 1817 891 alia
1835 858 1933 891 robo-

1186 910 1275 951 ratis,
1297 910 1423 943 statutis
1442 915 1472 943 et
1492 910 1792 951 consuetudinibus;
1808 911 1934 954 privile-

1185 963 1245 1006 giis
1257 974 1400 1007 quoque,
1417 962 1548 996 indultis
1563 968 1593 996 et
1604 963 1717 996 litteris
1733 964 1930 1008 apostolicis,

1185 1017 1245 1050 sub
1270 1017 1527 1060 quibuscumque
1552 1016 1718 1049 tenoribus
1741 1022 1773 1050 et
1803 1017 1928 1058 formis,

1185 1081 1221 1103 ac
1247 1081 1320 1103 cum
1345 1069 1508 1113 quibusvis
1541 1069 1692 1103 clausulis
1729 1075 1760 1103 et
1795 1069 1932 1103 decretis

1185 1122 1428 1167 quomodolibet
1447 1123 1619 1163 concessis,
1648 1123 1826 1166 ceterisque
1851 1133 1929 1157 con-

1184 1176 1290 1209 trariis
1309 1176 1580 1220 quibuscumque.
1880 1218 1882 1221 Ι
2013 1200 2022 1229 3

1228 1230 1243 1273 ᾗ
1263 1229 1295 1263 5.
1313 1230 1469 1262 Volumus
1480 1234 1588 1262 autem
1609 1233 1704 1272 atque
1724 1228 1928 1262 decernimus
1954 1231 2026 1284 ,ΕΜ

1183 1283 1268 1326 quod
1287 1281 1504 1326 praesentium
1522 1281 1741 1325 transumptis,
1762 1280 1860 1316 manu
1874 1281 1928 1315 ali·
1940 1269 2028 1290 '’m''

1183 1336 1276 1369 cuius
1298 1335 1450 1369 Gamerae
1473 1334 1674 1379 Apostolicae
1711 1334 1826 1369 notarii
1849 1335 1926 1369 sub-

1182 1388 1320 1432 scriptis,
1343 1395 1373 1422 et
1388 1389 1492 1432 sigillo
1517 1388 1624 1421 dilecti
1644 1388 1703 1421 filii
1722 1388 1823 1422 nostri
1841 1394 1873 1421 et
1891 1388 1922 1422 S.

1159 1459 1162 1464 ·
1182 1443 1218 1475 R.
1240 1443 1275 1475 E.
1299 1442 1467 1475 camerarii
1481 1441 1624 1482 munitis,
1647 1452 1682 1474 ea
1703 1452 1836 1485 prorsus
1848 1441 1926 1475 fides

1181 1495 1383 1536 adhibeatur,
1401 1505 1483 1539 quae
1499 1494 1619 1528 eisdem
1633 1494 1858 1539 praesentibus
1871 1494 1927 1528 ad-

1159 1574 1162 1596 ,
1180 1549 1357 1589 hiberctur,
1371 1548 1396 1582 si
1415 1548 1518 1582 forent
1535 1548 1693 1581 exhibitae
1701 1548 1750 1582 vel
1766 1553 1922 1581 ostensae.

1159 1603 1162 1643 ξ
1222 1602 1337 1635 Datum
1357 1602 1476 1635 Romae
1500 1601 1587 1645 apud
1606 1601 1759 1634 Sanctum
1778 1601 1923 1641 Petrum,

1158 1647 1161 1689 Ϊ
1178 1657 1239 1690 sub
1259 1656 1379 1689 annulo
1396 1654 1580 1695 Piscatoris,
1601 1654 1653 1688 die
1680 1664 1742 1688 xvu
1761 1654 1922 1695 decemb,

1157 1692 1161 1748 i
1179 1709 1350 1742 millesimo
1361 1707 1619 1752 quingentesimo
1628 1706 1862 1752 septuagesimo
1876 1717 1925 1740 sc-

1158 1756 1161 1803 ξ
1177 1762 1292 1806 ptimo,
1319 1761 1525 1805 pontificatus
1544 1760 1645 1793 nostri
1665 1770 1749 1793 anno
1768 1769 1810 1793 vt.

1158 1807 1161 1826 ⁵
1229 1820 1293 1849 Dat.
1310 1819 1355 1849 die
1375 1819 1410 1849 Π
1429 1819 1493 1849 dec.
1515 1818 1601 1855 1577,
1615 1817 1720 1858 pontis.
1740 1826 1816 1848 anno
1831 1825 1871 1846 vi.

1386 1935 1485 1978 Sequi
1488 1939 1540 1968 tur
1558 1934 1700 1967 extensio

1308 1989 1509 2033 paecedentis
1528 1986 1778 2020 constitutionis.

1177 2070 1323 2105 Gregorius
1333 2069 1403 2104 Papa
1412 2068 1480 2102 xm.
1489 2068 1522 2096 ad
1531 2068 1695 2104 perpetuam
1702 2066 1744 2096 rei
1753 2065 1920 2097 memoriam.

1219 2141 1304 2174 Alias
1323 2145 1541 2173 emanarunta
1561 2138 1790 2172 nobislitterae
1801 2136 1921 2171 tenoris
1957 2141 2049 2180 ,Μαι

1177 2193 1419 2238 subsequentis,
1455 2191 1623 2225 videlicet:
1652 2191 1696 2224 Ex
1720 2189 1920 2224 incumbenti
1933 2175 2051 2226 ‹ig-'1:¹⁸³'

1176 2252 1231 2280 etc.
1254 2251 1290 2279 ut
1311 2257 1418 2289 supra.

1221 2323 1235 2366 ξ
1261 2322 1291 2354 ⁴1.
1313 2321 1392 2354 Cum
1413 2326 1520 2354 autem
1548 2321 1663 2353 mentis
1686 2331 1723 2353 ac
1747 2317 1919 2352 voluntatis

1175 2381 1302 2408 nostrae
1326 2374 1419 2407 suerit
1439 2384 1504 2407 non
1524 2374 1619 2407 modo
1647 2372 1840 2411 immediate,
1864 2370 1943 2420 sedc
2009 2392 2012 2394 -

1176 2429 1271 2461 etiam
1292 2428 1429 2461 mediate
1449 2427 1542 2460 nobis
1568 2433 1598 2460 et
1626 2425 1825 2470 Apostolicae
1845 2423 1918 2457 Sedi
1932 2430 2003 2451 nont·-
2052 2423 2056 2425 “

1176 2482 1347 2522 subiectos,
1362 2481 1394 2513 in
1410 2479 1616 2525 praeinsertis
1635 2478 1750 2512 litteris
1769 2487 1917 2520 compre-

1175 2534 1291 2575 hendi,
1313 2533 1445 2574 idcirco,
1463 2539 1553 2566 motu
1562 2531 1692 2576 proprio
1713 2535 1743 2563 et
1758 2535 1843 2562 certa
1858 2539 1917 2562 no-

1175 2594 1239 2621 stra
1248 2587 1379 2620 scicntia
1388 2586 1558 2625 similibus,
1571 2591 1680 2618 tenore
1689 2582 1916 2628 praesentium,

1175 2640 1378 2676 decernimus
1398 2645 1427 2673 ct
1445 2639 1645 2673 declaramus
1665 2636 1759 2670 etiam
1778 2634 1915 2669 mediate
