2059 3228
84 264 137 292 An.
154 264 183 293 C.
202 264 269 294 1586

109 2034 219 2055 clausulae
233 2034 267 2054 dc-

86 2066 211 2090 tufiaturiae.

328 251 391 286 670

282 321 506 359 praeterquam
526 312 610 345 intra
637 308 788 343 ecclesias
801 334 808 348 ,
831 305 1024 340 monasteria

283 374 313 401 et
337 367 389 410 pia
408 367 488 406 loca,
514 364 679 407 colligere,
702 373 739 396 ac
762 362 794 394 in
822 360 924 393 dictae
949 368 1024 391 con-

281 419 475 464 gregationis
504 427 694 452 communes
720 425 798 448 usus
826 418 1022 451 convertere,

281 473 389 507 vicarii
409 472 502 506 Urbis
519 482 575 504 seu
588 469 729 503 cuiusvis
748 467 879 501 alterius
894 465 1024 499 licentia

280 527 418 571 desuper
438 526 570 558 minime
591 523 760 567 requisita,
786 521 936 563 dictaque
956 521 1024 563 pie-

280 579 352 612 tatis
371 589 471 623 opera
490 588 565 622 erga
585 586 808 620 quoscumque
820 573 978 613 infirmos,
992 573 1024 604 in

280 632 540 676 quibuscumque
564 629 779 675 hospitalibus
803 639 858 661 seu
885 627 955 660 aliis
975 626 1023 659 di-

280 691 348 719 ctae
367 685 460 718 Urbis
476 684 567 724 locis,
594 694 611 716 a
631 682 791 715 dictorum
815 679 1024 724 hospitalium

278 749 334 773 seu
354 739 502 772 locorum
522 736 691 781 praesectis
717 735 765 769 vel
788 734 1026 767 administrato-

279 793 370 826 ribus
388 792 511 832 vocati,
533 801 589 824 seu
614 790 653 823 de
682 799 794 822 eorum
819 788 948 821 licentia
975 787 1025 820 vel

279 856 450 886 consensu,
471 854 637 884 exercere;
655 843 788 888 ipseque
805 842 953 886 superior
975 840 1023 874 vel

279 899 382 933 maior
399 899 556 938 minister,
579 897 646 942 qui,
670 903 706 929 ut
722 896 914 940 praefertur,
937 904 1025 938 pres-

278 952 369 997 byter
388 962 455 985 esse
480 951 586 991 debet,
609 956 640 983 et
659 949 713 983 alii
729 949 873 982 eiusdem
893 958 1025 991 congre-

277 1006 416 1049 gationis
443 1004 633 1050 presbyteri,
661 1002 836 1036 dummodo
865 1000 942 1035 alias
961 1001 1025 1034 sint

276 1059 384 1093 idonei
405 1064 436 1092 et
458 1059 497 1092 ab
513 1058 606 1092 Urbis
624 1057 742 1090 vicario
769 1055 950 1100 approbati,
973 1054 1022 1087 in-

278 1112 446 1145 firmorum
473 1118 503 1145 et
531 1110 768 1154 aegrotantium
795 1109 829 1141 in
848 1108 942 1142 dictis
966 1108 1024 1141 ho-

276 1166 444 1210 spitalibus
463 1171 493 1199 et
513 1164 592 1198 locis
623 1163 827 1197 existentium
854 1161 1023 1195 confessio-

275 1231 333 1253 nes
361 1219 472 1253 audire
497 1219 580 1262 (sine
607 1216 806 1262 praeiudicio
833 1215 1023 1249 eorumdem

277 1273 486 1317 hospitalium
513 1278 570 1305 aut
587 1272 735 1305 locorum
755 1270 804 1303 vel
821 1280 934 1303 eorum
955 1269 1024 1302 offi-

279 1327 410 1360 cialium
438 1337 493 1359 scu
522 1324 841 1366 administratorum)
860 1322 962 1356 libere
994 1327 1025 1355 et

277 1381 363 1414 licite
383 1381 519 1420 valeant,
541 1385 652 1412 tenore
679 1377 910 1421 praesentium,
925 1376 1024 1409 sacul-

276 1439 372 1467 tatem
395 1433 602 1466 concedimus
626 1437 657 1465 et
676 1430 891 1473 indulgemus.
914 1430 960 1462 Ita
976 1434 1024 1462 ta-

277 1498 351 1520 men
371 1492 482 1520 uttam
499 1485 755 1529 superiorquam
766 1483 819 1516 alii
835 1483 938 1516 dictae
949 1493 1025 1515 con-

277 1540 471 1585 gregationis
479 1539 570 1578 socii,
586 1538 671 1571 iuxta
687 1537 788 1581 ipsius
801 1536 1024 1580 congregatio-

276 1595 326 1628 nis
346 1594 490 1627 instituta
510 1598 541 1626 et
561 1592 778 1625 ordinationes
798 1591 861 1622 iam
881 1591 980 1623 factas
995 1595 1026 1623 et

277 1660 336 1693 pro
371 1654 516 1691 tempore
546 1645 707 1679 faciendas
735 1644 924 1687 (dummodo
957 1643 1023 1684 illa,

278 1701 432 1746 quamdiu
443 1701 482 1734 ab
491 1699 673 1744 Apostolica
682 1698 761 1731 Sede
774 1697 951 1741 approbata
961 1707 1026 1730 non

278 1756 415 1796 suerint⁷
439 1765 496 1798 per
524 1753 624 1798 ipsius
655 1751 914 1794 congregationis
950 1762 1026 1794 pro-

279 1815 433 1843 tectorem
462 1807 563 1840 revisa
597 1812 629 1839 et
661 1804 837 1849 approbata
870 1804 969 1847 sint),
994 1805 1026 1837 in

279 1861 444 1897 communi
473 1872 511 1894 ex
539 1859 633 1893 dictis
657 1859 786 1902 piorum
815 1857 1027 1901 eleemosynis

278 1917 394 1950 vivant.

324 1970 393 2015 gli.
425 1969 494 2002 Non
524 1965 725 2000 obstantibus
754 1963 918 2008 quibusvis
950 1973 1027 1996 con-

281 2023 501 2058 stitutionibus
540 2026 570 2054 et
604 2017 862 2053 ordinationibus
902 2022 1029 2060 aposto-

281 2078 351 2111 licis
368 2105 375 2118 ,
411 2075 591 2118 ceterisque
623 2071 792 2107 contrariis
815 2071 1027 2114 quibuscum-

283 2142 358 2175 que.

326 2185 439 2217 Datum
459 2183 579 2215 Romae
599 2179 684 2224 apud
710 2178 864 2212 Sanctum
883 2176 1026 2216 Petrum,

284 2238 343 2271 sul)
368 2237 488 2270 annulo
521 2233 713 2273 piscatoris,
740 2231 792 2265 die
815 2240 890 2263 xvm
924 2229 1030 2262 martii

285 2300 441 2324 mntxxxvr
456 2316 464 2330 ‚
490 2287 695 2333 pontificatus
715 2284 816 2318 nostri
836 2293 920 2316 anno
940 2293 961 2316 1.

334 2349 395 2378 Dat.
408 2348 455 2378 die
470 2347 507 2377 18
526 2345 624 2376 martii
643 2344 730 2381 1585,
745 2341 849 2382 pontis.
864 2349 941 2370 anno
955 2349 976 2370 1.

406 2459 557 2502 Sequitur
575 2455 753 2500 assiqnatz'o
775 2453 915 2486 habitu&

324 2533 419 2560 Sixtus
431 2531 500 2565 rapa
509 2529 539 2562 V,
553 2529 586 2557 ad
595 2528 758 2564 perpetuam
776 2525 818 2554 rei
831 2523 998 2552 memoriam.

334 2594 412 2627 Cum
434 2603 492 2625 nos
508 2601 614 2635 nuper
633 2589 818 2623 societatem
831 2597 886 2620 seu
898 2594 1034 2628 congre-

875 251 1054 277 Bnulmtttttt
1067 249 1218 274 notwANUtt

1064 302 1235 336 stt-antium
1245 301 1453 345 infirmis‚per
1464 302 1807 337 dilectosfiliosCamil-

1064 356 1132 391 lum
1170 355 1208 388 de
1239 355 1352 388 Laeliis
1381 355 1604 399 presbyterum
1636 356 1809 389 Theatinae

1065 407 1219 441 dioecesis
1239 413 1270 441 et
1289 407 1368 440 alios
1392 407 1461 440 eius
1480 407 1595 447 socios,
1616 408 1675 441 sub
1698 413 1808 442 nostro

1066 466 1095 494 et
1118 461 1207 494 Sedis
1227 460 1427 504 Apostolicae
1446 459 1660 504 beneplacito,
1681 461 1806 503 initam,

1065 514 1241 557 apostolica
1261 513 1451 547 auctoritate
1470 513 1754 557 approbaverimus
1779 518 1811 548 et

1065 567 1386 606 confirmaverimus,
1422 572 1520 611 prout
1549 567 1582 599 in
1611 567 1729 600 nostris
1758 567 1810 600 die

1064 630 1139 653 xvut
1166 621 1271 653 martii
1302 620 1446 663 proxime
1477 619 1640 663 praeteriti
1672 620 1811 664 desuper

1065 673 1098 706 in
1117 673 1221 706 forma
1245 673 1350 706 brevis
1374 673 1526 707 confectis
1545 673 1658 706 litteris
1683 673 1810 716 plenius

1065 727 1267 760 continetur.
1300 726 1428 771 Ipsique
1460 726 1614 760 Camillus
1642 732 1674 760 et
1709 725 1807 768 socii,

1066 790 1124 824 pro
1145 779 1281 813 feliciori
1301 780 1405 813 dictae
1423 779 1582 813 societatis
1600 790 1656 813 seu
1676 789 1812 823 congre-

1067 833 1205 876 gationis
1229 833 1406 867 directione
1423 860 1430 874 ‚
1454 833 1504 877 pie
1534 833 1740 874 desiderent,
1771 832 1812 866 si-

1066 887 1133 920 cuti
1159 897 1272 920 eorum
1305 886 1486 920 institutum
1519 886 1559 919 ab
1591 885 1660 919 aliis
1697 885 1809 920 distin-

1065 946 1153 973 ctum
1173 946 1232 981 est,
1259 940 1302 974 ita
1322 951 1436 974 eorum
1449 939 1594 973 habitum
1613 940 1653 973 ab
1675 939 1746 973 aliis
1760 939 1811 973 di-

1063 993 1194 1036 sungui

1108 1047 1122 1090 ἓ
1145 1046 1177 1080 ’1.
1204 1047 1279 1089 Nos,
1305 1052 1434 1080 tenores
1453 1046 1613 1080 dictarum
1631 1045 1811 1079 litterarum

1064 1101 1286 1143 praesentibus
1306 1111 1365 1145 pro
1390 1100 1547 1144 expressis
1570 1099 1742 1140 habentes,
1772 1099 1812 1133 de

1065 1153 1200 1186 consilio
1231 1154 1425 1187 dilectorum
1459 1154 1594 1186 fratrum
1626 1157 1812 1186 nostrorum

1063 1213 1191 1240 sanctae
1215 1207 1378 1241 Romanae
1407 1206 1567 1240 Ecclesiae
1597 1206 1812 1240 cardinalium

1064 1265 1161 1298 super
1184 1261 1267 1289 statu
1291 1256 1489 1299 regularium
1513 1255 1597 1288 dicta
1620 1255 1813 1289 auctoritate

1064 1303 1310 1347 deputatorum,
1340 1304 1475 1338 Camillo
1496 1309 1527 1337 et
1545 1303 1615 1337 aliis
1640 1304 1813 1347 praedictis

1064 1363 1101 1386 ac
1121 1364 1179 1396 pro
1200 1360 1344 1398 tempore
1365 1353 1570 1387 existentibus
1598 1353 1758 1398 superiori
1782 1359 1814 1388 et

1064 1402 1210 1446 personis
1239 1403 1342 1436 dictae
1372 1403 1648 1446 congregationis,
1682 1413 1811 1436 crucem

1065 1461 1101 1483 ex
1126 1451 1274 1484 crassiori
1295 1462 1402 1495 panno
1422 1452 1499 1484 fulvi
1519 1451 1636 1484 coloris
1652 1451 1721 1494 (qui
1744 1452 1812 1485 vul-

1064 1510 1104 1542 go
1126 1503 1200 1533 tane
1225 1501 1424 1545 appellatur)
1449 1511 1547 1544 super
1576 1511 1687 1534 eorum
1717 1501 1812 1534 vesti-

1064 1550 1124 1582 bus
1143 1560 1161 1582 a
1180 1550 1278 1583 latere
1309 1551 1439 1583 dextero
1464 1555 1620 1594 perpetuo
1648 1549 1811 1584 deserendi

1064 1597 1229 1631 licentiam
1250 1605 1279 1632 et
1300 1599 1485 1632 facultatem
1498 1625 1506 1639 ‚
1529 1598 1718 1632 auctoritate
1736 1609 1813 1642 apo·

1065 1646 1188 1687 stolica,
1205 1652 1316 1681 tenore
1339 1647 1571 1692 praesentium,
1589 1647 1808 1681 concedimus.

1109 1695 1124 1738 ξ
1155 1696 1185 1729 ’2.
1227 1696 1295 1730 Non
1325 1696 1525 1730 obstantibus
1549 1695 1714 1739 quibusvis
1738 1706 1812 1729 con-

1066 1744 1284 1778 stitutionibus
1323 1751 1353 1778 et
1385 1744 1642 1778 ordinationibus
1683 1750 1812 1788 aposto-

1066 1794 1135 1826 licis
1154 1821 1161 1833 ,
1189 1795 1367 1838 ceterisque
1397 1794 1566 1828 contrariis
1601 1793 1812 1837 quibuscum-

1067 1853 1143 1885 que.

1109 1892 1223 1924 Datum
1248 1891 1369 1925 Romae
1389 1891 1475 1935 apud
1494 1892 1647 1925 Sanctum
1668 1892 1810 1932 Petrum,

1068 1941 1127 1972 sul)
1169 1941 1289 1973 annulo
1327 1940 1511 1980 piscatoris,
1556 1940 1606 1973 die
1632 1950 1703 1973 xxvi
1731 1940 1813 1974 iunii

1067 2000 1242 2031 MDLxxxw,
1279 1989 1484 2033 pontificatus
1511 1989 1611 2023 nostri
1645 1999 1729 2022 anno
1765 1999 1813 2022 se-

1069 2039 1187 2072 cundo.

1132 2091 1194 2122 Dat.
1210 2092 1257 2123 die
1271 2092 1310 2123 26
1324 2091 1400 2123 iunii
1418 2091 1504 2128 1586,
1516 2090 1619 2130 pontif.
1638 2099 1715 2133 auno
1732 2099 1761 2121 11.

1373 2212 1508 2245 XXXVI.

1072 2272 1285 2316 Confirmatio
1304 2271 1544 2304 constitutionis
1562 2270 1621 2303 Pii
1644 2270 1671 2302 V
1691 2270 1729 2303 de
1751 2280 1816 2302 non

1114 2321 1324 2365 infeudandis
1342 2325 1371 2353 et
1389 2319 1574 2353 alienandis
1593 2320 1707 2352 castris
1721 2323 1750 2352 et
1769 2319 1815 2352 lo-

1116 2372 1160 2404 cis
1183 2370 1217 2403 S.
1239 2370 1278 2403 R.
1297 2370 1338 2403 E.
1361 2369 1388 2402 1.

1138 2434 1234 2462 Sixtus
1252 2433 1402 2468 episcopus,
1418 2438 1512 2460 servus
1527 2436 1667 2460 servorum
1685 2429 1743 2464 Dei,

1214 2483 1249 2511 ad
1266 2483 1426 2517 perpetuam
1440 2481 1482 2510 rei
1500 2479 1670 2508 memoriam.

1117 2537 1238 2575 Quanta
1249 2534 1450 2580 Apostolicae
1461 2533 1550 2567 Sedis
1560 2531 1706 2576 dignitati
1717 2531 1815 2564 detri-

1110 2601 1121 2627 1
1140 2599 1217 2627 Hanc
1232 2602 1321 2632 const.
1337 2597 1378 2625 Pii
1394 2597 1414 2623 V
1437 2597 1523 2624 habes
1547 2595 1574 2622 in
1591 2599 1656 2623 tom.
1680 2600 1728 2628 vu,
1752 2600 1814 2628 pag.

291 2648 452 2692 gailonem
465 2645 526 2679 sub
551 2644 706 2678 vocabulo
724 2652 782 2676 seu
797 2639 927 2675 nomine
942 2637 1035 2672 Mini-
1075 2644 1136 2679 560,
1161 2643 1303 2677 Admonet,
1329 2642 1376 2670 uhi
1397 2641 1458 2669 eius
1477 2639 1657 2669 extensiones
1680 2641 1708 2666 et
1725 2636 1816 2665 decta-

1824 1087 1902 1109 cessio.

1850 1701 1958 1724 ennii-artu

1827 1735 1942 1760 derogatio.
