2059 3228
60 0 169 71 γ,

75 73 96 98 ‘⁸¹-

58 218 85 250 α
106 217 173 247 ¹⁸⁷⁹
805 243 982 268 GREGORIUS
998 243 1053 267 xiii
1073 243 1120 267 rr.
1580 233 1643 268 317
1698 235 1749 260 An.
1769 236 1796 262 c.
1818 236 1884 261 1579

229 298 365 333 XXXVII.
388 300 463 333 Cum
488 299 611 342 Pelagio
645 298 748 338 sentit,
786 298 839 341 qui
864 297 918 329 bo-

946 296 1006 329 cati
1032 307 1094 329 non
1123 297 1256 339 pertinet
1280 299 1506 339 voluntarium,
1532 309 1588 331 nec
1611 298 1686 331 deti—

184 361 260 385 num
284 352 410 395 aliquod
441 353 600 392 naturale,
626 352 684 385 Iioc
707 357 754 384 est
777 351 861 394 quod
884 349 1077 407 ex¹niti0nis
1100 351 1242 392 quaestio
1266 357 1321 392 est,
1338 352 1390 384 sed
1415 362 1527 385 causae
1543 356 1571 384 et
1589 350 1687 393 origi-

182 411 313 439 naturae
336 405 410 439 solis
431 405 550 439 viribus
573 410 678 438 ortum
702 404 798 444 ducit,
822 402 995 450 agno-gnis
1018 407 1125 435 utrum
1158 412 1250 436 omne
1282 410 1445 446 peccatum
1477 404 1589 437 debeat
1620 413 1686 436 esse

178 459 247 493 scit.

222 510 375 544 XXXVIII.
398 510 506 544 Omnis
529 521 618 543 amor
641 514 805 543 creaturae
822 507 917 541 ratio·
930 526 935 560 4

180 563 260 597 natis
273 567 328 595 aut.
342 562 454 596 vitiosa
470 568 516 596 est
532 563 697 607 cupiditas,
707 573 769 606 qua
782 562 918 594 mundus

180 616 334 660 diligitur,
358 627 438 660 quae
462 627 480 649 a
503 617 619 650 Ioanne
642 615 838 659 p1·ohibetur;
863 619 918 647 aut

180 669 344 702 Iaudahilis
367 670 417 702 illa
440 669 564 709 caritas,
588 680 660 712 qua,
684 679 740 712 per
764 668 917 711 Spiritum

179 722 326 756 Sanctum
352 722 384 754 in
408 723 501 756 corde
529 722 664 763 diffusa,
680 722 759 754 Deus
782 726 916 753 amatur.

221 775 348 808 XXXIX.
373 775 460 814 Quod
489 775 663 808 voluntarie
694 774 744 815 fit,
772 774 867 807 etiam
891 772 917 806 si

178 828 362 861 necessitate
387 828 452 869 siat,
469 828 565 861 libere
591 833 695 861 tamen
720 827 765 860 sit.

223 881 280 913 XL.
304 881 338 913 In
362 881 510 914 omnibus
540 881 604 913 suis
627 880 749 913 actibus
772 884 918 923 peccator

176 933 272 966 servit.
294 933 466 966 dominanti
492 933 669 976 cupiditati.

221 986 292 1019 XLI.
316 987 344 1019 Is
367 986 520 1019 libertatis
545 986 667 1027 modus,
692 986 745 1030 qui
768 997 788 1026 a
812 997 918 1019 neces-

177 1037 279 1079 sitate,
292 1038 350 1071 sub
362 1038 516 1071 libertatis
532 1040 663 1072 nomine
680 1049 743 1072 non
760 1039 917 1083 reperitur

177 1090 212 1124 in
228 1090 410 1134 Scripturis;
429 1092 482 1125 sed
499 1093 599 1125 solum
623 1102 739 1125 nomen
764 1092 917 1125 libertatis

177 1152 195 1175 a
217 1148 354 1186 peccato.

221 1196 304 1228 XLII.
320 1196 452 1237 Iustitia,
470 1207 532 1240 qua
545 1197 735 1231 iustificatur
751 1209 807 1242 per
823 1199 917 1231 fidem

177 1247 305 1291 impius,
327 1249 470 1282 consistit
493 1249 666 1283 formaliter
690 1250 722 1284 in
738 1252 917 1284 obedientia

178 1301 421 1343 mandatorum,
444 1313 525 1345 quae
552 1308 598 1336 est
626 1314 758 1347 operum
786 1305 916 1344 iustitia,

177 1363 242 1386 non
265 1360 370 1388 autem
387 1355 420 1388 in
444 1357 546 1400 gratia
571 1358 675 1401 aliqua
696 1358 820 1391 animae
838 1359 918 1391 insu-

177 1417 221 1449 sa,
238 1418 300 1451 qua
323 1409 492 1452 adoptatur
515 1410 610 1443 homo
629 1411 660 1443 in
685 1411 784 1444 filium
802 1412 864 1451 Dei,
889 1417 919 1444 et

175 1461 349 1494 secundum
363 1461 546 1496 interiorem
560 1464 722 1497 hominem
740 1470 919 1504 renovatur,

175 1524 213 1547 ac
236 1514 361 1548 divinae
396 1520 529 1549 naturae
559 1527 688 1550 consors
712 1517 862 1558 eflicitur,
887 1519 921 1549 ut

177 1566 223 1600 sic
246 1577 302 1610 per
325 1567 478 1611 Spiritum
495 1568 642 1602 Sanctum
664 1575 841 1610 renovatus,
869 1571 921 1603 dc-

179 1618 286 1663 inceps
309 1619 388 1653 bene
411 1620 514 1655 vivere
537 1627 569 1655 et
591 1623 644 1656 Dei
669 1624 826 1657 mandatis
849 1625 919 1657 obe-

181 1673 250 1708 dire
272 1677 382 1718 possit.

223 1732 321 1765 XLIII.
345 1732 380 1765 ln
407 1732 556 1765 omnibus
588 1731 825 1775 poenitentibus
850 1740 920 1766 ante

178 1789 413 1818 sacramentum
443 1785 668 1825 absolutionis,
698 1791 729 1818 et
757 1786 790 1818 in
816 1787 921 1819 cathe-

179 1837 322 1871 cumenis
345 1843 419 1872 ante
442 1838 634 1882 baptismum
658 1844 702 1871 est
720 1849 793 1871 vera
810 1839 921 1871 iustifi-

179 1891 274 1933 catio,
297 1896 442 1934 separata
457 1895 563 1924 tamen
579 1902 597 1923 a
613 1892 798 1924 remissione
815 1903 922 1935 pecca-

181 1949 298 1977 torum.

224 1997 321 2030 XLIV.
344 1996 497 2041 Operibus
520 1999 687 2042 plerisque,
705 2010 785 2042 quae
809 2011 826 2032 a
850 1999 924 2033 fide-

181 2049 263 2083 libus
286 2049 377 2092 fiunt,
401 2056 436 2084 ut
459 2052 615 2085 mandatis
640 2052 691 2084 Dei
709 2059 851 2096 pareant,
868 2065 922 2086 cu-

182 2103 319 2137 iusmodi
343 2109 427 2146 sunt,
458 2105 588 2138 obedire
613 2106 806 2148 parentibus,
832 2107 926 2150 depo-

183 2157 279 2190 situm
305 2157 452 2198 reddere,
479 2159 520 2190 ab
554 2159 719 2199 omicidi0,
744 2171 762 2193 a
791 2161 884 2201 furto,
910 2174 926 2195 a

183 2210 390 2244 fornicatione
417 2211 588 2251 abstinere,
619 2213 830 2247 iustificantur
858 2217 927 2259 qui-

184 2263 256 2295 dem
280 2262 434 2304 homines,
449 2265 522 2307 quia
547 2271 618 2298 sunt
638 2267 713 2309 Iegis
729 2267 928 2304 obedientiae

185 2320 213 2348 et
228 2325 318 2348 verae
335 2316 412 2358 legis
428 2317 577 2359 iustitiae,
592 2329 655 2352 non
672 2325 777 2354 tamen
793 2322 832 2355 iis
847 2323 928 2357 obti-

185 2374 262 2401 nent
278 2368 470 2402 incrementa
487 2370 650 2405 virtutum.

230 2421 312 2454 XLV.
337 2421 533 2455 Sacrificium
561 2426 675 2458 missae
706 2437 770 2460 non
794 2424 855 2461 a‘lia
879 2441 928 2463 ra-

186 2474 274 2507 tione
296 2479 340 2507 est
365 2475 567 2516 sacrificium,
592 2488 687 2520 quam
711 2481 848 2521 generali
865 2482 928 2523 illa,

187 2539 251 2571 qua
274 2539 367 2562 omne
391 2539 480 2571 opus,
505 2530 588 2572 quod
617 2530 665 2571 fii,
690 2537 725 2564 ut
749 2538 858 2566 sancta
881 2545 928 2568 so—

188 2582 300 2615 cietate
324 2583 385 2615 Deo
410 2582 505 2615 homo
529 2582 704 2616 inhaereat.

234 2636 329 2669 XLVI.
344 2636 388 2669 Ad
406 2636 558 2669 rationem
576 2640 607 2669 et
626 2635 842 2672 definitionem
860 2650 929 2682 pec-

946 455 1167 488 voluntarium.

989 508 1098 541 XLVII.
1123 509 1211 542 Unde
1246 516 1409 553 peccatum
1445 510 1581 553 originis
1615 520 1685 542 vere

946 562 1040 595 habet
1064 562 1219 595 rationem
1244 563 1361 606 peccati
1387 564 1452 596 sine
1477 565 1537 596 ulla
1561 562 1685 596 relatio-

945 625 984 648 ne
1008 625 1043 648 ac
1068 620 1211 658 respectu
1235 615 1274 647 ad
1299 616 1487 649 voluntatem
1512 627 1529 649 a
1546 626 1607 659 qua
1623 616 1686 648 ori—

945 667 1052 710 ginem
1076 668 1196 700 habuit.

990 721 1111 754 XLVIII.
1140 721 1305 754 Peccatum
1334 722 1466 764 originis
1497 728 1541 755 est
1573 723 1687 755 actuali

946 774 1065 818 parvuli
1094 775 1251 808 voluntate
1284 776 1511 816 voluntarium,
1540 782 1570 809 et
1599 777 1688 809 habi-

946 827 1071 860 tualiter
1093 828 1275 861 dominatur
1297 830 1437 871 parvulo,
1454 839 1491 861 eo
1515 830 1598 872 quod
1622 840 1686 863 non

946 879 1027 921 gerit
1050 880 1245 913 contrarium
1270 881 1438 914 voluntatis
1461 882 1641 915 arbitrium.

988 931 1086 965 XLIX.
1110 933 1151 965 Ex
1176 933 1329 966 habituali
1347 935 1504 967 voluntate
1522 935 1686 969 dominan-

947 991 975 1018 te
999 986 1033 1018 Iit
1057 991 1091 1018 ut
1114 988 1262 1030 parvulus
1285 988 1448 1028 decedens,
1467 988 1533 1020 sine
1557 998 1684 1030 regene-

947 1039 1077 1071 rationis
1100 1045 1306 1080 sacramento,
1324 1040 1450 1083 quando
1477 1051 1566 1072 usum
1592 1041 1686 1074 ratio-

947 1091 995 1124 nis
1018 1097 1202 1124 consecutus
1226 1092 1295 1131 crit,
1320 1092 1484 1125 actualiter
1501 1093 1597 1125 Deum
1615 1093 1687 1126 odio

947 1144 1070 1185 haheat,
1094 1145 1189 1177 Deum
1215 1144 1418 1187 blasphemet,
1437 1145 1495 1187 legi
1521 1145 1571 1178 Dei
1596 1156 1688 1188 repu-

947 1204 1031 1241 gnet.

989 1252 1020 1284 L.
1049 1253 1146 1284 Prava
1178 1251 1350 1292 desideria,
1374 1251 1489 1294 quibus
1520 1252 1601 1283 ratio
1625 1261 1687 1283 non

946 1305 1113 1345 consentit,
1136 1310 1163 1338 et
1190 1316 1270 1347 quae
1296 1304 1391 1338 homo
1416 1305 1532 1337 invitus
1558 1306 1688 1348 patitur,

947 1364 1019 1391 sunt
1047 1358 1207 1401 prohibita
1242 1363 1409 1400 praecepto
1440 1358 1510 1389 Non
1543 1358 1690 1399 concupi-

947 1423 1018 1445 scex.

996 1465 1039 1497 LI.
1068 1464 1326 1507 Concupiscentia
1359 1464 1422 1496 sive
1455 1464 1499 1496 Iex
1534 1463 1691 1496 membro-

951 1529 1020 1550 rum
1045 1523 1072 1550 et
1098 1529 1193 1561 prava
1222 1517 1288 1550 cius
1312 1516 1482 1556 desideria,
1508 1526 1588 1558 quac
1612 1516 1691 1548 invi-

951 1574 972 1605 ti
997 1573 1136 1605 sentiunt
1160 1570 1313 1611 hommes,
1339 1575 1412 1603 sunt
1436 1580 1507 1602 vera
1525 1569 1601 1612 legis
1617 1569 1691 1601 obe-

951 1625 1077 1658 (Iitffltiss.

993 1678 1050 1711 LII.
1075 1678 1173 1710 Omne
1197 1678 1296 1710 scelus
1326 1677 1394 1709 eius
1422 1681 1467 1709 est
1491 1676 1691 1715 conditionis,

952 1738 984 1764 ut
1007 1742 1098 1764 suum
1123 1736 1285 1763 auctorem
1308 1735 1338 1762 et
1361 1740 1471 1762 omnes
1495 1734 1636 1772 posteros
1654 1738 1690 1760 eo

951 1785 1042 1817 modo
1071 1784 1198 1815 inficere
1226 1783 1341 1826 possit,
1370 1792 1432 1825 quo
1462 1781 1560 1814 inficit
1590 1781 1692 1824 prima

952 1837 1166 1879 transgressio.

994 1891 1063 1922 LIII.
1093 1890 1252 1928 Quantum
1280 1895 1327 1922 est
1354 1900 1390 1922 ex
1412 1889 1440 1920 vi
1472 1888 1692 1930 transgressio-

953 1944 1014 1983 nis,
1045 1948 1166 1975 tantum
1196 1942 1383 1975 meritorum
1411 1942 1566 1974 malorum
1595 1951 1612 1973 a
1641 1951 1692 1982 ge-

953 2002 1083 2030 nerante
1107 1996 1312 2035 contrahunt,
1338 1995 1390 2038 qui
1419 2005 1491 2027 cum
1515 1993 1693 2026 minoribus

954 2054 1126 2083 nascuntur
1153 2049 1253 2089 vitiis,
1283 2059 1377 2091 quam
1406 2049 1459 2090 qui
1489 2058 1559 2080 cum
1596 2047 1693 2080 maio-

956 2104 1052 2137 ribus.

998 2157 1067 2189 LIV.
1098 2156 1261 2189 Definitiva
1295 2156 1370 2187 baec
1400 2155 1568 2193 sententia,
1596 2154 1693 2186 Deum

957 2210 1077 2244 homini
1096 2209 1175 2241 nihil
1192 2208 1383 2252 impossibile
1399 2207 1602 2250 praecepisse,
1620 2207 1695 2240 falso

958 2265 1109 2297 tribuitur
1132 2262 1317 2305 Augustino,
1342 2271 1413 2293 cum
1438 2260 1553 2302 Pelagii
1578 2259 1628 2292 sit.

1000 2318 1058 2350 LV.
1082 2317 1163 2349 Deus
1186 2325 1250 2347 non
1267 2314 1421 2356 potuisset
1437 2313 1477 2345 ab
1493 2313 1584 2346 initio
1601 2313 1695 2346 talem

958 2382 1064 2405 creare
1089 2370 1264 2409 hominem,
1289 2368 1389 2411 qualis
1414 2377 1499 2401 nunc
1521 2368 1673 2401 nascitur.

1001 2425 1070 2459 LVI.
1095 2425 1129 2457 In
1146 2427 1273 2466 peccato
1298 2422 1360 2454 duo
1377 2426 1460 2462 sunt,
1477 2426 1565 2453 actus
1582 2426 1612 2453 et
1628 2431 1697 2453 rea-

959 2487 1018 2520 tus3
1042 2482 1225 2511 transeunte
1249 2480 1353 2507 autem
1378 2479 1460 2514 actu,
1486 2473 1566 2505 nihil
1590 2477 1698 2506 manet,

959 2533 1018 2567 nisi
1043 2536 1149 2565 reatus
1172 2530 1235 2562 sive
1259 2527 1410 2571 obligatio
1433 2527 1473 2560 ad
1496 2537 1642 2570 poenam.

1002 2585 1084 2618 LVII.
1102 2582 1189 2616 Unde
1213 2582 1245 2614 in
1263 2585 1460 2614 sacramento
1476 2580 1626 2623 Baptismi
1644 2586 1696 2613 aut

960 2637 1129 2672 sacerdotis
1145 2634 1349 2675 absolutione,
1363 2633 1490 2678 proprie
1507 2639 1612 2668 reatus
1625 2645 1695 2676 pec-
