2059 3228
816 236 911 261 mni-:x
935 235 1041 259 neuun
1563 221 1643 255 1045

163 287 322 321 Eremitac
342 288 373 321 Υ.
387 289 556 332 Augustini
574 289 681 322 Sancti
699 287 796 327 Ordo,
810 287 1069 321 camaldulenses
1087 284 1251 323 eremitae,
1273 282 1459 327 Hieronymi
1474 283 1506 316 S.
1527 283 1566 315 de
1579 283 1687 316 obser·

249 341 357 374 vantia
376 341 540 374 eremitae.

164 393 348 430 Eremitorii
369 394 488 427 erectio
508 394 557 426 del
584 394 710 426 Tardon
731 393 764 426 in
783 391 1015 426 monasterium
1036 390 1165 423 Ordinis
1184 390 1215 424 S.
1240 389 1358 429 Basilii,
1377 388 1436 422 181
1456 398 1492 428 a;
1513 388 1687 421 Matthaeus

159 1818 225 1851 Esii

248 447 333 480 dela
348 446 470 480 Fuente
485 452 605 480 certam
626 446 810 488 religiosam
830 445 928 478 vitam
948 454 1021 477 cum
1045 443 1212 475 nonnullis
1233 442 1328 475 sociis
1352 442 1384 474 in
1406 451 1515 474 eremo
1535 441 1584 473 del
1611 440 1688 472 Tar-

248 499 311 532 clon
331 498 489 531 dioecesis
508 498 724 532 Cordubensis
743 504 774 530 et
794 498 872 530 valle
903 497 939 529 de
966 495 1169 537 Galceqm'elos
1197 494 1387 536 degentibus
1415 493 1526 532 ducit,
1552 493 1629 525 ibid.
1657 498 1688 525 et,

247 562 324 596 seq.;
346 552 401 595 qui
423 552 531 584 habita
552 550 666 583 notitia
687 548 926 583 constitutionis
946 548 992 580 Pii
1013 547 1035 580 V
1055 547 1116 579 sibi
1147 547 1225 590 ipsis
1252 546 1462 590 applicandae
1477 571 1485 585 ‚
1515 545 1546 577 S.
1578 544 1685 577 Basilii

247 605 394 645 regulam
414 603 550 646 professi
571 609 657 642 sunt,
680 603 812 635 cellulas
833 601 933 634 eremi
960 600 992 633 in
1013 599 1244 633 monasterinm
1266 598 1499 636 convertendo,
1522 597 1685 640 propriam

247 656 513 689 sustentationem
544 656 653 687 labore
683 665 836 687 manuum
860 652 1077 697 procurando,
1099 657 1142 691 et,
1170 651 1405 684 monachorum
1426 660 1515 683 more
1538 650 1685 691 vivendo,

246 708 427 741 voluntarie
446 708 525 740 dicti
545 707 692 740 Matthaei
708 705 858 749 regimini
873 716 905 738 se
919 705 1163 744 commiserunt,
1179 704 1235 746 qui
1250 703 1319 736 sine
1331 703 1489 736 canonica
1502 703 1687 746 provisione

248 771 383 794 munere
404 760 528 793 abbatis
547 759 751 802 fungebatur,
766 759 844 791 ibid.
868 764 898 791 et
915 768 977 801 seq.
992 757 1065 796 Sed,
1086 766 1124 789 eo
1145 756 1307 796 defuncto,
1326 756 1462 788 Didaeus
1478 755 1567 788 Vidal
1584 755 1687 788 Abbas

242 818 369 846 creatus
401 813 471 853 fuit,
508 811 572 845 ‘1802
601 823 637 844 a.
669 811 748 850 Quia
778 820 852 844 vero
872 812 962 844 nulla
981 815 1049 843 erat
1068 808 1225 853 professio
1246 819 1372 847 eorum,
1395 808 1468 840 ideo
1489 807 1633 840 Pontifex
1654 808 1687 840 in

248 865 445 898 monasteria
471 864 566 907 erigit
596 871 627 896 et
653 863 844 896 abbatialem
873 862 1062 906 dignitatem
1083 861 1221 894 instituit
1241 870 1314 893 cum
1335 860 1407 892 aliis
1427 859 1555 900 officiis,
1584 860 1685 899 z'bz'd.;

248 918 378 961 illisque
409 918 463 950 dat
493 917 677 950 facultatem
708 916 943 949 Eucharistiam
974 915 1007 948 in
1039 914 1184 947 ecclesiis
1214 913 1375 946 retinendi
1407 918 1440 946 et
1469 912 1577 945 officia
1605 914 1688 945 cele-

245 969 361 1003 brandi
383 969 470 1002 iuxta
490 968 618 1001 missale
639 973 669 1000 et
687 968 883 1001 breviarium
902 967 1026 1000 noviter
1045 966 1211 1002 restituta,
1234 966 1310 997 ibici.
1333 965 1361 1004 IJ;
1384 964 1579 997 monasteria
1593 975 1687 1007 prae-

245 1024 332 1057 dicta
349 1024 475 1066 aliaque
495 1023 530 1056 in
550 1022 658 1065 regnis
678 1022 905 1065 Hispaniarum
926 1021 1144 1054 construenda
1162 1020 1273 1053 Ordini
1292 1019 1324 1052 S.
1346 1019 1455 1051 Basilii
1468 1018 1611 1059 subiicit,
1628 1018 1688 1051 sub

246 1075 450 1120 protectione
471 1075 562 1108 Sedis
581 1075 783 1117 Apostolicae
804 1074 931 1117 recipit.
954 1079 984 1106 ct.
1005 1073 1120 1106 liberat
1139 1072 1179 1105 ab
1199 1072 1288 1104 omni
1309 1071 1535 1104 iurisdictione
1555 1070 1687 1103 ordina-

246 1130 384 1169 riorum,
406 1130 507 1168 ibid.;
528 1128 724 1161 monasteria
744 1128 777 1160 in
797 1138 894 1161 unam
915 1126 1199 1170 congregationem
1220 1126 1313 1159 unita
1337 1125 1395 1158 sub
1427 1125 1540 1157 eodem
1567 1124 1686 1168 capite,

245 1194 344 1217 unam
363 1184 563 1228 provinciam
583 1183 802 1226 (lIispanicam
823 1181 1088 1225 nuncupandam)
1113 1181 1320 1220 constituant,
1342 1180 1373 1212 in
1401 1190 1465 1222 qua
1492 1178 1688 1222 provinciale

245 1238 424 1281 capitulum
445 1238 500 1270 fiat
520 1238 664 1280 quolibet
686 1237 846 1277 triennio,
866 1235 931 1270 183
952 1246 984 1276 a,
1006 1236 1118 1268 habitu
1138 1235 1232 1277 nigro
1253 1234 1404 1267 monachi
1425 1238 1569 1273 utantur,
1591 1232 1686 1271 ibid.;

245 1290 424 1334 privilegiis
451 1290 581 1323 Ordinis
610 1290 641 1323 S.
676 1289 785 1322 Basilii
805 1294 836 1322 et
855 1288 1115 1331 congregationis
1134 1287 1333 1322 Cassinensis
1351 1287 1524 1328 gaudeant,
1547 1285 1625 1318 ibid.
1648 1285 1686 1323 b;

244 1343 397 1376 monachi
427 1343 592 1376 celebrent
622 1350 744 1387 quanto
775 1342 871 1375 citius
901 1341 1079 1385 capitulum
1111 1340 1321 1384 provinciale,
1354 1340 1460 1378 ibe'd.;
1490 1339 1689 1372 visitatorem

243 1396 430 1441 provinciae
461 1396 689 1439 Hispaniarum
718 1396 756 1428 ad
784 1394 961 1427 triennium
983 1394 1115 1436 eligant,
1137 1393 1230 1432 ibid.;
1252 1392 1348 1425 liuius
1368 1392 1548 1431 facultates,
1571 1390 1635 1424 184
1654 1402 1686 1429 α;

246 1448 404 1488 visitator,
436 1449 565 1481 abbates
597 1453 628 1481 et
661 1448 759 1481 ceteri
779 1448 883 1481 dictae
903 1447 1089 1490 provinciae
1110 1445 1246 1478 subiecti
1277 1445 1342 1477 sint
1361 1444 1467 1477 abbati
1488 1454 1545 1476 seu
1564 1443 1689 1476 vicario

244 1502 391 1544 generali
410 1501 549 1541 Ordinis,
572 1501 666 1541 ibid.;
688 1500 831 1533 visitator
850 1499 1022 1533 convenire
1047 1499 1141 1531 debet
1161 1498 1195 1530 in
1214 1497 1372 1530 electione
1392 1496 1514 1529 abbatis
1529 1496 1689 1538 generalis

246 1559 278 1587 et.
291 1553 389 1587 habet
407 1563 518 1587 vocem
540 1553 674 1586 activam
695 1558 726 1586 et
744 1552 914 1596 passivam,
936 1551 1015 1585 ibid.
1037 1551 1067 1591 b;
1088 1551 1121 1583 in
1142 1550 1286 1594 capitulo
1307 1548 1499 1593 provinciali
1520 1548 1602 1581 nihil
1624 1554 1688 1580 sta—

244 1607 292 1640 tui
321 1607 422 1650 possit
454 1606 654 1639 contrarium
686 1605 944 1638 ordinationibus
974 1603 1108 1637 Concilii
1138 1602 1317 1636 Tridentini
1356 1607 1387 1634 et
1419 1601 1586 1634 canonicis
1615 1611 1689 1633 san-

246 1659 421 1699 ctionibus,
453 1659 547 1695 ibid*
569 1659 720 1700 degentes
740 1659 773 1691 in
791 1657 984 1696 eremitoriis
1004 1657 1098 1690 dictis
1117 1657 1167 1689 del
1182 1656 1306 1688 Tardon
1327 1655 1412 1688 etde
1426 1654 1631 1697 Gallequillos
1656 1654 1688 1686 in

245 1713 451 1746 monasteriis
481 1712 596 1745 erectis
625 1711 657 1743 in
686 1711 862 1744 monachos
885 1710 915 1743 S.
938 1710 1047 1743 Basilii
1067 1709 1278 1753 recipiantur,
1300 1708 1394 1747 ibitl.;
1416 1712 1538 1750 etpost
1564 1716 1687 1739 annum

246 1765 479 1810 professionem
501 1764 659 1803 emittant,
681 1762 745 1797 185
763 1775 798 1803 α,·
817 1763 983 1806 exemptio·
997 1774 1014 1795 a
1034 1761 1166 1795 decimis
1185 1762 1263 1794 ibid.

244 1818 415 1851 comitatui
436 1823 466 1850 et
485 1816 605 1850 civitati
625 1821 742 1849 statuta
761 1816 867 1849 omnia
889 1821 919 1848 et
939 1815 1104 1858 privilegia
1124 1814 1358 1847 confirmantur
1377 1812 1442 1846 973
1465 1823 1501 1851 a;
1529 1812 1689 1856 Apostoli-

246 1881 304 1904 cae
321 1869 397 1904 Sedi
418 1869 649 1909 sufficiuntur,
671 1868 735 1902 874
754 1879 793 1908 (13
815 1874 846 1901 et
865 1868 1093 1911 gubernatoris
1112 1866 1262 1910 regimini
1283 1866 1544 1905 committuntur,
1565 1865 1628 1898 875
1649 1877 1685 1905 a;

248 1922 319 1967 eius
335 1923 514 1956 facultates
542 1921 771 1961 enunciantur,
803 1921 902 1960 ibz'd.3
925 1921 1077 1954 Camerae
1096 1920 1299 1963 Apostolicae
1320 1917 1475 1952 auditoris
1496 1923 1526 1950 et
1544 1917 1689 1961 episcopi

245 1976 403 2010 ordinarii
416 1976 466 2010 ius
476 1981 671 2015 reservatur,
690 1975 768 2008 ibid.
790 1975 819 2014 b}
842 1975 978 2007 aliarum
998 1974 1154 2007 similium
1175 1973 1338 2007 civitatum
1359 1971 1525 2016 privilegia
1544 1981 1684 2004 commu-

245 2028 407 2070 nicantur,
426 2029 526 2069 ibid.;
548 2027 700 2061 salarium
720 2028 946 2070 gubernatoris
964 2027 1156 2070 assignatur,
1178 2027 1272 2066 ibid.;
1291 2026 1455 2069 sportulae
1468 2028 1525 2057 etc.
1542 2034 1601 2067 pro
1615 2034 1690 2056 cau-

247 2082 292 2115 sis
314 2082 460 2117 civilibus
480 2088 511 2115 et
529 2080 760 2120 criminalibus,
779 2080 842 2114 976
862 2091 893 2113 α.

159 2134 456 2168 Excommunicatio
489 2140 521 2167 et
541 2133 822 2166 anathematizatio
842 2143 1124 2177 quorumcumque
1143 2132 1382 2165 haereticorum
1402 2139 1529 2163 necnon
1549 2128 1689 2162 aliorum

213 2197 219 2206 ⁴
249 2186 409 2227 omnium,
425 2187 481 2231 qui
512 2186 672 2219 contentis
692 2186 724 2218 in
743 2185 832 2218 bulla
851 2185 974 2219 Coenae
995 2186 1122 2219 Domini
1154 2183 1414 2222 contraveniunt,
1447 2181 1512 2214 413
1531 2192 1551 2214 a
1570 2186 1602 2216 et
1625 2191 1688 2224 seq.

250 2239 418 2273 Absolutio
450 2240 596 2273 Romano
615 2238 762 2272 Pontifici
792 2244 951 2271 reservata
971 2249 1052 2282 quos
1072 2238 1337 2281 comprehendat.
1360 2235 1415 2268 ubi
1435 2235 1547 2274 detur,
1568 2234 1632 2267 418
1652 2244 1690 2273 α’,

248 2291 422 2335 quotannis
445 2303 516 2326 eam
544 2291 729 2336 publicandi
755 2291 964 2334 praescriptio
994 2291 1126 2334 eiusque
1146 2292 1259 2329 forma,
1279 2289 1343 2322 419
1363 2300 1395 2328 a3
1416 2288 1514 2321 huius
1532 2286 1690 2321 constitu-

248 2344 346 2378 tionis
363 2351 602 2389 transumptum
623 2343 809 2378 confessarii
830 2353 928 2386 penes
947 2354 980 2376 se
1000 2344 1118 2377 liabere
1140 2348 1253 2376 curent
1276 2342 1353 2375 ibed.

917 2442 934 2474 1⁴

162 2548 385 2588 Facinorosos,
407 2549 547 2581 latrones
565 2548 661 2581 etiam
683 2547 818 2581 clericos
837 2546 870 2580 in
890 2556 1031 2590 quatuor
1050 2545 1231 2578 minoribus
1251 2545 1444 2577 constitutos
1456 2541 1692 2575 etienuibene-

251 2602 325 2635 ticio
358 2592 503 2645 proviso‘s
533 2601 690 2645 puniendi
718 2601 853 2634 facultas
885 2599 1076 2633 conceditur
1097 2598 1258 2632 iudicibus
1277 2596 1497 2631 saecularibus
1515 2604 1691 2639 regnorum
