2059 3228
0 256 40 282 ln.
58 251 86 281 C.
105 252 171 281 1587

230 232 293 272 978

186 306 214 333 et
237 297 389 332 ministris
407 302 435 329 ct
457 293 621 339 quibusvis
638 292 709 326 aliis
719 291 865 336 personis
880 301 938 335 per

185 353 367 397 praedictos
387 356 414 383 ct
433 358 656 394 quoscumque
676 346 840 380 Romanos
856 345 939 378 Pon-

185 407 287 440 tifices
306 404 572 448 praedecessores
587 401 635 434 vel
656 410 859 433 successores
879 409 937 431 no-

185 467 266 494 stros
287 470 323 492 ac
345 469 403 491 nos
423 462 450 489 et
472 456 587 489 Sedem
610 454 822 498 praedictam,
841 452 937 486 etiam

185 519 286 551 motu,
314 511 448 544 scientia
477 516 507 543 ct
543 508 706 553 potestatis
735 506 938 551 plenitudine

184 566 354 602 similibus,
378 565 473 597 etiam
498 574 557 607 per
575 562 642 595 vias
675 561 835 606 generalis
858 559 939 603 legis

184 626 214 653 et
231 619 353 659 statuti,
381 625 408 651 ct
431 618 469 651 de
490 618 626 650 fratrum
658 615 807 655 consilio,
835 625 871 647 ac
901 624 939 646 ex

184 674 289 708 causis
309 672 516 716 quantumvis
542 670 693 714 gravibus
723 674 755 702 et
779 667 936 707 onerosis,

184 739 219 761 ac
245 738 318 760 cum
340 725 518 770 quibusvis,
541 724 636 758 etiam
658 722 937 766 derogatoriarum

183 780 415 824 derogatoriis,
457 779 593 823 aliisque
632 776 869 811 efficacioribus
907 780 939 807 et

184 834 320 868 insolitis
346 833 512 874 clausum,
536 842 664 866 necnon
686 829 890 864 irritantibus
909 833 940 861 et

183 888 253 922 aliis
279 888 416 921 decretis
437 888 468 920 in
489 897 608 930 genere
635 886 682 919 vel
712 886 744 918 in
774 883 882 929 specie
903 893 939 916 ac

183 943 262 977 alias
282 942 526 986 quomodolibet
553 941 649 974 etiarn
669 939 792 973 iteratis
816 938 939 971 vicibus

185 998 356 1038 concessis,
376 995 562 1041 approbatis
583 1000 613 1028 et
626 993 796 1033 innovatis,
815 1003 852 1025 ac
864 1001 940 1024 con-

184 1051 347 1091 cedendis,
363 1049 582 1094 approbandis
595 1055 625 1082 et
641 1046 843 1081 innovandis.
862 1044 939 1085 Qui-

183 1106 244 1138 bus
265 1105 428 1145 omnibus,
460 1103 598 1143 etiamsi,
626 1113 684 1146 pro
714 1101 846 1133 illorum
873 1099 939 1132 sus-

183 1159 306 1192 ficienti
326 1157 548 1201 derogatione,
565 1156 644 1189 alias
661 1155 701 1188 de
722 1154 786 1187 illis
806 1163 939 1186 eorum-

184 1224 246 1257 que
266 1213 340 1246 totis
376 1210 544 1244 tenoribus
576 1209 738 1253 specialis,
772 1206 938 1251 specifica,

184 1277 334 1310 expressa
351 1271 381 1299 et
398 1264 562 1297 individua
583 1273 619 1296 ac
640 1262 678 1296 de
691 1262 790 1295 verbo
812 1262 851 1295 ad
868 1271 939 1294 ver-

183 1321 274 1361 bum,
289 1331 354 1353 non
370 1325 477 1353 autem
499 1329 556 1363 per
581 1317 743 1350 clausulas
772 1315 940 1359 generales

185 1375 270 1408 idem
301 1375 526 1419 importantes,
560 1371 680 1404 mentio
719 1381 776 1404 seu
809 1369 940 1414 quaevis

185 1429 246 1462 alia
276 1428 439 1472 expressio
467 1426 638 1464 habenda,
661 1430 716 1457 aut
749 1424 858 1468 aliqua
878 1423 940 1456 alia

185 1484 341 1529 exquisita
355 1483 458 1516 forma
470 1481 583 1515 adhoc
593 1479 749 1513 servanda
760 1478 854 1519 foret,
866 1478 940 1511 etin

185 1540 231 1573 eis
251 1545 421 1573 caveretur
439 1547 588 1581 expresse
608 1534 695 1579 quod
721 1533 783 1567 illis
800 1534 940 1566 nullate-

185 1605 246 1627 nus
263 1592 411 1637 derogari
432 1591 545 1635 possit,
571 1589 704 1622 illorum
720 1586 867 1621 omnium
896 1592 941 1619 te-

185 1659 292 1689 nores,
315 1659 352 1681 ac
376 1647 401 1679 si
423 1646 461 1679 de
486 1644 584 1678 verbo
612 1643 651 1676 ad
678 1642 813 1675 verbum
848 1652 942 1685 prae-

185 1702 330 1735 sentibus
350 1701 584 1739 insererentur,
607 1707 665 1740 pro
682 1696 776 1740 plene
796 1700 825 1728 et
851 1694 941 1727 suffi-

186 1757 309 1790 cienter
326 1754 496 1799 expressis,
515 1764 551 1786 ac
573 1752 687 1785 modos
707 1756 738 1784 et
762 1751 883 1783 formas
903 1750 941 1782 ad

186 1811 219 1844 id
239 1809 455 1843 observandos
472 1818 529 1852 pro
544 1805 675 1840 servatis
695 1805 863 1843 habentes,
879 1803 942 1835 illis

187 1865 265 1898 alias
285 1864 317 1897 in
338 1874 396 1897 suo
413 1861 529 1895 robore
550 1857 780 1905 permansuris,
802 1856 942 1890 hacxice

187 1919 363 1958 dumtaxat,
385 1915 571 1961 specialiter
587 1919 616 1947 et
638 1922 786 1957 expresse
807 1910 942 1953 deroga-

187 1986 270 2015 mus,
284 1983 387 2017 eaque
398 1971 501 2005 etalia
511 1968 620 2002 omnia
632 1968 664 2000 in
682 1971 841 2011 quantum
859 1975 942 2009 prse-

187 2028 332 2062 sentibus
366 2025 481 2058 litteris
515 2022 767 2061 contrariantur,
797 2024 852 2052 aut
881 2018 943 2051 illis

188 2088 219 2115 et
243 2082 276 2114 in
298 2081 344 2113 eis
365 2077 525 2113 contentis
537 2077 800 2120 quibuscumque
819 2072 942 2112 obesse,

188 2142 240 2169 aut
267 2135 397 2167 illorum
419 2131 640 2165 executionem
663 2135 692 2161 et
714 2127 864 2161 effectum
892 2137 942 2159 re-

189 2190 316 2223 tardare
342 2192 488 2232 possunt,
509 2185 643 2219 omnino
659 2191 861 2221 revocamus,
886 2180 944 2213 tol-

188 2245 286 2277 limus
319 2248 349 2275 et
386 2242 592 2284 abrogamus,
621 2249 658 2271 ac
691 2247 749 2281 pro
772 2234 942 2274 revocatis,

190 2297 324 2331 sublatis
344 2301 373 2329 et
407 2294 568 2337 abrogatis
595 2291 708 2325 baberi
735 2290 885 2323 volumus
915 2294 943 2321 et

191 2349 462 2384 sufficientissime
475 2349 677 2390 derogatum,
692 2343 863 2378 contrariis
876 2342 946 2386 qui—

191 2405 407 2446 buscumque.
431 2404 492 2435 Aut
505 2401 530 2434 si
546 2400 710 2444 aliquibus
726 2396 946 2431 communiter

192 2455 240 2487 vel
261 2453 384 2486 divisim
407 2451 446 2484 ab
467 2451 579 2483 eadem
601 2449 640 2481 sit
670 2447 750 2481 Sede
782 2445 943 2477 indultum

192 2503 278 2546 qnod
299 2501 459 2539 interdici,
481 2498 635 2542 suspendi
656 2497 703 2528 vet
721 2493 945 2528 excommuni-

192 2552 258 2585 cari
280 2561 343 2583 non
370 2549 491 2593 possint
518 2558 576 2591 per
599 2547 722 2579 litteras
753 2541 946 2587 apostolicas

191 2611 256 2634 non
274 2599 424 2632 facientes
445 2598 573 2641 plenam
600 2601 629 2627 et
645 2603 828 2637 expressam
849 2601 886 2623 ac
907 2590 945 2622 de

191 2649 288 2683 verbo
308 2647 347 2680 ad
372 2647 505 2679 verbum
535 2645 573 2677 de
601 2643 726 2676 indulto
755 2638 945 2673 huiusmodi

781 238 962 263 BULLARIUM
981 237 1134 262 ROMANUM

1743 234 1797 264 An.
1814 233 1834 263 C
1861 227 1930 264 158‘1

979 290 1192 329 mentionem,
1214 299 1273 334 per
1298 293 1482 333 praesentes
1501 295 1608 322 autem
1639 299 1730 331 prae-

979 343 1123 376 iudicare
1139 342 1217 376 taxis
1230 348 1261 376 et.
1277 343 1445 383 oneribus,
1462 347 1607 386 tempore
1627 342 1731 376 dictae

980 404 1150 442 praeturae
1171 409 1208 432 ac
1229 397 1379 441 gubernii
1411 395 1576 440 praeteriti
1601 407 1660 440 per
1683 397 1731 430 of-

979 453 1102 486 ficiales
1132 452 1219 496 ipsos
1238 452 1286 485 vel
1311 452 1392 485 alios
1416 450 1570 484 Gamerae
1589 455 1730 490 nostrae,

979 505 1042 538 sive
1063 506 1155 539 alteri
1181 506 1258 539 solvi
1286 505 1388 539 solitis
1411 505 1460 538 vel
1488 504 1662 545 consuetis,
1684 503 1735 537 vel

979 559 1118 592 alicuius
1152 570 1311 604 expensae
1349 563 1559 603 angmentum
1598 558 1731 599 afferre,

980 613 1173 648 comitativis
1201 615 1373 649 occasione
1400 613 1477 648 dicti
1514 612 1602 646 aucti
1625 611 1734 646 salarii

980 673 1009 701 et
1025 669 1177 712 gubernii
1197 669 1242 702 sic
1263 668 1420 709 concessi,
1442 673 1499 700 aut
1517 666 1651 711 aliquod
1670 665 1734 700 illis

980 723 1013 756 in
1034 724 1086 757 lite
1111 731 1143 758 et
1158 735 1254 759 causa
1271 724 1355 758 inter
1375 734 1430 757 eos
1450 723 1482 756 in
1497 722 1632 756 Camera
1647 722 1735 766 Apo-

979 777 1091 811 stolica
1111 789 1220 812 coram
1245 778 1363 812 dilecto
1387 777 1455 810 filio
1480 776 1579 810 Fabio
1610 774 1734 809 Corneo

980 831 1125 865 eiusdem
1153 832 1305 866 Gamerae
1336 831 1461 865 Clerico
1498 831 1538 864 de
1573 835 1605 863 et
1637 839 1736 874 super

980 885 1166 919 introitibus
1191 887 1355 930 rebusque
1385 884 1456 919 aliis
1484 883 1628 918 indecisa
1655 893 1736 928 pen-

980 939 1100 981 dentia,
1123 951 1160 973 ac
1197 940 1398 984 quibuslibet
1418 949 1532 972 eorum
1552 937 1681 971 iuribus
1705 941 1737 970 et

981 994 1076 1026 statui
1119 994 1358 1038 praeiudicium
1397 993 1493 1027 etiam
1532 992 1565 1024 in
1599 991 1736 1024 minimo

980 1058 1149 1090 generare,
1176 1059 1233 1081 seu
1257 1047 1380 1092 aliquid
1408 1047 1550 1090 desuper
1581 1045 1735 1078 innovare

980 1112 1045 1134 non
1066 1102 1275 1143 intendimus,
1296 1112 1379 1146 quae
1408 1101 1516 1145 quoad
1544 1100 1607 1133 hoe
1631 1099 1736 1132 salvae

981 1161 1012 1189 et
1032 1156 1162 1190 illaesae
1180 1161 1380 1189 remaneant.

1025 1210 1040 1254 ἓ
1061 1210 1114 1244 15.
1142 1210 1292 1244 Ceterum
1312 1210 1462 1243 volumus
1476 1214 1524 1249 ut,
1550 1212 1608 1242 etc.

1024 1264 1140 1298 Datum
1171 1264 1293 1298 Romae
1325 1263 1413 1308 apud
1437 1263 1468 1297 S.
1501 1262 1645 1303 Petrum,
1677 1261 1737 1295 sub

982 1319 1104 1352 annulo
1138 1319 1330 1360 Piscatoris,
1376 1318 1428 1351 die
1471 1327 1511 1350 xv
1555 1315 1738 1350 decembris

981 1383 1163 1415 MDLxxxxn,
1187 1373 1396 1418 pontificatus
1415 1370 1517 1405 nostri
1537 1380 1623 1403 anno
1641 1379 1690 1402 111.

1032 1431 1093 1461 Dat.
1110 1432 1156 1461 die
1177 1431 1213 1461 15
1237 1431 1301 1461 dec.
1319 1430 1408 1468 1587,
1428 1429 1534 1469 pontif.
1554 1437 1632 1458 anno
1648 1436 1692 1458 ιιι.

1791 1199 1853 1222 Fido·
1867 1199 1937 1221 dando

1750 1232 1900 1259 traunumptio.

1027 1744 1123 1773 ventu
1143 1739 1341 1772 Sanctorum
1359 1737 1430 1770 XII
1449 1737 1675 1781 Apostolorum
1701 1736 1740 1769 dc

1032 1794 1113 1827 Urbe

1028 1850 1109 1882 lium
1131 1848 1156 1881 ¹.

1157 1793 1291 1827 Ordinis
1329 1791 1496 1824 Minorum
1539 1794 1735 1824 conventua-

1052 1937 1148 1965 sixtus
1168 1936 1320 1970 episcopus.
1342 1939 1439 1962 servus
1459 1938 1600 1961 servorum
1615 1930 1670 1965 Dei,

1135 1990 1169 2018 ad
1186 1991 1350 2025 perpetuam
1369 1989 1410 2016 rei
1430 1986 1600 2015 memoriam.

2006 2036 2013 2040 ¹
2000 1787 2018 2022 4’ω’ιι(-ο-σ’)ο«··ι..·η-“ν-
2007 1754 2017 1774 τ.
2014 1736 2017 1739 .
1994 1702 2013 1714 Ἥ
2007 1673 2015 1692 .-
2007 1655 2011 1657 v

1308 1607 1407 1641 CXVI.

959 1616 965 1967 ι
982 1686 1112 1719 Erectio
1136 1685 1261 1728 colleyii
1279 1685 1314 1717 S.
1341 1684 1591 1716 Bonaventurae
1611 1683 1646 1714 in
1667 1693 1740 1715 con-

1029 2066 1202 2102 Ineffabilis
1217 2065 1342 2099 divinae
1354 2062 1574 2108 providentiae
1591 2060 1739 2100 altitudo,
1781 2066 1901 2089 Exorai-un.

986 2124 1079 2156 cuius
1099 2127 1179 2154 nutu
1201 2119 1436 2153 ordinationem
1458 2115 1641 2159 suscipiunt
1664 2113 1739 2146 uni-

984 2187 1086 2217 versa,
1102 2176 1164 2208 iam
1187 2174 1260 2207 inde
1280 2174 1320 2206 ab
1341 2172 1409 2216 ipso
1430 2169 1625 2214 apostolicae
1646 2177 1738 2211 prae-

985 2229 1157 2264 dicationis
1178 2226 1370 2272 primordio,
1396 2225 1514 2257 almam
1535 2223 1649 2256 urbem
1676 2221 1739 2254 Ro-

986 2295 1071 2317 mam
1093 2284 1173 2316 adeo
1195 2281 1334 2326 copiosis
1355 2278 1542 2313 coelestium
1563 2276 1739 2320 gratiarum

986 2338 1078 2372 donis
1090 2348 1126 2370 ac
1146 2334 1378 2380 praerogativis
1397 2331 1584 2372 cumulavit,
1608 2336 1642 2363 ut
1657 2339 1740 2374 quae

987 2399 1080 2425 antea
1105 2402 1164 2435 per
1184 2396 1226 2423 tot
1253 2388 1382 2422 saccula
1408 2387 1503 2420 variis
1535 2383 1740 2428 superstitio-

988 2447 1082 2480 nibus
1093 2445 1184 2488 quasi
1201 2442 1394 2488 quibusdam
1409 2438 1592 2484 praestigiis
1606 2438 1740 2480 decepta

986 2512 1023 2534 ac
1044 2501 1175 2533 seducta
1187 2498 1372 2535 tenebatur,
1398 2503 1547 2538 quaeque
1568 2492 1673 2525 suerat
1692 2500 1741 2522 er-

986 2557 1070 2588 roris
1094 2553 1216 2592 schola,
1240 2557 1316 2584 tunc
1337 2548 1479 2593 primum
1505 2545 1646 2589 glorioso
1663 2544 1740 2576 bea-

1025 2647 1034 2672 t
1053 2645 1096 2672 Ex
1115 2643 1227 2678 Regest.
1244 2641 1272 2668 in
1288 2640 1394 2667 Secret.
1415 2636 1560 2664 Brevium.
