<?xml version="1.0" encoding="UTF-8"?>
<!DOCTYPE html PUBLIC "-//W3C//DTD XHTML 1.0 Transitional//EN"
    "http://www.w3.org/TR/xhtml1/DTD/xhtml1-transitional.dtd">
<html xmlns="http://www.w3.org/1999/xhtml" xml:lang="en" lang="en">
 <head>
  <title>
</title>
<meta http-equiv="Content-Type" content="text/html;charset=utf-8" />
  <meta name='ocr-system' content='tesseract 3.04.00' />
  <meta name='ocr-capabilities' content='ocr_page ocr_carea ocr_par ocr_line ocrx_word'/>
</head>
<body>
  <div class='ocr_page' id='page_1' title='image "./bullarumdiplomat08cath_0519.png"; bbox 0 0 2059 3228; ppageno 0'>
   <div class='ocr_carea' id='block_1_1' title="bbox 61 239 130 277">
    <p class='ocr_par' dir='ltr' id='par_1_1' title="bbox 61 239 130 277">
     <span class='ocr_line' id='line_1_1' title="bbox 61 239 130 277; baseline -0.014 0"><span class='ocrx_word' id='word_1_1' title='bbox 61 239 130 277; x_wconf 63' lang='lat'>¹³⁸6</span> 
     </span>
    </p>
   </div>
   <div class='ocr_carea' id='block_1_2' title="bbox 39 403 886 2609">
    <p class='ocr_par' dir='ltr' id='par_1_2' title="bbox 39 403 886 2609">
     <span class='ocr_line' id='line_1_2' title="bbox 139 403 886 446; baseline -0.005 -7"><span class='ocrx_word' id='word_1_2' title='bbox 139 410 217 446; x_wconf 83' lang='lat' dir='ltr'>rata,</span> <span class='ocrx_word' id='word_1_3' title='bbox 236 404 408 439; x_wconf 80' lang='lat' dir='ltr'>reformata</span> <span class='ocrx_word' id='word_1_4' title='bbox 429 410 460 437; x_wconf 91' lang='lat' dir='ltr'>et</span> <span class='ocrx_word' id='word_1_5' title='bbox 480 404 608 437; x_wconf 84' lang='lat' dir='ltr'>condita</span> <span class='ocrx_word' id='word_1_6' title='bbox 626 404 754 443; x_wconf 82' lang='lat' dir='ltr'>suerint,</span> <span class='ocrx_word' id='word_1_7' title='bbox 770 403 808 436; x_wconf 89' lang='lat' dir='ltr'>ab</span> <span class='ocrx_word' id='word_1_8' title='bbox 819 412 886 435; x_wconf 91' lang='lat' dir='ltr'>om-</span> 
     </span>
     <span class='ocr_line' id='line_1_3' title="bbox 139 455 886 502; baseline -0.004 -11"><span class='ocrx_word' id='word_1_9' title='bbox 139 457 232 492; x_wconf 89' lang='lat' dir='ltr'>nibus</span> <span class='ocrx_word' id='word_1_10' title='bbox 256 457 420 491; x_wconf 79' lang='lat' dir='ltr'>sodalibus</span> <span class='ocrx_word' id='word_1_11' title='bbox 456 458 627 502; x_wconf 80' lang='lat' dir='ltr'>praedictis</span> <span class='ocrx_word' id='word_1_12' title='bbox 660 455 886 490; x_wconf 82' lang='lat' dir='ltr'>inviolabiliter</span> 
     </span>
     <span class='ocr_line' id='line_1_4' title="bbox 138 511 445 545; baseline -0.003 0"><span class='ocrx_word' id='word_1_13' title='bbox 138 511 298 545; x_wconf 78' lang='lat' dir='ltr'>observari</span> <span class='ocrx_word' id='word_1_14' title='bbox 316 511 445 544; x_wconf 87' lang='lat' dir='ltr'>debere.</span> 
     </span>
     <span class='ocr_line' id='line_1_5' title="bbox 181 564 885 609; baseline -0.001 -11"><span class='ocrx_word' id='word_1_15' title='bbox 181 565 197 609; x_wconf 60' lang='grc' dir='ltr'>ᾗ</span> <span class='ocrx_word' id='word_1_16' title='bbox 215 564 268 598; x_wconf 68' lang='lat'>20.</span> <span class='ocrx_word' id='word_1_17' title='bbox 282 565 326 598; x_wconf 89' lang='lat' dir='ltr'>Ac</span> <span class='ocrx_word' id='word_1_18' title='bbox 337 570 521 609; x_wconf 78' lang='lat' dir='ltr'>praesentes</span> <span class='ocrx_word' id='word_1_19' title='bbox 537 565 668 605; x_wconf 83' lang='lat' dir='ltr'>litteras,</span> <span class='ocrx_word' id='word_1_20' title='bbox 681 564 740 597; x_wconf 90' lang='lat' dir='ltr'>sub</span> <span class='ocrx_word' id='word_1_21' title='bbox 754 564 885 608; x_wconf 86' lang='lat' dir='ltr'>quibus-</span> 
     </span>
     <span class='ocr_line' id='line_1_6' title="bbox 73 617 885 662; baseline -0.004 -9"><span class='ocrx_word' id='word_1_22' title='bbox 73 639 124 661; x_wconf 56' lang='lat' dir='ltr'>pr*</span> <span class='ocrx_word' id='word_1_23' title='bbox 137 628 277 662; x_wconf 88' lang='lat' dir='ltr'>cumque</span> <span class='ocrx_word' id='word_1_24' title='bbox 296 618 451 651; x_wconf 81' lang='lat' dir='ltr'><strong>similium</strong></span> <span class='ocrx_word' id='word_1_25' title='bbox 475 619 524 651; x_wconf 79' lang='lat' dir='ltr'>vel</span> <span class='ocrx_word' id='word_1_26' title='bbox 548 617 750 651; x_wconf 79' lang='lat' dir='ltr'>dissimilium</span> <span class='ocrx_word' id='word_1_27' title='bbox 780 618 885 651; x_wconf 89' lang='lat' dir='ltr'>indul-</span> 
     </span>
     <span class='ocr_line' id='line_1_7' title="bbox 136 671 883 715; baseline 0 -10"><span class='ocrx_word' id='word_1_28' title='bbox 136 671 317 715; x_wconf 88' lang='lat' dir='ltr'>gentiarum</span> <span class='ocrx_word' id='word_1_29' title='bbox 337 677 368 704; x_wconf 91' lang='lat' dir='ltr'>et</span> <span class='ocrx_word' id='word_1_30' title='bbox 391 672 528 705; x_wconf 88' lang='lat' dir='ltr'>aliarum</span> <span class='ocrx_word' id='word_1_31' title='bbox 552 671 728 714; x_wconf 77' lang='lat' dir='ltr'>gratiarum</span> <span class='ocrx_word' id='word_1_32' title='bbox 752 682 883 705; x_wconf 81' lang='lat' dir='ltr'>revoca-</span> 
     </span>
     <span class='ocr_line' id='line_1_8' title="bbox 136 724 881 769; baseline -0.001 -10"><span class='ocrx_word' id='word_1_33' title='bbox 136 724 287 766; x_wconf 79' lang='lat' dir='ltr'>tionibus,</span> <span class='ocrx_word' id='word_1_34' title='bbox 315 725 592 769; x_wconf 76' lang='lat' dir='ltr'>suspensionibus,</span> <span class='ocrx_word' id='word_1_35' title='bbox 620 725 881 765; x_wconf 86' lang='lat' dir='ltr'>limitationibus,</span> 
     </span>
     <span class='ocr_line' id='line_1_9' title="bbox 135 777 883 823; baseline 0 -11"><span class='ocrx_word' id='word_1_36' title='bbox 135 777 399 822; x_wconf 83' lang='lat' dir='ltr'>derogationibus</span> <span class='ocrx_word' id='word_1_37' title='bbox 419 784 449 813; x_wconf 92' lang='lat' dir='ltr'>et</span> <span class='ocrx_word' id='word_1_38' title='bbox 467 778 537 812; x_wconf 86' lang='lat' dir='ltr'>aliis</span> <span class='ocrx_word' id='word_1_39' title='bbox 556 778 726 812; x_wconf 83' lang='lat' dir='ltr'>contrariis</span> <span class='ocrx_word' id='word_1_40' title='bbox 745 778 883 823; x_wconf 87' lang='lat' dir='ltr'>disposi-</span> 
     </span>
     <span class='ocr_line' id='line_1_10' title="bbox 135 830 882 872; baseline 0.003 -8"><span class='ocrx_word' id='word_1_41' title='bbox 135 830 289 872; x_wconf 81' lang='lat' dir='ltr'>tionibus,</span> <span class='ocrx_word' id='word_1_42' title='bbox 308 832 402 865; x_wconf 87' lang='lat' dir='ltr'>etiam</span> <span class='ocrx_word' id='word_1_43' title='bbox 423 832 457 865; x_wconf 92' lang='lat' dir='ltr'>in</span> <span class='ocrx_word' id='word_1_44' title='bbox 475 832 616 865; x_wconf 83' lang='lat' dir='ltr'>favorem</span> <span class='ocrx_word' id='word_1_45' title='bbox 626 832 779 866; x_wconf 82' lang='lat' dir='ltr'>basilicae</span> <span class='ocrx_word' id='word_1_46' title='bbox 792 832 882 867; x_wconf 92' lang='lat' dir='ltr'>Prin-</span> 
     </span>
     <span class='ocr_line' id='line_1_11' title="bbox 133 884 882 930; baseline 0.003 -12"><span class='ocrx_word' id='word_1_47' title='bbox 133 884 215 930; x_wconf 90' lang='lat' dir='ltr'>cipis</span> <span class='ocrx_word' id='word_1_48' title='bbox 233 885 461 929; x_wconf 84' lang='lat' dir='ltr'>Apostolorum</span> <span class='ocrx_word' id='word_1_49' title='bbox 481 886 520 919; x_wconf 92' lang='lat' dir='ltr'>de</span> <span class='ocrx_word' id='word_1_50' title='bbox 539 885 624 919; x_wconf 83' lang='lat' dir='ltr'>Urbe</span> <span class='ocrx_word' id='word_1_51' title='bbox 640 896 696 919; x_wconf 89' lang='lat' dir='ltr'>seu</span> <span class='ocrx_word' id='word_1_52' title='bbox 712 885 882 920; x_wconf 88' lang='lat' dir='ltr'>Cruciatae</span> 
     </span>
     <span class='ocr_line' id='line_1_12' title="bbox 132 937 883 983; baseline 0.003 -11"><span class='ocrx_word' id='word_1_53' title='bbox 132 937 268 972; x_wconf 81' lang='lat' dir='ltr'>Sanctae</span> <span class='ocrx_word' id='word_1_54' title='bbox 287 944 343 972; x_wconf 90' lang='lat' dir='ltr'>aut</span> <span class='ocrx_word' id='word_1_55' title='bbox 361 939 449 980; x_wconf 85' lang='lat' dir='ltr'>alias,</span> <span class='ocrx_word' id='word_1_56' title='bbox 473 949 532 983; x_wconf 85' lang='lat' dir='ltr'>per</span> <span class='ocrx_word' id='word_1_57' title='bbox 555 949 613 973; x_wconf 90' lang='lat' dir='ltr'>nos</span> <span class='ocrx_word' id='word_1_58' title='bbox 638 940 687 973; x_wconf 73' lang='lat' dir='ltr'>vel</span> <span class='ocrx_word' id='word_1_59' title='bbox 715 940 796 974; x_wconf 89' lang='lat' dir='ltr'>alios</span> <span class='ocrx_word' id='word_1_60' title='bbox 821 941 883 974; x_wconf 85' lang='lat' dir='ltr'>Ro-</span> 
     </span>
     <span class='ocr_line' id='line_1_13' title="bbox 132 992 883 1027; baseline 0.003 -2"><span class='ocrx_word' id='word_1_61' title='bbox 132 1001 245 1025; x_wconf 89' lang='lat' dir='ltr'>manos</span> <span class='ocrx_word' id='word_1_62' title='bbox 264 992 434 1026; x_wconf 89' lang='lat' dir='ltr'>Pontifices</span> <span class='ocrx_word' id='word_1_63' title='bbox 457 1003 658 1026; x_wconf 83' lang='lat' dir='ltr'>successores</span> <span class='ocrx_word' id='word_1_64' title='bbox 676 998 804 1027; x_wconf 88' lang='lat' dir='ltr'>nostros</span> <span class='ocrx_word' id='word_1_65' title='bbox 827 999 883 1027; x_wconf 85' lang='lat' dir='ltr'>aut</span> 
     </span>
     <span class='ocr_line' id='line_1_14' title="bbox 131 1044 881 1091; baseline 0.003 -13"><span class='ocrx_word' id='word_1_66' title='bbox 131 1044 250 1079; x_wconf 86' lang='lat' dir='ltr'>dictam</span> <span class='ocrx_word' id='word_1_67' title='bbox 270 1045 398 1087; x_wconf 86' lang='lat' dir='ltr'>Sedem,</span> <span class='ocrx_word' id='word_1_68' title='bbox 422 1046 518 1079; x_wconf 89' lang='lat' dir='ltr'>etiam</span> <span class='ocrx_word' id='word_1_69' title='bbox 539 1052 629 1079; x_wconf 90' lang='lat' dir='ltr'>motu</span> <span class='ocrx_word' id='word_1_70' title='bbox 648 1047 782 1091; x_wconf 91' lang='lat' dir='ltr'>proprio</span> <span class='ocrx_word' id='word_1_71' title='bbox 798 1052 829 1080; x_wconf 88' lang='lat' dir='ltr'>et</span> <span class='ocrx_word' id='word_1_72' title='bbox 843 1058 881 1080; x_wconf 85' lang='lat' dir='ltr'>ex</span> 
     </span>
     <span class='ocr_line' id='line_1_15' title="bbox 131 1099 882 1144; baseline 0.003 -13"><span class='ocrx_word' id='word_1_73' title='bbox 131 1103 218 1132; x_wconf 84' lang='lat' dir='ltr'>certa</span> <span class='ocrx_word' id='word_1_74' title='bbox 237 1099 381 1139; x_wconf 88' lang='lat' dir='ltr'>scientia,</span> <span class='ocrx_word' id='word_1_75' title='bbox 396 1099 592 1143; x_wconf 88' lang='lat' dir='ltr'>apostolicae</span> <span class='ocrx_word' id='word_1_76' title='bbox 604 1100 767 1144; x_wconf 89' lang='lat' dir='ltr'>potestatis</span> <span class='ocrx_word' id='word_1_77' title='bbox 779 1099 882 1144; x_wconf 90' lang='lat' dir='ltr'>pleni-</span> 
     </span>
     <span class='ocr_line' id='line_1_16' title="bbox 129 1151 882 1197; baseline 0.003 -12"><span class='ocrx_word' id='word_1_78' title='bbox 129 1151 255 1193; x_wconf 91' lang='lat' dir='ltr'>tudine,</span> <span class='ocrx_word' id='word_1_79' title='bbox 276 1162 334 1185; x_wconf 90' lang='lat' dir='ltr'>seu</span> <span class='ocrx_word' id='word_1_80' title='bbox 353 1152 393 1185; x_wconf 90' lang='lat' dir='ltr'>ad</span> <span class='ocrx_word' id='word_1_81' title='bbox 412 1153 611 1196; x_wconf 80' lang='lat' dir='ltr'>quorumvis,</span> <span class='ocrx_word' id='word_1_82' title='bbox 631 1154 728 1187; x_wconf 86' lang='lat' dir='ltr'>etiam</span> <span class='ocrx_word' id='word_1_83' title='bbox 743 1154 882 1197; x_wconf 88' lang='lat' dir='ltr'>impera-</span> 
     </span>
     <span class='ocr_line' id='line_1_17' title="bbox 129 1206 880 1249; baseline 0.004 -11"><span class='ocrx_word' id='word_1_84' title='bbox 129 1209 250 1246; x_wconf 90' lang='lat' dir='ltr'>torum,</span> <span class='ocrx_word' id='word_1_85' title='bbox 272 1216 397 1248; x_wconf 79' lang='lat' dir='ltr'>regum,</span> <span class='ocrx_word' id='word_1_86' title='bbox 419 1206 616 1249; x_wconf 80' lang='lat' dir='ltr'>reginarum,</span> <span class='ocrx_word' id='word_1_87' title='bbox 628 1207 749 1240; x_wconf 91' lang='lat' dir='ltr'>ducum</span> <span class='ocrx_word' id='word_1_88' title='bbox 761 1213 792 1241; x_wconf 91' lang='lat' dir='ltr'>et</span> <span class='ocrx_word' id='word_1_89' title='bbox 803 1208 880 1241; x_wconf 86' lang='lat' dir='ltr'>alio-</span> 
     </span>
     <span class='ocr_line' id='line_1_18' title="bbox 129 1258 879 1305; baseline 0.004 -14"><span class='ocrx_word' id='word_1_90' title='bbox 129 1268 204 1292; x_wconf 91' lang='lat' dir='ltr'>rum</span> <span class='ocrx_word' id='word_1_91' title='bbox 227 1258 413 1303; x_wconf 89' lang='lat' dir='ltr'>principum</span> <span class='ocrx_word' id='word_1_92' title='bbox 432 1260 630 1301; x_wconf 81' lang='lat' dir='ltr'>instantiam,</span> <span class='ocrx_word' id='word_1_93' title='bbox 653 1271 712 1304; x_wconf 90' lang='lat' dir='ltr'>pro</span> <span class='ocrx_word' id='word_1_94' title='bbox 732 1266 879 1305; x_wconf 86' lang='lat' dir='ltr'>ternpore</span> 
     </span>
     <span class='ocr_line' id='line_1_19' title="bbox 130 1311 876 1357; baseline 0.003 -12"><span class='ocrx_word' id='word_1_95' title='bbox 130 1311 352 1356; x_wconf 88' lang='lat' dir='ltr'>quomodolib.</span> <span class='ocrx_word' id='word_1_96' title='bbox 366 1312 469 1351; x_wconf 82' lang='lat' dir='ltr'>factis,</span> <span class='ocrx_word' id='word_1_97' title='bbox 482 1313 615 1347; x_wconf 88' lang='lat' dir='ltr'>minime</span> <span class='ocrx_word' id='word_1_98' title='bbox 631 1315 876 1357; x_wconf 87' lang='lat' dir='ltr'>comprehendi,</span> 
     </span>
     <span class='ocr_line' id='line_1_20' title="bbox 129 1364 879 1411; baseline 0.005 -14"><span class='ocrx_word' id='word_1_99' title='bbox 129 1364 186 1398; x_wconf 90' lang='lat' dir='ltr'>sed</span> <span class='ocrx_word' id='word_1_100' title='bbox 202 1375 330 1409; x_wconf 87' lang='lat' dir='ltr'>semper</span> <span class='ocrx_word' id='word_1_101' title='bbox 348 1365 388 1398; x_wconf 89' lang='lat' dir='ltr'>ab</span> <span class='ocrx_word' id='word_1_102' title='bbox 411 1365 475 1398; x_wconf 92' lang='lat' dir='ltr'>illis</span> <span class='ocrx_word' id='word_1_103' title='bbox 503 1372 663 1410; x_wconf 84' lang='lat' dir='ltr'>exceptas,</span> <span class='ocrx_word' id='word_1_104' title='bbox 693 1372 723 1400; x_wconf 85' lang='lat' dir='ltr'>et</span> <span class='ocrx_word' id='word_1_105' title='bbox 751 1367 879 1411; x_wconf 88' lang='lat' dir='ltr'>quoties</span> 
     </span>
     <span class='ocr_line' id='line_1_21' title="bbox 129 1417 878 1464; baseline 0.004 -13"><span class='ocrx_word' id='word_1_106' title='bbox 129 1417 203 1452; x_wconf 90' lang='lat' dir='ltr'>illae</span> <span class='ocrx_word' id='word_1_107' title='bbox 227 1419 433 1460; x_wconf 89' lang='lat' dir='ltr'>emanabunt‚</span> <span class='ocrx_word' id='word_1_108' title='bbox 457 1420 551 1453; x_wconf 89' lang='lat' dir='ltr'>toties</span> <span class='ocrx_word' id='word_1_109' title='bbox 570 1420 602 1453; x_wconf 93' lang='lat' dir='ltr'>in</span> <span class='ocrx_word' id='word_1_110' title='bbox 622 1419 793 1464; x_wconf 90' lang='lat' dir='ltr'>pristinum</span> <span class='ocrx_word' id='word_1_111' title='bbox 814 1426 878 1454; x_wconf 87' lang='lat' dir='ltr'>sta-</span> 
     </span>
     <span class='ocr_line' id='line_1_22' title="bbox 128 1472 879 1518; baseline 0.004 -13"><span class='ocrx_word' id='word_1_112' title='bbox 128 1475 197 1505; x_wconf 89' lang='lat' dir='ltr'>tum</span> <span class='ocrx_word' id='word_1_113' title='bbox 214 1472 387 1514; x_wconf 86' lang='lat' dir='ltr'>restitutas,</span> <span class='ocrx_word' id='word_1_114' title='bbox 410 1473 566 1517; x_wconf 87' lang='lat' dir='ltr'>repositas</span> <span class='ocrx_word' id='word_1_115' title='bbox 586 1480 617 1507; x_wconf 90' lang='lat' dir='ltr'>et</span> <span class='ocrx_word' id='word_1_116' title='bbox 634 1474 777 1518; x_wconf 89' lang='lat' dir='ltr'>plenarie</span> <span class='ocrx_word' id='word_1_117' title='bbox 794 1475 879 1508; x_wconf 89' lang='lat' dir='ltr'>rein-</span> 
     </span>
     <span class='ocr_line' id='line_1_23' title="bbox 126 1526 878 1568; baseline 0.005 -10"><span class='ocrx_word' id='word_1_118' title='bbox 126 1529 268 1568; x_wconf 76' lang='lat' dir='ltr'>tegratas</span> <span class='ocrx_word' id='word_1_119' title='bbox 285 1536 323 1559; x_wconf 90' lang='lat' dir='ltr'>ac</span> <span class='ocrx_word' id='word_1_120' title='bbox 338 1526 377 1559; x_wconf 90' lang='lat' dir='ltr'>de</span> <span class='ocrx_word' id='word_1_121' title='bbox 395 1536 477 1559; x_wconf 85' lang='lat' dir='ltr'>novo</span> <span class='ocrx_word' id='word_1_122' title='bbox 497 1537 665 1561; x_wconf 88' lang='lat' dir='ltr'>concessas</span> <span class='ocrx_word' id='word_1_123' title='bbox 681 1538 748 1561; x_wconf 90' lang='lat' dir='ltr'>esse</span> <span class='ocrx_word' id='word_1_124' title='bbox 762 1534 793 1561; x_wconf 93' lang='lat' dir='ltr'>et</span> <span class='ocrx_word' id='word_1_125' title='bbox 805 1539 878 1562; x_wconf 90' lang='lat' dir='ltr'>cen-</span> 
     </span>
     <span class='ocr_line' id='line_1_24' title="bbox 127 1578 877 1623; baseline 0.007 -12"><span class='ocrx_word' id='word_1_126' title='bbox 127 1578 208 1619; x_wconf 89' lang='lat' dir='ltr'>seri;</span> <span class='ocrx_word' id='word_1_127' title='bbox 228 1589 356 1612; x_wconf 90' lang='lat' dir='ltr'>necnon</span> <span class='ocrx_word' id='word_1_128' title='bbox 371 1579 532 1620; x_wconf 89' lang='lat' dir='ltr'>omnibus,</span> <span class='ocrx_word' id='word_1_129' title='bbox 554 1591 635 1623; x_wconf 91' lang='lat' dir='ltr'>quos</span> <span class='ocrx_word' id='word_1_130' title='bbox 651 1580 724 1615; x_wconf 90' lang='lat' dir='ltr'>illae</span> <span class='ocrx_word' id='word_1_131' title='bbox 743 1592 877 1616; x_wconf 86' lang='lat' dir='ltr'>concer-</span> 
     </span>
     <span class='ocr_line' id='line_1_25' title="bbox 127 1631 877 1679; baseline 0.007 -15"><span class='ocrx_word' id='word_1_132' title='bbox 127 1636 220 1672; x_wconf 88' lang='lat' dir='ltr'>nunt,</span> <span class='ocrx_word' id='word_1_133' title='bbox 246 1631 415 1675; x_wconf 83' lang='lat' dir='ltr'>suffragari</span> <span class='ocrx_word' id='word_1_134' title='bbox 439 1632 569 1673; x_wconf 89' lang='lat' dir='ltr'>debere;</span> <span class='ocrx_word' id='word_1_135' title='bbox 595 1633 722 1667; x_wconf 89' lang='lat' dir='ltr'>irritum</span> <span class='ocrx_word' id='word_1_136' title='bbox 747 1645 877 1679; x_wconf 88' lang='lat' dir='ltr'>quoque</span> 
     </span>
     <span class='ocr_line' id='line_1_26' title="bbox 126 1684 874 1732; baseline 0.005 -14"><span class='ocrx_word' id='word_1_137' title='bbox 126 1690 160 1719; x_wconf 83' lang='lat' dir='ltr'>et</span> <span class='ocrx_word' id='word_1_138' title='bbox 176 1684 284 1726; x_wconf 86' lang='lat' dir='ltr'>inane,</span> <span class='ocrx_word' id='word_1_139' title='bbox 309 1685 333 1719; x_wconf 90' lang='lat' dir='ltr'>si</span> <span class='ocrx_word' id='word_1_140' title='bbox 357 1697 449 1720; x_wconf 88' lang='lat' dir='ltr'>secus</span> <span class='ocrx_word' id='word_1_141' title='bbox 461 1698 559 1730; x_wconf 87' lang='lat' dir='ltr'>super</span> <span class='ocrx_word' id='word_1_142' title='bbox 581 1687 631 1720; x_wconf 90' lang='lat' dir='ltr'>his</span> <span class='ocrx_word' id='word_1_143' title='bbox 654 1699 672 1721; x_wconf 88' lang='lat' dir='ltr'>a</span> <span class='ocrx_word' id='word_1_144' title='bbox 696 1699 874 1732; x_wconf 88' lang='lat' dir='ltr'>quoquam,</span> 
     </span>
     <span class='ocr_line' id='line_1_27' title="bbox 127 1738 873 1785; baseline 0.007 -13"><span class='ocrx_word' id='word_1_145' title='bbox 127 1738 237 1782; x_wconf 85' lang='lat' dir='ltr'>quavis</span> <span class='ocrx_word' id='word_1_146' title='bbox 245 1739 449 1781; x_wconf 84' lang='lat' dir='ltr'>auctoritate,</span> <span class='ocrx_word' id='word_1_147' title='bbox 464 1741 602 1775; x_wconf 88' lang='lat' dir='ltr'>scienter</span> <span class='ocrx_word' id='word_1_148' title='bbox 616 1742 665 1775; x_wconf 90' lang='lat' dir='ltr'>vel</span> <span class='ocrx_word' id='word_1_149' title='bbox 675 1742 873 1785; x_wconf 83' lang='lat' dir='ltr'>ignoranter,</span> 
     </span>
     <span class='ocr_line' id='line_1_28' title="bbox 127 1792 477 1835; baseline 0.006 -10"><span class='ocrx_word' id='word_1_150' title='bbox 127 1792 298 1835; x_wconf 83' lang='lat' dir='ltr'>contigerit</span> <span class='ocrx_word' id='word_1_151' title='bbox 317 1794 477 1827; x_wconf 88' lang='lat' dir='ltr'>attentari.</span> 
     </span>
     <span class='ocr_line' id='line_1_29' title="bbox 170 1845 877 1892; baseline 0.006 -13"><span class='ocrx_word' id='word_1_152' title='bbox 170 1846 186 1890; x_wconf 64' lang='grc' dir='ltr'><strong>ἓ</strong></span> <span class='ocrx_word' id='word_1_153' title='bbox 209 1845 264 1879; x_wconf 73' lang='lat'>21.</span> <span class='ocrx_word' id='word_1_154' title='bbox 303 1846 373 1880; x_wconf 92' lang='lat' dir='ltr'>Non</span> <span class='ocrx_word' id='word_1_155' title='bbox 403 1848 603 1882; x_wconf 79' lang='lat' dir='ltr'>obstantibus</span> <span class='ocrx_word' id='word_1_156' title='bbox 631 1849 817 1892; x_wconf 83' lang='lat' dir='ltr'>praemissis</span> <span class='ocrx_word' id='word_1_157' title='bbox 847 1857 877 1883; x_wconf 90' lang='lat' dir='ltr'>et</span> 
     </span>
     <span class='ocr_line' id='line_1_30' title="bbox 79 1899 876 1943; baseline 0.004 -10"><span class='ocrx_word' id='word_1_158' title='bbox 79 1903 236 1934; x_wconf 49' lang='lat' dir='ltr'>:anostra</span> <span class='ocrx_word' id='word_1_159' title='bbox 255 1899 294 1932; x_wconf 91' lang='lat' dir='ltr'>de</span> <span class='ocrx_word' id='word_1_160' title='bbox 313 1899 521 1943; x_wconf 83' lang='lat' dir='ltr'>indulgentiis</span> <span class='ocrx_word' id='word_1_161' title='bbox 545 1901 688 1934; x_wconf 89' lang='lat' dir='ltr'>adinstar</span> <span class='ocrx_word' id='word_1_162' title='bbox 716 1913 781 1935; x_wconf 92' lang='lat' dir='ltr'>non</span> <span class='ocrx_word' id='word_1_163' title='bbox 798 1913 876 1936; x_wconf 85' lang='lat' dir='ltr'>con-</span> 
     </span>
     <span class='ocr_line' id='line_1_31' title="bbox 128 1952 875 1994; baseline 0.005 -9"><span class='ocrx_word' id='word_1_164' title='bbox 128 1952 289 1994; x_wconf 86' lang='lat' dir='ltr'>cedendis,</span> <span class='ocrx_word' id='word_1_165' title='bbox 315 1964 352 1986; x_wconf 86' lang='lat' dir='ltr'>ac</span> <span class='ocrx_word' id='word_1_166' title='bbox 371 1953 441 1986; x_wconf 88' lang='lat' dir='ltr'>aliis</span> <span class='ocrx_word' id='word_1_167' title='bbox 461 1954 746 1988; x_wconf 87' lang='lat' dir='ltr'>constitutionibus</span> <span class='ocrx_word' id='word_1_168' title='bbox 769 1961 800 1988; x_wconf 89' lang='lat' dir='ltr'>et</span> <span class='ocrx_word' id='word_1_169' title='bbox 823 1967 875 1989; x_wconf 90' lang='lat' dir='ltr'>or-</span> 
     </span>
     <span class='ocr_line' id='line_1_32' title="bbox 128 2005 875 2052; baseline 0.005 -13"><span class='ocrx_word' id='word_1_170' title='bbox 128 2005 346 2040; x_wconf 89' lang='lat' dir='ltr'>dinationibus</span> <span class='ocrx_word' id='word_1_171' title='bbox 369 2008 563 2051; x_wconf 88' lang='lat' dir='ltr'>apostolicis,</span> <span class='ocrx_word' id='word_1_172' title='bbox 589 2008 769 2052; x_wconf 89' lang='lat' dir='ltr'>ceterisque</span> <span class='ocrx_word' id='word_1_173' title='bbox 797 2021 875 2043; x_wconf 89' lang='lat' dir='ltr'>con-</span> 
     </span>
     <span class='ocr_line' id='line_1_33' title="bbox 127 2059 877 2106; baseline 0.005 -14"><span class='ocrx_word' id='word_1_174' title='bbox 127 2059 234 2093; x_wconf 84' lang='lat' dir='ltr'>trariis</span> <span class='ocrx_word' id='word_1_175' title='bbox 256 2060 529 2104; x_wconf 89' lang='lat' dir='ltr'>quibuscumque‚</span> <span class='ocrx_word' id='word_1_176' title='bbox 555 2062 779 2105; x_wconf 87' lang='lat' dir='ltr'>praesentibus</span> <span class='ocrx_word' id='word_1_177' title='bbox 805 2074 877 2106; x_wconf 88' lang='lat' dir='ltr'>per-</span> 
     </span>
     <span class='ocr_line' id='line_1_34' title="bbox 128 2113 785 2158; baseline 0.003 -12"><span class='ocrx_word' id='word_1_178' title='bbox 128 2113 234 2156; x_wconf 89' lang='lat' dir='ltr'>petuis</span> <span class='ocrx_word' id='word_1_179' title='bbox 251 2113 370 2147; x_wconf 90' lang='lat' dir='ltr'>futuris</span> <span class='ocrx_word' id='word_1_180' title='bbox 388 2114 592 2158; x_wconf 88' lang='lat' dir='ltr'>temporibus</span> <span class='ocrx_word' id='word_1_181' title='bbox 611 2115 785 2149; x_wconf 86' lang='lat' dir='ltr'>duraturis.</span> 
     </span>
     <span class='ocr_line' id='line_1_35' title="bbox 172 2165 876 2214; baseline 0.004 -15"><span class='ocrx_word' id='word_1_182' title='bbox 172 2165 252 2210; x_wconf 70' lang='lat'>522.</span> <span class='ocrx_word' id='word_1_183' title='bbox 265 2166 420 2200; x_wconf 90' lang='lat' dir='ltr'>Volumus</span> <span class='ocrx_word' id='word_1_184' title='bbox 431 2173 540 2201; x_wconf 88' lang='lat' dir='ltr'>autem</span> <span class='ocrx_word' id='word_1_185' title='bbox 551 2173 587 2201; x_wconf 89' lang='lat' dir='ltr'>ut</span> <span class='ocrx_word' id='word_1_186' title='bbox 595 2169 782 2202; x_wconf 86' lang='lat' dir='ltr'>earumdem</span> <span class='ocrx_word' id='word_1_187' title='bbox 795 2181 876 2214; x_wconf 80' lang='lat' dir='ltr'>prae-</span> 
     </span>
     <span class='ocr_line' id='line_1_36' title="bbox 39 2219 875 2267; baseline 0.005 -15"><span class='ocrx_word' id='word_1_188' title='bbox 39 2239 116 2267; x_wconf 62' lang='lat' dir='ltr'>m„</span> <span class='ocrx_word' id='word_1_189' title='bbox 128 2219 269 2252; x_wconf 86' lang='lat' dir='ltr'>sentium</span> <span class='ocrx_word' id='word_1_190' title='bbox 279 2221 500 2265; x_wconf 83' lang='lat' dir='ltr'>transumptis,</span> <span class='ocrx_word' id='word_1_191' title='bbox 521 2222 616 2254; x_wconf 89' lang='lat' dir='ltr'>etiam</span> <span class='ocrx_word' id='word_1_192' title='bbox 635 2221 811 2266; x_wconf 88' lang='lat' dir='ltr'>impressis,</span> <span class='ocrx_word' id='word_1_193' title='bbox 826 2234 875 2256; x_wconf 91' lang='lat' dir='ltr'>se-</span> 
     </span>
     <span class='ocr_line' id='line_1_37' title="bbox 129 2272 876 2319; baseline 0.003 -13"><span class='ocrx_word' id='word_1_194' title='bbox 129 2273 257 2306; x_wconf 81' lang='lat' dir='ltr'>cretarii</span> <span class='ocrx_word' id='word_1_195' title='bbox 270 2272 373 2317; x_wconf 89' lang='lat' dir='ltr'>ipsius</span> <span class='ocrx_word' id='word_1_196' title='bbox 390 2274 559 2308; x_wconf 87' lang='lat' dir='ltr'>Societatis</span> <span class='ocrx_word' id='word_1_197' title='bbox 569 2275 617 2308; x_wconf 76' lang='lat' dir='ltr'>vel</span> <span class='ocrx_word' id='word_1_198' title='bbox 628 2275 745 2308; x_wconf 86' lang='lat' dir='ltr'>notarii</span> <span class='ocrx_word' id='word_1_199' title='bbox 755 2276 876 2319; x_wconf 86' lang='lat' dir='ltr'>publici</span> 
     </span>
     <span class='ocr_line' id='line_1_38' title="bbox 108 2331 876 2377; baseline 0.003 -12"><span class='ocrx_word' id='word_1_200' title='bbox 108 2334 113 2336; x_wconf 76' lang='grc'><em>“</em></span> <span class='ocrx_word' id='word_1_201' title='bbox 129 2342 228 2366; x_wconf 88' lang='lat' dir='ltr'>manu</span> <span class='ocrx_word' id='word_1_202' title='bbox 247 2331 447 2376; x_wconf 90' lang='lat' dir='ltr'>subscriptis,</span> <span class='ocrx_word' id='word_1_203' title='bbox 468 2338 498 2366; x_wconf 90' lang='lat' dir='ltr'>et</span> <span class='ocrx_word' id='word_1_204' title='bbox 516 2344 674 2377; x_wconf 81' lang='lat' dir='ltr'>personae</span> <span class='ocrx_word' id='word_1_205' title='bbox 690 2333 827 2366; x_wconf 89' lang='lat' dir='ltr'>alicuius</span> <span class='ocrx_word' id='word_1_206' title='bbox 843 2334 876 2367; x_wconf 92' lang='lat' dir='ltr'>in</span> 
     </span>
     <span class='ocr_line' id='line_1_39' title="bbox 129 2389 876 2435; baseline 0.001 -11"><span class='ocrx_word' id='word_1_207' title='bbox 129 2389 283 2434; x_wconf 75' lang='lat' dir='ltr'>dignitate</span> <span class='ocrx_word' id='word_1_208' title='bbox 301 2390 518 2424; x_wconf 87' lang='lat' dir='ltr'>ecclesiastica</span> <span class='ocrx_word' id='word_1_209' title='bbox 537 2391 728 2425; x_wconf 86' lang='lat' dir='ltr'>constitutae</span> <span class='ocrx_word' id='word_1_210' title='bbox 747 2392 795 2425; x_wconf 73' lang='lat' dir='ltr'>vel</span> <span class='ocrx_word' id='word_1_211' title='bbox 817 2403 876 2435; x_wconf 88' lang='lat' dir='ltr'>pro</span> 
     </span>
     <span class='ocr_line' id='line_1_40' title="bbox 129 2448 876 2493; baseline 0 -11"><span class='ocrx_word' id='word_1_212' title='bbox 129 2451 274 2493; x_wconf 84' lang='lat' dir='ltr'>tempore</span> <span class='ocrx_word' id='word_1_213' title='bbox 284 2448 445 2482; x_wconf 82' lang='lat' dir='ltr'>existentis</span> <span class='ocrx_word' id='word_1_214' title='bbox 452 2450 626 2493; x_wconf 77' lang='lat' dir='ltr'>praepositi</span> <span class='ocrx_word' id='word_1_215' title='bbox 639 2455 693 2482; x_wconf 91' lang='lat' dir='ltr'>aut</span> <span class='ocrx_word' id='word_1_216' title='bbox 705 2450 814 2482; x_wconf 81' lang='lat' dir='ltr'>vicarii</span> <span class='ocrx_word' id='word_1_217' title='bbox 824 2461 876 2493; x_wconf 76' lang='lat' dir='ltr'>ge-</span> 
     </span>
     <span class='ocr_line' id='line_1_41' title="bbox 130 2505 874 2550; baseline 0.001 -11"><span class='ocrx_word' id='word_1_218' title='bbox 130 2505 247 2540; x_wconf 87' lang='lat' dir='ltr'>neralis</span> <span class='ocrx_word' id='word_1_219' title='bbox 266 2506 408 2540; x_wconf 87' lang='lat' dir='ltr'>eiusdem</span> <span class='ocrx_word' id='word_1_220' title='bbox 425 2506 592 2540; x_wconf 86' lang='lat' dir='ltr'>Societatis</span> <span class='ocrx_word' id='word_1_221' title='bbox 611 2507 714 2550; x_wconf 82' lang='lat' dir='ltr'>sigillo</span> <span class='ocrx_word' id='word_1_222' title='bbox 733 2507 874 2548; x_wconf 90' lang='lat' dir='ltr'>munitis,</span> 
     </span>
     <span class='ocr_line' id='line_1_42' title="bbox 130 2563 876 2609; baseline 0.001 -12"><span class='ocrx_word' id='word_1_223' title='bbox 130 2563 242 2598; x_wconf 82' lang='lat' dir='ltr'>cadem</span> <span class='ocrx_word' id='word_1_224' title='bbox 259 2575 395 2609; x_wconf 86' lang='lat' dir='ltr'>prorsus</span> <span class='ocrx_word' id='word_1_225' title='bbox 413 2564 493 2597; x_wconf 86' lang='lat' dir='ltr'>fides</span> <span class='ocrx_word' id='word_1_226' title='bbox 512 2564 632 2607; x_wconf 82' lang='lat' dir='ltr'>ubique</span> <span class='ocrx_word' id='word_1_227' title='bbox 652 2565 811 2605; x_wconf 69' lang='lat' dir='ltr'>locorum,</span> <span class='ocrx_word' id='word_1_228' title='bbox 844 2566 876 2598; x_wconf 90' lang='lat' dir='ltr'>in</span> 
     </span>
    </p>
   </div>
   <div class='ocr_carea' id='block_1_3' title="bbox 0 0 75 3228">
    <p class='ocr_par' dir='ltr' id='par_1_3' title="bbox 0 0 75 3228">
     <span class='ocr_line' id='line_1_43' title="bbox 0 0 72 701; baseline 36.097 -72"><span class='ocrx_word' id='word_1_229' title='bbox 0 0 72 701; x_wconf 95' lang='lat' dir='ltr'>    </span> 
     </span>
     <span class='ocr_line' id='line_1_44' title="bbox 0 701 75 3228; baseline 0.053 -1267"><span class='ocrx_word' id='word_1_230' title='bbox 0 701 75 3228; x_wconf 95' lang='lat' dir='ltr'>     </span> <span class='ocrx_word' id='word_1_231' title='bbox 49 1577 75 1974; x_wconf 95' lang='lat' dir='ltr'>  </span> 
     </span>
    </p>
   </div>
   <div class='ocr_carea' id='block_1_4' title="bbox 29 667 72 690">
    <p class='ocr_par' dir='ltr' id='par_1_4' title="bbox 29 667 72 690">
     <span class='ocr_line' id='line_1_45' title="bbox 29 667 72 690; baseline 0 0"><span class='ocrx_word' id='word_1_232' title='bbox 29 667 72 690; x_wconf 58' lang='lat' dir='ltr'>&#39;Ur</span> 
     </span>
    </p>
   </div>
   <div class='ocr_carea' id='block_1_5' title="bbox 35 1583 49 1595">
    <p class='ocr_par' dir='ltr' id='par_1_5' title="bbox 35 1583 49 1595">
     <span class='ocr_line' id='line_1_46' title="bbox 35 1583 49 1595; baseline 0 0"><span class='ocrx_word' id='word_1_233' title='bbox 35 1583 49 1595; x_wconf 62' lang='lat' dir='ltr'><em>D</em></span> 
     </span>
    </p>
   </div>
   <div class='ocr_carea' id='block_1_6' title="bbox 141 237 1676 396">
    <p class='ocr_par' dir='ltr' id='par_1_6' title="bbox 141 237 1676 396">
     <span class='ocr_line' id='line_1_47' title="bbox 714 237 1028 267; baseline -0.013 -2"><span class='ocrx_word' id='word_1_234' title='bbox 714 240 889 267; x_wconf 68' lang='lat' dir='ltr'>concentus</span> <span class='ocrx_word' id='word_1_235' title='bbox 906 238 961 263; x_wconf 84' lang='lat' dir='ltr'>xm</span> <span class='ocrx_word' id='word_1_236' title='bbox 980 237 1028 262; x_wconf 77' lang='grc' dir='ltr'>ΡΡ.</span> 
     </span>
     <span class='ocr_line' id='line_1_48' title="bbox 141 287 1676 338; baseline -0.007 -5"><span class='ocrx_word' id='word_1_237' title='bbox 141 297 322 333; x_wconf 80' lang='lat' dir='ltr'>stitutiones</span> <span class='ocrx_word' id='word_1_238' title='bbox 345 302 374 330; x_wconf 84' lang='lat' dir='ltr'>et</span> <span class='ocrx_word' id='word_1_239' title='bbox 402 297 531 330; x_wconf 73' lang='lat' dir='ltr'>docrcta</span> <span class='ocrx_word' id='word_1_240' title='bbox 563 294 762 335; x_wconf 85' lang='lat' dir='ltr'>huiusmodi,</span> <span class='ocrx_word' id='word_1_241' title='bbox 798 298 885 338; x_wconf 87' lang='lat' dir='ltr'>post·</span> <span class='ocrx_word' id='word_1_242' title='bbox 926 296 1016 324; x_wconf 87' lang='lat' dir='ltr'>retur</span> <span class='ocrx_word' id='word_1_243' title='bbox 1034 289 1155 324; x_wconf 86' lang='lat' dir='ltr'>eisdem</span> <span class='ocrx_word' id='word_1_244' title='bbox 1175 289 1410 334; x_wconf 83' lang='lat' dir='ltr'>praesentibus,</span> <span class='ocrx_word' id='word_1_245' title='bbox 1423 288 1449 322; x_wconf 90' lang='lat' dir='ltr'>si</span> <span class='ocrx_word' id='word_1_246' title='bbox 1459 293 1566 323; x_wconf 88' lang='lat' dir='ltr'>essent.</span> <span class='ocrx_word' id='word_1_247' title='bbox 1589 287 1676 322; x_wconf 82' lang='lat' dir='ltr'>exhi-</span> 
     </span>
     <span class='ocr_line' id='line_1_49' title="bbox 141 344 1254 396; baseline -0.008 -11"><span class='ocrx_word' id='word_1_248' title='bbox 141 362 236 396; x_wconf 78' lang='lat' dir='ltr'>quam</span> <span class='ocrx_word' id='word_1_249' title='bbox 261 351 357 390; x_wconf 82' lang='lat' dir='ltr'>edita,</span> <span class='ocrx_word' id='word_1_250' title='bbox 386 351 563 390; x_wconf 83' lang='lat' dir='ltr'>innnutata,</span> <span class='ocrx_word' id='word_1_251' title='bbox 590 355 746 389; x_wconf 89' lang='lat' dir='ltr'>correcta,</span> <span class='ocrx_word' id='word_1_252' title='bbox 778 348 887 382; x_wconf 90' lang='lat' dir='ltr'>mode·</span> <span class='ocrx_word' id='word_1_253' title='bbox 925 345 1011 378; x_wconf 90' lang='lat' dir='ltr'>bitae</span> <span class='ocrx_word' id='word_1_254' title='bbox 1029 344 1078 378; x_wconf 91' lang='lat' dir='ltr'>vel</span> <span class='ocrx_word' id='word_1_255' title='bbox 1099 349 1254 378; x_wconf 81' lang='lat' dir='ltr'>ostensae.</span> 
     </span>
    </p>
   </div>
   <div class='ocr_carea' id='block_1_7' title="bbox 1569 225 1633 261">
    <p class='ocr_par' dir='ltr' id='par_1_7' title="bbox 1569 225 1633 261">
     <span class='ocr_line' id='line_1_50' title="bbox 1569 225 1633 261; baseline -0.031 0"><span class='ocrx_word' id='word_1_256' title='bbox 1569 225 1633 261; x_wconf 69' lang='lat'>5053</span> 
     </span>
    </p>
   </div>
   <div class='ocr_carea' id='block_1_8' title="bbox 924 397 1673 709">
    <p class='ocr_par' dir='ltr' id='par_1_8' title="bbox 969 397 1233 440">
     <span class='ocr_line' id='line_1_51' title="bbox 969 397 1233 440; baseline 0.004 -10"><span class='ocrx_word' id='word_1_257' title='bbox 969 397 1055 431; x_wconf 91' lang='lat' dir='ltr'>Nulli</span> <span class='ocrx_word' id='word_1_258' title='bbox 1080 407 1156 440; x_wconf 80' lang='lat' dir='ltr'>ergo</span> <span class='ocrx_word' id='word_1_259' title='bbox 1176 401 1233 431; x_wconf 89' lang='lat' dir='ltr'>etc.</span> 
     </span>
    </p>

    <p class='ocr_par' dir='ltr' id='par_1_9' title="bbox 924 450 1673 655">
     <span class='ocr_line' id='line_1_52' title="bbox 968 450 1672 494; baseline -0.001 -10"><span class='ocrx_word' id='word_1_260' title='bbox 968 451 1082 484; x_wconf 87' lang='lat' dir='ltr'>Datum</span> <span class='ocrx_word' id='word_1_261' title='bbox 1107 450 1229 484; x_wconf 88' lang='lat' dir='ltr'>Romae</span> <span class='ocrx_word' id='word_1_262' title='bbox 1249 452 1334 494; x_wconf 85' lang='lat' dir='ltr'>apud</span> <span class='ocrx_word' id='word_1_263' title='bbox 1354 452 1508 485; x_wconf 87' lang='lat' dir='ltr'>Sanctum</span> <span class='ocrx_word' id='word_1_264' title='bbox 1528 451 1672 491; x_wconf 89' lang='lat' dir='ltr'>Petrum,</span> 
     </span>
     <span class='ocr_line' id='line_1_53' title="bbox 924 504 1673 538; baseline -0.001 -1"><span class='ocrx_word' id='word_1_265' title='bbox 924 514 1009 537; x_wconf 88' lang='lat' dir='ltr'>anno</span> <span class='ocrx_word' id='word_1_266' title='bbox 1043 504 1274 537; x_wconf 86' lang='lat' dir='ltr'>Incarnationis</span> <span class='ocrx_word' id='word_1_267' title='bbox 1298 505 1478 538; x_wconf 85' lang='lat' dir='ltr'>dominicae</span> <span class='ocrx_word' id='word_1_268' title='bbox 1503 504 1673 537; x_wconf 87' lang='lat' dir='ltr'>millesimo</span> 
     </span>
     <span class='ocr_line' id='line_1_54' title="bbox 924 557 1672 602; baseline 0.001 -12"><span class='ocrx_word' id='word_1_269' title='bbox 924 557 1184 602; x_wconf 86' lang='lat' dir='ltr'>quingentesimo</span> <span class='ocrx_word' id='word_1_270' title='bbox 1203 559 1420 601; x_wconf 85' lang='lat' dir='ltr'>octuagesimo</span> <span class='ocrx_word' id='word_1_271' title='bbox 1438 563 1565 602; x_wconf 85' lang='lat' dir='ltr'>quarto,</span> <span class='ocrx_word' id='word_1_272' title='bbox 1580 557 1672 591; x_wconf 88' lang='lat' dir='ltr'>nonis</span> 
     </span>
     <span class='ocr_line' id='line_1_55' title="bbox 925 611 1667 655; baseline -0.001 -11"><span class='ocrx_word' id='word_1_273' title='bbox 925 611 1119 652; x_wconf 89' lang='lat' dir='ltr'>decembris,</span> <span class='ocrx_word' id='word_1_274' title='bbox 1153 611 1359 655; x_wconf 86' lang='lat' dir='ltr'>pontificatus</span> <span class='ocrx_word' id='word_1_275' title='bbox 1379 612 1479 645; x_wconf 89' lang='lat' dir='ltr'>nostri</span> <span class='ocrx_word' id='word_1_276' title='bbox 1499 622 1583 645; x_wconf 86' lang='lat' dir='ltr'>anno</span> <span class='ocrx_word' id='word_1_277' title='bbox 1602 620 1667 644; x_wconf 82' lang='lat' dir='ltr'>xm.</span> 
     </span>
    </p>

    <p class='ocr_par' dir='ltr' id='par_1_10' title="bbox 962 668 1629 709">
     <span class='ocr_line' id='line_1_56' title="bbox 962 668 1629 709; baseline 0 -10"><span class='ocrx_word' id='word_1_278' title='bbox 962 669 1027 699; x_wconf 86' lang='lat' dir='ltr'>Dat.</span> <span class='ocrx_word' id='word_1_279' title='bbox 1045 668 1093 699; x_wconf 86' lang='lat' dir='ltr'>die</span> <span class='ocrx_word' id='word_1_280' title='bbox 1114 669 1134 700; x_wconf 84' lang='lat'>5</span> <span class='ocrx_word' id='word_1_281' title='bbox 1151 668 1216 699; x_wconf 88' lang='lat' dir='ltr'>dec.</span> <span class='ocrx_word' id='word_1_282' title='bbox 1238 668 1333 707; x_wconf 70' lang='lat'>1584,</span> <span class='ocrx_word' id='word_1_283' title='bbox 1354 669 1459 709; x_wconf 84' lang='lat' dir='ltr'>pontis.</span> <span class='ocrx_word' id='word_1_284' title='bbox 1476 678 1552 700; x_wconf 84' lang='lat' dir='ltr'>anno</span> <span class='ocrx_word' id='word_1_285' title='bbox 1569 677 1629 700; x_wconf 80' lang='lat' dir='ltr'>xm.</span> 
     </span>
    </p>
   </div>
   <div class='ocr_carea' id='block_1_9' title="bbox 1191 743 1407 752">
    <p class='ocr_par' dir='ltr' id='par_1_11' title="bbox 1191 743 1407 752">
     <span class='ocr_line' id='line_1_57' title="bbox 1191 743 1407 752; baseline 0 2476"><span class='ocrx_word' id='word_1_286' title='bbox 1191 743 1407 752; x_wconf 95' lang='lat' dir='ltr'> </span> 
     </span>
    </p>
   </div>
   <div class='ocr_carea' id='block_1_10' title="bbox 1215 840 1379 875">
    <p class='ocr_par' dir='ltr' id='par_1_12' title="bbox 1215 840 1379 875">
     <span class='ocr_line' id='line_1_58' title="bbox 1215 840 1379 875; baseline -0.006 0"><span class='ocrx_word' id='word_1_287' title='bbox 1215 840 1379 875; x_wconf 86' lang='lat' dir='ltr'>CLXXVII.</span> 
     </span>
    </p>
   </div>
   <div class='ocr_carea' id='block_1_11' title="bbox 924 915 1670 1121">
    <p class='ocr_par' dir='ltr' id='par_1_13' title="bbox 924 915 1670 1121">
     <span class='ocr_line' id='line_1_59' title="bbox 924 915 1669 951; baseline 0.004 -3"><span class='ocrx_word' id='word_1_288' title='bbox 924 915 1047 949; x_wconf 79' lang='lat' dir='ltr'>Contra</span> <span class='ocrx_word' id='word_1_289' title='bbox 1071 916 1176 950; x_wconf 77' lang='lat' dir='ltr'>eoeules</span> <span class='ocrx_word' id='word_1_290' title='bbox 1199 920 1229 950; x_wconf 86' lang='lat' dir='ltr'>et</span> <span class='ocrx_word' id='word_1_291' title='bbox 1248 917 1330 950; x_wconf 79' lang='lat' dir='ltr'>alios</span> <span class='ocrx_word' id='word_1_292' title='bbox 1349 917 1386 949; x_wconf 81' lang='lat' dir='ltr'>in</span> <span class='ocrx_word' id='word_1_293' title='bbox 1407 916 1511 950; x_wconf 79' lang='lat' dir='ltr'>Italia</span> <span class='ocrx_word' id='word_1_294' title='bbox 1532 927 1669 951; x_wconf 80' lang='lat' dir='ltr'>commo-</span> 
     </span>
     <span class='ocr_line' id='line_1_60' title="bbox 966 970 1670 1014; baseline 0.001 -13"><span class='ocrx_word' id='word_1_295' title='bbox 966 974 1089 1009; x_wconf 77' lang='lat' dir='ltr'>rantes,</span> <span class='ocrx_word' id='word_1_296' title='bbox 1111 970 1168 1014; x_wconf 77' lang='lat' dir='ltr'>qm‘</span> <span class='ocrx_word' id='word_1_297' title='bbox 1196 970 1360 1004; x_wconf 77' lang='lat' dir='ltr'>animalia</span> <span class='ocrx_word' id='word_1_298' title='bbox 1385 975 1415 1004; x_wconf 85' lang='lat' dir='ltr'>et</span> <span class='ocrx_word' id='word_1_299' title='bbox 1438 971 1505 1004; x_wconf 74' lang='lat' dir='ltr'>aliu</span> <span class='ocrx_word' id='word_1_300' title='bbox 1530 972 1608 1003; x_wconf 67' lang='lat' dir='ltr'>hona</span> <span class='ocrx_word' id='word_1_301' title='bbox 1635 972 1670 1003; x_wconf 76' lang='lat' dir='ltr'>in.</span> 
     </span>
     <span class='ocr_line' id='line_1_61' title="bbox 965 1022 1666 1067; baseline 0 -11"><span class='ocrx_word' id='word_1_302' title='bbox 965 1022 1063 1056; x_wconf 80' lang='lat' dir='ltr'>Statu</span> <span class='ocrx_word' id='word_1_303' title='bbox 1072 1023 1295 1057; x_wconf 75' lang='lat' dir='ltr'>Ecclesiastico</span> <span class='ocrx_word' id='word_1_304' title='bbox 1306 1024 1482 1067; x_wconf 78' lang='lat' dir='ltr'>diripiunt,</span> <span class='ocrx_word' id='word_1_305' title='bbox 1493 1024 1666 1065; x_wconf 75' lang='lat' dir='ltr'>abducant,</span> 
     </span>
     <span class='ocr_line' id='line_1_62' title="bbox 966 1077 1412 1121; baseline 0.004 -12"><span class='ocrx_word' id='word_1_306' title='bbox 966 1077 1128 1120; x_wconf 79' lang='lat' dir='ltr'>recipiunt</span> <span class='ocrx_word' id='word_1_307' title='bbox 1146 1077 1195 1111; x_wconf 86' lang='lat' dir='ltr'>vel</span> <span class='ocrx_word' id='word_1_308' title='bbox 1210 1081 1412 1121; x_wconf 78' lang='lat' dir='ltr'>permutant.</span> 
     </span>
    </p>
   </div>
   <div class='ocr_carea' id='block_1_12' title="bbox 920 1166 1667 1311">
    <p class='ocr_par' dir='ltr' id='par_1_14' title="bbox 920 1166 1667 1311">
     <span class='ocr_line' id='line_1_63' title="bbox 1139 1166 1449 1203; baseline 0.006 -8"><span class='ocrx_word' id='word_1_309' title='bbox 1139 1166 1286 1202; x_wconf 79' lang='lat' dir='ltr'>Gregorius</span> <span class='ocrx_word' id='word_1_310' title='bbox 1304 1166 1375 1203; x_wconf 80' lang='lat' dir='ltr'>Papa</span> <span class='ocrx_word' id='word_1_311' title='bbox 1390 1167 1449 1197; x_wconf 83' lang='lat' dir='ltr'>xm</span> 
     </span>
     <span class='ocr_line' id='line_1_64' title="bbox 920 1219 1667 1257; baseline 0.003 -9"><span class='ocrx_word' id='word_1_312' title='bbox 920 1219 1056 1249; x_wconf 82' lang='lat' dir='ltr'>universis</span> <span class='ocrx_word' id='word_1_313' title='bbox 1070 1220 1099 1249; x_wconf 83' lang='lat' dir='ltr'>et</span> <span class='ocrx_word' id='word_1_314' title='bbox 1115 1220 1232 1256; x_wconf 82' lang='lat' dir='ltr'>singulis</span> <span class='ocrx_word' id='word_1_315' title='bbox 1244 1227 1334 1257; x_wconf 81' lang='lat' dir='ltr'>praes.</span> <span class='ocrx_word' id='word_1_316' title='bbox 1355 1221 1471 1250; x_wconf 82' lang='lat' dir='ltr'>litteras</span> <span class='ocrx_word' id='word_1_317' title='bbox 1488 1221 1667 1257; x_wconf 84' lang='lat' dir='ltr'>inspecturis.</span> 
     </span>
     <span class='ocr_line' id='line_1_65' title="bbox 999 1274 1591 1311; baseline 0.003 -9"><span class='ocrx_word' id='word_1_318' title='bbox 999 1274 1120 1303; x_wconf 82' lang='lat' dir='ltr'>satutem</span> <span class='ocrx_word' id='word_1_319' title='bbox 1131 1276 1161 1304; x_wconf 83' lang='lat' dir='ltr'>et</span> <span class='ocrx_word' id='word_1_320' title='bbox 1174 1275 1354 1311; x_wconf 84' lang='lat' dir='ltr'>apostolicam</span> <span class='ocrx_word' id='word_1_321' title='bbox 1365 1274 1591 1304; x_wconf 78' lang='lat' dir='ltr'>benedictionem.</span> 
     </span>
    </p>
   </div>
   <div class='ocr_carea' id='block_1_13' title="bbox 919 1344 1670 1600">
    <p class='ocr_par' dir='ltr' id='par_1_15' title="bbox 919 1344 1670 1600">
     <span class='ocr_line' id='line_1_66' title="bbox 962 1344 1670 1389; baseline 0.001 -11"><span class='ocrx_word' id='word_1_322' title='bbox 962 1344 1033 1378; x_wconf 92' lang='lat' dir='ltr'>Non</span> <span class='ocrx_word' id='word_1_323' title='bbox 1057 1344 1125 1379; x_wconf 87' lang='lat' dir='ltr'>sine</span> <span class='ocrx_word' id='word_1_324' title='bbox 1149 1345 1236 1389; x_wconf 83' lang='lat' dir='ltr'>gravi</span> <span class='ocrx_word' id='word_1_325' title='bbox 1268 1345 1369 1379; x_wconf 88' lang='lat' dir='ltr'>animi</span> <span class='ocrx_word' id='word_1_326' title='bbox 1396 1346 1496 1379; x_wconf 89' lang='lat' dir='ltr'>nostri</span> <span class='ocrx_word' id='word_1_327' title='bbox 1524 1346 1670 1379; x_wconf 81' lang='lat' dir='ltr'>molestia</span> 
     </span>
     <span class='ocr_line' id='line_1_67' title="bbox 919 1399 1670 1443; baseline 0.001 -12"><span class='ocrx_word' id='word_1_328' title='bbox 919 1409 1024 1443; x_wconf 88' lang='lat' dir='ltr'>nuper</span> <span class='ocrx_word' id='word_1_329' title='bbox 1043 1399 1228 1443; x_wconf 86' lang='lat' dir='ltr'>accepimus</span> <span class='ocrx_word' id='word_1_330' title='bbox 1248 1399 1347 1443; x_wconf 90' lang='lat' dir='ltr'>quod,</span> <span class='ocrx_word' id='word_1_331' title='bbox 1369 1400 1444 1433; x_wconf 89' lang='lat' dir='ltr'>licet</span> <span class='ocrx_word' id='word_1_332' title='bbox 1462 1410 1521 1433; x_wconf 90' lang='lat' dir='ltr'>nos</span> <span class='ocrx_word' id='word_1_333' title='bbox 1540 1399 1670 1443; x_wconf 87' lang='lat' dir='ltr'>iampri-</span> 
     </span>
     <span class='ocr_line' id='line_1_68' title="bbox 919 1452 1670 1496; baseline 0 -11"><span class='ocrx_word' id='word_1_334' title='bbox 919 1452 992 1485; x_wconf 92' lang='lat' dir='ltr'>dem</span> <span class='ocrx_word' id='word_1_335' title='bbox 1016 1463 1075 1496; x_wconf 90' lang='lat' dir='ltr'>per</span> <span class='ocrx_word' id='word_1_336' title='bbox 1098 1458 1224 1486; x_wconf 88' lang='lat' dir='ltr'>nostras</span> <span class='ocrx_word' id='word_1_337' title='bbox 1244 1453 1499 1494; x_wconf 85' lang='lat' dir='ltr'>constitutiones,</span> <span class='ocrx_word' id='word_1_338' title='bbox 1522 1458 1553 1486; x_wconf 89' lang='lat' dir='ltr'>et</span> <span class='ocrx_word' id='word_1_339' title='bbox 1572 1452 1670 1485; x_wconf 84' lang='lat' dir='ltr'>mini-</span> 
     </span>
     <span class='ocr_line' id='line_1_69' title="bbox 919 1505 1669 1550; baseline 0.003 -12"><span class='ocrx_word' id='word_1_340' title='bbox 919 1505 976 1539; x_wconf 87' lang='lat' dir='ltr'>stri</span> <span class='ocrx_word' id='word_1_341' title='bbox 995 1506 1098 1539; x_wconf 91' lang='lat' dir='ltr'>nostri</span> <span class='ocrx_word' id='word_1_342' title='bbox 1117 1517 1176 1550; x_wconf 91' lang='lat' dir='ltr'>per</span> <span class='ocrx_word' id='word_1_343' title='bbox 1195 1506 1395 1550; x_wconf 86' lang='lat' dir='ltr'>proclamata</span> <span class='ocrx_word' id='word_1_344' title='bbox 1411 1506 1669 1540; x_wconf 87' lang='lat' dir='ltr'>etordinationes</span> 
     </span>
     <span class='ocr_line' id='line_1_70' title="bbox 919 1559 1669 1600; baseline -0.001 -8"><span class='ocrx_word' id='word_1_345' title='bbox 919 1569 955 1592; x_wconf 89' lang='lat' dir='ltr'>ac</span> <span class='ocrx_word' id='word_1_346' title='bbox 975 1559 1070 1592; x_wconf 83' lang='lat' dir='ltr'>etiam</span> <span class='ocrx_word' id='word_1_347' title='bbox 1090 1559 1281 1592; x_wconf 92' lang='lat' dir='ltr'>cohortibus</span> <span class='ocrx_word' id='word_1_348' title='bbox 1304 1559 1446 1600; x_wconf 86' lang='lat' dir='ltr'>armatis,</span> <span class='ocrx_word' id='word_1_349' title='bbox 1473 1559 1603 1592; x_wconf 76' lang='lat' dir='ltr'>exutum</span> <span class='ocrx_word' id='word_1_350' title='bbox 1632 1569 1669 1592; x_wconf 87' lang='lat' dir='ltr'>ac</span> 
     </span>
    </p>
   </div>
   <div class='ocr_carea' id='block_1_14' title="bbox 919 1612 1673 1656">
    <p class='ocr_par' dir='ltr' id='par_1_16' title="bbox 919 1612 1673 1656">
     <span class='ocr_line' id='line_1_71' title="bbox 919 1612 1673 1656; baseline -0.001 -10"><span class='ocrx_word' id='word_1_351' title='bbox 919 1613 1135 1656; x_wconf 89' lang='lat' dir='ltr'>perduellium</span> <span class='ocrx_word' id='word_1_352' title='bbox 1167 1613 1466 1656; x_wconf 84' lang='lat' dir='ltr'>flagitiosorumque</span> <span class='ocrx_word' id='word_1_353' title='bbox 1498 1612 1673 1645; x_wconf 82' lang='lat' dir='ltr'>hominum</span> 
     </span>
    </p>
   </div>
   <div class='ocr_carea' id='block_1_15' title="bbox 916 1666 1667 2612">
    <p class='ocr_par' dir='ltr' id='par_1_17' title="bbox 916 1666 1667 2612">
     <span class='ocr_line' id='line_1_72' title="bbox 918 1666 1667 1700; baseline -0.001 -1"><span class='ocrx_word' id='word_1_354' title='bbox 918 1666 1086 1700; x_wconf 87' lang='lat' dir='ltr'>audaciam</span> <span class='ocrx_word' id='word_1_355' title='bbox 1104 1667 1137 1699; x_wconf 93' lang='lat' dir='ltr'>in</span> <span class='ocrx_word' id='word_1_356' title='bbox 1157 1667 1247 1700; x_wconf 86' lang='lat' dir='ltr'>Statu</span> <span class='ocrx_word' id='word_1_357' title='bbox 1262 1673 1371 1700; x_wconf 88' lang='lat' dir='ltr'>nostro</span> <span class='ocrx_word' id='word_1_358' title='bbox 1387 1666 1601 1699; x_wconf 80' lang='lat' dir='ltr'>ecclesiastico</span> <span class='ocrx_word' id='word_1_359' title='bbox 1621 1676 1667 1699; x_wconf 90' lang='lat' dir='ltr'>re-</span> 
     </span>
     <span class='ocr_line' id='line_1_73' title="bbox 918 1719 1665 1764; baseline -0.001 -12"><span class='ocrx_word' id='word_1_360' title='bbox 918 1720 1068 1764; x_wconf 88' lang='lat' dir='ltr'>primere,</span> <span class='ocrx_word' id='word_1_361' title='bbox 1076 1720 1311 1763; x_wconf 85' lang='lat' dir='ltr'>latrociniaque</span> <span class='ocrx_word' id='word_1_362' title='bbox 1321 1726 1351 1753; x_wconf 86' lang='lat' dir='ltr'>et</span> <span class='ocrx_word' id='word_1_363' title='bbox 1361 1719 1475 1753; x_wconf 83' lang='lat' dir='ltr'>delicta</span> <span class='ocrx_word' id='word_1_364' title='bbox 1482 1719 1665 1763; x_wconf 76' lang='lat' dir='ltr'>prohibere,</span> 
     </span>
     <span class='ocr_line' id='line_1_74' title="bbox 917 1773 1666 1817; baseline -0.003 -11"><span class='ocrx_word' id='word_1_365' title='bbox 917 1784 954 1806; x_wconf 87' lang='lat' dir='ltr'>ac</span> <span class='ocrx_word' id='word_1_366' title='bbox 970 1773 1196 1817; x_wconf 86' lang='lat' dir='ltr'>delinquentes</span> <span class='ocrx_word' id='word_1_367' title='bbox 1215 1774 1254 1807; x_wconf 88' lang='lat' dir='ltr'>ad</span> <span class='ocrx_word' id='word_1_368' title='bbox 1274 1773 1411 1807; x_wconf 88' lang='lat' dir='ltr'>aliorum</span> <span class='ocrx_word' id='word_1_369' title='bbox 1428 1779 1582 1805; x_wconf 64' lang='lat' dir='ltr'>terrorem</span> <span class='ocrx_word' id='word_1_370' title='bbox 1597 1782 1666 1814; x_wconf 76' lang='lat' dir='ltr'>gra-</span> 
     </span>
     <span class='ocr_line' id='line_1_75' title="bbox 916 1824 1666 1870; baseline -0.003 -11"><span class='ocrx_word' id='word_1_371' title='bbox 916 1827 997 1860; x_wconf 75' lang='lat' dir='ltr'>viter</span> <span class='ocrx_word' id='word_1_372' title='bbox 1017 1827 1134 1870; x_wconf 87' lang='lat' dir='ltr'>punire</span> <span class='ocrx_word' id='word_1_373' title='bbox 1154 1827 1305 1860; x_wconf 89' lang='lat' dir='ltr'>omnibus</span> <span class='ocrx_word' id='word_1_374' title='bbox 1325 1826 1428 1860; x_wconf 91' lang='lat' dir='ltr'>modis</span> <span class='ocrx_word' id='word_1_375' title='bbox 1448 1826 1552 1859; x_wconf 87' lang='lat' dir='ltr'>conati</span> <span class='ocrx_word' id='word_1_376' title='bbox 1568 1824 1666 1858; x_wconf 88' lang='lat' dir='ltr'>sueri-</span> 
     </span>
     <span class='ocr_line' id='line_1_76' title="bbox 917 1879 1666 1923; baseline -0.003 -11"><span class='ocrx_word' id='word_1_377' title='bbox 917 1890 1001 1920; x_wconf 79' lang='lat' dir='ltr'>rnus,</span> <span class='ocrx_word' id='word_1_378' title='bbox 1023 1880 1234 1914; x_wconf 86' lang='lat' dir='ltr'>nihilominus</span> <span class='ocrx_word' id='word_1_379' title='bbox 1254 1881 1438 1923; x_wconf 89' lang='lat' dir='ltr'>complures</span> <span class='ocrx_word' id='word_1_380' title='bbox 1452 1880 1560 1913; x_wconf 74' lang='lat' dir='ltr'>exules</span> <span class='ocrx_word' id='word_1_381' title='bbox 1575 1884 1605 1912; x_wconf 87' lang='lat' dir='ltr'>et</span> <span class='ocrx_word' id='word_1_382' title='bbox 1620 1879 1666 1910; x_wconf 87' lang='lat' dir='ltr'>la-</span> 
     </span>
     <span class='ocr_line' id='line_1_77' title="bbox 918 1932 1663 1976; baseline -0.001 -11"><span class='ocrx_word' id='word_1_383' title='bbox 918 1940 1025 1967; x_wconf 86' lang='lat' dir='ltr'>trones</span> <span class='ocrx_word' id='word_1_384' title='bbox 1044 1934 1231 1967; x_wconf 90' lang='lat' dir='ltr'>huiusmodi</span> <span class='ocrx_word' id='word_1_385' title='bbox 1252 1934 1357 1966; x_wconf 88' lang='lat' dir='ltr'>adhuc</span> <span class='ocrx_word' id='word_1_386' title='bbox 1382 1937 1565 1976; x_wconf 87' lang='lat' dir='ltr'>supersunt,</span> <span class='ocrx_word' id='word_1_387' title='bbox 1595 1932 1663 1976; x_wconf 87' lang='lat' dir='ltr'>qui,</span> 
     </span>
     <span class='ocr_line' id='line_1_78' title="bbox 917 1986 1665 2030; baseline -0.003 -11"><span class='ocrx_word' id='word_1_388' title='bbox 917 1987 1068 2030; x_wconf 87' lang='lat' dir='ltr'>propriae</span> <span class='ocrx_word' id='word_1_389' title='bbox 1099 1987 1210 2020; x_wconf 81' lang='lat' dir='ltr'>salutis</span> <span class='ocrx_word' id='word_1_390' title='bbox 1239 1986 1456 2026; x_wconf 83' lang='lat' dir='ltr'>immemores,</span> <span class='ocrx_word' id='word_1_391' title='bbox 1482 1995 1665 2029; x_wconf 72' lang='lat' dir='ltr'>poenasque</span> 
     </span>
     <span class='ocr_line' id='line_1_79' title="bbox 919 2039 1666 2084; baseline -0.001 -13"><span class='ocrx_word' id='word_1_392' title='bbox 919 2040 1085 2083; x_wconf 88' lang='lat' dir='ltr'>impositas</span> <span class='ocrx_word' id='word_1_393' title='bbox 1109 2040 1365 2084; x_wconf 72' lang='lat' dir='ltr'>parvit&#39;acientes,</span> <span class='ocrx_word' id='word_1_394' title='bbox 1385 2039 1512 2071; x_wconf 85' lang='lat' dir='ltr'>assidua</span> <span class='ocrx_word' id='word_1_395' title='bbox 1532 2039 1614 2070; x_wconf 82' lang='lat' dir='ltr'>furta</span> <span class='ocrx_word' id='word_1_396' title='bbox 1635 2043 1666 2071; x_wconf 89' lang='lat' dir='ltr'>et</span> 
     </span>
     <span class='ocr_line' id='line_1_80' title="bbox 918 2090 1665 2130; baseline -0.004 -5"><span class='ocrx_word' id='word_1_397' title='bbox 918 2092 1087 2125; x_wconf 86' lang='lat' dir='ltr'>latrocinia</span> <span class='ocrx_word' id='word_1_398' title='bbox 1115 2092 1147 2124; x_wconf 92' lang='lat' dir='ltr'>in</span> <span class='ocrx_word' id='word_1_399' title='bbox 1175 2092 1368 2125; x_wconf 84' lang='lat' dir='ltr'>animalibus</span> <span class='ocrx_word' id='word_1_400' title='bbox 1396 2097 1426 2123; x_wconf 83' lang='lat' dir='ltr'>et</span> <span class='ocrx_word' id='word_1_401' title='bbox 1450 2090 1613 2130; x_wconf 78' lang='lat' dir='ltr'>iumentis,</span> <span class='ocrx_word' id='word_1_402' title='bbox 1632 2090 1665 2123; x_wconf 87' lang='lat' dir='ltr'>in</span> 
     </span>
     <span class='ocr_line' id='line_1_81' title="bbox 918 2144 1665 2183; baseline -0.004 -4"><span class='ocrx_word' id='word_1_403' title='bbox 918 2152 999 2179; x_wconf 81' lang='lat' dir='ltr'>statu</span> <span class='ocrx_word' id='word_1_404' title='bbox 1020 2152 1051 2179; x_wconf 89' lang='lat' dir='ltr'>et</span> <span class='ocrx_word' id='word_1_405' title='bbox 1070 2146 1192 2178; x_wconf 89' lang='lat' dir='ltr'>ditione</span> <span class='ocrx_word' id='word_1_406' title='bbox 1212 2150 1319 2178; x_wconf 83' lang='lat' dir='ltr'>nostra</span> <span class='ocrx_word' id='word_1_407' title='bbox 1339 2144 1557 2183; x_wconf 78' lang='lat' dir='ltr'>existentibus,</span> <span class='ocrx_word' id='word_1_408' title='bbox 1580 2153 1665 2177; x_wconf 90' lang='lat' dir='ltr'>com-</span> 
     </span>
     <span class='ocr_line' id='line_1_82' title="bbox 918 2197 1662 2238; baseline -0.003 -7"><span class='ocrx_word' id='word_1_409' title='bbox 918 2199 1044 2232; x_wconf 81' lang='lat' dir='ltr'>mittere</span> <span class='ocrx_word' id='word_1_410' title='bbox 1075 2209 1140 2232; x_wconf 92' lang='lat' dir='ltr'>non</span> <span class='ocrx_word' id='word_1_411' title='bbox 1167 2204 1334 2238; x_wconf 77' lang='lat' dir='ltr'>verentur3</span> <span class='ocrx_word' id='word_1_412' title='bbox 1369 2208 1428 2231; x_wconf 91' lang='lat' dir='ltr'>nec</span> <span class='ocrx_word' id='word_1_413' title='bbox 1454 2197 1568 2230; x_wconf 88' lang='lat' dir='ltr'>desunt</span> <span class='ocrx_word' id='word_1_414' title='bbox 1595 2197 1662 2237; x_wconf 91' lang='lat' dir='ltr'>alii,</span> 
     </span>
     <span class='ocr_line' id='line_1_83' title="bbox 918 2249 1664 2296; baseline -0.003 -12"><span class='ocrx_word' id='word_1_415' title='bbox 918 2258 981 2284; x_wconf 84' lang='lat' dir='ltr'>tam</span> <span class='ocrx_word' id='word_1_416' title='bbox 1011 2252 1104 2285; x_wconf 89' lang='lat' dir='ltr'>nobis</span> <span class='ocrx_word' id='word_1_417' title='bbox 1136 2262 1232 2296; x_wconf 82' lang='lat' dir='ltr'>quam</span> <span class='ocrx_word' id='word_1_418' title='bbox 1262 2250 1495 2292; x_wconf 67' lang='lat' dir='ltr'>temporalibus</span> <span class='ocrx_word' id='word_1_419' title='bbox 1527 2249 1664 2283; x_wconf 89' lang='lat' dir='ltr'>dominis</span> 
     </span>
     <span class='ocr_line' id='line_1_84' title="bbox 918 2303 1665 2347; baseline -0.003 -9"><span class='ocrx_word' id='word_1_420' title='bbox 918 2305 1154 2338; x_wconf 76' lang='lat' dir='ltr'>circumvicinis</span> <span class='ocrx_word' id='word_1_421' title='bbox 1174 2305 1304 2344; x_wconf 77' lang='lat' dir='ltr'>subditi,</span> <span class='ocrx_word' id='word_1_422' title='bbox 1327 2304 1381 2347; x_wconf 87' lang='lat' dir='ltr'>qui</span> <span class='ocrx_word' id='word_1_423' title='bbox 1402 2303 1552 2337; x_wconf 85' lang='lat' dir='ltr'>animalia</span> <span class='ocrx_word' id='word_1_424' title='bbox 1572 2309 1602 2336; x_wconf 87' lang='lat' dir='ltr'>et</span> <span class='ocrx_word' id='word_1_425' title='bbox 1617 2303 1665 2336; x_wconf 81' lang='lat' dir='ltr'>iu-</span> 
     </span>
     <span class='ocr_line' id='line_1_85' title="bbox 918 2356 1663 2401; baseline -0.003 -10"><span class='ocrx_word' id='word_1_426' title='bbox 918 2365 1024 2392; x_wconf 86' lang='lat' dir='ltr'>menta</span> <span class='ocrx_word' id='word_1_427' title='bbox 1042 2359 1095 2391; x_wconf 90' lang='lat' dir='ltr'>illa</span> <span class='ocrx_word' id='word_1_428' title='bbox 1123 2358 1167 2391; x_wconf 87' lang='lat' dir='ltr'>ita</span> <span class='ocrx_word' id='word_1_429' title='bbox 1197 2359 1350 2401; x_wconf 89' lang='lat' dir='ltr'>subrepta</span> <span class='ocrx_word' id='word_1_430' title='bbox 1381 2357 1449 2390; x_wconf 87' lang='lat' dir='ltr'>sine</span> <span class='ocrx_word' id='word_1_431' title='bbox 1479 2357 1595 2390; x_wconf 87' lang='lat' dir='ltr'>timore</span> <span class='ocrx_word' id='word_1_432' title='bbox 1623 2356 1663 2390; x_wconf 84' lang='lat' dir='ltr'>ab</span> 
     </span>
     <span class='ocr_line' id='line_1_86' title="bbox 918 2411 1663 2455; baseline -0.001 -11"><span class='ocrx_word' id='word_1_433' title='bbox 918 2411 1060 2455; x_wconf 83' lang='lat' dir='ltr'>ipsismet</span> <span class='ocrx_word' id='word_1_434' title='bbox 1078 2411 1257 2444; x_wconf 89' lang='lat' dir='ltr'>latronibus</span> <span class='ocrx_word' id='word_1_435' title='bbox 1276 2421 1394 2450; x_wconf 89' lang='lat' dir='ltr'>emere,</span> <span class='ocrx_word' id='word_1_436' title='bbox 1414 2416 1444 2443; x_wconf 84' lang='lat' dir='ltr'>et</span> <span class='ocrx_word' id='word_1_437' title='bbox 1463 2420 1663 2454; x_wconf 84' lang='lat' dir='ltr'>quoquover—</span> 
     </span>
     <span class='ocr_line' id='line_1_87' title="bbox 918 2463 1661 2506; baseline 0 -10"><span class='ocrx_word' id='word_1_438' title='bbox 918 2475 989 2496; x_wconf 87' lang='lat' dir='ltr'>sum</span> <span class='ocrx_word' id='word_1_439' title='bbox 1009 2464 1137 2506; x_wconf 69' lang='lat' dir='ltr'>ahigere</span> <span class='ocrx_word' id='word_1_440' title='bbox 1158 2469 1188 2496; x_wconf 89' lang='lat' dir='ltr'>et</span> <span class='ocrx_word' id='word_1_441' title='bbox 1212 2464 1389 2496; x_wconf 76' lang='lat' dir='ltr'>distrahere</span> <span class='ocrx_word' id='word_1_442' title='bbox 1412 2474 1477 2496; x_wconf 91' lang='lat' dir='ltr'>non</span> <span class='ocrx_word' id='word_1_443' title='bbox 1502 2463 1661 2505; x_wconf 88' lang='lat' dir='ltr'>dubitent,</span> 
     </span>
     <span class='ocr_line' id='line_1_88' title="bbox 918 2516 1663 2560; baseline 0.001 -11"><span class='ocrx_word' id='word_1_444' title='bbox 918 2527 982 2559; x_wconf 86' lang='lat' dir='ltr'>quo</span> <span class='ocrx_word' id='word_1_445' title='bbox 1002 2516 1037 2549; x_wconf 88' lang='lat' dir='ltr'>fit</span> <span class='ocrx_word' id='word_1_446' title='bbox 1057 2524 1092 2550; x_wconf 83' lang='lat' dir='ltr'>nt</span> <span class='ocrx_word' id='word_1_447' title='bbox 1112 2516 1173 2548; x_wconf 86' lang='lat' dir='ltr'>illis</span> <span class='ocrx_word' id='word_1_448' title='bbox 1204 2516 1306 2549; x_wconf 86' lang='lat' dir='ltr'>maior</span> <span class='ocrx_word' id='word_1_449' title='bbox 1325 2516 1520 2560; x_wconf 86' lang='lat' dir='ltr'>praebeatur</span> <span class='ocrx_word' id='word_1_450' title='bbox 1535 2516 1663 2550; x_wconf 88' lang='lat' dir='ltr'>occasio</span> 
     </span>
     <span class='ocr_line' id='line_1_89' title="bbox 918 2569 1662 2612; baseline 0.003 -10"><span class='ocrx_word' id='word_1_451' title='bbox 918 2575 949 2602; x_wconf 91' lang='lat' dir='ltr'>et</span> <span class='ocrx_word' id='word_1_452' title='bbox 967 2569 1101 2602; x_wconf 87' lang='lat' dir='ltr'>materia</span> <span class='ocrx_word' id='word_1_453' title='bbox 1113 2569 1332 2612; x_wconf 86' lang='lat' dir='ltr'>delinquendi,</span> <span class='ocrx_word' id='word_1_454' title='bbox 1342 2577 1373 2603; x_wconf 83' lang='lat' dir='ltr'>et</span> <span class='ocrx_word' id='word_1_455' title='bbox 1381 2570 1501 2603; x_wconf 80' lang='lat' dir='ltr'>assidati</span> <span class='ocrx_word' id='word_1_456' title='bbox 1511 2569 1662 2604; x_wconf 79' lang='lat' dir='ltr'>Gamerae</span> 
     </span>
    </p>
   </div>
   <div class='ocr_carea' id='block_1_16' title="bbox 130 2618 1663 2668">
    <p class='ocr_par' dir='ltr' id='par_1_18' title="bbox 130 2618 1663 2668">
     <span class='ocr_line' id='line_1_90' title="bbox 130 2618 1663 2668; baseline 0.003 -13"><span class='ocrx_word' id='word_1_457' title='bbox 130 2619 250 2657; x_wconf 87' lang='lat' dir='ltr'>iudicio</span> <span class='ocrx_word' id='word_1_458' title='bbox 269 2627 300 2657; x_wconf 87' lang='lat' dir='ltr'>et</span> <span class='ocrx_word' id='word_1_459' title='bbox 318 2627 417 2664; x_wconf 81' lang='lat' dir='ltr'>extra,</span> <span class='ocrx_word' id='word_1_460' title='bbox 433 2621 636 2662; x_wconf 81' lang='lat' dir='ltr'>adhibeatur,</span> <span class='ocrx_word' id='word_1_461' title='bbox 651 2632 733 2666; x_wconf 85' lang='lat' dir='ltr'>quae</span> <span class='ocrx_word' id='word_1_462' title='bbox 747 2622 877 2656; x_wconf 82' lang='lat' dir='ltr'>adhibe·</span> <span class='ocrx_word' id='word_1_463' title='bbox 895 2618 900 2665; x_wconf 89' lang='grc' dir='ltr'>Ι</span> <span class='ocrx_word' id='word_1_464' title='bbox 917 2622 1129 2666; x_wconf 77' lang='lat' dir='ltr'>Apostolicae,</span> <span class='ocrx_word' id='word_1_465' title='bbox 1158 2622 1284 2668; x_wconf 75' lang='lat' dir='ltr'>ipsique</span> <span class='ocrx_word' id='word_1_466' title='bbox 1316 2623 1486 2658; x_wconf 87' lang='lat' dir='ltr'>dohancrii</span> <span class='ocrx_word' id='word_1_467' title='bbox 1514 2624 1663 2659; x_wconf 83' lang='lat' dir='ltr'>dohanae</span> 
     </span>
    </p>
   </div>
   <div class='ocr_carea' id='block_1_17' title="bbox 1691 235 1872 265">
    <p class='ocr_par' dir='ltr' id='par_1_19' title="bbox 1691 235 1872 265">
     <span class='ocr_line' id='line_1_91' title="bbox 1691 235 1872 265; baseline 0 -2"><span class='ocrx_word' id='word_1_468' title='bbox 1691 236 1745 264; x_wconf 84' lang='lat' dir='ltr'>An.</span> <span class='ocrx_word' id='word_1_469' title='bbox 1761 235 1872 265; x_wconf 70' lang='lat' dir='ltr'>c.1584</span> 
     </span>
    </p>
   </div>
   <div class='ocr_carea' id='block_1_18' title="bbox 1684 1355 1865 1407">
    <p class='ocr_par' dir='ltr' id='par_1_20' title="bbox 1684 1355 1865 1407">
     <span class='ocr_line' id='line_1_92' title="bbox 1723 1355 1865 1378; baseline 0.014 -3"><span class='ocrx_word' id='word_1_470' title='bbox 1723 1355 1788 1376; x_wconf 64' lang='lat' dir='ltr'>Causa</span> <span class='ocrx_word' id='word_1_471' title='bbox 1802 1356 1865 1378; x_wconf 77' lang='lat' dir='ltr'>huin!</span> 
     </span>
     <span class='ocr_line' id='line_1_93' title="bbox 1684 1388 1852 1407; baseline 0 -1"><span class='ocrx_word' id='word_1_472' title='bbox 1684 1388 1852 1407; x_wconf 72' lang='lat' dir='ltr'>constitutionis.</span> 
     </span>
    </p>
   </div>
  </div>
 </body>
</html>
