2059 3228
319 253 382 286 nn?
867 256 1047 281 nrttimru

275 314 329 353 rit,
352 314 389 346 iis·
409 312 531 349 (infisus,
555 311 672 354 quibus
697 311 775 343 scsta
795 309 1023 354 mysteriorum

276 367 418 399 ciustlom
446 365 567 397 ltosarii
594 365 813 403 celebrantur,
840 362 979 402 visitare,
994 369 1023 395 ct

276 418 487 463 processioni,
509 427 592 460 quae
613 417 715 460 prima
736 415 897 449 dominica
918 416 1025 448 cuius-

276 472 353 503 libet
375 470 492 503 mensis
512 469 581 503 lieri
603 470 693 508 solet,
714 469 866 502 interesse
880 479 943 501 non
965 480 1024 512 po-

275 523 407 563 tuerint,
436 524 614 567 plenariam
646 522 790 555 omnium
816 528 1024 566 peccatorum

277 587 410 610 suorum
446 576 681 619 indulgentiam
719 581 750 608 et
786 575 1022 613 remissionem²

277 629 468 662 auctoritate
484 635 515 662 et
534 634 645 662 tenore
667 628 851 672 praedictis,
879 628 1025 661 concedi-

278 694 350 716 mus
369 689 400 716 et
416 682 614 725 elargimur;
636 682 764 724 illisque
785 692 896 714 omnes
917 687 946 713 et
963 681 1026 713 sin-

277 738 367 780 gulas
399 736 616 779 indulgentias
635 742 665 769 et
685 741 894 779 peccatorum
912 735 1026 768 remis-

278 789 395 829 siones,
412 788 507 822 etiam
528 788 701 832 plenarias,
723 788 794 821 aliis
812 788 1027 821 confratribus

278 847 310 874 et
329 842 508 882 sororibus,
532 842 695 886 cappellus
715 852 771 874 seu
795 841 947 874 ecclesias
967 841 1028 874 Ro-

278 895 353 929 sarii
382 895 570 928 huiusmodi
608 895 702 928 dictis
730 894 844 928 diebus
872 895 1025 928 visitanti-

277 949 339 982 bus
363 959 400 982 ac
420 948 523 981 dictae
543 948 743 992 processioni
761 949 1026 982 interesseutibu>

279 1003 461 1046 specialiter
480 1003 528 1035 rel
548 1003 743 1045 generaliter
763 1014 932 1036 concessas
948 1009 977 1036 et
996 1004 1025 1035 in

278 1057 424 1090 futurum
445 1056 679 1096 concedendas,
703 1056 735 1089 in
756 1056 906 1089 omnibus
922 1062 952 1089 et
971 1067 1029 1100 per

279 1111 398 1151 omnia,
419 1110 552 1155 perinde
569 1121 605 1144 ac
620 1110 645 1142 si
666 1111 765 1144 dictas
790 1111 954 1154 cappellas
973 1121 1028 1143 seu
1047 1132 1050 1142 .

76 257 130 286 An.
147 257 176 286 C.
191 260 260 288 158ss

1066 256 1217 280 nouwmt
1827 251 1930 283 Δια.

1064 309 1175 351 guium
1205 307 1361 341 memoria
1399 308 1489 342 statis
1517 309 1632 342 diebus
1659 307 1813 342 solemni·

1065 361 1190 404 busque
1224 360 1438 393 caeremoniis
1466 365 1563 404 atque
1587 359 1814 394 anniversariis

1065 413 1164 446 sacris
1192 413 1225 445 in
1254 414 1378 447 cunctis
1402 413 1547 447 ecclesiis
1572 413 1746 447 recolatur.
1768 413 1814 447 lta

1066 466 1151 499 enim
1173 472 1203 499 et
1224 467 1285 500 illis
1303 467 1409 500 honor
1435 467 1562 500 debitus
1588 465 1753 507 tribuitur,
1783 471 1815 500 et

1066 520 1176 553 fideles
1186 520 1225 553 ad
1233 531 1345 553 eorum
1364 520 1518 553 imitanda
1531 520 1677 563 exempla
1684 530 1743 564 pro
1755 530 1815 554 suo

1068 574 1205 617 quisque
1223 574 1355 606 modulo
1376 573 1560 607 invitantur.

1110 628 1124 669 ,ξ
1149 627 1180 659 ’1.
1207 627 1346 660 Proinde
1362 638 1420 660 nos
1431 637 1549 670 operae
1563 626 1704 671 pretium
1720 626 1814 661 duxi-

1068 692 1139 713 mus
1161 680 1339 713 efficerent
1359 686 1544 713 sanctorum
1567 686 1745 724 martyrum
1768 680 1816 714 la-

1067 734 1172 767 nuarii
1190 734 1333 778 episcopi
1354 740 1384 767 et
1403 734 1566 768 sociorum
1588 734 1667 774 eius,
1679 733 1733 777 qui
1744 739 1818 778 post

1066 788 1196 821 vincula
1215 793 1246 820 et
1275 798 1420 820 carceres
1439 787 1579 830 gloriosa
1598 787 1744 831 martyrii
1763 797 1816 822 co-

1067 851 1147 874 rona
1180 846 1313 885 propter
1340 841 1458 874 Christi
1483 841 1624 874 nominis
1643 841 1817 874 confessio-

1067 905 1140 927 nem
1172 900 1242 927 sunt
1268 895 1389 935 donati,
1419 894 1595 927 iucundam
1621 895 1818 929 recordatio-

1068 959 1141 980 nem
1162 948 1216 981 diu
1238 948 1453 982 intermissam
1474 948 1669 989 renovando,
1689 949 1816 992 plebem

1067 1000 1122 1034 Dei
1143 1001 1446 1041 hila1·e1nus;cuius
1465 1001 1597 1044 quidem
1607 1000 1692 1034 beati
1705 1001 1817 1035 lanua-

1069 1054 1107 1087 rii
1128 1055 1327 1089 sanctitatem
1352 1056 1436 1089 Deus
1459 1055 1664 1100 omnipotens
1683 1055 1813 1097 multis,

1068 1108 1172 1152 iisque
1192 1109 1390 1149 clarissimis,
1404 1109 1497 1142 editis
1517 1108 1684 1142 miraculis
1700 1109 1739 1143 ad
1756 1120 1816 1144 no·

1720 582 1738 597 1

1840 632 1862 653 S.
1883 631 1934 654 laun
1976 647 1978 649 -
2002 633 2006 635 ’
2029 648 2030 651 ¹

1828 665 1936 685 sociorum

1828 696 1869 717 riu
1890 697 1913 715 et
1939 693 1945 714 Ι
1965 690 1993 719 υἷ’,

1829 725 1986 758 recensemur·-

279 1164 434 1198 ecclesias
459 1164 554 1197 dictis
582 1164 696 1196 diebus
720 1164 934 1207 personaliter
952 1163 1029 1196 visi-
1047 1146 1051 1196 i
1069 1166 1166 1194 stram
1183 1173 1285 1206 usque
1301 1168 1438 1202 (etatem,
1450 1162 1483 1195 in
1498 1162 1707 1207 Neapolitana
1719 1163 1818 1206 potis-

280 1225 397 1259 tarent‚
427 1225 458 1252 et
488 1219 748 1262 processionibus
776 1219 963 1252 huiusmodi
985 1219 1031 1251 in·
1070 1215 1187 1247 §imum
1207 1215 1345 1256 civitate,
1368 1215 1401 1248 in
1416 1227 1480 1259 qua
1500 1215 1571 1249 eius
1582 1227 1700 1260 COI'PUS
1711 1216 1817 1260 sepul·

280 1278 448 1311 teressent‚
471 1272 661 1305 auctoritate
673 1277 825 1305 ettenore
843 1272 1028 1315 praedictis,
1072 1275 1138 1301 tum
1157 1268 1306 1311 religiose
1327 1275 1518 1310 asservatur,
1541 1269 1752 1303 celeberrime
1781 1280 1816 1302 a·

280 1327 560 1360 communicamus
596 1337 632 1359 ac
679 1326 934 1359 communicatas
963 1336 1031 1358 esse
1073 1318 1137 1365 pu‘d
1161 1332 1274 1355 omnes
1297 1329 1408 1366 gentes
1435 1328 1581 1356 testatam
1606 1333 1675 1356 esse
1693 1323 1816 1363 votuit3

278 1379 462 1424 specialiter
487 1380 535 1413 vel
558 1380 752 1423 generaliter
771 1380 976 1413 decernimus
1001 1385 1033 1413 et
1070 1375 1151 1408 adeo
1180 1381 1216 1408 ut
1242 1386 1307 1409 non
1336 1376 1512 1417 innuerim,
1543 1382 1613 1409 tum
1645 1375 1679 1409 in
1703 1376 1819 1411 divinis

279 1434 495 1468 declaramus.

120 1483 266 1506 Trans-:mnus

81 1514 143 1535 huius
195 1514 265 1536 bullae

82 1547 141 1568 credi
155 1545 220 1567 iubet.

323 1488 338 1531 ξ
362 1486 394 1520 8.
421 1486 502 1526 Quia
519 1497 595 1520 vero
616 1486 745 1520 difficile
756 1487 838 1520 soret
848 1493 1034 1531 praesentes

279 1540 404 1574 litteras
423 1545 480 1573 etc.

325 1594 340 1637 ἓ
363 1593 395 1627 9.
421 1593 491 1626 Non
516 1592 716 1626 obstantibus
748 1593 1034 1627 constitutionibus

85 1647 270 1706 mQuifficuffi
282 1653 313 1681 et
349 1646 610 1680 ordinationibus
641 1646 828 1689 apostolicis
855 1646 1034 1690 ceterisque

83 1709 196 1732 stantibus.
283 1700 454 1734 contrariis
477 1699 749 1742 quibuscumque.

326 1754 443 1787 Datum
484 1753 606 1786 Romae
647 1753 735 1796 apud
781 1752 934 1786 Sanctum
978 1753 1037 1786 Pe-

283 1812 382 1850 trum,
402 1808 461 1840 sub
485 1806 814 1849 annuloPiscatoris‚
837 1807 888 1840 die
907 1817 969 1840 xxx
988 1807 1036 1840 ia-

281 1860 386 1894 nuarii
414 1870 584 1901 MDanvl,
614 1860 760 1904 pontific.
788 1860 888 1893 nostri
913 1871 1054 1908 annon

322 1925 386 1958 Dat.
401 1927 448 1958 die
463 1927 501 1958 30
515 1927 643 1958 ianuarii
655 1927 742 1963 1586,
754 1927 858 1967 pontif.
872 1937 949 1957 anno
960 1936 981 1958 1.

601 2127 719 2161 XXXII.

288 2214 461 2249 Innovatio
480 2214 670 2258 festivitatis
681 2213 715 2246 S.
729 2212 886 2246 Ianuarii
902 2213 1037 2257 episcop,

333 2273 361 2301 et
394 2269 549 2311 martyris
577 2272 606 2301 et
625 2268 785 2300 sociorzmi
810 2268 888 2307 cius,
915 2267 966 2300 die
989 2277 1041 2300 xlx

334 2322 520 2366 septembris
538 2321 682 2365 simplici
696 2322 794 2365 officio
822 2321 1036 2354 celebrandae.

359 2410 459 2439 sixtus
473 2411 624 2447 episcopus.
643 2418 740 2440 servus
759 2417 900 2439 servorum
912 2410 974 2444 Dei,

435 2465 468 2493 ad
488 2465 650 2501 perpetuam
667 2465 709 2493 rei
729 2464 897 2493 memoriam.

337 2534 392 2568 Pia
411 2541 595 2569 sanctorum
617 2541 745 2580 patrum
766 2535 968 2580 providentia
993 2535 1041 2567 in-

295 2588 440 2620 stitutum
460 2594 506 2621 est
526 2589 557 2621 in
577 2590 719 2623 Ecclesia
742 2590 818 2630 Dei,
852 2596 884 2623 et
903 2589 1041 2633 posteris

295 2640 448 2674 traditum
462 2646 496 2674 ut
517 2642 735 2686 complurium
759 2649 936 2688 martyrum
962 2642 1039 2676 insi-

122 2589 240 2610 monitum.

1054 2018 1067 2144 f

1054 2147 1058 2161 l

1079 1428 1198 1468 ›sficiis,
1230 1434 1298 1462 tum
1322 1428 1355 1461 in
1383 1428 1453 1473 ipso
1483 1428 1654 1470 sacrificio,
1680 1429 1720 1463 ab
1746 1429 1820 1465 uni-

1074 1492 1160 1515 rerso
1181 1483 1326 1516 fidelium
1360 1488 1453 1516 coetu
1484 1493 1598 1517 eorum
1623 1493 1820 1518 commemo-

1073 1535 1152 1569 ratio
1171 1536 1242 1569 fieri
1262 1537 1388 1578 debeat,
1417 1542 1514 1581 prout
1542 1542 1615 1570 ante
1634 1548 1749 1571 novam
1767 1548 1820 1572 re-

1074 1589 1297 1624 formationem
1316 1591 1453 1624 Romani
1473 1591 1611 1625 missalis
1625 1596 1656 1625 et
1669 1591 1820 1626 breviarii

1075 1643 1143 1676 lieri
1163 1650 1384 1678 consueverat.

1117 1698 1132 1741 g
1156 1697 1187 1730 ⁶2.
1214 1698 1281 1731 Ilac
1306 1698 1404 1741 igitur
1426 1703 1536 1732 nostra
1562 1704 1720 1742 perpetuo
1744 1699 1823 1732 vali·
1859 1706 1944 1744 Bortin-

1073 1756 1145 1784 tura
1165 1752 1392 1785 constitutione
1412 1752 1630 1795 praecipimus
1641 1758 1676 1785 ut
1690 1762 1821 1786 eorum·
1833 1739 1952 1798 ἷζῖζξξῗ

1074 1806 1147 1838 dem
1167 1811 1350 1838 sanctorum
1372 1805 1514 1838 Ianuarii
1533 1810 1564 1838 et
1574 1805 1736 1839 sociorum
1750 1806 1820 1839 eius
1833 1802 1888 1828 ἕως
1904 1801 1991 1836 ''¹¹¹⁵‘ss

1074 1859 1142 1892 dies
1176 1860 1274 1893 festus
1299 1869 1354 1892 xm
1383 1859 1535 1892 kalendas
1563 1859 1704 1893 octobris
1723 1859 1762 1892 in·
1776 1864 1822 1893 to·
1833 1833 1913 1892 iiiiii-n
1932 1838 1946 1860 Ρ
1997 1854 2000 1855 ’

1047 1909 1054 1929 ’
1075 1913 1138 1946 tius
1161 1913 1248 1947 orbis
1267 1920 1427 1947 terrarum
1456 1913 1600 1946 ecclesiis
1619 1912 1756 1956 simplici
1773 1913 1821 1946 os-

1055 1969 1060 2004 }
1077 1967 1149 2000 ticio
1169 1967 1208 2001 de
1225 1967 1391 2000 communi
1411 1967 1628 2010 plurimorum
1645 1972 1822 2010 martyrum

1079 2021 1279 2062 celebretum
1311 2031 1348 2054 ac
1371 2020 1578 2054 decernimus
1602 2025 1637 2053 ut
1660 2019 1693 2052 in
1722 2030 1841 2060 novo„

1079 2075 1172 2108 ctiam
1193 2085 1257 2118 quo
1273 2085 1360 2108 nunc
1379 2073 1512 2112 utimur.
1521 2074 1605 2107 sicut
1623 2073 1763 2106 antea·in
1773 2083 1825 2107 ve-

1078 2128 1150 2168 teri,
1171 2127 1371 2169 kalendario,
1390 2128 1430 2160 ad
1449 2137 1523 2161 eum
1539 2127 1623 2160 diem
1637 2131 1823 2160 sanctorum

1078 2183 1267 2216 eorumdem
1288 2181 1420 2215 nomina
1446 2187 1477 2215 et
1502 2180 1658 2225 simplicis
1676 2186 1752 2214 nota
1770 2180 1825 2213 ad-

1064 2236 1273 2268 scribantur.
1306 2234 1310 2239 ’
1747 2259 1750 2263 .

1123 2290 1137 2332 ξ
1162 2289 1193 2322 3.
1217 2289 1402 2322 Mandantes
1429 2287 1579 2321 omnibus
1608 2286 1801 2331 patriarchis
1814 2295 1840 2327 ,·“
1894 2327 1900 2332 ,
1978 2327 1980 2329 ¹

1080 2342 1340 2386 archiepiscopis,
1372 2342 1532 2386 episcopis
1564 2340 1743 2384 ceterisque
1771 2350 1825 2373 ec·
1839 2326 1984 2380 ἷᾙὼω*

1081 2396 1251 2429 elesiarum
1272 2395 1422 2439 praelatis
1442 2395 1474 2427 in
1490 2394 1638 2427 universo
1657 2393 1736 2426 orbe
1751 2403 1827 2426 con-

1058 2475 1061 2484 ,
1081 2445 1211 2485 stitutis,
1234 2450 1268 2477 ut
1284 2445 1316 2477 in
1335 2444 1401 2477 suis
1416 2443 1553 2488 quisque
1572 2441 1727 2481 ecclesiis,
1749 2451 1825 2486 pro-

1081 2494 1204 2533 vinciis,
1218 2493 1396 2526 civitatibus
1415 2498 1446 2526 et
1460 2491 1662 2526 dioecesibus
1679 2500 1827 2534 praesen-

1084 2550 1130 2576 tes
1154 2549 1279 2576 nostras
1307 2542 1494 2576 solemniter
1514 2540 1673 2585 publicari
1693 2539 1824 2579 faciant,

1083 2594 1122 2626 ab
1160 2593 1375 2635 omnibusque
1412 2589 1636 2624 ecclesiasticis
1667 2585 1823 2632 personis.

1084 2641 1302 2687 saecularibus
1318 2648 1348 2675 et
1367 2639 1553 2686 quorumvis
1564 2638 1721 2682 Ordinum
1732 2646 1828 2680 regu-

1822 2243 1829 2289 i

1059 2299 1061 2317 ι
1865 2295 1934 2318 tunsio
1950 2301 1963 2323 p
1971 2291 1986 2322 s·
