2059 3228
44 199 177 270 atteiam

54 2483 158 2509 ‘tt-mutue

48 2517 158 2539 enati-vae.

790 231 965 258 emmonius
993 231 1049 256 xm
1067 232 1115 256 PP.

187 291 383 332 praemetam
407 287 440 321 in
460 297 576 328 genere
600 287 646 319 vel
673 287 705 319 in
721 281 825 330 specie
850 295 931 330 quo-

186 340 360 374 modolibet
379 350 530 374 concessa
549 345 579 373 et
591 340 791 380 confirmata,
806 349 930 372 necnon

185 393 261 427 dicti
282 393 329 426 Pii
348 393 371 426 V
390 394 511 426 litteras
531 404 628 438 super
647 393 835 427 eorumdem
856 402 930 425 eon-

184 446 365 480 firmatione
385 453 559 488 emanatas,
590 448 649 480 sub
672 446 786 479 Datum
812 446 929 478 Romae

183 501 269 544 apud
288 499 319 533 S.
347 501 488 541 Petrum,
514 501 573 533 sub
598 501 718 533 annulo
744 498 925 538 Piscatoris‚

183 553 234 587 die
256 564 328 587 xxlx
354 555 537 587 novembris
556 563 706 593 untxvur,
722 552 928 597 pontificatus

183 607 231 640 sui
261 617 346 641 anno
374 608 480 650 tertio,
525 609 563 640 ad
608 606 762 651 praedicti
796 604 925 639 concilii

182 660 385 694 decretorum
417 661 582 701 termino&
628 667 738 694 tenore
773 669 924 704 praesen-

180 713 272 754 tium,
294 714 494 756 reducimus,
530 725 567 747 ac
598 714 733 747 reducta
770 723 847 753 esse,
874 712 924 745 ni-

181 766 291 810 hilque
312 778 348 800 ex
369 768 445 811 ipsis
456 766 638 811 privilegiis,
651 766 921 811 exemptionibus,

178 820 288 863 gratiis
307 826 338 854 et
357 821 500 861 indultis,
522 820 693 854 ordinariis
710 821 855 854 locorum
871 821 924 854 de-

177 877 314 907 tractum
334 885 415 913 esse,
441 884 507 916 quo
532 874 638 907 minus
663 874 806 917 ipsorum
837 875 922 907 mili-

177 931 245 960 tum
261 928 383 969 vicarii,
405 927 597 972 cappellani,
613 927 762 968 ministri,
781 929 921 961 servien-

175 985 234 1021 tes,
256 981 420 1025 adscripti,
443 982 560 1021 coloni,
582 986 808 1026 procuratores
828 987 858 1015 et
878 983 922 1015 sa-

175 1033 318 1068 miliares
337 1034 475 1068 militum
503 1035 704 1075 huiusmodi,
741 1034 857 1078 quibus
884 1047 921 1069 ea

175 1086 239 1120 iam
252 1098 409 1122 concessa
429 1095 509 1121 sunt·
521 1094 552 1121 et
567 1088 599 1120 in
613 1094 775 1132 posterum
788 1090 920 1122 concedi

175 1141 356 1185 contigerit,
379 1142 418 1174 ab
438 1141 512 1185 ipsis
540 1142 723 1183 ordinariis,
756 1148 919 1186 tamquam

172 1193 373 1238 Apostolicae
393 1195 484 1228 Sedis
503 1195 668 1238 delegatis,
690 1195 729 1228 de
740 1206 852 1228 eorum
867 1207 919 1229 ex-

173 1248 325 1289 cessibus,
346 1248 536 1282 criminibus
555 1254 586 1281 et
605 1249 741 1290 delictis,
757 1250 852 1282 etiam
865 1261 918 1283 ex-

173 1305 221 1334 tra
238 1301 462 1343 visitationem,
484 1303 614 1346 quando
634 1308 665 1336 et
689 1304 814 1346 quoties
838 1314 919 1347 opus

171 1354 278 1396 suerit,
306 1355 442 1399 inquiri,
468 1356 599 1396 visitari,
621 1356 730 1399 puniri
750 1363 781 1389 et
800 1357 919 1400 corrigi

172 1408 305 1452 possint,
326 1409 536 1454 ipsorumque
556 1408 795 1442 ordinariorum
820 1410 917 1443 iuris-

171 1462 305 1496 dictioni
324 1463 418 1507 plene
439 1462 470 1495 in
491 1462 666 1507 praedictis
686 1462 822 1496 subiecti
851 1464 917 1496 exi-

171 1521 255 1549 stant
273 1516 427 1560 (exceptis
445 1522 553 1549 tamen
573 1516 623 1557 iis,
647 1516 703 1559 qui
723 1517 866 1549 ecclesiis
886 1529 918 1549 a-

171 1568 288 1614 liisque
306 1569 386 1603 locis
405 1570 568 1603 dictorum
589 1570 727 1602 militum
748 1575 822 1603 actu
849 1581 916 1603 ser-

170 1622 270 1664 viunt,
291 1628 323 1657 et
341 1623 426 1656 intra
445 1634 557 1656 eorum
578 1629 667 1667 septa
686 1629 717 1656 et
736 1623 848 1656 domos
869 1635 918 1657 rc-

170 1676 285 1718 sident,
305 1687 342 1710 ac
361 1677 421 1710 sub
442 1688 553 1710 eorum
579 1676 762 1710 obedientia
792 1678 914 1719 vivunt,

171 1740 254 1774 quae
273 1730 382 1763 omnia
401 1731 518 1764 debere
538 1730 633 1763 simul
650 1741 847 1765 concurrere
866 1731 916 1764 in-

171 1783 373 1827 telligantur3
391 1784 454 1818 sive
475 1785 512 1817 iis
531 1785 586 1828 qui
605 1784 746 1827 legitime
763 1791 794 1818 et
804 1796 917 1818 secun-

171 1837 247 1871 dum
267 1838 423 1881 Regulam
443 1838 626 1882 praedictae
645 1838 820 1882 Religionis
840 1849 915 1882 pro-

170 1890 341 1925 fessionem
359 1891 506 1932 fecerint,
526 1892 564 1924 de
585 1903 649 1935 qua
668 1892 732 1925 loci
752 1892 916 1926 ordinario

171 1950 316 1979 constare
335 1945 472 1987 debeat).
495 1945 532 1978 Et
549 1945 592 1978 ita
608 1946 639 1978 in
651 1945 834 1989 praemissis
849 1956 917 1979 om-

171 1997 265 2032 nibus
284 2003 316 2032 et
324 1997 458 2042 singulis
471 2009 528 2042 per
541 2009 764 2042 quoscumque
778 1998 913 2040 iudices,

171 2051 350 2087 ordinarios
369 2058 400 2086 et
419 2053 590 2096 delegatos,
605 2052 713 2096 quavis
724 2053 916 2086 auctoritate

171 2104 348 2150 fungentes,
368 2105 463 2139 etiam
484 2117 653 2139 causarum
664 2106 917 2150 PalatiiAposto-

170 2157 225 2192 lici
242 2159 405 2193 auditores
425 2170 462 2193 ac
478 2159 509 2193 S.
532 2160 568 2192 R.
587 2160 621 2192 E.
636 2160 828 2201 cardinales,
842 2160 917 2193 sub-

171 2211 235 2246 lata
253 2211 298 2247 eis
317 2217 348 2246 et
367 2223 480 2246 eorum
494 2213 625 2246 cuilibet
641 2213 749 2256 quavis
765 2213 857 2247 aliter
869 2213 916 2247 iu-

171 2265 298 2299 dicandi
321 2271 353 2299 et
382 2265 613 2310 interpretandi
637 2267 788 2300 facultate
809 2273 839 2300 et
858 2277 915 2299 au-

171 2319 329 2361 ctoritate,
351 2319 385 2352 in
408 2319 519 2364 quavis
539 2330 633 2353 causa
653 2325 682 2354 et
698 2320 850 2355 inztantia
869 2321 917 2354 iu-

171 2372 271 2407 dicari
291 2378 322 2406 et
340 2373 466 2406 definiri
486 2373 615 2406 debere.

215 2426 282 2471 §3
304 2427 552 2469 praesentesque
585 2427 705 2460 litteras
732 2427 770 2459 de
804 2426 915 2460 subre-

172 2476 290 2520 ptionis
309 2477 358 2510 vel
378 2475 575 2519 obreptionis
594 2475 668 2508 vitio
688 2486 744 2509 seu
765 2475 915 2508 intentio-

172 2523 222 2558 nis
241 2531 369 2558 nostrae
388 2525 514 2558 defectu
535 2524 638 2557 notari
662 2525 710 2556 vel
735 2523 915 2567 impugnari

173 2583 238 2606 non
257 2584 363 2618 posse,
384 2573 439 2607 sed
463 2573 533 2606 illas
554 2582 681 2615 semper
699 2572 819 2605 validas
834 2572 918 2605 etc-s-

175 2621 289 2656 ficaees
308 2634 388 2663 esse,
410 2633 468 2656 nec
488 2632 545 2666 per
563 2621 763 2665 magistrum,
782 2630 917 2653 conven-

768 2668 799 2698 '1¹3

254 2673 328 2703 Ball.
348 2672 424 2702 Rom.
452 2671 504 2701 rot.
533 2670 603 2699 l'lll.

1611 218 1668 252 5³64

973 289 1040 317 tum
1061 290 1092 317 et
1105 283 1221 317 milites
1233 282 1422 328 praedictos,
1435 280 1718 328 quorumcumque

972 336 1715 381 privilegiorum,statutorum,consuetudinum

971 395 1002 423 et
1026 391 1095 435 styli
1118 396 1293 433 praetextu,
1316 392 1475 424 ullatenus
1499 390 1640 431 infringi,
1668 390 1715 422 vel

971 450 1082 477 contra
1102 444 1172 477 illas
1196 451 1227 477 et
1247 445 1277 477 in
1298 445 1342 478 eis
1360 450 1510 478 contenta
1529 443 1629 477 veniri
1650 454 1714 477 non

969 508 1061 540 posse
1081 508 1187 542 neque
1212 498 1346 538 debere,
1370 498 1495 531 irritum
1525 508 1655 541 quoque
1684 504 1715 531 et

969 550 1063 584 inane
1075 551 1229 595 quicquid
1243 562 1333 584 secus
1344 562 1441 595 super
1451 551 1524 584 liisa
1535 562 1712 595 quoquam,

968 605 1288 647 quavisauctoritate,
1304 605 1441 638 scienter
1454 605 1499 637 vel
1518 605 1712 648 ignoranter,

967 658 1136 701 contigerit
1155 658 1316 699 attentari,
1334 659 1537 692 domimimus
1557 664 1587 692 ct
1605 659 1711 693 decla-

966 722 1086 745 ramus.

1009 765 1024 808 5
1043 765 1074 798 4.
1097 766 1165 799 Non
1185 765 1384 798 obuantibus
1395 766 1576 809 praemissis
1586 777 1623 800 ac
1634 778 1710 801 con-

964 818 1183 852 stitutionibus
1196 824 1226 852 et
1239 818 1494 852 ordinationibus
1513 821 1708 863 apostolici523

964 881 1000 904 ac
1016 872 1091 906 dicti
1111 872 1287 916 hospitalis,
1308 872 1402 905 etiam
1423 872 1614 915 iuramento,
1632 886 1708 908 con-

964 925 1144 959 firmatione
1164 927 1340 970 apostolica
1359 926 1407 958 vel
1426 927 1536 969 quavis
1562 928 1709 962 firmitate

963 980 1024 1020 alia
1038 980 1209 1021 roboratis,
1227 980 1351 1013 statutis
1363 986 1393 1012 et
1413 981 1708 1022 consuetudinibus,

963 1033 1195 1074 stabilimentis,
1220 1034 1330 1066 usibus
1357 1039 1387 1066 et
1417 1033 1551 1074 naturis,
1584 1046 1709 1069 necnon

962 1087 1246 1127 declarationibus,
1285 1087 1461 1126 sententiis,
1502 1087 1706 1130 iuramentis,

962 1140 1154 1180 concordiis;
1176 1140 1349 1184 privilegiis
1368 1151 1509 1184 queque,
1530 1141 1660 1175 indultis
1678 1149 1709 1176 ct

961 1193 1072 1226 litteris
1087 1194 1270 1237 apostolicis
1289 1194 1440 1237 magistro
1449 1199 1479 1227 ct
1490 1195 1658 1227 conventui
1671 1207 1707 1229 ac

961 1246 1115 1279 militibus
1133 1247 1303 1290 praedictis
1314 1253 1468 1280 eteorum
1480 1247 1616 1288 vicariis,
1634 1260 1708 1292 cap-

960 1299 1106 1342 pellanis,
1122 1300 1257 1341 colonis,
1277 1300 1499 1341 familiaribus,
1515 1306 1706 1344 procurato-

960 1352 1049 1386 ribus
1062 1359 1092 1386 et
1104 1353 1175 1386 aliis
1187 1353 1394 1397 quibuslibet,
1409 1353 1553 1397 ipsorum
1568 1354 1705 1387 militum

959 1405 1076 1439 intuitu
1089 1407 1135 1439 vel
1151 1406 1433 1450 contemplatione,
1455 1418 1512 1451 per
1531 1418 1704 1451 quoscum—

958 1471 1021 1503 que
1041 1460 1201 1494 Romanos
1221 1460 1392 1494 Pontifices
1416 1466 1447 1494 et
1472 1460 1586 1494 Sedem
1612 1472 1703 1504 prae-

957 1513 1075 1546 dictam
1092 1514 1335 1556 quomodolibet
1345 1514 1517 1553 concessis,
1532 1514 1703 1547 confirma-

958 1567 996 1600 tis
1015 1574 1046 1601 et
1069 1567 1243 1609 innovatis,
1269 1568 1386 1611 quibus
1411 1567 1560 1601 omnibus
1585 1574 1614 1601 et
1638 1569 1702 1602 sin-

956 1621 1051 1664 gulis,
1072 1622 1207 1663 etiamsi,
1225 1633 1283 1666 pro
1301 1622 1471 1655 sufficienti
1484 1632 1597 1655 eorum
1609 1622 1703 1655 dero-

956 1674 1094 1717 gatione,
1118 1676 1157 1709 de
1176 1675 1238 1709 illis
1257 1686 1436 1718 eorumque
1451 1675 1524 1708 totis
1537 1675 1703 1708 tenoribus

956 1728 1118 1772 specialis,
1138 1729 1301 1773 specifica,
1319 1739 1467 1772 expressa
1481 1734 1512 1761 et
1525 1727 1700 1766 individua,

956 1792 1021 1815 non
1040 1787 1147 1815 autem
1168 1793 1225 1826 per
1245 1783 1405 1815 clausulas
1424 1782 1588 1824 generales
1619 1782 1701 1814 idem

956 1835 1175 1879 importantes,
1196 1836 1316 1869 mentio
1337 1835 1494 1875 habenda,
1517 1841 1571 1867 aut
1595 1834 1702 1877 aliqua

956 1890 1019 1923 alia
1039 1889 1193 1934 exquisita
1204 1889 1306 1922 ferma
1320 1889 1358 1921 ad
1371 1889 1432 1921 boc
1444 1887 1596 1921 servanda
1608 1888 1700 1926 foret,

956 1944 1086 1977 illorum
1098 1949 1237 1983 tenores,
1254 1954 1289 1975 ac
1305 1942 1330 1975 si
1346 1943 1383 1975 de
1395 1942 1491 1975 verbo
1503 1941 1542 1974 ad
1554 1940 1699 1979 verbum,

956 1998 1037 2030 nihil
1058 1998 1185 2041 penitus
1196 1997 1326 2037 omisso,
1341 2000 1371 2029 et
1391 1996 1494 2028 forma
1513 1994 1546 2027 in
1566 1994 1628 2027 illis
1644 1999 1703 2027 tra-

956 2050 1020 2084 dita
1033 2051 1209 2091 observata,
1227 2049 1336 2082 inserti
1348 2050 1452 2082 forent
1464 2047 1701 2092 praesentibus,

956 2114 1015 2148 pro
1040 2103 1235 2137 sufficienter
1259 2101 1413 2145 expressis
1437 2107 1467 2134 et
1495 2099 1620 2134 insertis
1646 2100 1704 2133 ba-

955 2157 1078 2198 bentes,
1100 2157 1140 2190 ad
1160 2157 1309 2190 effectum
1334 2154 1551 2199 praesentium
1576 2154 1704 2187 dumta-

955 2217 1016 2251 xat,
1037 2210 1220 2255 specialiter
1239 2215 1269 2242 et
1289 2219 1449 2252 expresse,
1475 2213 1564 2241 motu
1593 2206 1702 2247 simili,

956 2265 1159 2308 derogamus,
1180 2263 1358 2306 ceterisque
1379 2262 1550 2296 contrariis
1569 2261 1703 2306 quibus-

957 2329 1109 2361 cumque.

1000 2372 1015 2414 ,Ε
1035 2372 1065 2405 5.
1088 2370 1212 2403 Eisdem
1233 2369 1277 2402 Pii
1294 2368 1398 2412 Papae
1413 2369 1436 2401 V
1455 2368 1569 2402 litteris
1579 2378 1703 2401 memo-

957 2426 1043 2465 ratis,
1066 2424 1171 2468 quoad
1192 2423 1262 2462 alia,
1283 2428 1314 2455 et
1338 2422 1368 2454 in
1395 2431 1432 2454 eo
1458 2421 1592 2454 maxime
1617 2420 1704 2465 quod

957 2474 1056 2506 voluit
1076 2472 1314 2516 praedictorum
1332 2470 1469 2503 militum
1482 2470 1649 2514 privilegia
1665 2469 1703 2502 il-

959 2523 1128 2564 lorumquc
1154 2518 1431 2551 confirmationem
1458 2527 1524 2550 non
1554 2528 1702 2561 compre-

959 2570 1112 2607 hendere,
1136 2579 1238 2612 neque
1258 2567 1409 2600 ecclesias
1433 2576 1538 2610 neque
1552 2577 1703 2610 personas

959 2620 989 2652 in
1019 2619 1080 2659 liis,
1111 2628 1193 2662 quac
1222 2617 1260 2650 ad
1289 2627 1400 2650 curam
1419 2616 1602 2649 animarum
1628 2625 1702 2659 per-

1734 224 1784 252 Λη.
1802 225 1829 251 Γ..
1847 224 1916 253 4580

1748 769 1857 790 tttauentar·
1868 771 1910 793 do-

1726 803 1853 825 togatumne.

1767 2381 1871 2404 Canama

1718 2413 1787 2434 dietae
1819 2417 1883 2434 const

1719 2445 1805 2466 tutionis
1824 2444 1857 2466 Pii
1873 2443 1898 2465 V.
