2059 3228
113 217 167 248 An.
183 218 211 248 C.
231 220 295 248 i587

355 218 418 251 862

312 278 404 312 dictis
424 284 452 309 et
472 277 577 309 forsan
597 274 669 307 aliis
689 273 751 306 illis
767 271 910 312 annexis,
933 282 1060 305 eorum-

312 342 374 375 que
400 328 564 367 membris,
586 326 738 369 grangiis,
759 325 911 369 praediis,
933 334 1059 368 posses-

313 384 470 423 sionibus,
492 381 638 420 decimis,
658 379 820 424 primitiis,
831 378 942 419 vineis,
956 378 1060 417 terris,

313 437 409 481 agris,
433 435 595 474 censibus,
613 433 784 467 fructibus.
797 432 968 472 reditibus,
989 441 1062 475 pro-

313 490 473 529 ventibus,
496 488 632 528 iuribus,
652 486 913 526 obventionibus,
936 485 1062 517 emolu-

315 544 441 582 mentis,
463 541 679 587 pertinentiis,
702 541 800 573 rebus
824 546 854 573 et
881 538 1063 572 actionibus

315 596 487 634 universis,
509 595 691 638 ceterisque
710 593 817 633 bonis,
839 592 1014 625 mobilibus
1034 595 1065 623 et

316 649 535 684 immobilibus
551 659 588 682 ac
600 659 633 681 se
649 647 864 687 moventibus,
882 646 1065 679 cuiuscum-

315 714 378 748 que
398 702 575 747 qualitatis,
597 701 692 746 pretii
721 706 753 734 et
771 700 889 733 valoris
914 699 1013 733 annui
1034 709 1065 731 e-

315 756 518 795 xistentibus,
539 766 577 788 ac
594 755 714 798 ubique
727 754 873 787 locorum
887 752 1065 786 consisten-

317 810 402 843 tibus
422 819 602 852 eorumque
631 807 831 852 proprietate
856 812 887 840 et
907 805 1063 839 dominio.

317 864 359 897 lta
390 863 475 906 quod
503 862 600 895 liceat
619 861 778 904 collegio,
805 859 993 904 praepositi,
1016 869 1066 892 sa-

317 917 433 950 cristae
462 916 728 961 cappellanorum
749 921 778 948 et
800 913 1066 948 beneficiatorum

318 970 513 1010 huiusmodi
546 980 605 1013 pei·
631 979 663 1002 se
693 969 741 1001 vel
767 968 867 1000 alium
892 978 949 1000 scu
978 966 1068 1007 alios,

317 1034 432 1057 corum
446 1029 474 1056 et
492 1023 595 1056 dictae
619 1027 749 1055 nostrae
768 1021 946 1065 cappellae,
969 1020 1070 1053 illius-

317 1089 381 1122 que
405 1077 544 1110 sabricae
570 1082 598 1110 et
625 1075 788 1109 sacristiae
813 1085 954 1118 suaeque
983 1084 1071 1107 inen-

319 1142 371 1165 sae
383 1142 439 1164 seu
451 1141 573 1164 massae
583 1129 767 1163 communis
787 1128 985 1167 nominibus,
997 1138 1070 1160 cor-

319 1186 477 1231 poralem,
503 1185 624 1217 realem
650 1188 681 1216 et
708 1183 867 1216 actualem
899 1181 1073 1226 possessio-

320 1249 394 1272 nem
413 1243 698 1276 monasteriorum,
731 1245 944 1275 annexorum,
973 1245 1073 1267 mem-

309 1288 469 1331 'broi-um,
491 1291 713 1334 grangiarum,
745 1289 967 1334 praediorum,
998 1299 1072 1332 pos-

322 1345 516 1385 sessionum,
538 1343 752 1384 decimarum,
775 1341 1005 1387 primitiarum,
1029 1342 1074 1375 vi-

322 1410 471 1440 nearum,
499 1404 674 1437 terrarum,
703 1407 870 1440 agrorum,
902 1407 1072 1436 censuum,

323 1453 456 1493 iuriuin,
466 1450 761 1496 pertinentiariiim,
778 1461 901 1490 rerum,
911 1450 1075 1484 actionum

323 1512 355 1540 et
372 1507 533 1540 bonorum
555 1503 756 1545 huiusmodi,
783 1504 916 1548 propria
935 1503 1076 1537 auctori-

324 1565 400 1600 tate,
422 1560 544 1603 absque
569 1558 665 1602 spolii
685 1563 717 1591 et
735 1560 969 1591 attentatorum
990 1557 1076 1597 vitio,

324 1624 362 1646 ac
382 1613 617 1656 cuiuscumque
635 1611 751 1644 iudicis
761 1611 892 1644 decreto
910 1611 959 1644 vel
980 1610 1076 1643 mini-

326 1666 438 1707 sterio,
462 1666 563 1699 libere
587 1665 834 1710 apprehendere
864 1670 892 1698 et
920 1671 1077 1708 perpetuo

326 1719 479 1759 retinere,
507 1719 627 1762 illaque
652 1729 765 1761 regere
785 1723 817 1751 et
836 1718 1076 1759 administrare,

327 1784 453 1807 necnon
477 1774 615 1812 fructus,
630 1772 765 1813 reditus,
786 1778 974 1816 proventus,
989 1772 1077 1813 iura,

328 1827 537 1861 obventiones
574 1832 605 1859 et
639 1826 858 1859 emolumenta
890 1826 1079 1859 eorumdem

329 1873 510 1925 percipere,
532 1879 661 1923 exigere
687 1885 718 1912 et
749 1880 875 1920 levare,
904 1878 1023 1923 illaque
1049 1879 1082 1911 in

330 1945 417 1975 suos,
429 1934 609 1967 secundum
622 1933 860 1966 ordinationem
877 1933 1014 1966 inferius
1025 1944 1083 1977 per

332 1999 390 2022 nos
408 1987 617 2032 descriptam,
639 1993 671 2020 et
698 1986 802 2020 dictae
830 1987 997 2031 cappellae
1023 1997 1083 2020 no-

333 2047 417 2075 strae
437 2040 588 2084 illiusque
608 2039 749 2073 fabricae
764 2045 795 2073 et
814 2033 977 2073 sacristiae
997 2051 1084 2081 iistis,

335 2094 506 2128 utilitatem
523 2099 556 2127 et
578 2093 784 2126 necessitates
803 2093 935 2126 omnino
956 2104 1087 2127 conver-

337 2154 417 2188 tere,
436 2145 619 2180 dioecesani
644 2147 706 2180 loci
726 2147 775 2180 vel
796 2147 935 2180 cuiusvis
956 2147 1087 2180 alterius

336 2201 466 2235 licentia
491 2201 631 2245 desuper
655 2201 788 2234 minime
820 2201 998 2244 requisita,
1029 2212 1087 2234 au-

338 2260 485 2293 ctoritate
503 2264 534 2293 et
553 2265 665 2294 tenore
685 2259 873 2304 praedictis,
900 2260 996 2293 etiam
1017 2270 1089 2304 pei·-

339 2323 437 2362 petuo
472 2318 621 2357 unimus,
644 2317 847 2350 annectimus
876 2323 907 2350 et
937 2317 1089 2362 incorpo-

340 2386 462 2416 ramus,
484 2386 521 2408 ac
541 2376 574 2408 in
594 2376 714 2409 eisdem
734 2376 936 2409 monasteriis
956 2376 1000 2409 sic
1022 2376 1090 2409 uni-

340 2432 392 2472 tis,
423 2443 603 2477 eorumque
633 2433 790 2475 ecclesiis,
821 2435 966 2475 annexis,
988 2422 1091 2468 niem-

342 2490 409 2522 bris
423 2496 453 2523 et
473 2491 627 2534 grangiis,
649 2491 820 2534 dignitates
839 2492 1030 2533 abbatiales,
1052 2492 1091 2524 il-

343 2547 515 2590 tat-nmque
539 2548 661 2589 titulos,
693 2549 825 2582 nomina
846 2555 875 2583 et
900 2550 1092 2583 denomina-

346 2602 458 2645 tiones,
480 2604 600 2638 eisdem
623 2606 814 2640 auctoritate
838 2612 869 2640 et
896 2613 1019 2648 tenore,
1050 2608 1093 2642 si-

886 220 1064 244 BttLLitnittit
1089 219 1240 243 nottitNttM

1101 270 1220 303 militer
1250 273 1408 314 perpetuo
1427 268 1660 313 supprimimus
1684 274 1712 302 et
1743 267 1846 302 extin-

1100 334 1241 361 guimus.
1960 358 1963 360 ,
1991 352 1994 357 ,

1265 377 1446 411 Statucntes
1466 381 1497 410 et
1515 375 1700 409 ordinantes
1711 381 1850 420 utprae-
1919 382 1937 404 ι’
1981 401 2015 435 ,ῃ

1103 376 1237 474 po{itiis
1253 436 1284 463 et
1315 430 1498 474 cappellani
1531 428 1687 473 piaedicti
1715 429 1849 472 singulis
1862 418 2009 473 3⁸52?

1103 483 1216 516 diibus
1245 483 1419 542 dominicis
1443 488 1474 542 et
1501 482 1620 515 sestiiis
1640 481 1751 515 missas
1769 493 1849 526 qua·
1863 477 1908 497 ‘¹³⁰¹

1103 563 1205 623 teinis
1227 589 1350 623 vicibus
1379 601 1435 623 seu
1459 562 1734 630 hebdomadatim,
1765 562 1853 622 iiixta

1105 643 1272 688 providam
1292 643 1538 688 dispositionem
1563 648 1594 675 et
1617 642 1852 676 ordinationem

1107 698 1246 741 desuper
1262 697 1302 730 ab
1325 698 1370 731 eis
1391 697 1589 738 faciendam,
1612 696 1797 737 celebrare;
1824 700 1853 729 et

1106 752 1280 796 quotannis
1294 751 1355 785 tria
1368 750 1585 784 anniversaria
1593 750 1698 784 officia
1709 755 1854 784 mortuo-

1107 816 1193 846 rum,
1222 816 1326 838 unum
1352 804 1502 838 videlicet
1519 815 1579 848 pro
1599 804 1677 837 dicti
1694 804 1741 837 Pii
1762 815 1855 848 prae-

1108 859 1297 899 decessoris,
1313 864 1341 891 et
1363 858 1451 892 aliud
1467 869 1526 902 pro
1543 862 1663 898 nostra,
1685 863 1855 901 postquam

1108 913 1191 946 viam
1211 912 1380 946 universae
1400 912 1506 946 carnis
1524 910 1660 954 ingressi
1685 911 1854 952 fuerimus,

1109 967 1272 1009 reliquum
1289 971 1395 999 autem
1407 976 1466 1010 pro
1487 970 1657 1009 parentum
1677 969 1708 998 et
1726 964 1859 1009 propin·

1109 1030 1250 1065 quorum
1263 1025 1448 1053 nostrorum
1460 1030 1497 1053 ac
1510 1018 1790 1063 infrascriptoriim
1803 1029 1858 1063 pa-

1110 1080 1281 1108 tronorum
1296 1074 1465 1107 animabus
1476 1086 1484 1115 ;
1502 1084 1585 1117 quae
1605 1078 1714 1106 tamen
1732 1084 1796 1107 non
1813 1073 1860 1107 in-

1112 1134 1160 1161 tra
1181 1127 1298 1161 dictam
1319 1128 1498 1171 cappellam
1518 1132 1674 1167 nostram,
1699 1128 1755 1160 sed
1774 1133 1862 1161 extra

1112 1191 1195 1222 eam,
1208 1181 1241 1214 in
1261 1181 1349 1214 illius
1363 1180 1532 1219 vestibulo,
1554 1180 1641 1224 quod
1661 1185 1709 1213 est
1727 1180 1760 1213 in
1779 1180 1863 1214 eius-

1113 1235 1186 1268 dem
1207 1234 1358 1268 basilicae
1377 1234 1449 1267 navi
1469 1234 1573 1267 eidem
1595 1234 1760 1278 cappellae
1788 1244 1863 1268 con-

1114 1289 1213 1332 tigua,
1240 1294 1447 1332 peragantur,
1478 1299 1532 1328 ne,
1563 1288 1619 1320 ubi
1646 1287 1730 1321 vitae
1749 1293 1864 1321 auctor

1114 1348 1145 1376 et
1172 1342 1287 1376 mortis
1313 1341 1417 1375 victor
1441 1353 1478 1375 ac
1504 1341 1723 1385 triumphator
1742 1346 1789 1374 cst
1813 1351 1864 1374 or-

1114 1403 1177 1437 tus,
1205 1396 1249 1429 ibi
1279 1402 1383 1429 castra
1407 1396 1539 1436 doloris,
1575 1394 1768 1439 cenotaphia
1793 1395 1864 1439 pal-

1115 1452 1180 1492 lea,
1204 1450 1366 1484 feretralia
1390 1455 1420 1483 et
1445 1449 1507 1483 alia
1536 1455 1742 1482 mortuorum
1761 1459 1798 1482 ac
1817 1449 1866 1482 fu-

1116 1504 1277 1538 neralium
1297 1503 1479 1537 officiorum
1500 1502 1639 1546 insignia
1660 1502 1865 1547 conspician-

1116 1566 1181 1593 tur.

1163 1614 1178 1657 ἓ
1200 1612 1254 1646 13.
1277 1611 1415 1645 Saciista
1443 1621 1518 1644 iero
1543 1621 1654 1644 curam
1677 1610 1866 1645 celebiatio-
1882 1613 1999 1666 Ιθξξξζῑὲ
2029 1623 2033 1629 ·

1119 1667 1170 1700 nis
1188 1665 1494 1704 anniveisaiioium‚
1506 1665 1687 1698 officiorum
1706 1670 1737 1698 et
1753 1665 1866 1698 missa·
1881 1675 1977 1697 liciorum
1989 1684 1997 1691 .=

1119 1732 1192 1754 iuni
1223 1719 1426 1759 huiusmodi,
1458 1729 1586 1752 necnon
1607 1719 1787 1752 custodiam
1816 1729 1866 1752 sa·
1879 1706 2017 1758 Γξὲιιῆῗεξ

1121 1785 1195 1809 crae
1228 1772 1439 1817 supellectilis
1468 1783 1505 1805 ac
1534 1778 1800 1805 ornamentorum
1839 1771 2007 1821 et¹¹¹2¹¹¹¹m¹

1123 1832 1387 1872 paianientoium
1416 1826 1456 1859 ad
1485 1826 1590 1859 dictae
1620 1826 1784 1870 cappellae
1815 1835 1871 1858 no·

1123 1888 1206 1915 strae
1237 1892 1334 1914 usum
1367 1890 1425 1924 pro
1450 1886 1596 1924 tempore
1624 1879 1870 1923 pertinentium,

1123 1936 1154 1968 h
1148 1935 1252 1968 abeat.

1147 1989 1184 2048 'g
1207 1987 1260 2020 ili.
1288 1987 1356 2023 Alii
1376 1992 1482 2020 autem
1502 1986 1687 2039 beneficiati
1715 1985 1872 2031 praedicti
1887 1981 1987 2044 ‘lum‘
2000 2023 2001 2034 γ

1128 2149 1295 2188 inseiiire,
1319 2158 1356 2181 ac
1356 2116 1443 2180 alia
1462 2147 1618 2190 obsequia
1639 2153 1670 2180 et
1693 2157 1792 2180 onera
1815 2141 2008 2179 sibi⁶¹¹¹¹¹1²⁰¹²'-

1129 2213 1188 2246 pro
1209 2207 1354 2245 tempore
1381 2200 1530 2245 imposita
1556 2206 1720 2244 praestare
1740 2201 1878 2234 debeant

1130 2261 1159 2289 et
1180 2260 1360 2288 teneantur.
1383 2255 1426 2287 Ac
1443 2264 1555 2287 omnes
1573 2253 1669 2286 simul
1689 2264 1789 2286 unum
1810 2254 1878 2287 col-

1130 2309 1248 2351 legium
1280 2308 1363 2341 inter
1390 2318 1435 2348 se,
1459 2318 1533 2340 cuni
1553 2318 1640 2348 arca,
1662 2318 1766 2340 massa
1785 2312 1816 2340 et
1835 2307 1878 2340 si-

1130 2362 1207 2405 gilio
1236 2360 1464 2394 communibus
1493 2360 1629 2403 aliisque
1657 2359 1880 2404 collegialibus
1903 2374 1911 2377 -

1132 2410 1398 2454 iiisigniliiis„ad
1426 2410 1529 2442 instar
1558 2409 1695 2442 aliorum
1725 2408 1879 2442 similium

1132 2459 1357 2503 collegioium‚
1379 2464 1444 2491 tam
1465 2458 1498 2490 in
1514 2457 1677 2501 praedicta
1699 2467 1819 2501 quani
1811 2455 1879 2489 aliis

1133 2507 1301 2563 quibiisiis
1321 2507 1425 2540 dictae
1444 2506 1537 2555 Llibis
1558 2505 1697 2539 basilicis
1721 2512 1753 2539 et
1776 2505 1879 2538 cccle-

1133 2557 1188 2591 siis
1208 2557 1444 2594 institiitoiQiim
1454 2551 1673 2588 constituant.

1178 2607 1200 2651 g
1217 2606 1269 2640 15.
1292 2606 1425 2639 Necnon
1457 2604 1550 2637 annis
1578 2602 1710 2646 singulis
1730 2612 1768 2635 ex
1786 2600 1880 2636 dictis
1913 2637 1918 2642 ,
