2059 3228
302 242 388 278 1076

645 389 959 472 INDEX.
1024 385 1493 494 INlTIALlS

667 1217 693 1251 A

308 1326 355 1359 Ab
372 1325 440 1369 ipso
456 1323 668 1368 pontificatus,
680 1331 752 1366 paq.
770 1320 844 1355 105.

308 1379 355 1411 Ab
372 1378 439 1422 ipso
456 1377 595 1420 primum
611 1376 672 1416 die,
690 1374 762 1408 0256.

307 1431 511 1464 Abundanles
526 1430 660 1470 divinae,
677 1428 772 1461 1019.

309 1483 355 1516 Ad
371 1482 558 1526 apostolicae
574 1480 748 1524 digniiatis,
765 1478 838 1512 530.

309 1536 355 1569 Ad
371 1537 493 1568 clavum
509 1533 706 1578 apostolicae,
720 1531 793 1566 693.

309 1589 355 1622 Ad
372 1588 631 1632 compescendam
647 1597 770 1627 eorum,
786 1584 860 1618 223.

309 1642 355 1674 Ad
372 1641 630 1685 compescendam
649 1644 812 1683 quantum,
830 1636 903 1670 789.

307 1695 354 1727 Ad
370 1696 525 1728 excelsum
540 1693 736 1733 universalis,
753 1691 827 1724 776.

308 1749 354 1781 Ad
371 1748 590 1791 exequendum
607 1746 717 1787 nostri,
735 1744 808 1778 888.

310 1801 357 1834 Ad
375 1801 434 1834 hoc
451 1811 509 1833 nos
524 1801 614 1841 Deus,
631 1799 705 1832 ⁶247.

308 1854 354 1886 Ad
370 1853 504 1886 Romani
520 1851 682 1886 Pontificis
698 1850 929 1889 auctoritatem,
945 1847 997 1881 45.

309 1906 356 1939 Ad
371 1905 505 1938 Romani
521 1905 610 1938 Pom.
628 1903 870 1948 providentiam,
887 1901 938 1935 82.

308 1959 354 1992 Ad
370 1958 502 1991 Romani
519 1958 607 1990 Pom.
625 1961 755 2000 spectat,
770 1955 845 1989 336.

309 2012 355 2046 Ad
371 2012 549 2045 Romanum
566 2015 695 2053 spectat,
719 2008 794 2043 955.

308 2066 354 2098 Ad
371 2065 554 2105 tollendum,
576 2062 652 2097 400.

308 2119 445 2162 AEquum
462 2116 666 2156 arbitramur,
682 2110 757 2148 765.

308 2173 445 2216 AEquum
462 2177 493 2204 et
509 2170 636 2210 rationi,
653 2168 727 2202 568.

308 2226 445 2268 AEquum
462 2229 646 2268 reputamus
661 2228 723 2257 et...
740 2232 928 2265 congruum,
945 2221 1019 2255 515.

309 2279 445 2321 AEquum
462 2277 688 2320 reputavimus,
705 2275 779 2309 574.

309 2331 445 2374 AEquum
463 2335 655 2373 reputamus,
675 2329 704 2363 7.

307 2384 447 2417 Afflictae
464 2388 493 2415 et
511 2383 690 2423 crudeliter,
708 2381 782 2415 740.

308 2437 390 2470 Alias
406 2440 593 2469 emanarunt
611 2443 629 2467 a
645 2434 738 2467 nohis
752 2434 885 2476 litterae,
902 2433 975 2468 194.

308 2490 391 2523 Alias
407 2501 424 2521 a
441 2490 488 2522 sel.
506 2500 568 2521 rec.
585 2487 746 2531 Gregorio,
764 2487 837 2521 634.

308 2543 390 2576 Alias
406 2542 453 2573 sel.
472 2553 532 2575 rec.
549 2541 729 2584 Gregorius,
747 2540 820 2574 894.

307 2596 390 2629 Alias
406 2606 462 2638 per
478 2596 516 2629 sel
543 2607 604 2630 rec,
622 2596 722 2638 Pium,
740 2595 812 2630 348.

1094 1211 1176 1244 Αὶίῑιε
1192 1212 1264 1256 piae
1280 1211 1460 1254 memoriae,
1476 1211 1550 1246 371.

1093 1265 1215 1297 Almam
1232 1264 1360 1306 Urbem,
1373 1263 1448 1299 332.

1093 1319 1184 1351 Anno
1199 1319 1372 1361 superiore,
1388 1318 1462 1352 939.

1094 1371 1231 1414 Antiqua
1248 1371 1444 1413 Iudaeorum,
1462 1370 1535 1405 378.

1094 1424 1264 1467 Apostoliei
1280 1425 1423 1458 muneris
1439 1423 1624 1465 sollicitudo,
1641 1422 1715 1456 C250.

1094 1479 1199 1522 Apost.
1217 1479 1360 1512 muneris
1375 1478 1560 1530 sollicitudo,
1577 1477 1694 1518 diviua,
1711 1474 1776 1509 034

1094 1531 1288 1574 Apostolieae
1304 1531 1402 1573 Sedis,
1419 1531 1492 1565 391.

1093 1584 1289 1618 Ascendente
1303 1584 1446 1626 Domino,
1462 1583 1536 1618 457.

1455 1690 1479 1723 Β
1532 1690 1535 1691 ⁷

1093 1797 1280 1832 Benedictus
1294 1799 1447 1832 Dominus
1462 1799 1554 1840 Deus,
1570 1798 1644 1832 307.

1459 1904 1481 1938 C

1092 2012 1240 2045 Gamerae
1255 2016 1381 2044 nostrae
1398 2010 1597 2054 apostolieae,
1616 2009 1689 2044 703.

1093 2065 1280 2099 Cathedram
1297 2063 1474 2105 militantis,
1490 2063 1564 2096 771.

1092 2117 1266 2152 Cristianae
1282 2117 1459 2158 nobiseum,
1476 2116 1550 2150 373.

1092 2170 1271 2204 Christiana
1293 2169 1403 2214 pietas,
1419 2169 1492 2203 786.

1093 2223 1263 2258 Christiani
1279 2223 1398 2267 populi,
1415 2222 1468 2256 16.

1093 2277 1181 2311 Circa
1196 2276 1361 2320 pastoralis
1377 2275 1482 2316 officii,
1508 2275 1580 2309 701.

1092 2330 1181 2364 Circa
1197 2329 1428 2372 religiosarum,
1444 2328 1518 2361 245.

1092 2383 1326 2425 Circumspeeta
1341 2381 1374 2414 in
1390 2381 1548 2422 omnibus,
1573 2380 1646 2414 360.

1091 2435 1324 2479 Circumspecta
1339 2433 1474 2467 Romani
1491 2434 1590 2474 Pom„
1607 2432 1680 2467 900.

1092 2487 1237 2522 Coelestis
1252 2488 1354 2527 Pater,
1372 2485 1445 2519 7⁶24.

1092 2541 1237 2576 Coelestis
1253 2540 1364 2582 Pan-is,
1381 2540 1455 2574 563.

1067 2607 1072 2634 1
1093 2594 1173 2629 Caeli
1190 2600 1218 2628 et
1237 2598 1349 2635 terrae,
1367 2593 1440 2626 646.
