2059 3228
112 224 165 252 An.
183 224 292 254 C.1587

122 1519 237 1541 lloueessio
249 1518 277 1539 ‹ti-

95 1554 122 1569 (Ψ
167 1550 277 1577 regiminis

110 1588 140 1601 um
156 1583 198 1601 suis
223 1587 279 1602 one-

95 1612 161 1634 ribus.
188 1613 278 1633 bonori-

96 1642 134 1662 laus
151 1646 171 1663 et
196 1643 279 1663 emolu-

96 1675 181 1699 mentis,
207 1675 278 1695 colle—

96 1712 129 1729 gii:
161 1706 278 1725 advocato-

96 1743 140 1756 rum
151 1739 277 1758 consistori-

95 1768 165 1787 alium,

359 217 420 250 808

310 279 430 311 dictum
461 288 497 311 ae
527 278 653 321 quosvis
692 278 771 309 alios
796 278 1062 321 praedecessores

309 338 434 365 nostros
454 332 546 363 dietis
575 337 605 363 et.
625 331 695 363 aliis
719 331 885 374 quibusvis
914 333 1060 376 personis

308 385 463 418 hacteuus
481 384 589 425 saetas,
619 385 803 427 praij=iuissis
823 391 853 418 et.
877 387 972 419 certis
989 387 1059 419 aliis

306 438 552 471 rationabilibus
565 438 669 471 causis
681 439 821 480 adducti,
836 440 950 473 barum
966 440 1057 481 serie,

305 491 488 534 specialiter
507 497 535 523 et
551 502 697 535 expresse
711 498 908 534 revocantes,
929 504 1056 526 cassan-

304 549 360 584 tes,
374 543 535 578 irritantes
547 550 574 577 et
588 546 803 585 annullantes,
817 547 951 590 illasque
968 558 1057 590 pror-

303 608 356 630 sus
377 603 409 630 et
429 598 561 631 omnino
595 605 770 640 revocatas,
802 612 918 640 cassas,
950 601 1056 634 irritas

303 658 333 684 et
357 652 539 685 annullatas
559 663 627 686 esse
648 659 675 687 et
698 655 822 687 censeri
855 655 972 687 debere
998 656 1054 688 de-

302 705 473 746 clarantes,
487 706 681 750 easdemque
695 718 848 751 personas
859 719 876 740 a
890 709 1054 752 praedicto

302 758 409 792 officio
435 759 562 802 penitus
582 766 776 801 amoventes,
791 772 827 794 ac
845 762 973 795 utilitati
992 773 1052 806 pu-

300 810 403 844 blicae
438 813 638 857 prospicere,
674 814 846 859 ipsumque
878 816 1050 858 collegium

299 875 336 897 ac
362 865 449 899 illius
469 867 649 910 singulares
667 879 820 911 personas
844 880 861 902 a
886 869 1052 913 quibusvis

299 920 665 961 excommunicationis,
695 922 916 966 suspensionis
950 929 980 956 et
1005 924 1052 956 in-

298 972 422 1005 terdicti
450 974 585 1017 aliisque
614 976 839 1009 ecelesiasticis
871 977 1048 1018 sententiis,

298 1026 443 1059 censuris
463 1032 494 1060 et
513 1028 637 1071 poenis,
656 1039 673 1061 a
693 1029 762 1062 iure
780 1030 828 1062 vel
845 1031 884 1063 ab
903 1031 1047 1071 bomine,

295 1079 406 1121 quavis
427 1081 596 1114 occasione
607 1083 653 1115 vel
671 1093 765 1115 eausa
786 1083 869 1123 latis,
887 1084 911 1116 si
932 1085 1050 1128 quibus

295 1133 538 1174 quomodolibet
558 1134 701 1168 innodati
722 1135 873 1177 existunt,
896 1137 934 1170 ad
951 1138 1048 1170 effec-

295 1191 363 1218 tum
376 1187 593 1229 praesentium
608 1188 773 1222 dumtaxat
784 1191 1047 1233 consequendum

295 1238 409 1272 barum
431 1240 513 1273 serie
529 1241 728 1275 absolventes
749 1248 780 1275 et
800 1243 964 1277 absolutos
980 1245 1048 1278 sore

294 1299 472 1335 censentes,
485 1306 521 1328 ac
542 1295 700 1328 dictarum
717 1296 898 1330 litterarum
920 1303 1048 1331 tenores

293 1347 518 1389 praesentibus
533 1359 591 1393 pro
606 1350 804 1384 sufficienter
820 1351 975 1396 expressis
992 1352 1048 1385 ha-

294 1400 418 1434 bentes:

337 1455 352 1497 g
373 1455 404 1487 ἱ),
424 1456 510 1489 Motu
523 1457 667 1500 proprio,
687 1468 751 1491 non
767 1458 806 1491 ad
825 1459 952 1502 collegii
968 1470 1047 1503 pra?-

905 225 1084 250 BI'LLARH'M
1104 226 1255 250 ROMANUM

1106 279 1175 315 bus,
1200 278 1412 319 libertatibus,
1429 278 1686 315 immunitatibus
1701 287 1728 315 et
1745 292 1849 315 exem-

1104 332 1282 375 ptionibus,
1302 333 1474 376 privilegiis
1490 339 1520 366 et
1536 335 1679 377 indultis,
1697 337 1798 370 solitis
1812 347 1848 369 ac

1103 386 1276 425 consuetis,
1287 391 1316 418 et
1327 386 1491 430 quibusvis
1507 387 1577 420 aliis
1588 389 1847 422 concessionibus

1101 444 1130 471 et
1149 439 1260 481 gratiis
1274 466 1281 479 ,
1303 440 1420 483 quibus
1441 446 1504 473 tam
1530 441 1664 474 ultimus
1682 453 1779 486 quam
1793 444 1847 476 alii

1101 498 1241 525 rectores
1262 492 1338 525 dieti
1357 493 1525 537 gymnasii,
1538 494 1649 537 quavis
1667 495 1788 529 ratione
1798 496 1847 529 vel

1099 556 1205 586 causa,
1218 546 1278 585 usi,
1300 547 1396 589 gavisi
1415 553 1445 580 et
1461 547 1552 591 potiti
1573 548 1714 588 suerunt,
1731 559 1767 582 ac
1786 548 1846 590 uti,

1097 600 1237 642 gaudere
1259 605 1289 633 et
1313 600 1408 643 potiri
1429 606 1617 645 potuerunt,
1635 601 1771 645 collegio
1790 602 1847 635 ad-

1097 658 1283 685 voratorum
1313 653 1512 695 huiusmodi,
1549 654 1590 687 ita
1629 655 1714 698 quod
1753 655 1848 688 liceat

1097 705 1173 749 ipsis
1193 706 1342 750 collegio,
1367 718 1423 750 per
1447 718 1479 740 se
1503 708 1551 740 vel
1572 707 1669 740 alium
1692 719 1747 741 seu
1768 708 1847 742 alios

1096 770 1207 792 eorum
1234 765 1264 792 et
1288 760 1415 803 collegii
1437 761 1622 794 huiusmodi
1650 761 1845 802 nominihus,

1095 814 1310 857 corporalem,
1342 815 1459 847 realem
1486 820 1512 847 et
1535 815 1694 848 actualem
1724 825 1846 859 posses-

1095 867 1217 900 sionem
1239 867 1315 901 dicti
1333 868 1431 901 officii
1452 869 1697 912 apprehendere
1717 879 1754 902 ac
1774 880 1846 913 per-

1096 925 1194 963 petuo
1220 921 1377 961 retinere,
1409 921 1559 965 illiusque
1590 922 1732 963 fruetus,
1758 921 1844 956 redi-

1093 978 1154 1014 tus,
1175 980 1360 1017 proventus,
1378 975 1461 1014 iura,
1480 975 1688 1008 obventiones
1707 980 1738 1008 et
1755 986 1844 1009 emo-

1094 1028 1236 1060 lumenta
1257 1028 1437 1072 percipere,
1467 1029 1592 1072 exigere
1614 1035 1644 1061 et
1673 1029 1791 1070 levare,
1813 1035 1845 1063 et

1093 1081 1125 1113 in
1151 1092 1225 1114 suos
1258 1093 1294 1115 ac
1327 1082 1453 1124 collegii
1488 1088 1516 1115 et
1536 1082 1633 1115 officii
1655 1082 1841 1116 huiusmodi

1092 1146 1169 1167 usus
1194 1141 1221 1168 et
1244 1135 1412 1169 utilitatem
1444 1141 1642 1170 convertere.
1669 1136 1842 1180 Ipsumque

1090 1187 1233 1220 osticium
1256 1199 1358 1232 perse
1379 1194 1406 1221 et
1430 1189 1607 1232 quemlibet
1626 1199 1739 1222 eorum
1756 1200 1843 1224 exer-

1091 1252 1175 1281 cere,
1189 1252 1299 1284 regere
1312 1247 1340 1274 et
1357 1242 1550 1284 gubernare,
1566 1253 1602 1275 ac
1614 1242 1723 1275 onmia
1733 1249 1762 1276 et
1778 1243 1843 1276 sin-

1089 1295 1163 1337 gula
1182 1306 1265 1338 quae
1281 1295 1318 1328 ad
1337 1295 1523 1329 huiusmodi
1541 1296 1683 1329 officium
1707 1296 1841 1341 eiusque

1090 1348 1226 1381 liberum
1248 1349 1435 1383 exercitium
1449 1355 1592 1393 spectant
1621 1355 1649 1383 et
1663 1350 1838 1394 pertinent,

1089 1413 1201 1443 gerere
1222 1407 1252 1435 et
1272 1404 1388 1443 facere,
1402 1403 1540 1437 cuiusvis
1554 1403 1682 1437 lieentia
1702 1404 1842 1448 desuper

1089 1455 1222 1489 minime
1247 1456 1411 1500 requisita,
1443 1457 1632 1490 auctoritate
1652 1458 1839 1501 apostolica,

292 1508 453 1542 dictorum
479 1510 526 1542 vel
547 1510 686 1544 aliorum
707 1523 766 1555 pro
781 1511 859 1556 ipsis
878 1513 971 1546 nobis
990 1525 1045 1546 su-
1066 1522 1069 1536 ¹
1089 1515 1200 1543 lssssffl'ss
1234 1511 1463 1554 pl'HOSssUliUffl,
1500 1516 1659 1554 ΡΟΓΡΒῙΠΟ
1695 1512 1838 1552 ΠΗῘΠἸΠὸ,

294 1572 351 1605 per
371 1562 432 1595 libe
453 1563 579 1596 oblatae
604 1564 1045 1608 petitionisinstantiam,sed

293 1615 331 1648 de
357 1622 466 1649 nostra
492 1627 580 1650 mera
612 1618 804 1652 liberalitate
836 1625 865 1652 et
897 1631 932 1653 ex
960 1627 1046 1654 certa

1089 1564 1292 1597 annectimus
1313 1570 1343 1598 et
1363 1565 1624 1608 incorporamus,
1647 1570 1704 1598 etc.

1133 1618 1146 1660 ,ξ
1167 1617 1197 1650 3.
1217 1619 1260 1651 Ae
1274 1625 1308 1651 ut.
1324 1619 1496 1662 collegium
1513 1624 1544 1652 et
1556 1618 1700 1652 advocati
1724 1619 1839 1652 huius-

293 1669 425 1703 seientia
446 1676 567 1711 nostra,
591 1672 694 1715 deque
724 1674 920 1717 apostolicae
956 1680 1045 1718 pote·
1091 1671 1187 1711 modi,
1212 1672 1267 1715 qui
1292 1665 1470 1705 maioribus
1489 1671 1758 1716 occupationibus
1782 1673 1838 1706 de-

292 1723 380 1756 statis
401 1724 613 1767 plenitudine,
632 1725 775 1759 officium
793 1732 970 1761 rectoratus
990 1740 1045 1773 gy-

292 1776 405 1809 mnasii
431 1777 525 1810 Urbis
546 1778 745 1819 luiiiismodi,
767 1791 826 1823 per
844 1781 930 1825 ipsos
946 1783 1045 1816 colle-

292 1829 380 1872 gium
404 1831 580 1873 regendum
607 1837 635 1864 et
666 1833 927 1875 gubernandum,
961 1835 1047 1868 iuxta

293 1883 458 1926 providam
481 1885 725 1928 dispositionem
747 1892 776 1919 et
807 1888 1045 1922 ordinationem

293 1942 351 1974 per
371 1943 424 1965 eos
445 1934 493 1965 vel
528 1944 641 1966 eorum
670 1934 825 1968 maiorem
853 1943 977 1979 partem
1000 1939 1045 1970 l‘a-

293 1985 453 2026 ciendam,
477 1992 506 2019 et
527 1987 631 2025 toties,
650 1988 776 2032 quoties
800 1989 846 2022 eis
863 1991 909 2022 vel
932 2001 1044 2024 eorum

294 2038 406 2071 maiori
434 2042 514 2083 parti
545 2042 695 2084 expedire
715 2042 887 2081 videbitur,
916 2051 1043 2077 mutan-

294 2092 379 2131 dam,
396 2104 468 2125 eum
491 2094 641 2128 omnibus
651 2101 681 2128 et
701 2095 836 2138 singulis
853 2097 939 2130 illius
960 2098 1045 2131 frue-

295 2145 390 2181 tibus,
429 2146 605 2187 reditibus,
638 2149 864 2192 proventibus,
901 2151 1043 2192 iuribuS,

295 2199 539 2233 obventionibus
573 2207 600 2234 et
632 2203 861 2236 emolumentis
889 2204 1046 2237 universis

295 2257 323 2283 et
358 2253 628 2297 quibuscunupie,
658 2261 721 2288 tam
752 2257 923 2290 ordinariis
949 2268 1044 2300 quam

296 2307 569 2349 ox:mordinariis,
593 2314 621 2341 et
641 2320 723 2352 quae
738 2310 803 2351 alii,
819 2311 943 2355 quipro
965 2317 1045 2344 tem-

296 2368 373 2400 pure
395 2359 523 2393 sum-unt
535 2368 675 2395 rectores
696 2362 770 2396 dicti
791 2364 946 2407 gymnasii
964 2375 1045 2408 quo·

297 2406 339 2437 vi>
359 2409 452 2440 medo
465 2409 644 2443 babuerunt
657 2422 711 2444 seu
726 2412 844 2445 babere
859 2420 1044 2456 potuerunt,

296 2467 330 2488 a«-
352 2458 515 2500 quibusvis
536 2460 640 2492 causis
660 2467 689 2493 et
710 2461 899 2503 rationibus,
918 2473 1044 2495 necnon

297 2518 368 2538 ruui
391 2508 553 2551 quibusvis
573 2509 762 2548 bonoribus,
778 2511 942 2551 oneribus,
956 2523 1045 2555 prae-

297 2555 493 2595 eruineutiis,
512 2555 774 2598 antelatiombus,
798 2560 1042 2603 praerogativis,

1087 1724 1241 1765 tinentur,
1263 1724 1394 1757 maioris
1427 1725 1523 1758 etiam
1558 1725 1721 1769 dignitatis
1746 1726 1838 1759 titulo

1088 1778 1292 1819 decorentur,
1313 1778 1465 1812 omnibus
1484 1784 1515 1812 et
1538 1779 1671 1822 singulis
1691 1779 1838 1823 praedic-

1088 1837 1138 1864 tae
1158 1832 1250 1864 aulae
1271 1831 1502 1865 consistorialis
1521 1832 1693 1873 advocatis,
1727 1837 1760 1865 ut
1778 1833 1838 1876 ipsi

1087 1885 1255 1919 universos
1268 1890 1299 1919 et
1318 1896 1542 1930 quoscumque
1562 1887 1744 1928 advocatOS,
1767 1897 1840 1931 pro-

1088 1945 1267 1979 curatores,
1303 1940 1462 1981 doctores,
1500 1940 1595 1973 etiam
1625 1940 1836 1984 antiquioreS,

1088 1998 1115 2026 et
1142 2004 1365 2038 quoscumque
1402 1994 1492 2035 alios,
1530 2000 1593 2027 tam
1629 1995 1660 2028 in
1695 1995 1837 2029 Romana

1088 2046 1180 2079 Curia
1201 2058 1298 2090 quam
1319 2052 1407 2080 extra
1435 2058 1517 2088 eam,
1541 2048 1745 2092 praecedant.

1132 2102 1145 2143 ,ξ
1170 2100 1201 2133 li.
1225 2096 1404 2145 Omniaque
1431 2106 1462 2134 et
1481 2111 1706 2145 quaecumque
1736 2102 1836 2145 privi-

1088 2153 1170 2195 legia
1203 2153 1324 2186 eisdem
1358 2153 1494 2197 collegio
1522 2159 1551 2186 et
1587 2155 1747 2188 advocatis
1778 2166 1836 2199 per

1088 2217 1311 2250 quoscumque
1331 2207 1493 2240 Romanos
1508 2208 1678 2241 Pontifices
1702 2209 1835 2252 praede—

1089 2268 1230 2292 cessores
1259 2264 1395 2301 nostros,
1428 2267 1456 2293 et
1487 2261 1661 2305 praecipue
1686 2272 1744 2306 per
1763 2262 1834 2305 piae

1089 2313 1263 2346 memoriae
1279 2313 1396 2346 lulium
1417 2314 1534 2358 Papam
1564 2315 1710 2356 tertium,
1738 2316 1834 2348 etiam

1088 2367 1370 2409 praedeeessorem
1387 2373 1546 2408 nostrum,
1569 2379 1667 2412 super
1686 2369 1836 2405 facultate

1088 2416 1235 2449 doctores
1260 2416 1402 2458 creandi,
1430 2416 1525 2450 etiam
1546 2417 1699 2460 privative
1728 2418 1833 2461 quoad

1088 2464 1177 2496 alios:
1200 2475 1282 2507 quae
1300 2465 1466 2508 privilegia
1488 2471 1518 2499 et
1542 2466 1663 2499 litteras
1684 2467 1834 2510 apostoli-

1088 2524 1141 2546 cas
1168 2513 1308 2556 desuper
1336 2515 1508 2555 consectas,
1538 2526 1649 2548 eorum
1683 2521 1831 2548 tenorum

1088 2562 1310 2606 praesentibus
1324 2563 1417 2595 etiam
1431 2574 1488 2607 pro
1500 2564 1657 2608 expressis
1669 2564 1832 2603 babentes,

297 2602 584 2646 iui·is‹li‹·tionibus,
608 2608 865 2649 auetoritatibus,
886 2610 1043 2642 facultati·
1088 2611 1275 2644 :metoritate
1297 2617 1324 2645 et
1337 2616 1448 2645 tenore
1459 2612 1641 2656 praedictis,
1659 2612 1830 2645 confirma-

1879 1629 1990 1653 Praeceao
1996 1623 2006 1656 <J
2011 1625 2026 1654 ’-

1854 1665 1903 1682 ante
1932 1661 1987 1684 atius
2006 1682 2009 1684 ,

1853 1696 1942 1714 vocatos
1957 1696 1979 1714 et

1853 1787 1900 1808 dem
1915 1787 1982 1809 datur.
1999 1778 2011 1800 *r

1906 2106 2021 2129 Baeton-nit

1850 2136 1938 2159 facultas
1959 2140 1980 2161 02

1850 2169 1877 2189 tia
1887 2175 1977 2196 quaeeu·
1989 2171 2005 2193 :J
2021 2178 2023 2187 2

1851 2200 1961 2227 privilegiu
1977 2205 1989 2223 e

1850 2231 1967 2253 firmantur.

1991 2457 2009 2520 ’κ’*ὐ
1988 2341 2010 2451 v-‹a-{tw-i‘
1987 2256 2011 2331 4:4⁴8-
