2059 3228
154 225 202 255 An.
219 228 248 258 C.
269 226 335 257 t52‘ss

142 550 203 572 Nulli
210 551 277 575 igitur
287 554 332 569 earn

153 581 244 605 desuper
270 580 333 600 uiole-

151 611 216 630 nect.

193 1450 334 1471 meoniorum

149 1485 171 1502 et
200 1483 333 1502 dctensorum

148 1512 263 1534 Socielalis
300 1512 335 1533 de-

149 1546 238 1569 pllldllo-

396 214 460 252 144
940 219 1118 250 numanum

352 282 473 315 tionum
495 290 548 313 seu
570 288 702 323 precum
715 282 768 312 aut
779 278 1021 322 processionum
1033 279 1093 310 hu-

350 334 501 370 iusmodi,
540 332 716 375 apostolica
748 331 948 372 auctoritate,
982 338 1092 364 tenore

349 386 578 431 praesentium,
594 390 751 429 perpetuo
766 385 924 418 eximinus
935 390 965 418 et
980 385 1094 417 libera-

349 450 430 472 mus.

392 493 406 535 g
426 491 457 523 4.
472 490 650 524 instrictius
662 491 844 524 inhibentes
867 491 1031 535 quibusvis
1047 491 1093 523 10²

347 552 461 577 corum
470 543 650 585 ordinariis,
660 544 755 577 etiam
766 543 970 588 patriarchali
981 544 1030 576 vel
1043 554 1093 576 ar-

348 596 575 640 chiepiscopali
593 596 758 640 dignitate,
776 608 812 630 ae
832 597 926 630 etiam
947 597 1092 630 cardina-

347 650 429 683 latus
452 655 482 683 et
509 649 677 693 legationis
703 650 794 683 Sedis
822 650 1021 693 Apostolicae
1035 650 1093 684 ho-

346 713 425 736 nore
455 701 752 747 praefulgentibus,
777 709 807 737 et
826 704 896 736 aliis
923 704 1089 746 personis,

345 767 551 800 quacumque
584 756 774 790 auctoritate
807 756 1003 799 fulgentibus
1015 783 1022 797 ,
1051 768 1090 803 ne

346 809 518 843 modernos
539 815 569 843 et
585 819 644 853 pro
655 816 800 853 tempore
812 809 981 842 existentes
996 821 1090 854 prae-

345 861 485 905 positum
497 867 529 896 et
544 862 622 895 alios
650 863 851 907 presbyteros
871 868 902 895 et
924 863 1091 906 religiosos

346 915 511 949 Societatis
542 915 729 949 huiusmodi
761 916 801 948 ad
829 916 1090 959 processionibus

344 968 496 1011 praefatis
507 968 773 1009 interessendum,
787 969 897 1012 quavis
910 970 1089 1010 occasione,

344 1031 441 1054 causa
474 1032 529 1054 seu
549 1021 660 1065 quovis
688 1026 870 1065 praetextu,
893 1022 1023 1065 ingenio
1042 1024 1090 1057 vel

344 1074 464 1113 colore,
482 1074 604 1108 directe
623 1075 672 1108 vel
692 1074 861 1114 indirecte,
884 1075 1022 1108 mediate
1042 1077 1089 1109 vel

343 1126 540 1168 immediate,
552 1138 677 1171 cogere,
694 1133 748 1161 aut
769 1138 823 1161 eos
842 1128 981 1172 desuper
996 1139 1089 1172 prae-

343 1179 449 1212 missis
469 1181 652 1221 molestare,
674 1181 864 1225 perturbare
893 1182 940 1214 vel
964 1181 1091 1225 inquie-

344 1238 424 1274 tare,
455 1242 511 1266 seu
541 1234 717 1275 molestari,
752 1234 933 1278 perturbari
962 1241 1016 1267 aut
1041 1235 1090 1268 in-

345 1285 482 1329 quietari
511 1285 615 1320 facere
645 1287 784 1320 audeant
806 1288 854 1320 vel
884 1294 1089 1331 praesumant

344 1348 401 1372 seu
420 1339 618 1383 permittant.

389 1392 404 1434 ἓ
428 1391 460 1426 5.
490 1393 647 1432 Quocirca
673 1393 910 1426 venerabilibus
938 1394 1111 1428 fratribus:

346 1444 548 1488 patriarchis,
566 1446 816 1490 archiepiscopis
830 1452 861 1480 et
880 1447 1038 1491 episcopis
1054 1459 1091 1481 ac

346 1497 472 1531 dilectis
490 1498 565 1531 filiis
585 1509 698 1532 eorum
717 1500 843 1533 vicariis
864 1500 896 1533 in
913 1500 1090 1544 spirituali-

346 1551 406 1584 bus
421 1556 476 1584 aut
491 1552 681 1586 officialibus
700 1553 916 1596 generalibus,
929 1560 959 1587 et
978 1555 1091 1589 Curiae
1111 1592 1112 1595 Ἴ

347 1615 516 1637 causarum
542 1605 694 1639 Gamerae
722 1607 922 1650 Apostolicae
950 1609 1091 1650 generali

345 1657 496 1698 auditori,
507 1669 633 1692 necnon
646 1659 824 1700 abbatibus,
837 1660 997 1704 prioribus
1009 1673 1092 1705 pra}-

345 1710 468 1754 positis‚
493 1712 634 1753 decanis,
657 1712 906 1754 archidiaconis,
930 1715 1093 1748 canonicis

347 1769 374 1795 et
397 1763 547 1807 capitulis
566 1775 603 1797 ac
618 1765 699 1805 aliis,
712 1765 751 1798 ad
770 1776 850 1809 quos
870 1766 901 1799 id
914 1768 1093 1809 (piemodo-

348 1816 425 1849 libet
435 1822 554 1860 spectat
569 1822 599 1850 et
614 1818 780 1861 spectabit,
792 1829 850 1862 per
861 1820 988 1852 easdem
1004 1831 1094 1863 prae-

347 1876 453 1902 sentes
473 1870 663 1903 mandamus
682 1876 841 1913 quatenus
866 1872 925 1915 ipsi
951 1874 1000 1906 rel
1029 1874 1093 1907 duo

350 1929 403 1956 aut
416 1933 499 1956 unus
510 1934 635 1963 eorum,
648 1934 707 1967 per
722 1934 754 1956 se
767 1924 813 1957 vel
823 1924 922 1957 alium
943 1937 998 1959 seu
1015 1927 1095 1960 alios

349 1982 532 2019 praesentes
549 1976 671 2010 litteras
681 1977 755 2009 etin
769 1977 815 2010 eis
831 1983 979 2011 contenta
994 1990 1094 2022 quae-

349 2040 501 2073 cumque,
522 2030 579 2062 ubi
607 2035 639 2063 et
666 2030 798 2073 quando
827 2042 908 2074 opus
929 2032 1035 2073 suerit,
1059 2044 1116 2067 ac*

348 2083 475 2124 quoties
504 2092 563 2126 pro
586 2087 677 2125 parte
705 2083 867 2116 dictorum
906 2085 1093 2127 praepositi,

349 2136 610 2179 presbyterorum
630 2141 662 2170 et
685 2135 909 2179 religiosorum
931 2137 1096 2171 Societatis

349 2187 536 2221 huiusmodi
571 2189 619 2222 vel
651 2189 787 2222 alicuius
825 2199 938 2222 eorum
978 2191 1097 2224 suerint
1116 2196 1118 2202 ’

350 2241 512 2283 requisiti,
531 2242 718 2275 solemniter
739 2242 940 2285 publicantes
954 2270 961 2283 ‚
987 2244 1097 2287 eisque
1116 2281 1119 2286 .

351 2293 382 2324 in
395 2295 576 2336 praemissis
588 2294 725 2328 efficacis
735 2295 928 2329 defensionis
937 2296 1096 2339 praesidio
1114 2295 1116 2298 ’

350 2347 541 2387 assistentes,
555 2349 672 2381 faciant
683 2359 737 2382 eos
746 2347 929 2392 praemissis
949 2350 1098 2383 omnibus

351 2404 381 2431 et
409 2400 543 2442 singulis
564 2401 697 2445 pacifice
716 2401 780 2434 frui
800 2407 831 2434 et
849 2402 1002 2444 gaudere,
1034 2413 1098 2435 non

352 2448 573 2490 permittentes
593 2461 646 2483 eos
659 2451 866 2494 desuperper
877 2461 1098 2495 quoscumque

353 2498 594 2538 quomodolibet
619 2499 760 2532 indebite
772 2499 946 2532 molestari.
965 2499 1098 2532 Contra-
1117 2499 1120 2530 Ξ

353 2544 1095 2591 dictores-qnosltbetetrebellespersententias,
1117 2533 1121 2596 ξ

353 2603 504 2626 censimus
524 2601 551 2628 et
583 2606 701 2639 poenas
721 2597 952 2631 ecclesiasticas
971 2597 1097 2642 aliaque
1117 2625 1120 2630 .

1138 220 1288 248 Romnum

1134 282 1318 320 opportuna
1337 275 1416 308 iuris
1432 281 1463 309 et
1482 276 1555 310 sacti
1569 278 1722 319 remedia,
1740 283 1883 325 appella·

1134 328 1220 361 tione
1240 328 1427 372 postposita,
1443 331 1690 372 compescendo;
1713 333 1880 375 legitimis-

1133 392 1196 424 que
1215 392 1313 424 super
1332 381 1382 414 his
1401 381 1558 415 habendis
1573 385 1704 417 servatis
1718 388 1881 428 processi-

1132 434 1205 474 bus,
1227 434 1412 473 sententias,
1435 445 1585 468 censuras
1607 443 1638 469 et
1658 448 1778 480 poenas
1796 439 1881 483 ipsas

1133 487 1229 520 etiam
1241 487 1361 520 iteratis
1375 487 1494 520 vicibus
1505 490 1720 531 aggravando,
1733 490 1880 526 invocato

1133 540 1230 572 etiam
1241 541 1281 573 ad
1301 540 1373 581 hoc,
1392 540 1418 573 si
1434 550 1514 584 opus
1534 541 1640 583 fuerit,
1663 544 1783 577 auxilio
1806 545 1880 578 bra-

1133 593 1197 626 ehii
1214 594 1397 627 saecularis.

1176 646 1228 690 56.
1240 647 1308 680 Non
1316 647 1514 680 obstantibus
1530 648 1630 682 felicis
1645 658 1879 686 recordauoms

1131 699 1285 732 Bonifacii
1308 700 1411 744 Papae
1435 701 1509 741 VIII,
1532 702 1787 745 praedecessoris
1818 716 1878 738 no-

1131 753 1200 793 stri,
1212 753 1251 786 de
1261 764 1335 794 una,
1347 759 1377 786 et
1387 753 1515 786 concilii
1526 755 1683 797 generalis
1695 756 1733 789 de
1752 757 1878 792 duabus

1131 805 1254 846 diaetis,
1277 807 1454 840 dummodo
1479 818 1544 840 non
1568 808 1654 841 ultra
1673 814 1738 842 tres
1756 810 1878 845 diaetas

1131 858 1203 901 quis
1212 859 1318 902 vigore
1329 860 1548 903 praesentium
1556 861 1593 894 ad
1607 861 1880 896 iudiciumtraha-

1131 918 1195 953 tur,
1217 918 1248 945 et
1266 913 1337 947 aliis
1361 914 1555 957 apostolicis,
1590 925 1717 948 necnon
1754 916 1790 949 in
1825 928 1879 960 ge-

1130 966 1305 1007 neralibus,
1337 967 1588 1010 provincialibus
1619 973 1650 1001 et
1672 969 1878 1013 synodalibus

1130 1018 1276 1052 conciliis
1286 1019 1390 1061 editis,
1404 1020 1874 1065 generalibusvelspecialibus,

1130 1071 1415 1105 constitutionibus
1442 1078 1473 1106 et
1492 1073 1761 1116 ordinationibus,
1794 1072 1877 1109 cete-

1130 1124 1240 1167 risque
1260 1125 1430 1158 contrariis
1457 1126 1728 1171 quibuscumque.
1759 1129 1823 1162 Aut
1849 1129 1877 1162 si

1130 1176 1302 1220 aliquibus,
1313 1179 1528 1212 communiter
1535 1181 1583 1213 vel
1592 1180 1730 1222 divisim,
1740 1183 1780 1215 ab
1790 1183 1877 1226 Apo-

1130 1232 1243 1264 stolica
1261 1231 1301 1265 sit
1320 1231 1401 1265 Sede
1430 1232 1591 1266 indultum
1610 1235 1697 1277 quod
1713 1235 1876 1277 interdici,

1131 1284 1283 1328 suspendi
1313 1285 1361 1317 vel
1380 1286 1652 1319 excommunicari
1671 1298 1736 1320 non
1755 1289 1865 1331 possin

1131 1348 1189 1380 per
1208 1337 1328 1371 litteras
1347 1339 1540 1382 apostolicas
1556 1350 1621 1372 non
1637 1340 1790 1374 facientes
1807 1343 1878 1386 ple-

1131 1401 1205 1423 nam
1226 1396 1256 1424 et
1269 1401 1450 1435 expressam
1468 1403 1504 1425 ae
1516 1393 1555 1426 de
1567 1393 1664 1426 verbo
1684 1394 1724 1427 ad
1742 1395 1878 1428 verbum

1131 1444 1170 1477 de
1190 1444 1315 1477 indulto
1339 1445 1525 1478 huiusmodi
1550 1446 1761 1481 mentionem.

1175 1497 1190 1540 ξ
1210 1497 1241 1530 7.
1272 1498 1427 1531 Volumus
1446 1504 1554 1532 autem
1579 1500 1666 1543 quod
1690 1500 1877 1535 earumdem
1890 1492 2035 1564 gausum*

1919 1549 1952 1565 es.

1132 1551 1348 1594 praesentium
1373 1552 1582 1596 transumptis
1599 1559 1657 1586 etc,

1175 1603 1290 1636 Datum
1318 1605 1436 1638 Romae
1464 1606 1551 1649 apud
1579 1606 1610 1640 S.
1644 1607 1787 1648 Petrum,
1818 1607 1878 1641 sub

1133 1657 1252 1690 annulo
1288 1658 1470 1699 piscatoris,
1493 1659 1543 1692 die
1562 1670 1613 1693 xvt
1632 1660 1703 1693 iulii
1729 1668 1881 1694 MDLxxvl.

1132 1710 1341 1754 pontificatus
1360 1712 1460 1744 nostri
1472 1722 1556 1746 anno
1576 1723 1606 1746 v.

1181 1767 1245 1798 Dat.
1266 1768 1313 1799 die
1336 1769 1372 1799 16
1390 1769 1458 1800 iulii
1476 1770 1564 1808 1576,
1587 1770 1690 1810 pontif.
1706 1779 1782 1801 anno
1796 1780 1826 1802 v·-

1470 1922 1530 1955 LV!
1535 1942 1541 1954 ὁ

1137 1994 1226 2035 Quod
1254 1997 1458 2039 confessores,
1489 1999 1526 2030 in
1548 1999 1614 2031 vim
1635 1995 1880 2044 privilegriorum

1180 2049 1352 2083 Cruciatae
1378 2055 1508 2084 sanctae
1541 2051 1690 2094 eliqemli,
1718 2053 1881 2085 neminem

1179 2103 1218 2135 ab
1238 2103 1369 2136 incursu
1383 2107 1412 2137 et
1431 2103 1524 2147 lapsu
1538 2105 1574 2137 in
1595 2104 1754 2138 haeresim
1777 2105 1881 2138 absol*

1179 2166 1248 2189 vere
1268 2157 1403 2200 possint.

1137 2227 1282 2263 Gregorius
1292 2228 1363 2263 rapa
1372 2227 1440 2261 thl.
1450 2228 1484 2256 ad
1493 2229 1654 2264 perpetuam
1664 2229 1705 2258 rei
1714 2229 1881 2259 memoriam.

1181 2297 1283 2331 Officii
1294 2298 1394 2331 nostri
1407 2304 1513 2342 partes
1524 2299 1636 2332 sedulo
1655 2305 1818 2343 praestare
1832 2305 1881 2333 te-

1138 2362 1266 2391 nemur,
1295 2362 1336 2384 ne
1364 2352 1485 2394 gratiae
1511 2358 1543 2385 et
1573 2352 1738 2396 privilegia
1764 2363 1782 2386 a
1800 2353 1882 2387 Sede

1138 2404 1319 2448 Apostolica
1330 2405 1369 2437 ad
1387 2405 1568 2438 animarum
1580 2407 1713 2439 salutem
1721 2412 1878 2447 emanata,

1117 2452 1171 2494 ‚in
1200 2452 1329 2485 illarum
1362 2453 1591 2486 detrimentum
1627 2454 1883 2498 interpretentur

1139 2506 1193 2533 aut
1212 2502 1434 2534 extendantur.

1182 2550 1197 2592 ξ
1217 2550 1247 2582 Ἰ.
1269 2550 1378 2593 Nuper
1403 2550 1563 2594 siquidem
1587 2551 1773 2595 accepimus
1799 2562 1881 2586 nona

1140 2599 1244 2632 nullos
1264 2599 1390 2634 curiosa
1402 2606 1432 2634 et
1452 2600 1561 2634 subtili
1577 2600 1677 2643 magis
1696 2611 1793 2644 quam
1809 2611 1882 2635 vera

1921 2308 2022 2338 Emi-(li
2037 2331 2038 2334 ,
2050 2322 2054 2329 ¹
