2059 3228
751 279 847 303 INDEX
869 278 1079 303 nonme-mum

157 331 275 364 CXLIV.
300 331 441 364 Facultas
463 331 709 374 archiepiscopis
732 338 762 364 et
778 332 898 374 episco-

248 383 297 426 pis
319 383 479 416 Indiarum
502 388 533 415 et
563 383 603 414 ab
626 383 670 415 eis
694 383 900 425 subdelegan-

250 434 298 468 dis
329 433 509 466 absolvendi
540 433 633 465 Indos
664 438 693 466 et
725 433 847 466 Mauros
863 444 899 466 ae

251 497 362 521 eorum
395 486 475 519 filios
505 495 523 518 a
553 485 686 517 crimine
708 485 846 517 haeresis
868 490 898 517 et

250 538 442 572 idololatriae
466 547 502 570 ac
525 536 594 569 aliis
610 536 744 578 peccatis
768 536 836 568 Sedi
861 537 898 568 Α-

250 589 420 634 postolicae
443 588 609 622 reservatis
632 592 663 620 et
679 587 711 619 in
728 588 810 620 bulla
825 587 898 620 Coe-

250 653 310 674 nae
333 641 499 681 contentis,
522 639 597 673 405.

161 694 266 729 CXLV.
290 692 492 727 Confirmatio
516 690 724 724 institutionis
742 718 750 731 ‚
774 691 899 733 privile-

247 746 373 789 giorum
417 749 446 777 et
486 743 719 786 exemptionum
763 742 897 774 Societa-

249 798 289 831 tis
315 797 395 837 Iesu,
426 806 498 829 cum
528 794 687 827 nonnullis
717 792 898 826 declaratio-

251 849 355 889 nibus,
378 847 452 881 406.

162 901 280 936 CXLVI.
302 899 467 934 Dissolutio
491 899 586 931 trium
620 898 817 942 prioratuum
843 897 897 930 Ca-

249 952 449 985 maldulensis
472 951 727 994 congregationis
757 950 832 983 alias
862 960 897 982 u-

250 1003 401 1044 nitorum,
423 1003 497 1036 409.

160 1054 291 1088 CXLVII.
306 1054 594 1087 Exeommunieatio
626 1059 656 1087 et
687 1053 896 1087 anathemati-

248 1106 328 1138 zatio
357 1116 627 1160 (piei-unicumque
666 1107 896 1139 haeretieorum

247 1167 371 1191 necnon
401 1158 534 1190 aliorum
561 1158 713 1197 omnium,
746 1157 799 1200 qui
824 1167 897 1190 eon-

250 1210 342 1242 tentis
372 1210 405 1242 in
437 1211 496 1242 hac
527 1211 608 1242 bulla
639 1210 758 1243 Coenae
773 1209 896 1242 Domini

249 1262 499 1302 contraveniunt,
521 1263 595 1295 413.

162 1312 305 1346 CXLVIII.
327 1313 415 1352 Quod
441 1315 674 1357 praeceptoriae
706 1314 837 1347 militiae
867 1318 898 1345 et

1541 265 1619 299 4001

1014 330 1274 364 monasteriorum
1291 331 1415 365 Ordinis
1432 330 1663 363 monachorum

1013 382 1115 416 Sancti
1140 384 1225 416 Pauli
1244 384 1335 427 primi
1361 384 1510 416 eremitae
1529 384 1559 414 in
1579 382 1662 414 IIun-

1014 435 1112 477 garia‚
1129 436 1264 474 Polonia‚
1281 436 1371 469 Isti-ia
1395 446 1430 468 ac
1453 435 1614 474 Dalmatia,
1632 439 1661 466 et

1014 486 1262 529 privilegiorum,
1285 488 1360 520 4:31.

926 537 1016 570 CLIV.
1040 537 1240 571 Confirmatio
1266 539 1460 573 diversorum
1485 540 1663 583 privilegio-

1012 600 1082 622 rum
1106 600 1162 632 pro
1186 591 1366 623 doctoribus
1390 592 1605 635 philosophiae
1629 598 1659 623 et

1013 641 1187 674 medicinae
1233 643 1434 685 collegiorum
1488 643 1664 675 Bononien-

1013 692 1066 733 sis,
1089 692 1163 725 43⁶2.

925 744 1004 777 CLV.
1020 744 1132 777 Forma
1149 745 1351 787 pubblicandi
1365 747 1594 788 resignationes
1611 747 1663 778 be-

1011 795 1196 829 neficiorum
1220 798 1502 831 ecelesiasticorum
1528 799 1559 831 in
1573 800 1664 834 Curia

1010 852 1038 880 et
1063 853 1159 888 extra,
1183 849 1257 882 434.

925 898 1016 932 CLVI.
1051 899 1148 933 Maior
1184 902 1263 934 sacri
1294 904 1392 935 eremi
1420 903 1661 936 camaldulensis

1014 957 1125 995 potest,
1138 954 1263 996 quando
1287 955 1344 987 sibi
1362 957 1506 998 expedire
1530 957 1660 993 videtur,

1011 1004 1154 1037 conferre
1198 1005 1342 1038 Eremitis
1387 1007 1445 1039 sibi
1478 1008 1509 1039 in
1556 1018 1661 1040 eremo

1008 1055 1158 1088 subiectis
1188 1062 1324 1099 quatuor
1349 1059 1416 1091 ord.
1450 1059 1596 1098 minores;
1627 1064 1659 1091 et

1009 1107 1184 1140 cardinales
1207 1109 1343 1152 episcopi
1373 1110 1410 1142 ad
1435 1111 1552 1143 dictum
1592 1122 1660 1143 erv-

1008 1169 1094 1191 mum
1117 1161 1299 1193 accedentes
1322 1169 1461 1204 possunt,
1494 1163 1588 1195 etiam
1605 1174 1655 1195 ex<

1010 1216 1057 1243 tra
1088 1215 1226 1254 tempora
1243 1217 1272 1245 et
1297 1223 1359 1245 non
1377 1215 1504 1247 servatis
1518 1216 1657 1247 intersti-

1011 1262 1072 1303 tiis,
1094 1274 1196 1296 saeros
1226 1265 1351 1297 ordines
1373 1265 1489 1298 eisdem
1513 1267 1655 1298 conferre

1010 1313 1034 1345 si
1060 1314 1117 1356 ipsi
1142 1314 1252 1347 maiori
1277 1315 1378 1348 idonei
1404 1317 1556 1356 videntur,
1581 1318 1655 1350 4:321.

249 1365 374 1398 Ordinis
404 1366 524 1398 Sanctis
541 1367 663 1399 Ioannis
680 1366 898 1409 Illerosolymi-
925 1364 1026 1397 CLVII.
1054 1366 1175 1398 Erectio
1202 1366 1364 1409 hospitalis
1381 1378 1437 1410 pro
1455 1368 1578 1401 natione
1595 1369 1655 1401 Ma-

251 1418 314 1450 tani
340 1423 448 1451 vacent
471 1430 527 1461 per
556 1419 785 1461 promotionem
812 1418 851 1450 ad
866 1428 897 1451 e-

249 1469 455 1513 piscopatum,
478 1471 553 1504 419.

160 1521 280 1555 CXLIX.
302 1522 475 1555 Prohibitio
503 1523 559 1554 sub
590 1522 718 1565 poenis,
759 1527 811 1555 etc.
857 1531 895 1554 ne

247 1573 393 1616 cuiquam
415 1575 505 1607 liceat
522 1580 700 1607 contractus
715 1579 824 1607 eontra
848 1575 896 1607 di-

247 1626 448 1668 spositionem
462 1632 648 1659 statutorum
662 1632 714 1658 aut
728 1627 804 1659 iuris
812 1637 895 1659 eom·

247 1678 360 1718 munis,
392 1689 446 1711 seu
473 1679 641 1721 monopolii
673 1678 706 1710 in
744 1677 895 1710 comitatu

250 1731 441 1771 Rossilionis,
466 1731 539 1763 4:20.

159 1782 211 1815 CL.
234 1782 277 1815 De
303 1783 460 1822 electione,
489 1792 619 1815 numero
645 1787 675 1815 et
691 1781 894 1824 qualitatibus

246 1834 468 1876 magistrorum
502 1844 607 1866 sacrae
636 1833 820 1875 theologiae,
856 1833 893 1866 de

247 1891 350 1918 cetero
373 1886 406 1918 in
430 1886 599 1928 provinciis
615 1885 719 1917 Italiae
736 1885 894 1927 eligendo—

245 1948 317 1970 rum
339 1948 374 1970 ex
397 1937 511 1970 Ordine
535 1937 667 1969 fratrum
684 1937 892 1970 Eremitarum

245 1989 276 2022 S.
298 1990 474 2032 Augustini,
497 1989 570 2022 422.

158 2042 226 2075 CLI.
242 2042 481 2074 Dismembratio
495 2041 604 2074 tertiae
619 2040 718 2083 partis
734 2041 892 2073 fructuum

246 2094 285 2126 ab
301 2103 364 2125 uno
380 2093 565 2127 canonicatu
581 2097 611 2125 et
626 2092 805 2135 praebenda
817 2102 893 2134 qua-

244 2155 450 2188 rumcumque
492 2144 693 2177 ecclesiarum
730 2144 892 2177 cathedra-

243 2198 319 2230 lium
342 2202 370 2229 et
396 2196 710 2239 metropolitanarum
721 2206 891 2238 regnorum

242 2249 449 2291 Portugalliae
473 2254 502 2280 et
533 2248 761 2290 Algarbiorum‚
786 2252 814 2279 et
839 2258 892 2289 ap-

245 2300 372 2344 plicatio
402 2299 582 2332 eorumdem
617 2298 724 2331 Officio
763 2299 812 2331 SS.
844 2299 892 2330 ln-

245 2351 425 2394 quisilionis
449 2351 605 2383 dictorum
622 2361 801 2393 regnorum,
819 2350 889 2383 4⁹26.

154 2404 234 2436 CLII.
255 2403 428 2436 Declaratio
451 2402 688 2444 praecedentiae
720 2403 802 2435 inter
831 2403 890 2435 Or-

243 2454 333 2486 dines
356 2454 597 2486 Mendieantium
621 2459 651 2487 et
667 2454 750 2488 inter
772 2456 893 2488 eonsra-

1011 1417 1183 1449 ronitarum
1211 1418 1243 1450 in
1276 1419 1367 1454 Urbe.
1399 1419 1471 1452 438.

924 1468 1037 1502 CLVIII.
1061 1469 1261 1503 Confirmatio
1277 1471 1453 1503 litterarum
1487 1471 1652 1503 Clementis

1008 1521 1044 1552 VI
1066 1526 1173 1553 contra
1195 1522 1382 1554 fabricantes
1413 1523 1520 1555 salsam
1546 1533 1653 1554 moue-

1009 1578 1071 1605 tam
1095 1573 1127 1605 in
1150 1584 1248 1616 regno
1271 1574 1430 1615 Franciae,
1453 1575 1527 1607 442.

922 1625 1014 1657 CLIX.
1038 1625 1158 1658 Erectio
1184 1625 1306 1667 collegii
1323 1626 1485 1658 Societatis
1513 1627 1581 1658 lesu
1608 1626 1656 1657 Ri-

1007 1687 1064 1718 gae
1088 1677 1119 1708 in
1143 1677 1285 1719 partibus
1316 1678 1471 1717 Poloniac,
1496 1679 1569 1710 444.

921 1728 1002 1761 CLX.
1035 1728 1276 1762 Constitutiones
1303 1731 1424 1772 collegii
1459 1730 1658 1768 Germanici,

1005 1780 1081 1813 447.

921 1832 1011 1865 CLXI.
1035 1832 1190 1865 Institutio
1206 1833 1380 1866 festivitatis
1393 1834 1522 1867 Sanctae
1536 1835 1653 1873 Annae,

1008 1884 1117 1917 matris
1142 1885 1254 1917 Mariae
1282 1886 1429 1927 Virginis,
1447 1896 1503 1927 pro
1521 1885 1570 1917 die
1588 1895 1655 1916 xxv1

1009 1936 1125 1968 mensis
1153 1935 1221 1968 iulii
1251 1936 1368 1980 duplici
1385 1937 1487 1970 officio
1499 1936 1659 1970 celebran-

1006 1987 1074 2026 dae,
1098 1986 1172 2019 455.

920 2038 1022 2071 CLXII.
1046 2037 1220 2071 Declaratio
1238 2043 1269 2071 et
1286 2040 1442 2072 exstensio
1460 2039 1658 2072 constitutio-

1005 2090 1054 2122 nis
1076 2090 1163 2122 Pauli
1186 2090 1225 2123 III
1249 2091 1287 2124 de
1310 2091 1476 2134 privilegio
1504 2096 1658 2124 mercato-

1009 2152 1081 2174 rum
1099 2142 1197 2184 Ripae
1216 2142 1318 2182 Urbis,
1346 2144 1430 2185 quod
1459 2153 1569 2175 eorum
1586 2141 1656 2174 libri

1006 2193 1234 2226 concordantes
1260 2205 1332 2226 cum
1360 2195 1448 2227 libris
1472 2199 1656 2237 proxeneta-

1007 2256 1077 2277 rum
1101 2246 1192 2287 plene
1219 2247 1362 2289 probent,
1393 2251 1424 2279 et
1440 2246 1654 2279 executionem

1004 2302 1146 2340 paratam
1179 2297 1324 2338 habeant,
1341 2298 1421 2330 sieut>
1451 2298 1653 2339 obligationis

1005 2349 1184 2389 camerales,
1207 2354 1316 2381 eontra
1348 2360 1559 2392 quascumque
1582 2359 1654 2391 per-

1005 2409 1097 2432 sonas
1137 2405 1168 2433 et
1195 2400 1288 2433 etiam
1328 2401 1473 2434 muheres
1507 2401 1656 2443 coniuga-

1005 2457 1062 2493 tas,
1086 2452 1159 2485 456.

242 2506 405 2538 ternitates
439 2506 591 2539 laicorum
621 2507 654 2539 in
684 2508 890 2550 processioni·
919 2505 1038 2538 CLXIII.
1068 2504 1258 2546 Approbatio
1274 2505 1366 2536 tertia
1385 2505 1517 2536 instituti
1535 2509 1563 2537 et
1580 2516 1654 2537 eon-

244 2557 312 2597 bus,
337 2557 412 2590 4⁹29.

156 2609 245 2642 CLlll.
273 2608 473 2642 Confirmatio
496 2611 661 2647 erectionis
677 2613 884 2655 quorumdam
901 2613 907 2645 Ι

1008 2557 1207 2589 stitutionum
1225 2557 1393 2598 Religionis
1410 2557 1593 2589 clericorum
1606 2569 1655 2589 rc-

1012 2608 1166 2651 galai-ium
1200 2609 1360 2641 Societatis
1385 2610 1459 2647 lesu,
1499 2621 1568 2641 runi
1601 2611 1654 2642 ali-
