2059 3228
48 0 90 105 r

51 198 101 250 fic.
116 218 184 249 1575

49 281 142 310 ιοκιιι
163 282 184 302 et

42 318 57 341 ιΙ
71 317 145 340 nerlu.

52 2545 350 2582 n.1„50„20-manuel
375 2545 568 2577 philibertus
588 2545 651 2577 dux
676 2550 706 2577 et
733 2555 868 2587 magnus
897 2556 964 2578 ma-

802 211 977 236 Gnssflomtts
1000 212 1054 235 xm
1079 211 1124 234 PF.

198 278 294 312 puam
332 268 477 301 onmium
510 267 768 300 christifidelium
799 272 970 306 matrem,-

197 332 280 366 quae
300 326 330 354 et
351 321 419 364 ipsa
438 321 619 354 christianis
643 332 773 364 quoque
797 319 949 364 principi-

196 373 257 407 bus
276 373 372 407 veluti
394 373 552 408 columnis
573 373 732 413 innititur,
755 384 792 406 ex
807 373 864 413 eis,
879 373 949 406 illos

195 425 346 459 uberiore
370 426 471 469 gratia
491 438 526 459 ar
547 426 743 469 benignitate
764 426 946 470 complecti,

195 489 288 523 quos,
316 485 444 522 praeter
470 481 680 523 temporalem
708 480 884 523 potentiam
913 490 948 512 ac

196 532 394 576 dignitatem,
429 533 689 575 maioi·i··pietate
718 544 755 566 ac
785 532 949 575 religionis

195 585 443 629 amplificandae
476 586 580 619 studio
607 587 750 619 eminere
771 586 945 628 cognoscit.

196 638 275 673 Cum
284 638 391 683 itaque
402 640 537 672 dilectus
547 639 631 672 tilius
640 639 756 672 nobilis
768 639 814 672 vir
826 639 950 672 Emma-

196 692 273 725 nuel
292 693 488 726 philibertus
507 692 686 726 Sabaudiae
707 692 770 725 dux
786 692 880 725 nobis
900 703 949 725 ex-

197 745 274 790 poni
299 746 422 787 secerit,
444 746 570 790 pridem
596 746 714 779 bonam
740 751 864 790 partem
895 756 949 779 eo-

197 810 270 833 rum
289 799 502 843 baliagiorum
524 799 726 843 aliarumque
751 799 949 832 iurisdictio-

197 863 276 886 num
297 858 328 886 et
347 853 493 887 locorum
512 853 643 886 ditionis
656 864 732 886 suae
749 853 948 896 temporalis,

197 917 292 950 quae,
314 906 437 941 vivente
458 907 563 940 clarae
580 907 755 939 memoriae
772 906 886 940 Carolo
899 907 950 939 Sa-

197 960 334 993 baudiae
354 961 449 1000 duce,
471 960 618 1003 genitore
643 971 714 1001 suo,
741 971 758 993 a
783 960 952 993 Bernensi-

198 1012 258 1046 bus
276 1013 412 1058 aliisque
443 1013 590 1046 finitimis
614 1013 755 1057 populis,
787 1013 951 1046 haeretica

199 1066 352 1110 pravitate
384 1067 524 1111 pollutis,
555 1073 714 1110 occupata
747 1067 886 1106 fuerant,
913 1066 951 1099 de

199 1120 344 1164 ipsorum
363 1121 528 1154 voluntate
548 1131 769 1164 recuperasse,
786 1126 816 1153 et
835 1121 873 1152 ad
889 1120 952 1164 pri-

200 1173 314 1207 stinam
339 1185 430 1208 suam
455 1175 666 1219 temporalem
692 1174 951 1208 iurisdictionem

201 1238 378 1269 revocasse,
401 1233 432 1261 et
455 1239 654 1272 quamquam
680 1233 788 1272 speret
808 1227 867 1260 sub
893 1238 951 1261 suo

202 1280 356 1322 dominio,
377 1281 482 1315 divina
502 1282 624 1315 favente
644 1280 876 1321 misericordia,
894 1292 952 1325 po-

202 1333 297 1376 pulos
318 1333 401 1375 illos,
428 1334 594 1368 erroribus
618 1334 749 1375 relictis,
775 1334 952 1367 catholicae

204 1385 293 1427 fidei,
314 1392 402 1420 extra
420 1398 517 1431 quam
546 1388 650 1421 salvus
680 1398 748 1421 esse
771 1398 866 1420 nemo
895 1398 953 1431 po-

204 1444 276 1481 test,
287 1440 468 1474 doctrinam
486 1451 535 1473 am
542 1441 691 1485 plexuros
701 1452 709 1481 3
722 1441 934 1474 nihilominus
944 1467 951 1480 ,

204 1493 296 1537 quia,
313 1493 354 1527 ob
370 1494 579 1528 inveteratam
604 1495 637 1527 in
664 1494 742 1539 ipsis
771 1494 953 1528 haereticae

205 1546 359 1591 petfidiae
379 1548 547 1590 malitiam,
568 1559 666 1593 quam
692 1549 758 1582 sere
779 1559 890 1582 omnes
916 1549 954 1581 ab

205 1601 412 1635 incunabulis
435 1602 643 1643 imbiberunt,
664 1603 754 1636 valde
777 1602 954 1635 timendum

206 1663 247 1687 est
270 1665 325 1688 eos
345 1655 384 1688 ab
404 1656 492 1689 hisce
517 1657 621 1700 pravis
652 1656 861 1700 opinionibus
889 1667 954 1689 non

207 1708 249 1741 ita
269 1709 523 1744 brevidimoveri
539 1721 644 1755 posse,
663 1710 718 1744 sed
733 1710 888 1753 temporis
902 1710 956 1743 be-

209 1762 325 1796 neficio
347 1763 434 1796 eain
464 1774 498 1796 re
526 1764 681 1797 utendum
712 1774 792 1797 esse.
824 1763 955 1797 Interim

207 1825 280 1849 vero
299 1816 377 1849 dum
401 1817 514 1859 religio
535 1818 694 1851 catholica
713 1818 746 1850 in
766 1817 829 1850 illis
849 1817 956 1861 regio-

207 1869 302 1903 nibus
345 1871 471 1904 restitui
514 1871 642 1915 poterit,
689 1872 956 1914 percommodum

208 1923 384 1957 existimari
404 1929 440 1957 ut
464 1925 630 1965 ecclesiae,
663 1925 869 1966 monasteria,
897 1926 956 1958 ho-

208 1976 345 2021 spitalia,
372 1977 529 2011 beneficia
556 1984 586 2011 et
614 1978 698 2011 bona
728 1979 977 2020 ecclesiasticen*

211 2029 351 2073 profanis
393 2040 479 2063 nunc
518 2031 629 2064 usibus
668 2031 765 2074 impie
794 2031 956 2071 subiecta,

209 2083 339 2125 quando
359 2083 391 2115 in
411 2083 564 2127 pristinos
583 2095 662 2117 usus
681 2089 712 2117 et
730 2084 835 2117 officia
866 2084 959 2117 resti·
977 2087 978 2103 l

211 2135 258 2168 tui
278 2146 342 2169 non
364 2143 508 2179 possunt,
531 2138 642 2171 saltem
663 2138 796 2171 militiae
826 2138 959 2172 Sancto-

213 2199 285 2222 rum
305 2190 442 2223 Mauritii
464 2196 495 2224 et
514 2191 621 2224 Lazari
642 2191 700 2224 sub
716 2191 837 2234 Regula
853 2191 961 2224 Sancti
979 2210 980 2213 =

212 2243 381 2286 Augustini
407 2244 551 2287 proxime
568 2255 585 2277 a
606 2245 697 2278 nobis
718 2245 892 2285 institutae,
908 2255 962 2278 cu·
979 2267 980 2272 ,

214 2296 264 2329 ius
283 2296 352 2340 ipse
376 2296 566 2330 Emmanuel
597 2298 792 2331 philibertus
828 2308 963 2341 magnus

216 2350 367 2393 magister
386 2350 504 2391 existit,
527 2351 565 2383 ad
591 2351 717 2384 laudem
742 2350 797 2383 Dei
822 2357 852 2383 et
877 2352 962 2384 chri-

215 2397 335 2431 stianae
355 2399 428 2431 fidei
450 2399 726 2443 propagationem,
747 2399 855 2443 aliquo
871 2405 963 2443 pacto

217 2452 399 2479 inserviant.

261 2494 276 2538 g
299 2495 319 2518 c>
354 2495 564 2538 Cumque,ob
577 2496 635 2529 has
654 2507 777 2536 causas,
794 2495 877 2529 idem
891 2496 964 2529 Em-

301 2520 330 2528 1--

44 2592 107 2614 ¹⁰¹¹¹¹¹¹
120 2591 205 2613 ”mim
220 2593 318 2636 gislei·
345 2593 438 2626 nobis
462 2593 629 2627 humiliter
656 2595 831 2636 supplicari
856 2594 988 2645 fecerit¹

1625 199 1687 234 5⁶27

987 268 1022 295 ut
1043 262 1173 295 militiae
1194 263 1378 296 huiusmodi
1400 261 1621 307 propagationi
1637 267 1733 304 atque

987 315 1198 355 incremento,
1219 317 1257 349 ad
1280 317 1351 349 tidci
1374 316 1549 349 catholicae
1575 314 1734 349 defensio-

987 380 1059 402 nem
1082 375 1110 401 et
1132 370 1300 402 haeresum
1320 370 1576 413 extirpationem,
1604 374 1734 413 paterne

988 423 1156 456 consulere
1182 436 1217 455 ac
1249 423 1326 456 alias·
1355 429 1536 467 opportune
1567 423 1736 467 providere

987 476 1025 508 de
1063 475 1259 518 benignitate
1297 477 1471 519 apostolica
1509 477 1733 520 dignaremur;

1746 208 1798 236 An.
1816 207 1845 236 C.
1863 208 1932 236 1575

1748 271 1820 291 Sancti
1854 269 1933 290 Hauri-

1749 303 1773 323 ni
1788 304 1810 323 ct
1826 300 1905 321 Lazari.

988 540 1055 568 nos,
1077 539 1135 572 pro
1157 535 1242 562 certa
1268 540 1322 573 spe
1351 536 1445 573 atquc
1474 530 1603 570 fiducia,
1639 540 1735 574 quam
1759 533 1767 542 “

988 583 1026 615 de
1051 583 1211 625 praesenti
1224 582 1322 627 ipsius
1334 583 1551 616 Emmanuelis
1568 582 1737 617 philiberti

988 635 1079 668 ducis
1099 642 1129 669 et
1150 636 1257 679 magni
1279 637 1420 680 magistri
1441 638 1504 670 fide
1521 649 1557 671 ac
1581 637 1736 679 religione

988 689 1155 730 habemns,
1178 700 1301 733 proque
1322 696 1455 734 paterno
1476 691 1507 723 in
1524 691 1614 724 illum
1627 702 1736 725 amore

988 748 1108 782 nostro,
1121 744 1158 775 ad
1170 744 1379 776 annuendum
1392 744 1533 777 honestis
1551 745 1736 778 huiusmodi

989 796 1155 830 desideriis
1175 797 1317 837 adducti,
1344 809 1380 831 ac
1401 798 1535 832 firmiter
1554 799 1646 831 nobis
1666 799 1736 842 pol—

988 850 1120 882 licentes
1142 850 1266 891 forent,
1289 851 1563 894 quemadmodum
1589 852 1655 895 ipsa
1679 852 1735 884 ba-

989 903 1083 946 liagia
1098 903 1184 935 illius
1195 904 1386 937 auctoritate
1403 915 1438 937 ac
1454 904 1571 937 virtute
1587 905 1737 948 antiquae

989 957 1124 990 ducatus
1144 958 1323 991 Sahaudiae
1343 958 1455 991 ditioni
1481 965 1552 992 sunt
1578 959 1735 999 restituta,

991 1010 1033 1042 ita
1053 1010 1178 1048 eadem,
1203 1010 1258 1043 illo
1279 1017 1412 1044 curante
1433 1016 1464 1044 et
1483 1011 1663 1052 adiuvante,
1685 1023 1738 1045 ve-

990 1062 1065 1095 teris
1082 1068 1111 1095 et
1129 1063 1324 1097 orthodoxae
1344 1064 1509 1106 religionis
1521 1071 1648 1099 nostrae
1668 1065 1738 1098 cul-

991 1115 1035 1148 tui
1061 1122 1088 1149 et
1112 1116 1302 1160 professioni
1324 1117 1512 1160 propediem
1540 1119 1736 1160 reddantur,

991 1170 1097 1212 ipsum
1120 1170 1361 1203 Emmanuelem
1382 1171 1593 1205 philibertum
1622 1173 1738 1206 ducem

990 1230 1019 1256 et
1033 1234 1183 1266 magnum
1206 1224 1393 1268 magistrum
1406 1236 1423 1257 a
1434 1225 1599 1268 quibusvis
1610 1237 1738 1260 excom-

992 1277 1232 1317 municationis,
1269 1277 1487 1321 suspensionis
1515 1284 1545 1311 et
1575 1279 1738 1313 interdicti

991 1329 1125 1373 aliisque
1150 1330 1375 1364 ecclesiasticis
1394 1331 1572 1373 sententiis,
1594 1333 1738 1366 censuris

992 1388 1023 1416 et
1045 1384 1169 1427 poenis,
1193 1395 1209 1416 a
1234 1384 1304 1418 iure
1327 1385 1375 1417 vel
1396 1385 1435 1417 ab
1458 1385 1603 1427 homine,
1629 1387 1739 1430 quavis

992 1438 1159 1471 occasione
1173 1439 1221 1471 vel
1240 1450 1348 1479 causa,
1369 1439 1454 1480 latis,
1477 1439 1502 1472 si
1521 1440 1639 1483 quibus
1658 1451 1738 1484 quo-

993 1491 1169 1524 modolibet
1189 1492 1360 1525 innodatus
1380 1493 1501 1533 existat,
1526 1493 1566 1526 ad
1591 1493 1738 1527 effectum

994 1545 1211 1587 praesentium
1259 1546 1423 1579 dumtaxat
1462 1547 1737 1590 consequendum,

994 1598 1109 1630 harum
1136 1599 1217 1631 serie
1259 1599 1458 1633 absolventes
1491 1605 1523 1633 et
1557 1601 1739 1633 absolutum

994 1653 1061 1685 t'ore
1100 1659 1266 1686 censentes
1284 1679 1291 1693 ‚
1345 1663 1472 1686 necnon
1516 1653 1737 1693 ecclesiarum,

994 1706 1276 1746 monasteriorum,
1296 1706 1512 1750 prioratuum,
1533 1706 1739 1750 hospitalium

994 1765 1024 1792 et
1062 1759 1294 1793 beneficiorum
1338 1759 1629 1792 ecclesiasticorum
1669 1770 1739 1792 om-

993 1813 1083 1845 nium
1129 1813 1291 1846 dictorum
1335 1812 1547 1856 baliugiorum
1588 1818 1618 1845 et
1652 1812 1740 1845 loco-

996 1878 1066 1900 rum
1107 1867 1294 1910 qualitates,
1322 1866 1451 1899 ordines
1488 1871 1518 1898 et
1557 1865 1741 1909 dependen-

976 1921 1065 1963 aias,
1099 1931 1136 1953 ac
1164 1920 1339 1959 fructuum,
1378 1919 1563 1952 reddituum
1599 1924 1630 1952 et
1666 1929 1741 1961 pro-

995 1981 1148 2007 ventuum
1156 1974 1315 2006 bonorum
1327 1972 1515 2005 eorumdem
1529 1971 1741 2011 conditiones,

996 2028 1188 2071 quantitates
1204 2037 1358 2070 verosque
1378 2036 1502 2059 annuos
1521 2025 1642 2057 valores
1655 2035 1746 2068 prae-

997 2081 1140 2115 sentibus
1172 2092 1231 2125 pro
1266 2079 1422 2124 expressis
1447 2079 1612 2120 habentes,
1634 2078 1746 2112 huius-

998 2135 1084 2168 modi
1117 2133 1406 2178 supplicationibus
1438 2132 1596 2172 inclinafi,
1637 2131 1745 2165 omnia

997 2189 1155 2222 beneficia
1175 2187 1401 2227 ecclesiastica,
1424 2197 1496 2219 cum
1518 2197 1594 2218 cura
1619 2191 1649 2218 et
1678 2185 1746 2218 sine

1000 2253 1089 2282 cura,
1116 2241 1292 2275 saecularia
1321 2246 1351 2273 et
1375 2239 1562 2283 quorumvis
1590 2238 1745 2272 Ordinum

1000 2295 1177 2339 regularia,
1205 2295 1237 2326 in
1268 2293 1415 2336 baliagiis
1444 2299 1475 2326 et
1504 2292 1583 2325 locis
1607 2291 1646 2325 ab
1679 2291 1748 2324 eius

1000 2349 1168 2382 nobilitate
1189 2347 1326 2390 receptis
1346 2346 1573 2386 consistentia,
1600 2345 1657 2379 etsi
1678 2355 1747 2377 sae—

1002 2398 1135 2438 cularia,
1150 2397 1356 2430 canonicatus
1371 2400 1402 2428 et
1417 2395 1631 2439 praebendae,
1645 2393 1749 2436 digni-

1003 2453 1093 2487 tates,
1124 2446 1218 2479 etiam
1240 2444 1445 2488 principales,
1470 2447 1672 2487 personatus,
1694 2442 1749 2474 ad-

1004 2495 1254 2528 ministrationes
1280 2493 1440 2526 et·ofticia
1466 2493 1543 2525 olim
1569 2491 1751 2534 collegiata-

1005 2556 1074 2578 rum
1096 2544 1305 2577 ecclesiarum
1322 2542 1563 2586 ctparochiales
1583 2539 1748 2579 ecclesiae,

1004 2594 1052 2626 vel
1077 2603 1186 2626 earum
1207 2596 1382 2637 perpetuae
1404 2591 1556 2632 vicariae,
1587 2588 1751 2633 cappellae
