2059 3228
91 204 120 236 G·
135 205 204 235 ¹572

74 1867 201 1892 ffiesuores

42 1899 85 1921 ulus
91 1902 200 1921 'resistitu-

38 1929 90 1952 ιοιὶι
102 1930 200 1958 deputam

827 205 1003 231 GRECORIUS
1023 205 1076 228 X'lll
1099 205 1145 227 ΡΡ.

217 255 349 290 antistes
365 256 416 296 sit,
434 256 539 291 abbati
556 267 592 291 ac
613 257 711 301 priori
724 268 781 291 seu
801 270 963 291 cominen-

216 308 338 342 datario
354 309 541 344 huiusmodi
557 311 718 354 ingressus
737 312 889 345 ecclesiae
914 311 963 344 in-

214 361 370 396 terdictus
395 363 518 397 existat.
545 364 577 397 Si
602 375 675 398 vero
700 365 797 398 abbas
821 371 851 398 ct
875 365 965 407 prior

215 425 271 449 seu
292 416 586 451 commendatarius
615 418 784 452 inferiores
809 419 963 451 tardinali

215 473 247 502 et.
278 468 409 502 antistiti
442 470 516 510 sint,
549 476 604 503 aut
628 477 803 504 conventus
828 472 961 512 t'uerint,

214 522 407 557 sententiam
424 524 765 558 excommunicationis
783 524 961 565 incurrant,

215 574 309 609 cuius
324 575 487 610 interdicti
508 577 735 611 relaxationem
760 578 846 610 hisce
867 579 964 611 inter-

214 628 331 670 dictus,
371 631 670 664 excommunicatus
711 642 785 664 vero
827 632 866 664 ab
910 643 963 665 cx—

215 683 518 716 communicationis
537 684 694 717 sententia
709 684 894 717 huiusmodi
911 686 963 718 ab·

213 736 384 769 solutionis
407 736 613 776 beneficium,
640 738 743 770 donec
764 738 900 781 collegio
917 739 963 772 rel

214 789 418 833 procuratori
430 790 573 834 praefato
589 791 627 823 de
647 791 802 834 pensione
823 793 964 834 praelata

214 846 291 875 tune
307 841 415 875 debita
431 843 553 885 integre
574 843 770 876 satisfactum
802 850 857 876 aut
887 845 965 878 alias

216 905 290 928 cum
310 896 445 940 collegio
465 907 521 928 seu
544 902 752 940 procuratore
778 897 964 931 huiusmodi

215 948 427 982 amicabiliter
446 949 677 982 concordatum
698 950 802 989 suerit,
825 957 966 994 praeter-

215 1012 312 1045 quam
332 1001 365 1035 in
385 1002 497 1035 mortis
516 1002 652 1036 articulo
677 1003 880 1044 constitutus,
908 1015 964 1037 ne-

215 1060 313 1099 queat
331 1056 488 1089 obtinerc.
515 1056 544 1089 Si
574 1067 648 1089 vero
677 1068 735 1100 per
762 1068 815 1090 sex
840 1068 965 1091 menses

215 1108 317 1142 dictos
336 1109 466 1152 triginta
491 1109 558 1142 dies
586 1110 770 1143 immediate
794 1117 965 1154 sequentes

215 1162 405 1196 interdictus
415 1163 474 1196 sub
486 1163 656 1196 interdicto
670 1164 893 1206 permanserit,
911 1176 964 1197 ex-

215 1216 474 1249 communicatus
493 1227 567 1249 vero
593 1217 753 1260 praefatae
778 1228 964 1251 excommu-

214 1269 386 1303 nicationis
401 1270 590 1303 sententiam
604 1270 762 1303 eiusmodi
775 1271 966 1305 sustinuerit

215 1322 332 1364 animo,
344 1324 431 1366 quod
442 1323 533 1363 absit,
557 1323 720 1364 indurato,
736 1334 771 1356 ex
786 1329 861 1357 tunc
874 1326 963 1358 efflu-

214 1376 261 1409 xis
278 1376 441 1410 mensibus
458 1377 547 1421 ipsis,
571 1377 761 1410 interdictus
779 1390 795 1410 a
807 1378 964 1421 regimine

215 1434 246 1462 et
270 1430 546 1464 administratione
571 1431 724 1464 ecclesiae
748 1442 783 1464 ac
805 1438 965 1466 monaste-

215 1483 255 1517 rii
268 1489 298 1516 et
313 1484 474 1527 prioratus
494 1484 681 1517 huiusmodi
703 1495 888 1528 suspensus,
912 1497 965 1519 ex-

215 1538 470 1572 communicatus
488 1549 563 1572 vero
585 1539 717 1582 praelati
754 1539 822 1583 ipso
853 1551 965 1573 mona-

214 1591 311 1625 sterio
331 1596 361 1625 et
381 1592 524 1636 prioratu
545 1598 701 1636 perpetuo
727 1592 869 1636 privatus
899 1594 965 1626 exi-

214 1644 442 1688 stat‚illiusque
454 1645 644 1678 commenda
655 1656 779 1678 cessare
789 1652 831 1686 et,
849 1657 885 1679 ea
901 1658 966 1680 ces-

214 1703 315 1739 sante,
339 1699 569 1732 monasterium
598 1704 630 1732 et
660 1699 823 1743 prioratus
851 1700 964 1734 liuius-

215 1753 301 1786 modi
321 1763 434 1786 vacare
454 1758 647 1785 censeantur
667 1763 704 1786 eo
725 1753 807 1796 ipso.

257 1806 273 1850 ξ
292 1805 345 1839 13.
368 1806 524 1845 Quocirca
545 1807 670 1840 dilectis
685 1806 761 1839 siliis
772 1806 965 1841 Virdunensi

215 1864 244 1892 et
263 1859 405 1893 Tullensi
419 1865 449 1893 et
459 1860 589 1893 Metensi
605 1860 796 1894 mandamus
806 1866 966 1903 quatenus

215 1911 275 1956 ipsi
298 1914 347 1946 vel
372 1914 435 1947 duo
456 1919 510 1946 aut
529 1924 612 1947 unus
632 1925 758 1954 eorum,
781 1925 840 1958 per
858 1925 892 1948 se
917 1916 965 1948 vel

215 1965 313 1999 alium
334 1977 390 2000 seu
410 1967 500 2007 alios,
524 1973 708 2011 praesentes
733 1968 854 2001 litteras
878 1974 910 2002 et
933 1968 965 2001 in

215 2020 262 2053 eis
285 2026 434 2053 contenta
454 2031 693 2064 quaecumque,
711 2021 765 2053 ubi
786 2027 816 2054 et
835 2023 965 2065 quando

215 2084 296 2118 opus
315 2074 422 2114 suerit,
444 2085 482 2107 ac
506 2074 634 2117 quoties
658 2085 717 2118 pro
743 2080 832 2118 parte
862 2076 966 2109 Caroli

215 2127 386 2161 cardinalis
403 2133 434 2160 et
458 2127 564 2171 legati,
585 2138 622 2161 ac
645 2128 749 2161 Caroli
768 2128 868 2168 ducis,
890 2140 965 2162 uec-

206 2180 279 2214 'non
301 2181 427 2224 collegii
452 2181 603 2224 illiusque
634 2191 845 2224 personarum
872 2193 964 2225 prae-

216 2235 354 2268 fatorum
375 2240 430 2267 aut
449 2235 585 2268 alicuius
601 2245 713 2268 eorum
731 2235 849 2267 suerint
862 2236 966 2278 requi-

215 2287 278 2329 siti,
302 2288 488 2321 solemniter
507 2288 721 2332 publicantes,
744 2288 854 2330 eisque
879 2294 909 2321 et
928 2289 965 2320 il-

217 2340 321 2373 lorum
343 2340 476 2383 singulis
494 2341 524 2372 in
540 2341 724 2383 praemissis
748 2340 888 2373 efficacis
911 2341 966 2374 de-

218 2388 372 2422 fensionis
391 2389 553 2432 praesidio
574 2388 769 2426 assistentes,
783 2389 900 2420 saciant
912 2400 967 2421 au-

218 2438 364 2470 ctoritate
386 2443 493 2470 nostra
519 2443 702 2479 praesentes
732 2437 854 2469 litteras
881 2442 911 2469 et
934 2438 966 2469 in

218 2487 264 2519 cis
283 2491 432 2519 contenta
453 2485 637 2518 huiusmodi
659 2485 886 2517 inviolabiliter
909 2486 966 2518 ob-

218 2536 348 2575 servari,
375 2540 403 2568 et
426 2535 508 2574 illos,
527 2544 608 2577 quos
628 2534 731 2567 dictae
748 2535 872 2566 litterae
893 2545 968 2567 con-

219 2591 369 2628 cernunt,
398 2583 548 2617 omnibus
573 2589 603 2616 et
627 2583 760 2626 singulis
785 2583 967 2626 praemissis

1649 192 1712 225 5025

1007 256 1139 300 pacitico
1171 256 1230 289 frui
1260 263 1286 288 vt
1319 257 1470 296 gaudere,
1502 266 1537 289 ac
1565 254 1753 298 pensionem

1007 310 1180 352 praefatam
1204 310 1339 350 collegio
1364 316 1415 341 aut
1443 307 1643 352 procuratori
1670 307 1755 340 iuxta

1006 362 1284 406 praeservationis,
1307 362 1553 401 constitutionis,
1570 360 1755 403 assignatio-

1005 415 1055 447 nis
1079 421 1110 447 et
1131 415 1250 447 decreti
1278 416 1492 458 prat-satorum
1523 413 1752 446 continentiam

1006 474 1036 501 et
1057 475 1200 501 tenorem
1223 468 1345 508 integre
1366 467 1514 510 persolvi,
1538 478 1601 499 non
1623 466 1754 509 permit-

1007 527 1107 555 tentes
1124 532 1178 554 eos
1198 528 1250 554 aut
1272 532 1382 554 eorum
1399 521 1574 564 quemlibet
1593 530 1755 563 porquos-

1006 586 1145 618 cumque
1161 574 1401 618 quomodolibet
1424 574 1561 606 indebite
1578 573 1751 612 molestari,

1006 628 1186 671 perturbari
1214 628 1261 660 vel
1285 627 1466 671 inquietari.
1490 627 1524 659 Et
1545 626 1754 659 nibilominus

1006 682 1184 725 quemlibet
1211 692 1246 713 ex
1267 681 1380 713 Carolo
1409 680 1563 712 vat—dinan
1592 685 1622 712 et
1650 680 1754 720 legato

1005 745 1041 766 ac
1062 735 1214 777 episcopo
1226 745 1279 766 seu
1293 733 1548 765 administratore
1565 733 1705 772 liciensi,
1719 743 1755 765 ac

1006 788 1176 820 abbatibus
1197 793 1224 819 et
1247 787 1409 830 prioribus
1434 797 1489 818 seu
1515 787 1754 819 commenitlata-

1007 841 1061 874 riis
1081 846 1111 874 et
1132 841 1342 874 conventibus
1362 840 1522 883 praetatis,
1543 851 1637 883 quem
1658 840 1756 872 inter-

1007 894 1083 926 dicti
1104 899 1133 926 et
1150 893 1369 937 suspensionis
1385 899 1440 925 aut
1453 892 1754 926 excommunicatio·

1007 947 1054 979 nis
1074 947 1247 979 sententias
1267 953 1296 979 et
1316 946 1501 989 privationis
1531 957 1664 989 poenam
1696 947 1754 979 bu-

1007 1000 1144 1033 iusmodi
1166 1000 1340 1032 incurrisse
1362 1000 1406 1033 eis
1426 999 1615 1035 constiti-rit,
1629 1000 1754 1042 quoties

1007 1064 1104 1097 super
1123 1054 1184 1086 hoc
1201 1063 1258 1097 pro
1280 1059 1369 1097 parte
1388 1052 1515 1095 collegii
1535 1053 1666 1096 praefati
1688 1054 1754 1085 fuc-

1009 1108 1071 1140 rint
1099 1107 1256 1150 requisiti,
1282 1107 1402 1139 tamdiu
1435 1106 1603 1139 dominicis
1631 1112 1661 1139 et
1685 1106 1755 1139 aliis

1007 1161 1124 1193 festivis
1140 1161 1253 1194 diebus
1264 1160 1294 1193 in
1307 1160 1460 1200 ecelesiis,
1472 1161 1549 1192 dum
1561 1159 1663 1192 maior
1675 1159 1754 1192 inibi

1007 1214 1120 1258 populi
1153 1214 1328 1247 multitudo
1352 1214 1391 1246 ad
1421 1213 1527 1246 divina
1555 1213 1751 1252 convenerit,

1007 1268 1211 1301 interdictum
1233 1273 1262 1300 et.
1281 1277 1469 1311 suspensum
1495 1267 1543 1299 vel
1569 1277 1753 1305 exeommu-

1006 1322 1149 1354 nicatum
1183 1327 1213 1354 et
1241 1321 1400 1364 privatum
1425 1320 1598 1364 respective
1626 1320 1754 1363 publice

1007 1374 1163 1407 nuncient
1184 1379 1213 1407 et
1234 1373 1349 1406 saciant
1369 1374 1407 1406 ab
1428 1373 1498 1406 aliis
1518 1372 1676 1413 nunciari,
1701 1384 1753 1405 ex-

1007 1427 1348 1470 communicatumque
1360 1427 1399 1459 ab
1411 1426 1755 1460 omnibusarctiusevi-

1008 1482 1080 1522 tari,
1090 1481 1192 1514 donec
1202 1480 1336 1523 collegio
1347 1481 1391 1513 vel
1405 1480 1604 1524 procuratori
1613 1482 1754 1524 praefato

1007 1536 1045 1568 de
1065 1536 1148 1568 dicta
1168 1535 1322 1579 pensione
1341 1541 1416 1567 tnnc
1436 1534 1542 1567 debita
1560 1534 1657 1566 suerit
1675 1534 1754 1567 intc-

1007 1600 1061 1632 gre
1072 1587 1617 1631 satisfactum,ipsequeinterdictus
1635 1592 1665 1620 et
1684 1599 1753 1620 sus-

1008 1654 1126 1686 pensus
1140 1642 1368 1675 relaxationem
1385 1641 1544 1674 interdicti
1569 1647 1600 1674 et
1624 1652 1754 1685 suspen-

1007 1697 1116 1736 sionis,
1128 1696 1483 1729 autexcommunicatus
1491 1694 1754 1727 abexcommuni-

1008 1750 1142 1783 cationis
1162 1750 1318 1783 sententia
1337 1748 1522 1781 huiusmodi
1544 1747 1754 1781 absolutionis

1007 1802 1525 1836 beneficiummerueritobtinere.
1537 1801 1754 1834 Contradict0-·

1008 1867 1058 1890 res
1073 1857 1232 1901 quoslihet
1246 1862 1277 1889 et
1293 1856 1428 1889 rebelles
1441 1866 1477 1888 ac
1493 1854 1675 1898 praemissis
1688 1865 1753 1887 non

1008 1916 1166 1953 parentes,
1186 1910 1210 1942 si
1232 1909 1408 1942 cardinales
1432 1913 1484 1940 aut
1506 1906 1677 1947 antistites,
1698 1918 1754 1940 au-

1008 1964 1154 1997 ctoritate
1179 1969 1304 2001 nostia,
1327 1962 1350 1995 si
1371 1972 1444 1994 vero
1464 1960 1632 1993 inferiores
1652 1961 1755 1993 cardi-

1008 2017 1135 2050 naliaut
1147 2016 1276 2050 antistiti
1288 2016 1360 2053 sint,
1377 2025 1433 2058 per
1449 2013 1620 2047 sententias
1634 2018 1664 2046 et
1678 2025 1753 2047 cen-

1007 2082 1097 2103 suras
1115 2077 1145 2104 et
1164 2081 1283 2114 poenas
1304 2068 1534 2101 ecclesiasticas
1549 2058 1675 2110 aliaque
1695 2078 1754 2111 op-

1008 2129 1146 2167 portuna
1167 2124 1246 2155 iuris
1266 2121 1419 2160 remedia,
1442 2120 1655 2164 appellatione
1672 2128 1755 2164 post-

1008 2178 1122 2220 posita,
1145 2178 1398 2220 compescendo:
1421 2188 1470 2215 ac,
1489 2176 1638 2220 legitimis
1657 2189 1756 2222 super

1009 2231 1058 2262 liis
1078 2230 1233 2263 habendis
1254 2232 1384 2262 servatis
1406 2231 1620 2274 processibus,
1641 2231 1755 2264 illosin

1008 2284 1192 2323 sententias,
1216 2295 1367 2316 censuras
1395 2289 1425 2316 et
1453 2295 1572 2327 poenas
1598 2285 1757 2328 praefatas

1009 2337 1182 2369 incurrisse
1197 2337 1401 2376 declarando,
1417 2348 1454 2370 ac
1468 2338 1560 2370 etiam
1573 2338 1757 2371 easiteratis

1008 2386 1128 2418 vicibus
1140 2387 1339 2428 aggravando
1352 2413 1359 2425 ,
1375 2386 1520 2419 invocato
1530 2387 1625 2418 etiam
1636 2387 1755 2425 adhoc,

1008 2435 1033 2467 si
1054 2445 1135 2478 opus
1155 2435 1262 2473 suerit,
1284 2435 1402 2467 auxilio
1426 2435 1546 2467 brachii
1568 2435 1753 2468 saecularis.

1052 2484 1066 2526 g
1086 2483 1138 2515 114.
1161 2483 1228 2515 Non
1250 2483 1449 2515 obstantibus
1470 2483 1569 2527 priori
1594 2483 1756 2516 voluntate

1009 2539 1117 2565 nostra
1136 2534 1289 2576 praet'ata3
1319 2539 1349 2565 et
1380 2532 1600 2565 Lateranensis
1627 2533 1755 2565 concilii

1010 2582 1179 2615 novissime
1213 2582 1375 2621 celebrati,
1406 2582 1540 2615 uniones
1571 2589 1752 2625 perpetuas,

1771 200 1822 227 Αη.
1839 197 1867 226 C.
1886 198 1953 226 1572

1836 2490 1953 2511 Contrariis

1749 2533 1754 2538 ·
1770 2522 1864 2541 omnibus
1893 2522 1953 2541 dero-

1769 2556 1811 2578 sau
