2059 3228
125 211 175 241 An.
194 212 213 240 C
241 212 303 240 issi

163 1234 179 1255 Μ
184 1240 208 1266 an
212 1234 272 1255 duin-
281 1236 308 1255 e-

121 1266 214 1285 xeeuuo.

362 204 426 238 408

318 278 396 312 pore
415 265 518 304 sactis,
538 268 704 306 tamquam
731 261 881 296 effectum
909 272 974 296 non
1002 272 1070 295 sor-

321 322 394 361 titis,
424 319 519 353 etiam
540 318 566 351 si
591 318 630 350 de
650 316 772 350 eisdem
795 315 1019 360 praesentibus
1039 320 1070 348 et

319 384 429 408 earum
454 378 521 406 toto
540 377 652 405 tenore
671 381 709 404 ac
728 370 802 403 data
825 369 985 413 specialis,
999 379 1070 412 spc-

320 428 411 462 cifica
421 432 448 460 et
467 435 615 469 expressa
624 423 746 458 mentio
757 423 823 463 fiat,
836 422 968 456 minime
982 433 1069 456 com-

319 479 488 526 prehendi,
504 478 570 519 sed,
592 478 656 511 illis
676 482 707 510 et
725 476 891 520 quibusvis
905 475 974 509 aliis
991 485 1068 509 con-

320 534 425 568 trariis
444 544 510 567 non
529 531 741 572 obstantibus,
765 531 798 564 in
818 530 883 563 suis
902 530 1020 563 robore
1039 534 1070 562 et

320 588 462 621 efficacia
481 586 667 632 persistere,
687 596 724 619 ac
743 584 871 628 quoties
891 584 964 617 illae
983 594 1071 617 ema-

320 642 454 682 nabunt,
476 640 569 674 toties
593 640 626 672 in
646 638 819 683 pristinum
841 643 959 671 statum
979 636 1071 670 resti-

320 701 414 736 tutas,
437 693 592 738 repositas
611 698 642 726 et
662 691 805 736 plenarie
816 691 1025 734 reintegratas
1033 700 1070 723 ac

320 749 360 782 de
379 759 460 782 novo
480 748 565 781 dicta
585 746 761 791 apostolica
780 744 972 778 auctoritate
992 753 1070 777 con-

320 813 424 836 cessas
438 812 507 835 esse
520 812 528 842 ;
539 810 667 834 necnon
680 799 886 839 erectionem,
898 797 1071 831 institutio-

319 866 394 889 nem
406 881 416 896 ,
437 853 590 888 unionem
602 880 609 894 ‚
628 853 840 886 annexionem
861 862 898 885 ac
918 851 1070 894 incorpo-

320 902 479 942 rationem
516 907 715 948 huiusmodi,
747 907 851 939 donec
875 905 930 938 illa
958 905 1070 948 plena-

320 964 406 997 rium
426 962 536 996 sortita
551 961 672 995 fuerint
691 960 853 1000 effectum,
879 961 1010 999 durare,
1034 969 1072 991 ac

320 1018 448 1051 irritum
469 1022 499 1050 et
518 1016 614 1049 inane
629 1014 786 1059 quidquid
796 1024 888 1047 secus
905 1023 1002 1057 super
1010 1013 1071 1051 his,

320 1084 338 1106 a
357 1081 533 1117 quoquam,
560 1069 670 1114 quavis
693 1067 902 1108 auctoritate,
936 1065 1073 1099 scienter

318 1127 369 1160 vel
388 1126 588 1169 ignoranter,
614 1121 785 1164 contigerit
805 1119 967 1153 attentari.

365 1180 380 1224 ἓ
406 1180 437 1213 6.
473 1177 631 1218 Quocirca
654 1174 892 1209 venerabilibus
922 1173 1073 1206 fratribus

321 1233 439 1268 nostris
467 1230 662 1266 Tornacensi
701 1234 733 1262 et
765 1227 921 1262 Bruxensi
950 1227 1074 1270 episco-

322 1288 382 1333 pis,
402 1298 440 1320 ac
460 1286 577 1319 dilecto
598 1284 664 1316 filio
685 1292 856 1316 causarum
877 1280 989 1314 Curiae
1014 1280 1073 1313 Ca-

320 1352 431 1375 merae
464 1338 666 1384 Apostolicae
687 1335 831 1380 generali
851 1333 991 1368 auditori
1015 1344 1075 1378 per

322 1394 499 1441 apostolica
509 1392 627 1436 scripta
634 1390 826 1424 mandamus
841 1393 1000 1432 quatenus
1013 1387 1074 1432 ipsi

322 1449 372 1483 vel
391 1449 456 1482 duo
476 1452 531 1480 aut
543 1456 629 1479 unus
644 1455 771 1485 eorum,
793 1453 892 1487 perse
907 1443 955 1475 vel
975 1442 1074 1476 alium

323 1514 380 1538 seu
393 1502 484 1543 alios,
504 1501 632 1535 easdem
652 1503 836 1544 praesentes
855 1497 978 1530 litteras
995 1502 1026 1530 et
1042 1497 1075 1530 in

325 1557 371 1591 eis
391 1560 541 1590 contenta
555 1562 791 1598 quaecumque,
813 1551 869 1583 ubi
889 1555 917 1584 et
945 1550 1075 1594 quando

325 1620 408 1655 opus
427 1607 583 1649 fuerit,ac
598 1605 724 1650 quoties
744 1614 803 1648 pro
824 1608 914 1647 parte
934 1603 1075 1647 Philippi

326 1674 364 1698 ac
382 1661 559 1708 praepositi
574 1666 603 1694 et
624 1658 758 1693 rectoris
777 1668 835 1691 seu
855 1656 1074 1700 collegialium

325 1716 570 1762 praedictorum
591 1712 712 1746 suerint
735 1710 895 1754 requisiti,
923 1710 1076 1743 solemni-

327 1776 377 1804 ter
400 1768 603 1814 publicantes
618 1793 626 1807 ,
648 1765 800 1809 eisquein
817 1763 1001 1808 praemissis
1012 1763 1079 1796 effi-

328 1823 413 1858 cacis
450 1820 644 1856 defensionis
683 1818 846 1863 praesidio
879 1817 1076 1858 assistentes,

328 1876 448 1911 saciant
470 1874 658 1908 auctoritate
678 1877 788 1906 nostra
798 1871 1079 1915 praesenteslitte-

330 1942 382 1966 ras
401 1936 432 1964 et
450 1930 484 1963 in
498 1929 543 1963 eis
555 1932 706 1962 contenta
724 1935 950 1970 quaecumque
965 1925 1080 1957 huius-

329 1984 417 2019 modi
431 1984 470 2017 ab
484 1982 647 2022 omnibus,
663 1981 702 2014 ad
722 1990 803 2023 quos
816 1983 937 2023 spectat
957 1983 988 2011 et
1008 1988 1080 2022 spe-

331 2038 429 2073 ctabit
448 2035 694 2081 quomodolibet
717 2034 750 2067 in
769 2034 926 2073 futurum,
947 2031 1081 2065 inviola-

329 2092 438 2126 biliter
457 2089 632 2130 observari3
655 2089 808 2133 ipsosque
826 2086 1013 2130 Philippum
1029 2096 1081 2118 re-

331 2156 404 2189 gem
424 2155 461 2178 ac
480 2143 703 2188 praepositum
723 2147 753 2175 et
761 2146 920 2175 rectorem
936 2151 973 2173 ae
983 2139 1083 2173 colle-

332 2199 431 2242 giales
475 2197 648 2237 erectione,
696 2195 910 2234 institutione,
947 2193 1083 2233 indulto,

332 2251 467 2292 unione,
489 2249 668 2284 annexione
680 2254 711 2283 et
725 2247 986 2292 incorporatione
997 2246 1084 2279 aliis-

911 208 1091 234 minimum
1108 207 1259 233 nmmum!

1111 271 1202 295 suras
1222 266 1253 294 et
1272 271 1391 305 poenas
1412 263 1642 296 ecclesiasticas
1661 251 1788 307 aliaque
1798 273 1856 307 op-

1110 320 1251 359 portuna
1272 315 1350 348 iuris
1370 320 1401 348 et
1432 316 1506 349 facti
1537 316 1690 357 remedia,
1717 317 1857 360 appella-

1110 368 1197 401 tione
1217 369 1405 413 postposita,
1428 370 1679 413 compescendo;
1692 380 1740 410 ac,
1754 369 1857 414 logiti-

1111 421 1171 454 mis
1191 432 1289 465 super
1309 421 1358 455 his
1378 422 1534 455 habendis
1554 422 1683 456 servatis
1702 423 1858 468 processi-

1109 475 1182 515 bus,
1205 475 1274 508 illas
1294 476 1477 515 sententiam,
1514 486 1666 509 censuras
1691 481 1722 510 et
1740 487 1859 520 poenas

1111 527 1197 572 ipsos
1221 528 1394 562 incurrisse
1425 529 1629 570 declarando,
1665 530 1735 563 illas
1763 530 1858 563 etiam

1111 582 1231 615 iteratis
1241 582 1363 615 vicibus
1376 583 1590 625 aggravando,
1606 583 1751 617 invocato
1762 582 1858 617 etiam

1111 635 1235 676 adhoc,
1257 635 1283 668 si
1303 645 1384 680 opus
1399 636 1637 678 suerit,auxilio
1646 636 1772 670 brachii
1788 647 1856 671 sae-

1112 688 1241 722 cularis.

1155 742 1170 785 ἓ
1190 742 1220 775 7.
1243 741 1313 775 Non
1337 742 1540 776 obstantibus
1571 742 1672 786 priori
1695 743 1859 776 voluntate

1112 801 1220 829 nostra
1243 796 1418 840 praedicta,
1438 807 1475 829 ac
1494 796 1716 830 Lateranensis
1731 796 1859 830 concilii

1112 848 1281 883 novissime
1311 849 1476 890 celebrati,
1512 849 1648 883 uniones
1677 855 1859 894 perpetuas,

1112 902 1173 935 nisi
1193 902 1226 936 in
1246 903 1372 936 casibus
1392 914 1409 936 a
1428 903 1499 936 iure
1519 903 1692 947 permissis,
1706 903 1777 936 fieri
1787 914 1861 947 pro-

1113 957 1262 998 hibentis,
1283 968 1320 991 ac
1336 957 1436 990 felicis
1452 957 1685 991 recordationis
1706 957 1860 991 Bonifacii

1108 1011 1217 1057 vPapae
1231 1011 1308 1051 VIII,
1330 1010 1586 1055 praedecessoris
1618 1010 1734 1052 nostri,
1765 1011 1861 1045 etiam

1114 1064 1180 1104 illa,
1202 1075 1266 1108 qua
1283 1070 1424 1106 cavetur,
1447 1075 1487 1098 ne
1503 1065 1574 1108 quis
1587 1070 1673 1098 extra
1685 1075 1774 1098 suam
1785 1064 1861 1098 civi-

1114 1123 1211 1150 tatem
1231 1118 1279 1151 vel
1296 1118 1482 1158 dioecesim,
1505 1118 1566 1151 nisi
1581 1118 1614 1151 in
1635 1118 1730 1151 certis
1749 1128 1863 1163 excep-

1115 1171 1153 1204 tis
1173 1170 1300 1204 casibus
1319 1177 1351 1205 et
1368 1172 1400 1204 in
1425 1172 1489 1205 illis
1498 1172 1584 1205 ultra
1604 1182 1702 1205 unam
1722 1172 1860 1206 diaetam

1114 1236 1131 1258 a
1147 1225 1211 1258 fine
1232 1235 1308 1258 suae
1332 1225 1489 1259 dioecesis
1511 1225 1551 1259 ad
1571 1225 1728 1259 iudicium
1748 1235 1861 1260 evoce-

1114 1283 1178 1319 tur,
1200 1289 1255 1311 seu
1276 1289 1315 1312 ne
1330 1278 1571 1313 iudicesaSede
1583 1278 1747 1323 praedicta
1758 1279 1861 1324 depu-

1115 1332 1171 1366 tati
1179 1337 1267 1365 extra
1276 1333 1437 1366 civitatem
1450 1333 1496 1366 vel
1508 1332 1694 1373 dioecesim,
1703 1333 1736 1366 in
1745 1332 1861 1377 quibus

1115 1385 1258 1430 deputati
1268 1386 1514 1427 fuerint,contra
1522 1397 1744 1430 quoscumque
1751 1396 1863 1430 proce-

1115 1441 1201 1481 dere,
1221 1447 1276 1474 aut
1288 1440 1341 1473 alii
1360 1441 1408 1473 vel
1428 1440 1499 1474 aliis
1518 1440 1602 1474 vices
1621 1451 1694 1474 suas
1713 1440 1861 1474 commit-

1116 1500 1182 1528 tere
1202 1495 1433 1538 quoquomodo
1452 1499 1672 1538 praesumant,
1683 1498 1715 1527 et
1727 1494 1766 1527 de
1781 1494 1862 1527 dua-

1116 1548 1176 1581 bus
1195 1548 1307 1581 diaetis
1319 1548 1352 1581 in
1366 1548 1503 1581 concilio
1512 1547 1760 1591 generaliedita,
1770 1548 1863 1581 dum-

1117 1601 1212 1635 modo
1238 1602 1324 1635 ultra
1348 1608 1410 1635 tres
1439 1601 1558 1635 diaetas
1582 1600 1698 1645 aliquis
1721 1601 1862 1635 auctori-

1119 1660 1179 1689 [ate
1200 1656 1420 1700 praesentium
1440 1656 1479 1689 ad
1499 1655 1654 1688 iudicium
1671 1664 1736 1688 non
1754 1654 1863 1688 traha-

1119 1716 1182 1750 tur,
1204 1709 1340 1753 aliisque
1360 1709 1525 1754 quibusvis
1545 1707 1866 1741 constitutionibusct

1118 1762 1376 1796 ordinationibus
1395 1762 1591 1806 apostolicis,
1613 1771 1741 1794 necnon
1757 1770 1867 1794 mona-

1119 1816 1208 1850 sterii
1227 1822 1258 1849 et
1283 1815 1445 1860 prioratus
1463 1826 1500 1849 ac
1529 1815 1655 1849 Ordinis
1684 1813 1867 1859 praedicto-

1120 1881 1205 1911 rum,
1228 1870 1421 1910 iuramento,
1436 1869 1682 1903 confirmatione
1693 1867 1869 1912 apostolica

1121 1925 1167 1957 vel
1188 1924 1298 1967 quavis
1316 1923 1468 1956 firmitate
1488 1923 1550 1956 alia
1570 1923 1740 1963 roboratis,
1766 1926 1868 1955 statu-

1123 1979 1160 2011 tis
1179 1984 1211 2011 ct
1230 1977 1529 2017 consuetudinibus,
1542 1975 1868 2021 privilegiis-quoque,

1122 2032 1255 2065 indultis
1274 2038 1305 2065 et
1324 2031 1438 2064 litteris
1449 2030 1646 2074 apostolicis,
1661 2029 1723 2062 illis
1740 2038 1870 2062 eorum-

1122 2097 1184 2130 que
1204 2085 1425 2130 superioribus
1446 2091 1475 2117 et
1495 2084 1652 2128 personis,
1671 2082 1872 2126 subquibus-

1123 2150 1262 2183 cumque
1284 2139 1451 2172 tenoribus
1462 2144 1493 2171 ct
1513 2137 1636 2178 formis,
1652 2148 1688 2170 ac
1708 2147 1782 2170 cum
1798 2135 1870 2180 qui-

1123 2194 1244 2234 busvis,
1271 2193 1367 2226 etiam
1396 2192 1673 2235 derogatoriarum
1701 2190 1870 2232 derogato-

1125 2247 1180 2280 riis
1200 2247 1335 2289 aliisque
1344 2245 1579 2279 efficacioribus
1592 2250 1621 2277 ct
1632 2243 1776 2283 insolitis,
1786 2243 1873 2275 clau-

333 2315 397 2348 que
412 2303 598 2349 praemissis
607 2303 758 2336 omnibus
780 2307 811 2335 et
831 2301 978 2344 singulis,
997 2300 1086 2333 iuxta
1125 2296 1216 2337 sulis,
1237 2306 1363 2329 necnon
1377 2295 1578 2328 irritantibus
1590 2299 1621 2326 et
1636 2293 1706 2326 aliis
1720 2291 1870 2331 decretis,

334 2354 521 2386 earumdem
543 2352 765 2397 praesentium
781 2350 961 2384 litterarum
982 2348 1086 2382 conti-

334 2398 474 2434 nentiam
496 2406 527 2434 et
547 2407 692 2434 tenorem
712 2399 846 2444 pacifice
867 2397 929 2431 srui
959 2402 990 2430 et
1008 2407 1087 2440 gau-

335 2451 423 2484 dere.
443 2450 513 2483 Non
528 2449 751 2495 permittentes
771 2459 825 2482 eos
839 2459 895 2481 seu
908 2457 1020 2480 eorum
1033 2446 1089 2479 ali-

337 2509 434 2542 quem
455 2500 594 2544 desuper
613 2509 672 2544 per
691 2507 917 2542 quoscumque
950 2505 1088 2539 quomo-

336 2547 460 2581 dolibet
474 2548 616 2582 indebite
633 2547 808 2581 molestari.
832 2545 1091 2580 Contradictorcs

336 2596 501 2640 quoslihet
520 2602 551 2630 et
571 2598 721 2636 rebelles,
741 2607 799 2640 per
811 2594 997 2637 sententias,
1014 2603 1090 2628 cen-

1127 2346 1159 2378 in
1179 2356 1296 2389 genere
1315 2345 1365 2378 vel
1385 2344 1417 2376 in
1438 2343 1677 2387 specie‚‘·ctiaiu
1703 2341 1742 2374 ad
1770 2341 1871 2385 impe-

1128 2395 1255 2436 ratoris,
1277 2391 1734 2438 regum,rcginarum,ducum
1752 2387 1872 2422 autali-

1129 2455 1222 2478 orum
1243 2443 1425 2488 principum
1458 2440 1642 2474 instantiam
1662 2439 1710 2472 vel
1731 2442 1872 2472 contem-

1131 2494 1317 2538 plationem,
1343 2503 1399 2525 scu
1432 2490 1527 2524 ctiam
1559 2494 1648 2522 motu
1679 2493 1711 2521 et
1740 2485 1873 2520 scientia

1130 2543 1301 2583 similibus,
1329 2541 1423 2575 etiam
1461 2540 1582 2573 iteratis
1615 2537 1747 2575 vicibus,
1777 2533 1874 2567 etiam

1131 2603 1228 2638 super
1242 2590 1422 2637 provisione
1437 2600 1492 2623 seu
1513 2585 1729 2633 praefectione
1747 2583 1787 2618 de
1805 2582 1874 2616 dic-

1873 194 1939 236 :Ansx
