2059 3228
93 204 147 233 An.
163 204 190 234 Cv
209 204 277 234 1585

103 754 214 775 narni-aito
224 759 273 775 con.

93 786 212 805 turiurum.

340 193 403 227 0500

293 256 366 289 stris
393 259 521 288 statuto,
555 247 761 284 concessione
781 251 811 279 et
836 243 1036 278 ordinatione

291 315 327 337 ac
357 303 425 336 aliis
447 299 629 345 praemissis
659 295 792 341 pacifice
811 294 874 328 frui
903 299 934 327 et
958 303 1035 336 gau-

291 353 365 385 dere
385 351 498 384 saciant
515 354 543 382 et
556 351 741 392 procurent.
762 344 832 378 Non
851 341 1037 387 permitten-

290 407 336 433 tes
360 411 413 433 vos
443 410 460 431 a
491 407 653 441 quoquam
685 395 824 438 desuper
854 390 1034 425 molestari;

289 448 540 481 contradictores
561 445 721 489 quoslibet
747 449 778 476 et
807 441 943 475 rebelles
980 450 1038 483 per

289 508 440 530 censuras
460 502 490 529 et
523 495 612 535 alias,
643 494 683 527 de
709 492 826 536 quibus
846 490 891 523 eis
915 488 1036 522 videbi-

289 553 350 580 tur.
372 556 490 589 poenas
500 542 747 588 compescendo,
771 540 914 573 adhibito
941 536 1036 570 etiam

288 596 326 628 ad
351 595 424 634 hoc,
452 595 477 627 si
502 604 584 638 opus
618 592 726 633 suerit,
759 589 878 623 auxilio
913 585 1037 620 brachii

288 644 475 677 saecularis.
520 650 527 660 ²

333 693 348 736 ἓ,
373 694 404 726 o.
432 693 501 725 Non
522 689 721 726 obstantibus
740 685 905 731 quibusvis
918 682 1036 717 consti-

288 742 469 775 tutionibus
489 748 519 775 et
547 738 805 774 ordinationibus
824 733 1035 779 -apostolicis3

288 802 416 825 necnon
437 791 570 825 civitatis
588 796 619 824 et
649 787 833 833 provinciae
861 783 1038 829 praedicta-

289 851 374 881 rum,
393 842 587 879 iuramento,
605 831 1038 876 confirmationeapostolica

289 890 336 922 vel
355 889 466 933 quavis
484 889 634 922 firmitate
654 886 716 920 alia
739 882 911 922 roboratis,
938 886 1038 914 statu-

288 937 327 970 tis
339 944 370 971 et
385 937 672 972 consuetudinibus
688 945 724 968 ac
739 930 1036 968 reformationibus3

289 998 416 1022 necnon
441 988 549 1020 forsan
576 982 847 1019 transactionibus
873 980 958 1013 inter
985 989 1039 1012 vos

290 1044 318 1071 et
355 1037 531 1081 praecipue
573 1033 821 1069 communitates
858 1035 1038 1063 castrorum

288 1086 397 1120 Misani
412 1114 419 1127 ‚
446 1085 613 1125 Molazani,
631 1081 770 1117 Ceresoli
791 1086 821 1114 et
845 1079 1038 1113 Sanctorum

288 1136 423 1168 Andreae
447 1135 480 1167 in
499 1134 692 1177 Patrignano
705 1129 890 1165 etBisanico
906 1126 1040 1160 debilio-

289 1196 351 1225 re<‚
374 1190 405 1218 et
422 1184 454 1217 in
474 1183 650 1216 maximum
666 1182 821 1214 damnum
831 1183 861 1211 et
873 1175 1038 1220 praeiudi-

291 1233 376 1267 cium
397 1238 576 1266 castrorum
609 1229 756 1270 Passani,
783 1226 901 1272 Capitis
936 1224 1039 1258 Officii

292 1289 318 1315 et
345 1282 452 1316 Sancti
480 1281 587 1315 Savini
613 1288 812 1313 annexorum
837 1275 944 1319 quoad
963 1284 1040 1318 poe-

291 1342 348 1364 nas
377 1332 570 1365 damnorum
596 1330 745 1363 datorum
769 1327 856 1360 iuxta
875 1324 1039 1358 decimum

291 1381 469 1424 capitulum
483 1390 674 1413 concessum
682 1389 699 1411 a
707 1377 850 1422 praefato
861 1375 947 1418 Papa
957 1372 1038 1406 Iulio

291 1430 442 1470 secundo,
468 1435 499 1463 et
525 1429 607 1462 cives
633 1426 826 1472 praedictos,
849 1422 1040 1468 praemisso-

290 1490 363 1512 rum
387 1478 582 1517 occasione,
609 1477 705 1510 etiam
740 1480 852 1508 contra
880 1472 1039 1505 dictarum

290 1529 470 1561 litterarum
494 1533 653 1566 tenorem,
675 1525 774 1565 initis,
802 1521 986 1567 approbatis
1010 1526 1041 1554 et

291 1577 462 1617 innovatis,
487 1577 645 1620 lapsuque
668 1574 814 1607 fatalium
839 1582 953 1605 causae
968 1581 1040 1603 ver-

291 1637 355 1664 sae,
382 1626 562 1669 ceterisque
583 1622 751 1658 contrariis
766 1622 1037 1666 quibuscumque.

335 1675 448 1708 Datum
461 1674 581 1707 Romae
600 1672 685 1717 apud
711 1671 864 1704 Sanctum
883 1669 1039 1708 Marcum,

292 1724 351 1767 snb
371 1723 492 1756 annulo
510 1722 692 1762 piscatoris,
714 1721 765 1754 die
790 1729 831 1752 ss
851 1716 1042 1762 septembris

291 1783 447 1813 morxxxv,
464 1772 670 1816 pontificatus
683 1769 784 1804 nostri
805 1779 889 1802 anno
909 1778 932 1801 1.

324 1830 388 1860 Dat.
407 1830 455 1860 die
473 1829 511 1860 ΞΟ
526 1834 650 1869 septem.
669 1828 758 1866 1585,
774 1826 879 1866 pontif.
897 1835 974 1856 anno
992 1834 1013 1855 1.

294 2008 340 2042 De
365 2009 514 2042 electione
539 2008 761 2052 praelatorum
785 2004 1044 2049 conqreyotionis

339 2057 626 2091 Srtncle'Bernardi
638 2057 675 2089 in
692 2056 797 2089 Italia
812 2055 1044 2087 monachorum.

342 2108 475 2141 Ordinis
503 2107 724 2141 Cisterciensis
757 2105 916 2148 regularis
943 2104 1046 2136 obser-

339 2158 483 2196 tentiae,
502 2157 539 2189 de
555 2161 655 2189 cetero
671 2155 822 2197 facienda
843 2165 882 2186 esc
896 2153 1046 2186 universo

342 2217 473 2238 numero
485 2206 684 2239 sacerdotum
704 2205 807 2237 dictae
826 2202 1045 2245 conqreqatio-

341 2257 394 2288 ηιλ-
408 2282 415 2294 ,
451 2257 506 2298 qni
542 2256 669 2287 minora
705 2254 808 2296 officia
841 2252 1048 2285 laudabiliter

344 2305 472 2336 biennio
497 2304 698 2337 exercuerint
723 2302 750 2336 ¹.

337 2371 432 2399 sixtus
443 2372 513 2406 Papa
521 2371 551 2404 V,
565 2371 598 2399 ad
608 2371 772 2407 perpetuam
790 2369 832 2398 rei
845 2367 1012 2397 memoriam.

346 2429 455 2472 Nuper
486 2439 545 2472 pro
569 2434 658 2472 parte
684 2428 875 2461 dilectorum
907 2426 1049 2459 filiorum

305 2477 427 2510 abbatis
449 2477 608 2518 Cistercii,
634 2477 854 2511 cabilonensis
879 2476 1047 2516 dioecesis,

344 2544 353 2569 1
372 2541 459 2569 Aliter
478 2542 505 2569 in
521 2543 574 2570 hoc
586 2543 763 2577 disposuerat
783 2542 935 2577 Gregorius
949 2541 1007 2568 thl
1023 2541 1051 2567 in

307 2589 357 2610 sua
369 2582 479 2610 constit.
492 2589 605 2618 cxxxvi,
617 2583 765 2618 Romanus,
779 2590 854 2618 sup,
871 2589 933 2616 pao.
952 2582 1014 2609 224.

908 2609 922 2617 u

883 189 1063 216 ct'LLAmt'M
1082 187 1233 213 nmmum-i

1078 240 1237 284 generalis
1268 237 1395 275 Ordinis
1419 237 1636 272 cisterciensis
1653 265 1661 280 ,
1695 247 1824 271 necnon

1078 294 1229 326 abbatum
1245 319 1253 333 ‚
1293 292 1512 336 praelatorum
1545 297 1577 324 et
1607 297 1824 325 conventuum

1079 346 1350 380 monasteriorum
1371 346 1447 379 dicti
1456 344 1584 379 Ordinis
1597 345 1658 379 fuit
1667 346 1763 381 nobis
1773 357 1826 381 ex-

1078 401 1218 445 positum
1238 401 1323 444 quod
1353 400 1431 433 alias
1461 400 1605 443 regimen
1623 399 1724 446 ipsius
1747 413 1825 437 con-

1077 454 1288 497 gregationis,
1316 453 1423 487 medio
1443 459 1588 498 tempore
1617 448 1826 491 inter‘unum

1078 513 1107 541 et
1128 509 1265 540 alterum
1296 507 1487 551 capitulum,
1498 508 1620 542 solebat
1628 509 1667 542 de
1677 509 1826 545 universo

1078 561 1282 594 sacerdotum
1301 571 1439 595 numero
1458 562 1610 606 propriae
1627 564 1824 607 provinciae,

1078 614 1269 648 anctoritate
1288 615 1465 659 apostolica
1474 615 1547 649 illos
1559 616 1676 660 eligere
1686 618 1727 651 ad
1737 629 1828 663 prae-

1078 669 1199 702 laturas
1217 674 1377 710 vacantes,
1399 680 1479 713 quos
1497 670 1598 713 magis
1610 670 1744 706 idoneos
1757 683 1827 708 ma?
1880 675 1885 679 ’
1930 658 1951 672 -.

1077 722 1189 765 gisque
1205 723 1318 766 dignos
1338 722 1500 756 iudicabat
1513 734 1521 763 ;
1534 723 1566 756 in
1581 735 1645 768 qua
1653 725 1827 771 quasipos-

1078 777 1218 809 sessione
1237 776 1283 810 sic
1303 775 1441 819 eligendi
1462 787 1520 820 per
1540 777 1673 820 longum
1700 785 1828 824 tempus

1079 830 1313 874 perseveravit,
1347 830 1450 863 donec
1479 830 1519 864 de
1546 841 1632 865 anno
1667 841 1825 874 mnnxxlx,

1079 884 1179 917 felicis
1197 883 1432 918 recordationis
1446 883 1622 927 Gregorius
1636 885 1722 930 Papa
1743 886 1826 928 XIII,

1079 938 1308 983 praedecessor
1331 943 1452 979 noster,
1474 938 1560 971 inter
1574 939 1637 972 alia
1655 944 1774 974 statuta
1787 940 1828 974 ad

1079 992 1341 1026 reformationem
1361 992 1595 1025 monachorum
1611 992 1688 1026 dicti
1700 993 1828 1029 Ordinis

1079 1046 1286 1090 pertinentia,
1307 1046 1449 1080 decrevit
1459 1050 1490 1079 et
1503 1045 1664 1080 mandavit
1681 1047 1762 1081 utde
1772 1058 1827 1085 ce-

1078 1105 1148 1132 tero
1163 1099 1340 1143 capitulum
1357 1099 1460 1132 dictae
1468 1099 1726 1143 congregationis
1735 1101 1828 1136 fieret

1080 1153 1118 1186 de
1146 1152 1286 1186 triennio
1310 1153 1343 1185 in
1371 1152 1570 1194 triennium3
1597 1158 1629 1187 et
1660 1153 1694 1186 in
1720 1154 1828 1198 primo

1079 1206 1189 1239 futuro
1202 1206 1354 1250 capitulo,
1369 1216 1428 1250 pro
1443 1206 1586 1249 qualibet
1595 1207 1770 1251 provincia,
1781 1212 1828 1242 tot

1080 1260 1262 1293 sacerdotes
1289 1265 1369 1303 quot
1388 1264 1494 1293 essent
1512 1259 1545 1292 in
1561 1270 1598 1293 ea
1609 1261 1824 1304 praelaturae,

1081 1318 1111 1346 et
1130 1313 1263 1357 insuper
1282 1313 1336 1346 alii
1357 1319 1496 1357 quatuor
1519 1314 1710 1356 sacerdotes,
1733 1314 1828 1348 habi-

1079 1367 1126 1400 les
1150 1366 1190 1399 ad
1206 1366 1407 1410 praelaturas
1430 1367 1636 1407 exercendas,
1650 1366 1683 1400 in
1698 1378 1828 1412 quaque

1081 1421 1244 1464 provincia
1269 1420 1548 1465 approbarentur;
1579 1421 1635 1464 qui
1661 1421 1756 1455 etiarn
1787 1421 1828 1456 ad

1079 1474 1250 1507 visitatoris
1273 1473 1405 1507 maioris
1434 1474 1576 1507 officium
1605 1474 1755 1508 similiter-
1775 1486 1830 1520 ap-

1081 1527 1207 1572 probati
1228 1538 1296 1561 esse
1325 1528 1602 1571 intelligerentur3
1633 1529 1787 1573 quodque
1807 1528 1829 1562 ii

1081 1587 1208 1614 tantum
1228 1581 1268 1614 ad
1287 1582 1488 1624 praelaturas
1507 1587 1538 1615 et
1548 1581 1721 1616 visitatoris
1731 1582 1831 1616 maio-

1081 1635 1126 1668 ris
1135 1635 1276 1668 officium
1285 1634 1474 1668 huiusmodi
1485 1635 1657 1679 approbari
1665 1635 1832 1687 deberent,¹

1082 1689 1138 1733 qui
1156 1688 1260 1722 officia
1278 1688 1416 1729 minora,
1436 1698 1554 1731 nempe
1568 1688 1789 1722 cellerariatus
1800 1693 1832 1722 et

1082 1738 1260 1782 prioratus,
1292 1737 1388 1781 digne
1412 1737 1572 1781 gradatim
1584 1764 1595 1777 ,
1629 1738 1743 1771 saltem
1773 1749 1833 1782 per

1082 1787 1251 1821 biennium
1262 1787 1295 1820 in
1311 1786 1582 1830 quolibetofficio,
1595 1786 1733 1820 fideliter
1743 1797 1832 1821 exer-

1083 1836 1235 1878 cuissent,
1253 1842 1350 1880 atque
1372 1841 1408 1869 ut
1427 1836 1526 1869 semel
1546 1835 1729 1879 approbati,
1745 1846 1831 1869 sem-

1083 1896 1142 1929 per
1160 1885 1285 1918 habiles
1308 1885 1377 1918 fore
1406 1889 1625 1917 censerentur.
1663 1883 1833 1918 Praeterea

1084 1933 1304 1972 ut‚deficiente
1313 1933 1565 1977 approbatorum
1574 1932 1761 1965 huiusmodi
1773 1943 1833 1966 nu-

1085 1993 1188 2023 mero,
1209 1982 1273 2016 sive
1297 1993 1356 2026 per
1374 1981 1499 2014 obitum
1525 1981 1657 2014 illorum
1681 1981 1747 2015 sive
1774 1992 1834 2026 per

1085 2031 1299 2075 privationem
1314 2031 1355 2064 ob
1373 2030 1543 2064 commissa
1563 2030 1694 2070 delicta,
1712 2029 1746 2063 in
1756 2041 1832 2074 pro-

1085 2081 1168 2113 xime
1188 2080 1306 2114 futuris
1330 2079 1489 2123 capitulis,
1521 2085 1550 2112 et
1570 2089 1635 2112 non
1653 2078 1757 2121 aliter,
1778 2079 1834 2112 alii

1086 2130 1118 2162 in
1139 2129 1270 2163 illorum
1287 2130 1394 2162 locum
1419 2128 1669 2169 sufficerentur;
1690 2128 1735 2161 ita
1745 2129 1835 2172 quod

1087 2190 1215 2223 semper
1242 2189 1398 2212 numerus
1430 2188 1570 2221 qu-.u0r
1594 2182 1718 2210 tantum
1747 2183 1835 2211 extra

1087 2229 1286 2271 praelaturas
1309 2227 1481 2270 aquolibet
1495 2226 1637 2270 capitulo
1648 2226 1832 2259 haberetur.

1088 2278 1123 2310 Et
1144 2277 1168 2310 si
1184 2278 1268 2310 intra
1283 2276 1458 2309 triennium
1468 2275 1607 2318 aliquem
1617 2275 1834 2318 praelatorum

1089 2326 1258 2366 decedere,
1285 2331 1341 2359 aut
1364 2336 1381 2358 a
1405 2323 1622 2357 visitatoribus
1639 2323 1690 2356 vel
1709 2334 1728 2356 a
1746 2322 1834 2367 capi-

1091 2376 1156 2408 tulo
1172 2376 1213 2409 ob
1228 2375 1338 2418 aliqua
1358 2373 1514 2407 demerita
1528 2371 1648 2416 privari
1668 2372 1835 2415 continge-

1090 2430 1148 2465 ret,
1169 2425 1251 2457 alius
1271 2430 1360 2458 extra
1383 2432 1555 2456 numerum
1585 2420 1835 2465 approbatorum

1091 2474 1333 2518 praedictorum
1353 2471 1485 2504 minime
1504 2469 1624 2503 assumi
1646 2475 1774 2514 posset,
1799 2479 1836 2502 ac

1091 2524 1168 2556 alias
1195 2527 1290 2566 prout
1319 2521 1352 2553 in
1381 2519 1551 2564 praedictis
1582 2517 1837 2563 praedecessoris

1092 2571 1190 2604 nostri
1213 2570 1327 2604 litteris
1350 2569 1447 2603 latius
1461 2568 1521 2603 ruit
1539 2576 1737 2616 expressum·

1838 395 1889 410 11an

1839 425 1864 442 [0

1838 269 1914 286 enm
1929 264 1945 292 ,κ’

1838 295 1897 323 prael
1917 303 1927 320 ¹„
1941 311 1942 314 ,

1838 331 1890 352 gero
1931 339 1954 350 ».

1838 357 1870 384 sis
1886 357 1946 385 iffi

1852 879 1882 902 Gr
1901 892 1917 904 ,ι
1947 883 1962 886 ”’

1841 911 1905 934 atim
2006 919 2008 922 ·
