2059 3228
29 1109 60 1128 ‘h
75 1107 114 1128 'rri-

35 1138 108 1155 men

27 1271 113 1290 tumtun·

27 1296 76 1332 ξύν.

33 317 37 323 ,
61 293 127 323 ¹578

135 372 188 401 ant
206 365 527 408 nihilominus,prout
540 371 760 408 opportunum
774 362 878 402 suerit,

133 419 321 466 provinciali
342 417 485 457 obedire,
508 417 532 449 si
550 427 607 461 pro
629 420 772 460 tempore
784 416 878 449 etiam

133 472 202 506 aliis
219 470 419 505 monasteriis
431 470 582 503 inservire
598 470 779 513 contigerit,
792 469 879 512 quod

131 524 338 571 provincialis
357 523 488 556 arbitrio
510 528 700 556 reservetur.

176 579 190 623 ἓ
210 577 262 611 17.
298 577 549 611 Constitmiones
577 577 735 609 hactenus
758 586 776 608 a
795 586 876 619 quo-

31 631 121 678 guggssff
131 642 228 676 quam
239 631 287 664 vel
305 631 530 673 undecumque
542 635 719 667 emanante,
731 639 876 672 quaeque

130 685 178 718 vel
202 694 264 728 per
280 690 421 716 sanctam
443 684 556 716 Sedem
578 682 795 726 Apostolicam
819 693 876 726 ap-

129 737 282 782 probatae
302 742 332 770 et
356 736 564 769 confirmatae
580 746 643 768 non
676 735 807 775 suerint,
828 736 877 767 vel

129 790 163 824 in
173 790 325 835 capitulo,
336 790 374 823 de
385 800 542 823 consensu
554 789 779 829 diffinitorum,
791 789 877 832 prio-

98 856 100 859 ’
127 853 213 884 rum,
248 848 498 886 procuratorum
527 848 557 874 et
588 842 726 874 aliorum
763 853 875 875 vocem

126 895 328 936 habentium,
350 900 477 938 recepta
502 905 566 928 non
596 896 726 936 suerint,
762 896 876 929 fratres

126 949 166 982 ad
186 959 324 992 poenam
359 950 407 982 vel
428 948 467 981 ad
492 949 620 992 culpam
646 948 789 991 obligare
809 959 875 982 non

125 1001 357 1044 intelligantur.

168 1055 256 1098 §18.
283 1055 318 1088 ln
346 1055 440 1088 dietis
469 1060 575 1087 autem
613 1055 761 1098 capitulis
788 1061 818 1088 et
842 1056 873 1088 in

123 1108 385 1152 quibuscumque
420 1108 489 1140 aliis
524 1113 672 1140 teneatur
709 1108 873 1151 provincia

124 1171 252 1195 servare
272 1161 400 1194 decreta
420 1161 501 1194 sacri
528 1161 656 1194 eom-ilii
681 1161 869 1194 Tridentini.

139 1234 142 1237 ·
169 1215 185 1258 ἓ
204 1214 258 1248 19.
274 1215 337 1248 Nos
356 1215 466 1258 igitur,
489 1215 542 1258 qui
565 1215 739 1258 Religionis
757 1216 871 1248 liuius-

123 1268 211 1302 modi
238 1273 270 1302 et
307 1268 393 1302 illius
423 1268 626 1301 astrictarum
660 1279 871 1312 personarum

122 1322 340 1365 quarumlibet
358 1322 518 1354 salubrem
539 1321 751 1354 directionem
772 1322 872 1355 since-

121 1373 167 1420 ris
180 1374 368 1408 associamus
383 1373 561 1414 desideriis,
586 1380 646 1407 tam
668 1375 817 1407 Alvarum
842 1383 871 1409 et

121 1426 256 1461 Paulum
282 1427 448 1470 religiosos
472 1428 666 1471 praedictos,
684 1439 780 1471 quam
798 1440 871 1472 pro-

121 1480 288 1514 vincialem
321 1486 352 1514 et
384 1481 568 1524 superiores
588 1481 662 1514 dieti
681 1481 807 1515 Ordinis
841 1488 871 1516 et

123 1544 235 1568 eorum
261 1534 438 1577 quemlibet
462 1546 478 1567 a
499 1534 663 1576 quibusvis
684 1545 870 1568 excommu-

119 1587 303 1628 nicationis,
321 1588 541 1631 suspensionis
562 1593 592 1621 et
612 1589 773 1622 interdicti
786 1590 871 1622 aliis-

750 310 925 335 nnnnonms
944 310 996 333 xm
1018 308 1065 332 ΓΡ.

1561 292 1624 331 ⁶235.

920 361 1056 395 astrictis
1095 360 1253 403 personis,
1274 369 1359 393 nunc
1394 366 1422 393 ct
1444 371 1502 405 pro
1524 366 1668 405 tempore

920 413 1128 449 existentibus
1156 418 1187 446 ct
1207 414 1331 454 suturis,
1352 425 1388 447 ac
1419 415 1489 447 aliis
1518 416 1668 448 omnibus

919 473 950 501 ct
969 467 1114 511 singulis⁷
1138 477 1217 509 quos
1237 468 1411 510 praemissa
1424 469 1667 510 quomodolibet

919 525 1120 553 concernunt
1139 525 1170 553 et
1195 532 1252 563 pro
1281 526 1424 563 tempore
1455 528 1663 563 concinnent,

919 574 1145 606 inviolabiliter
1165 578 1320 617 perpetuo
1349 574 1508 607 observari
1530 575 1663 615 debere3

918 631 948 658 et
967 626 991 658 si
1031 637 1122 659 scens
1152 637 1249 670 super
1268 626 1318 658 liis
1341 638 1358 658 ιι
1378 637 1538 669 quoquam
1555 628 1664 671 quavis

917 679 1120 717 auctoritate,
1143 679 1281 712 scienter
1300 680 1347 711 vel
1373 679 1568 722 ignoranter,
1585 692 1662 714 eon-

916 732 1024 775 tigerit
1047 732 1208 772 attentari,
1231 732 1357 764 irritum
1378 738 1405 764 et
1428 733 1519 767 inane
1554 734 1663 767 decer-

917 785 1036 817 nimus.

959 838 973 881 §
994 837 1047 871 ⁹20.
1076 838 1233 877 Quocirca
1253 838 1490 871 venerabilibus
1510 840 1662 873 fratribus

916 891 1660 937 EmanueliDalmadaUlixbonensis‚etGaspari

915 944 1072 977 LeriensIs
1107 944 1271 977 civitatum
1293 945 1465 988 episcopis,
1488 957 1523 978 ac
1543 946 1660 980 dilecto

916 996 981 1029 lilio
1007 998 1170 1030 collectori
1200 998 1351 1031 Gamerae
1375 999 1576 1042 Apostolicae
1602 1010 1660 1043 pro

915 1055 1058 1093 tempore
1087 1050 1231 1084 existenti
1267 1051 1297 1083 in
1318 1062 1417 1093 regno
1450 1051 1660 1094 Portugalliae

914 1103 1078 1146 praedicto
1099 1115 1158 1147 per
1181 1110 1366 1147 praesentes
1386 1104 1616 1137 committimus
1631 1112 1660 1138 et

914 1157 1103 1190 mandamus
1127 1163 1286 1200 quatenus
1317 1158 1376 1200 ipsi
1397 1158 1443 1190 vel
1463 1158 1527 1191 duo
1551 1165 1605 1191 aut
1622 1171 1658 1191 u-

913 1220 972 1242 nus
982 1220 1106 1251 eorum,
1119 1222 1218 1254 perse
1234 1212 1282 1244 vel
1294 1211 1391 1243 alium
1405 1212 1451 1243 vel
1468 1212 1558 1252 alios,
1572 1223 1660 1254 prae-

912 1263 1148 1297 senteslitteras
1163 1270 1193 1297 et
1213 1264 1303 1297 ineis
1323 1270 1474 1297 contenta
1487 1275 1660 1306 quaecum-

890 1322 892 1336 *
912 1327 986 1359 que,
1010 1317 1102 1349 ubiet
1117 1318 1247 1360 quando
1264 1328 1344 1360 opus
1358 1318 1465 1357 suerit,
1488 1328 1523 1351 ac
1534 1318 1658 1361 quoties

911 1379 969 1412 pro
978 1375 1067 1412 parte
1087 1375 1149 1402 tam
1163 1370 1268 1402 Alvari
1289 1376 1319 1403 et
1334 1370 1422 1403 Pauli
1435 1371 1657 1413 religmsorum

912 1422 1162 1464 praedictorum,
1185 1434 1282 1466 quam
1312 1423 1517 1466 provincialis·
1550 1430 1581 1456 et
1604 1435 1657 1457 su-

912 1475 1076 1518 periorum
1093 1487 1129 1509 ac
1143 1477 1278 1509 aliarum
1301 1487 1511 1520 personarum
1532 1477 1658 1510 Ordinis

910 1528 1065 1570 praetlimi
1098 1535 1128 1562 et
1152 1539 1263 1562 eorum
1297 1530 1515 1572 quorumlibet
1540 1530 1659 1562 suerint

910 1581 1070 1624 requisiti,
1092 1583 1281 1615 solemniter
1305 1582 1506 1626 publicantes
1530 1593 1567 1615 ae
1603 1583 1657 1615 de-

121 1651 184 1685 que
209 1640 432 1674 ecclesiasticis
461 1641 638 1680 ςρῃῐρῃῑῑῑς,
669 1644 816 1675 censuris
840 1649 870 1676 et
888 1634 891 1683 Ι
909 1634 1111 1675 nunciantes,
1126 1635 1253 1678 illisque
1273 1635 1305 1667 in
1320 1635 1504 1679 praemissis
1520 1636 1658 1668 efficacis

119 1693 244 1738 poenis,
264 1705 281 1726 a
300 1693 371 1727 iure
387 1694 436 1727 vel
457 1694 661 1730 ῃῂᾛοῃῄῃρ,
680 1695 790 1736 (1113ng
814 1706 869 1729 00-
888 1688 891 1719 l
909 1687 1106 1721 defensionis
1134 1689 1295 1732 praesidio
1325 1689 1519 1727 assistentes,
1543 1689 1659 1721 sacient

119 1746 248 1780 casione
267 1747 316 1780 vel
336 1757 444 1786 causa,
459 1747 542 1787 latis,
558 1747 583 1779 si
603 1748 721 1789 quibus
736 1759 870 1790 quomo-

120 1800 240 1834 dolibet
276 1800 420 1833 innodati
455 1801 604 1841 existunt,
642 1802 680 1833 ad
719 1802 868 1835 effectum

119 1854 336 1897 praesentium
349 1853 514 1886 dumtaxat
525 1855 798 1898 consequendum,
812 1856 869 1889 ha-

118 1915 190 1940 rum
211 1907 294 1940 serie
325 1907 525 1940 absolventes
557 1912 586 1940 et
610 1908 775 1941 absolutos
801 1909 868 1942 fore

120 1965 296 2000 censentes,
318 1966 406 1993 motu
421 1960 554 2003 proprio
571 1966 648 1993 etex
662 1967 748 1994 certa
767 1962 870 1995 scien-

118 2012 174 2054 tia,
195 2013 303 2046 onmia
335 2018 365 2046 et
385 2014 510 2056 singula
543 2018 659 2046 statuta
684 2020 713 2047 et
738 2015 868 2049 ordina-

119 2065 222 2099 tiones
240 2066 368 2109 aliaque
378 2067 564 2110 praemissa,
585 2068 775 2100 auctoritate
796 2079 869 2112 apo-

119 2119 242 2160 stolica,
260 2125 372 2153 tenore
392 2120 624 2163 praesentium,
651 2121 868 2164 approbamus

120 2177 151 2205 et
175 2172 417 2213 confirmamus,
439 2178 534 2216 atque
565 2173 626 2206 illis
655 2174 818 2217 plenariae
838 2181 869 2208 et

120 2224 311 2258 inviolabilis
347 2225 506 2259 firmitatis
534 2227 729 2270 apostolicae
768 2228 869 2260 robur

120 2277 301 2318 adiicimus3
315 2289 488 2321 omnesque
508 2285 539 2312 et
552 2280 694 2321 singulos
710 2286 772 2312 tam
790 2281 869 2313 iuris

120 2341 216 2374 quam
237 2330 310 2364 facti
331 2331 485 2371 defectus,
508 2332 532 2365 si
562 2333 615 2374 qui
642 2334 748 2365 forsan
769 2333 868 2366 inter-

119 2383 264 2417 venerint
290 2384 534 2427 quomodolibet
571 2385 602 2416 in
638 2385 770 2424 eisdem,
795 2396 868 2429 sup-

120 2437 256 2480 plemus,
276 2436 410 2480 illasque
431 2442 461 2469 et
480 2437 534 2470 illa
552 2438 655 2470 valida
675 2444 706 2471 et
726 2438 868 2471 efficacia

74 2525 77 2528 ,
121 2489 230 2530 fuisse,
253 2500 322 2523 esse
345 2486 440 2532 atque
465 2496 621 2533 perpetuo
648 2491 726 2531 sore,
749 2502 785 2524 ac
795 2502 868 2523 suos

121 2538 281 2582 plenarios
296 2544 326 2571 et
340 2538 481 2580 inte-gros·
492 2540 623 2571 effeetus
643 2539 750 2571 sortiri
769 2546 800 2572 et
814 2541 868 2572 ob-

121 2585 236 2627 tinere,
257 2598 294 2620 ac
311 2587 350 2620 ab
370 2587 447 2630 ipsis
467 2587 655 2630 provinciali
676 2593 706 2620 et
722 2587 866 2630 superio-

122 2633 210 2668 ribus
246 2646 283 2668 ac
307 2635 377 2668 aliis
398 2636 659 2678 quilmscumque
686 2635 788 2667 eidem
811 2636 867 2668 Or-

124 2682 189 2716 dini
208 2683 315 2718 Sancti
340 2684 525 2728 Hieronymi
547 2684 637 2727 regni
662 2683 866 2728 Portugaliae

909 1741 1098 1775 auctoritate
1108 1747 1216 1774 nostra
1233 1742 1407 1786 praemissa
1422 1741 1529 1774 omnia
1546 1746 1575 1774 et
1592 1741 1656 1773 sin-

909 1794 982 1835 gula
1006 1794 1044 1826 ab
1079 1795 1240 1834 omnibus,
1269 1795 1307 1827 ad
1329 1806 1410 1838 quos
1435 1800 1555 1837 spectat.
1575 1800 1603 1826 ct
1625 1794 1657 1825 in

910 1847 1052 1879 futurum
1079 1848 1244 1891 spectabit,
1279 1847 1505 1880 inviolabiliter
1546 1848 1656 1879 obser-

908 1900 985 1932 vari.
1009 1900 1267 1933 Contradictores
1287 1901 1448 1943 quoslibet
1472 1906 1502 1933 et
1522 1900 1656 1932 rebelles

909 1959 939 1986 et
959 1954 1141 1997 praemissis
1161 1965 1225 1987 uon
1246 1960 1404 1998 parentes,
1425 1954 1656 1995 cuiuscumque

909 2012 1021 2045 status,
1044 2008 1162 2050 gradus
1179 2019 1215 2041 ac
1233 2007 1426 2041 conditionis
1446 2007 1576 2044 suerint,
1599 2015 1656 2049 per

909 2071 1061 2094 censuras
1081 2068 1112 2094 et
1132 2072 1251 2105 poenas
1278 2060 1509 2093 ecclesiasticas
1529 2059 1656 2101 aliaque

909 2119 1091 2157 opportuna
1115 2114 1193 2147 iuris
1213 2120 1244 2147 et
1268 2114 1340 2146 sacti
1366 2112 1520 2151 remedia,
1543 2112 1655 2155 appel-

910 2167 1027 2200 latione
1048 2168 1236 2211 postposita,
1247 2165 1493 2210 compescendo,
1509 2166 1655 2197 invocato

909 2221 1003 2253 etiam
1029 2221 1153 2260 adhoc,
1181 2221 1205 2252 si
1223 2230 1304 2263 opus
1324 2219 1429 2258 suerit,
1451 2217 1569 2250 auxilio
1583 2217 1655 2249 bra-

908 2274 972 2306 eliii
986 2274 1169 2307 saecularis.

953 2328 966 2370 ξ
986 2328 1022 2360 21
1033 2354 1038 2359 .
1049 2328 1116 2360 Non
1130 2325 1328 2359 obstantibus
1340 2324 1522 2368 praemissis
1537 2334 1573 2357 ac
1585 2324 1653 2356 seli-

908 2392 953 2414 cis
965 2381 1107 2414 recordat
1116 2378 1357 2412 ionisBonisacii
1369 2378 1472 2421 Papae
1488 2377 1564 2417 Vlll7
1577 2388 1655 2420 prae-

909 2434 1085 2467 decessoris
1106 2432 1217 2469 nestri,
1249 2432 1288 2464 de
1309 2442 1382 2470 una,
1401 2436 1431 2462 et
1451 2430 1579 2463 concilii
1599 2440 1654 2472 ge-

908 2487 1024 2520 neralis
1044 2487 1082 2519 de
1102 2486 1226 2518 duabus
1244 2484 1367 2524 diaetis,
1394 2483 1569 2516 dummodo
1589 2492 1654 2515 non

909 2537 991 2569 ultra
1013 2542 1076 2569 tres
1105 2534 1219 2576 ali-luis
1244 2533 1351 2575 vigore
1377 2531 1595 2574 praesentium
1615 2531 1654 2563 ad

910 2586 1064 2618 iudicium
1085 2584 1243 2622 trabatur,
1266 2591 1302 2614 ac
1319 2580 1482 2624 quibusvis
1502 2579 1654 2613 eonstitu-

909 2634 1049 2667 tionibus
1069 2640 1097 2665 et
1115 2629 1383 2667 ordinationibus;
1405 2629 1545 2671 dictique
1565 2628 1655 2661 Ordi-

910 2683 957 2716 nis
981 2693 1036 2716 seu
1053 2679 1320 2724 congregationis,
1343 2678 1438 2712 etiam
1459 2678 1653 2715 iuramento,

1676 301 1722 326 ΑΡ.
1745 302 1773 327 C.
1803 301 1865 326 1:118

1696 846 1861 866 constitutionis

1722 2323 1837 2347 peroratio

1662 2351 1829 2372 contrariorum.
