2059 3228
112 253 167 284 An.
182 254 213 285 C.
229 256 298 286 1586

150 1170 251 1192 Ganerau
267 1174 288 1192 et

103 1202 196 1228 capitulo
216 1209 290 1229 quam-

105 1238 192 1259 cumque
209 1235 228 1253 iu
241 1239 291 1253 cou-

105 1265 189 1284 irariuni
219 1265 290 1285 licen-

104 1296 152 1316 tiam
208 1301 289 1316 conce-

103 1325 167 1346 dendi
217 1328 289 1348 adimit

107 1361 237 1388 iaculantem

130 2395 205 2417 omnia
228 2401 288 2417 eom-

107 2431 176 2447 muntu
237 2433 285 2448 esse

106 2459 217 2484 praeeipih

355 247 418 281 052

311 315 341 342 et
360 309 483 342 ratione
503 317 727 350 expensarum,
748 306 797 339 vel
809 305 886 338 alias
897 316 932 338 ox
944 315 1055 338 neces-

310 362 393 395 saria
413 372 508 394 causa
524 367 551 392 ct
573 360 807 402 cuiuscumque
829 359 870 403 pii
891 359 988 392 officii
1009 358 1055 390 in-

309 415 401 452 tuitu,v
426 424 523 458 super
542 413 634 446 dictis
646 413 751 453 bonis,
767 413 925 457 pecuniis,
945 411 1052 451 rebus,

308 467 453 510 privatim
485 466 651 506 habendis,
678 466 814 505 utendis,
844 465 998 504 fruendis,
1017 475 1054 496 ae

307 520 430 553 iuribus
469 526 499 553 et
528 520 709 553 actionibus
742 518 985 564 prosequendis,
1018 528 1054 550 ae

306 574 493 607 nominibus
503 585 560 607 seu
578 574 658 607 taxis
674 574 711 607 ad
725 573 891 617 proprium
909 582 1053 605 commo-

306 626 382 659 dum
405 627 578 670 exigendis,
606 628 799 670 cuicumque
826 627 982 660 canonico
1006 625 1053 658 vel

306 680 395 713 fratri
417 681 513 714 etiam
534 681 661 725 saepius
686 692 849 721 concessa,
865 681 1054 714 contii-mata

306 738 337 765 et
364 733 522 775 innovata,
552 735 809 778 quibuscumque
842 734 995 768 clausulis
1024 739 1054 766 et

306 786 445 820 decretis
464 788 606 827 suffulta,
641 788 735 822 etiarn
760 789 942 821 iuramento
962 788 1074 820 roho-¹

306 845 386 879 rata,
409 834 549 883 quorum
571 846 698 874 tenores
714 841 937 885 procxpressis
958 841 1054 874 habe-

305 903 388 934 mus,
418 893 514 927 simili
545 896 735 928 auctoritate
760 906 960 935 revocamus,
988 905 1054 927 cas-

304 957 411 980 samus
444 954 475 982 et
500 950 718 989 annullamus,
741 949 895 992 irritaque
916 955 944 982 et
966 949 1052 981 inva-

303 1000 368 1033 lida
388 1011 468 1042 esse,
489 1006 519 1035 et
536 1002 659 1035 nemini
677 1002 889 1045 imposterum
903 1001 1052 1046 prodesse

302 1054 461 1087 volumus.

345 1107 361 1150 ξ
384 1107 416 1141 4.
444 1108 657 1142 Prohibentes
678 1109 812 1142 omnino
832 1120 871 1142 ne
891 1109 963 1152 quis
989 1109 1050 1141 fra-

302 1166 352 1194 ter
366 1162 415 1194 vel
429 1163 606 1195 canonicus
617 1163 757 1195 eiusdem
779 1162 1050 1204 congregationis,

302 1224 509 1258 quocumque
539 1215 646 1248 officio
679 1216 726 1248 vel
753 1215 919 1257 dignitate,
955 1214 1051 1247 etiam

303 1267 421 1309 prioris
445 1269 615 1311 generalis,
636 1269 785 1311 fungens,
809 1274 873 1300 tam
895 1267 1051 1311 praeniis-

301 1330 410 1353 sorum
430 1327 610 1365 praetextu,
633 1333 729 1366 quam
751 1322 939 1360 inveterata,
961 1332 998 1353 ac
1018 1331 1051 1353 e-

301 1373 376 1406 tiam
397 1385 414 1407 a
434 1375 596 1418 primaeva
614 1375 814 1408 institutione
824 1381 854 1407 et
865 1375 1051 1407 fundatione

301 1429 560 1471 congregationis
589 1429 773 1462 introducta
804 1435 834 1462 et
865 1428 1052 1462 continuata

300 1482 547 1523 consuetudine,
568 1493 650 1526 quae
664 1483 848 1526 corruptela
860 1482 968 1526 potius
978 1486 1051 1514 voto

301 1536 463 1569 contraria
487 1537 649 1569 censenda
683 1542 741 1575 est,
765 1535 932 1580 proprium
958 1534 1051 1578 quid-

300 1601 397 1633 quam
418 1598 473 1624 aut
493 1592 656 1634 peculiare
677 1591 806 1631 haheat,
833 1601 869 1623 ac
898 1601 915 1622 a
936 1589 1052 1622 ceteris

301 1650 484 1687 separatum
505 1645 563 1678 sibi
582 1645 729 1684 vindicet,
750 1650 802 1678 aut
821 1643 1050 1688 possideatno-

301 1697 389 1730 mina
404 1697 600 1737 debitorum,
615 1709 670 1731 seu
683 1703 769 1730 taxas
783 1703 836 1730 aut
846 1696 991 1729 redditus
1004 1706 1052 1728 as-

301 1750 442 1793 signatos
461 1751 643 1794 praedictos
662 1762 702 1784 ne
721 1751 834 1793 exigat,
855 1760 931 1782 neve
945 1760 982 1782 ea
994 1749 1051 1781 im—

299 1809 465 1846 posterum
486 1804 626 1848 cuipiam
649 1804 813 1847 sigillatim
840 1802 1052 1846 percipienda

300 1862 332 1889 et
352 1857 508 1900 exigenda
527 1858 743 1901 assignentur,
762 1868 839 1890 neve
856 1867 988 1900 prorsus
1006 1862 1051 1889 ta-

299 1911 345 1943 les
370 1911 521 1944 licentiae
537 1922 591 1944 seu
604 1912 832 1955 permissiones
852 1921 997 1944 seorsum
1011 1911 1051 1943 ab

299 1964 368 1996 aliis
380 1964 502 2007 aliquid
514 1963 681 2009 proprium
700 1965 851 2004 habendi,
876 1975 934 2008 per
954 1974 1050 2007 quos-

300 2029 439 2061 cumque
465 2019 570 2051 dictae
589 2018 848 2061 congregationis
869 2018 1052 2061 superiores

301 2077 355 2103 aut
376 2072 470 2104 etiam
481 2083 539 2116 per
552 2072 754 2116 praedictum
766 2071 945 2115 capitulum
956 2082 1050 2114 gene-

303 2126 369 2157 rale
389 2125 485 2158 alicui
510 2136 663 2168 umquam
686 2125 919 2165 concedantur,
946 2135 1050 2168 neque
1070 2162 1073 2172 Ι

301 2178 545 2220 assignationes,
581 2178 741 2218 licentiae,
764 2178 886 2210 indulta
907 2183 961 2210 aut
979 2188 1051 2221 per-

302 2232 470 2264 missiones
487 2233 573 2275 ipsae
594 2233 730 2272 valeant,
753 2232 898 2265 autvires
910 2243 967 2264 seu
978 2232 1052 2265 esse-

301 2290 386 2318 ctum
407 2286 558 2319 habeant.

346 2338 402 2379 ἐξ).
418 2338 566 2372 Ceterum
581 2340 753 2373 statuimus
773 2346 805 2373 ut
825 2340 933 2373 omnia
944 2339 1050 2373 omni-

301 2390 360 2423 bus
380 2393 565 2425 communia
582 2399 610 2425 et
634 2393 767 2426 indivisa
788 2393 861 2433 sint,
887 2399 1049 2436 tamquam

302 2438 386 2471 inter
404 2450 495 2472 veros
514 2446 544 2473 et
569 2442 739 2475 unanimes
764 2442 877 2474 fratres
904 2441 1052 2475 christia-

302 2496 342 2518 na
363 2492 393 2518 et
414 2488 561 2530 religiosa
579 2490 733 2522 charitate
756 2490 957 2529 coniunctos,
977 2489 1051 2521 sub-

302 2534 368 2566 lata
389 2546 517 2577 prorsus
538 2538 625 2569 omni
647 2538 840 2579 diil'erent.a,
859 2539 900 2571 ita
919 2544 952 2571 ut
968 2537 1052 2570 inter

303 2582 375 2614 illos
395 2584 455 2615 mei
477 2590 508 2617 et
528 2585 572 2617 tui
602 2587 726 2619 nullum
756 2588 794 2619 sit
823 2586 954 2620 omnino
985 2585 1050 2619 dis-

303 2641 439 2666 crimen.

1069 1682 1072 1711 Ι

901 252 1033 275 BULLARI
1039 252 1079 275 ΗΜ
1099 250 1249 274 Romnum

1859 243 1912 272 An.
1928 243 1957 274 c.

1140 304 1154 346 g
1179 303 1209 336 6.
1237 303 1342 346 Atque
1358 302 1395 334 ad
1412 302 1500 336 hunc
1517 303 1666 338 effectum
1686 305 1844 350 praecipi·
1883 305 1983 358 ⁰:2³⁵&
2016 319 2017 324 ¹

1097 361 1207 389 muset
1222 356 1414 389 mandamus
1432 362 1467 389 ut
1486 357 1651 400 praedicta
1668 359 1764 399 bona,
1780 371 1842 400 reS,
1857 343 2002 396 iiiinii’m
2021 354 2024 357 ¹

1097 409 1253 452 pecuniae
1266 409 1435 442 etnomina
1455 420 1511 442 seu
1531 410 1673 445 redditus
1691 413 1842 456 assignati
1856 402 1999 454 ἶζᾞῗῗξῃέ
2014 406 2040 449 ff*

1096 463 1143 495 vel
1164 468 1264 504 tame,
1287 462 1413 506 aliaque
1430 462 1538 496 onmia
1559 468 1589 496 et
1608 475 1841 512 quaecumque,
1855 466 2018 516 222¹¹³⁸222
2039 466 2040 471 ’

1096 516 1270 560 unicuique
1281 516 1456 559 sigillatim,
1479 518 1576 551 etiam
1596 517 1714 552 intuitu
1733 531 1843 564 perso·
1855 531 1902 547 ⁰⁸¹⁰
1947 531 1974 546 ¹¹·
1989 509 2000 550 ἐἴ
2024 520 2039 547 s

1096 581 1167 611 nac,
1189 570 1305 604 donata
1318 571 1367 604 vel
1387 570 1510 610 relicta,
1527 577 1583 604 aut
1601 573 1840 618 undecumque,
1855 559 1989 608 3ἷὲῗέιῖεὲ
2017 566 2018 569 “
2037 604 2038 607 ,

1095 623 1190 656 etiam
1211 623 1343 667 propria
1366 624 1526 657 industria
1542 629 1575 658 et
1594 625 1716 667 labore,
1737 627 1846 670 acqui-

1095 677 1163 717 sita,
1192 688 1319 711 necnon
1345 688 1461 711 census
1495 684 1526 711 et
1559 678 1702 712 redditus
1730 679 1841 722 annui,

1096 732 1190 765 etiam
1202 743 1299 775 super
1313 732 1407 766 bonis
1422 732 1599 773 stabilibus,
1612 732 1797 776 specificata
1811 739 1844 768 et.

1095 785 1127 818 in
1148 785 1275 828 scriptis
1298 785 1426 818 redacta
1450 785 1626 829 quantitate
1661 791 1692 819 et
1717 797 1844 821 summa

1097 844 1158 871 tam
1172 838 1314 883 ipsorum
1327 849 1482 872 censuum
1494 839 1715 873 etreddituum
1722 851 1843 874 annua-

1096 892 1149 925 tim
1171 893 1374 933 debitorum,
1397 903 1493 936 quarn
1521 892 1634 934 sortis,
1667 894 1761 937 pretii
1787 905 1840 928 seu

1094 946 1250 989 capitalis,
1271 946 1362 979 cuius
1382 946 1506 978 ratione
1522 945 1692 987 debentur,
1708 952 1738 980 et
1752 946 1843 980 fundi

1094 1010 1150 1032 seu
1171 999 1216 1032 rei
1238 1000 1521 1044 immobilissuper
1531 1000 1840 1044 quaimpositisunt‚

1094 1053 1224 1085 nomina
1233 1054 1372 1096 denique
1380 1054 1525 1086 omnium
1536 1053 1733 1086 creditorum
1746 1059 1778 1087 et
1788 1054 1844 1088 de-

1093 1106 1234 1139 bitorum
1255 1106 1401 1139 similiter
1421 1107 1594 1150 descripta,
1625 1117 1681 1150 per
1699 1107 1853 1150 singulos*

1094 1159 1207 1191 fratres
1237 1170 1293 1192 seu
1322 1159 1507 1200 canonicos,
1535 1166 1597 1193 tam
1628 1160 1659 1192 in
1693 1161 1842 1195 domibus

1093 1223 1189 1254 quam
1211 1212 1243 1244 in
1263 1213 1345 1245 villis
1365 1218 1395 1245 ct
1413 1213 1567 1246 memhris
1578 1213 1771 1248 aliisvelocis
1783 1215 1840 1249 de-

1092 1272 1214 1308 gentes,
1237 1266 1292 1309 qui
1313 1266 1433 1309 aliquid
1457 1267 1520 1299 tale
1544 1266 1692 1310 privatim
1718 1268 1840 1302 habue-

1092 1319 1169 1358 rint,
1201 1319 1301 1362 p1i01i
1325 1325 1356 1352 et
1378 1319 1539 1363 deputatis
1559 1320 1598 1353 ad
1618 1321 1680 1354 hoc
1704 1332 1841 1365 congre-

1092 1373 1205 1415 gandis
1226 1373 1257 1405 in
1274 1383 1464 1417 unaquaque
1479 1373 1586 1414 domo,
1599 1375 1841 1417 atqueinvicem

1092 1437 1150 1470 per
1183 1427 1268 1470 ipsos
1290 1427 1432 1471 priorem
1452 1438 1490 1460 ac
1523 1427 1704 1471 deputatos,
1727 1428 1753 1461 si
1780 1429 1841 1473 ipsi

1092 1491 1221 1524 quoque
1251 1480 1417 1524 quidpiam
1445 1480 1632 1514 huiusmodi
1667 1483 1840 1525 separatim

1091 1534 1248 1567 hactenus
1272 1534 1480 1575 detinuerint,
1514 1535 1597 1574 aliis,
1623 1535 1676 1577 qui
1700 1546 1759 1580 per
1788 1547 1840 1570 re-

1091 1588 1196 1631 liquos
1216 1589 1331 1621 fratres
1355 1599 1411 1621 seu
1432 1588 1605 1622 canonicos
1634 1589 1703 1622 eius
1727 1590 1841 1624 domus

1092 1641 1258 1675 communi
1287 1652 1445 1675 consensu
1476 1642 1515 1674 ad
1541 1641 1574 1675 id
1594 1642 1711 1676 delecti
1732 1649 1839 1684 erunt,

1091 1706 1166 1728 cum
1194 1696 1336 1739 primum
1363 1700 1549 1739 praesentes
1576 1695 1702 1729 litterae
1721 1696 1754 1729 in
1773 1696 1842 1741 ipsa

1091 1749 1186 1782 domo
1206 1750 1390 1793 publicatae
1403 1749 1532 1789 suerint,
1548 1750 1637 1783 nulla
1652 1749 1840 1794 interposita

1090 1813 1191 1843 mora,
1211 1813 1283 1836 xxtv
1303 1804 1457 1836 horarum
1478 1802 1656 1843 intervallo,
1669 1803 1841 1837 exhibean-

1090 1862 1164 1897 tur;
1190 1863 1222 1890 et
1250 1857 1356 1900 quoad
1385 1856 1577 1896 dominium,
1606 1857 1840 1899 possessionem

1090 1917 1120 1945 et
1141 1921 1247 1952 usum,
1270 1921 1304 1944 re
1324 1911 1394 1954 ipso
1409 1915 1439 1943 et
1459 1921 1532 1943 euin
1553 1910 1678 1950 effectu,
1698 1921 1762 1944 non
1782 1921 1840 1944 au-

1090 1971 1154 1998 tem
1175 1964 1248 1997 ficte
1277 1969 1309 1997 et
1345 1963 1574 2007 perfunctorie,
1608 1963 1641 1996 in
1668 1973 1841 1997 commune

1091 2018 1311 2058 conserantur,
1334 2017 1516 2056 tradantur,
1539 2016 1781 2059 consignentur,
1803 2028 1841 2051 ac

1090 2071 1312 2115 unusquisque
1333 2081 1446 2104 eorum
1473 2070 1561 2104 omni
1588 2075 1618 2103 et
1646 2070 1840 2114 cuicumque

1091 2125 1153 2158 iuri
1168 2132 1198 2158 et
1208 2125 1325 2158 actioni
1341 2135 1378 2157 ac
1389 2124 1532 2157 facultati
1546 2123 1691 2167 exigendi
1712 2134 1836 2164 census,

1090 2179 1223 2211 nomina
1243 2178 1427 2211 debitorum
1448 2188 1503 2210 seu
1524 2183 1610 2210 taxas
1625 2183 1681 2210 aut
1696 2177 1839 2210 redditus

1091 2232 1277 2266 huiusmodi
1297 2231 1356 2265 sibi
1377 2231 1581 2270 nominatim,
1600 2236 1631 2264 ut
1645 2230 1836 2275 praefertur,

1091 2286 1262 2328 assignata,
1282 2285 1314 2318 in
1330 2296 1436 2325 usum,
1452 2285 1605 2325 savorem,
1632 2284 1838 2318 commodum

1092 2344 1123 2371 et
1135 2338 1302 2372 utilitatem
1318 2348 1524 2371 communem
1535 2337 1636 2381 ipsius
1645 2337 1772 2378 domus,
1786 2347 1840 2370 cu-

1092 2393 1142 2425 ius
1166 2393 1341 2426 canonicus
1360 2402 1415 2425 seu
1435 2392 1534 2424 frater
1554 2391 1661 2431 suerit,
1683 2391 1839 2435 expressis

1092 2442 1166 2475 item
1188 2441 1217 2474 in
1232 2441 1337 2484 specie
1353 2446 1384 2474 et
1398 2441 1504 2484 palam
1518 2439 1688 2484 descriptis
1708 2440 1836 2472 illorum

1092 2490 1269 2534 quantitate
1293 2495 1325 2522 et
1345 2489 1597 2523 circumstantiis
1620 2487 1840 2524 universissti·

1092 2541 1168 2573 bere
1176 2540 1262 2573 cedat
1275 2539 1492 2578 etrenunciet‚
1501 2549 1603 2582 eaque
1612 2537 1719 2570 omnia
1729 2537 1760 2568 in
1771 2541 1838 2569 tuto

1092 2590 1175 2629 loco,
1192 2587 1409 2622 communiter
1423 2598 1441 2620 a
1453 2587 1561 2631 priore
1576 2592 1607 2619 et
1622 2585 1770 2618 fratribus
1785 2596 1838 2617 eu-

1091 2638 1284 2683 iuscumque
1304 2638 1420 2672 domus
1439 2635 1650 2682 designando,
1669 2640 1744 2668 actu
1763 2639 1838 2668 etre
