<?xml version="1.0" encoding="UTF-8"?>
<!DOCTYPE html PUBLIC "-//W3C//DTD XHTML 1.0 Transitional//EN"
    "http://www.w3.org/TR/xhtml1/DTD/xhtml1-transitional.dtd">
<html xmlns="http://www.w3.org/1999/xhtml" xml:lang="en" lang="en">
 <head>
  <title>
</title>
<meta http-equiv="Content-Type" content="text/html;charset=utf-8" />
  <meta name='ocr-system' content='tesseract 3.04.00' />
  <meta name='ocr-capabilities' content='ocr_page ocr_carea ocr_par ocr_line ocrx_word'/>
</head>
<body>
  <div class='ocr_page' id='page_1' title='image "./bullarumdiplomat08cath_0209.png"; bbox 0 0 2059 3228; ppageno 0'>
   <div class='ocr_carea' id='block_1_1' title="bbox 39 264 129 293">
    <p class='ocr_par' dir='ltr' id='par_1_1' title="bbox 39 264 129 293">
     <span class='ocr_line' id='line_1_1' title="bbox 39 264 129 293; baseline -0.022 0"><span class='ocrx_word' id='word_1_1' title='bbox 39 287 44 293; x_wconf 94' lang='lat'>.</span> <span class='ocrx_word' id='word_1_2' title='bbox 63 264 129 293; x_wconf 71' lang='lat'>1⁶77</span> 
     </span>
    </p>
   </div>
   <div class='ocr_carea' id='block_1_2' title="bbox 740 270 1059 296">
    <p class='ocr_par' dir='ltr' id='par_1_2' title="bbox 740 270 1059 296">
     <span class='ocr_line' id='line_1_2' title="bbox 740 270 1059 296; baseline -0.006 0"><span class='ocrx_word' id='word_1_3' title='bbox 740 271 918 296; x_wconf 64' lang='lat' dir='ltr'>caecemus</span> <span class='ocrx_word' id='word_1_4' title='bbox 936 270 993 294; x_wconf 73' lang='lat' dir='ltr'>XIII</span> <span class='ocrx_word' id='word_1_5' title='bbox 1011 271 1059 294; x_wconf 75' lang='lat' dir='ltr'>Pr.</span> 
     </span>
    </p>
   </div>
   <div class='ocr_carea' id='block_1_3' title="bbox 1547 264 1762 297">
    <p class='ocr_par' dir='ltr' id='par_1_3' title="bbox 1547 264 1762 297">
     <span class='ocr_line' id='line_1_3' title="bbox 1547 264 1762 297; baseline -0.023 -4"><span class='ocrx_word' id='word_1_6' title='bbox 1547 264 1610 297; x_wconf 61' lang='grc'>’193</span> <span class='ocrx_word' id='word_1_7' title='bbox 1665 267 1714 290; x_wconf 70' lang='lat' dir='ltr'>An.</span> <span class='ocrx_word' id='word_1_8' title='bbox 1735 265 1762 289; x_wconf 67' lang='grc' dir='ltr'>Γ.</span> 
     </span>
    </p>
   </div>
   <div class='ocr_carea' id='block_1_4' title="bbox 136 321 1652 473">
    <p class='ocr_par' dir='ltr' id='par_1_4' title="bbox 136 321 1652 473">
     <span class='ocr_line' id='line_1_4' title="bbox 136 321 1652 374; baseline 0 -14"><span class='ocrx_word' id='word_1_9' title='bbox 136 321 315 360; x_wconf 79' lang='lat' dir='ltr'>solemniter</span> <span class='ocrx_word' id='word_1_10' title='bbox 350 324 563 369; x_wconf 70' lang='lat' dir='ltr'>publicantes,</span> <span class='ocrx_word' id='word_1_11' title='bbox 590 325 710 369; x_wconf 86' lang='lat' dir='ltr'>illisque</span> <span class='ocrx_word' id='word_1_12' title='bbox 736 326 766 358; x_wconf 86' lang='lat' dir='ltr'>in</span> <span class='ocrx_word' id='word_1_13' title='bbox 792 324 976 374; x_wconf 45' lang='lat' dir='ltr'>prae-{ruffi</span> <span class='ocrx_word' id='word_1_14' title='bbox 1001 325 1131 368; x_wconf 80' lang='lat' dir='ltr'>aliisque</span> <span class='ocrx_word' id='word_1_15' title='bbox 1157 327 1346 365; x_wconf 76' lang='lat' dir='ltr'>fortioribus,</span> <span class='ocrx_word' id='word_1_16' title='bbox 1371 327 1598 359; x_wconf 81' lang='lat' dir='ltr'>efficacioribus</span> <span class='ocrx_word' id='word_1_17' title='bbox 1623 334 1652 360; x_wconf 80' lang='lat' dir='ltr'>et</span> 
     </span>
     <span class='ocr_line' id='line_1_5' title="bbox 136 377 1649 422; baseline 0 -10"><span class='ocrx_word' id='word_1_18' title='bbox 136 378 238 413; x_wconf 83' lang='lat' dir='ltr'>missis</span> <span class='ocrx_word' id='word_1_19' title='bbox 262 378 396 411; x_wconf 75' lang='lat' dir='ltr'>efficacis</span> <span class='ocrx_word' id='word_1_20' title='bbox 421 379 612 412; x_wconf 83' lang='lat' dir='ltr'>defensionis</span> <span class='ocrx_word' id='word_1_21' title='bbox 648 378 805 422; x_wconf 80' lang='lat' dir='ltr'>praesidio</span> <span class='ocrx_word' id='word_1_22' title='bbox 833 388 880 409; x_wconf 84' lang='lat' dir='ltr'>as·</span> <span class='ocrx_word' id='word_1_23' title='bbox 911 377 1043 410; x_wconf 80' lang='lat' dir='ltr'>insolitis</span> <span class='ocrx_word' id='word_1_24' title='bbox 1067 379 1221 416; x_wconf 73' lang='lat' dir='ltr'>clausulis,</span> <span class='ocrx_word' id='word_1_25' title='bbox 1247 391 1365 411; x_wconf 73' lang='lat' dir='ltr'>necnon</span> <span class='ocrx_word' id='word_1_26' title='bbox 1401 380 1597 412; x_wconf 83' lang='lat' dir='ltr'>irritantibus</span> <span class='ocrx_word' id='word_1_27' title='bbox 1621 386 1649 412; x_wconf 85' lang='lat' dir='ltr'>et</span> 
     </span>
     <span class='ocr_line' id='line_1_6' title="bbox 136 430 1651 473; baseline 0.001 -9"><span class='ocrx_word' id='word_1_28' title='bbox 136 431 290 470; x_wconf 71' lang='lat' dir='ltr'><strong>sistentes,</strong></span> <span class='ocrx_word' id='word_1_29' title='bbox 317 431 431 464; x_wconf 87' lang='lat' dir='ltr'>saciant</span> <span class='ocrx_word' id='word_1_30' title='bbox 456 433 641 464; x_wconf 81' lang='lat' dir='ltr'>auctoritate</span> <span class='ocrx_word' id='word_1_31' title='bbox 667 437 773 463; x_wconf 83' lang='lat' dir='ltr'>nostra</span> <span class='ocrx_word' id='word_1_32' title='bbox 792 440 880 473; x_wconf 86' lang='lat' dir='ltr'>prae·</span> <span class='ocrx_word' id='word_1_33' title='bbox 910 430 978 462; x_wconf 85' lang='lat' dir='ltr'>aliis</span> <span class='ocrx_word' id='word_1_34' title='bbox 1003 431 1160 471; x_wconf 84' lang='lat' dir='ltr'>decretis,</span> <span class='ocrx_word' id='word_1_35' title='bbox 1185 432 1277 463; x_wconf 75' lang='lat' dir='ltr'>ctiam</span> <span class='ocrx_word' id='word_1_36' title='bbox 1305 433 1437 472; x_wconf 85' lang='lat' dir='ltr'>iutuitu,</span> <span class='ocrx_word' id='word_1_37' title='bbox 1474 433 1651 465; x_wconf 83' lang='lat' dir='ltr'>considera-</span> 
     </span>
    </p>
   </div>
   <div class='ocr_carea' id='block_1_5' title="bbox 28 474 884 2692">
    <p class='ocr_par' dir='ltr' id='par_1_5' title="bbox 28 474 884 2692">
     <span class='ocr_line' id='line_1_7' title="bbox 95 474 878 517; baseline -0.004 0"><span class='ocrx_word' id='word_1_38' title='bbox 95 474 107 486; x_wconf 70' lang='lat'><strong>⁴</strong></span> <span class='ocrx_word' id='word_1_39' title='bbox 136 488 239 517; x_wconf 88' lang='lat' dir='ltr'>sentes</span> <span class='ocrx_word' id='word_1_40' title='bbox 251 483 369 516; x_wconf 73' lang='lat' dir='ltr'>litteras</span> <span class='ocrx_word' id='word_1_41' title='bbox 382 484 455 516; x_wconf 88' lang='lat' dir='ltr'>etin</span> <span class='ocrx_word' id='word_1_42' title='bbox 474 485 518 517; x_wconf 82' lang='lat' dir='ltr'>eis</span> <span class='ocrx_word' id='word_1_43' title='bbox 535 490 682 517; x_wconf 82' lang='lat' dir='ltr'>contenta</span> <span class='ocrx_word' id='word_1_44' title='bbox 700 483 878 516; x_wconf 82' lang='lat' dir='ltr'>huiusmodi</span> 
     </span>
     <span class='ocr_line' id='line_1_8' title="bbox 136 535 880 579; baseline -0.004 -9"><span class='ocrx_word' id='word_1_45' title='bbox 136 535 175 570; x_wconf 81' lang='lat' dir='ltr'>ab</span> <span class='ocrx_word' id='word_1_46' title='bbox 197 535 353 575; x_wconf 87' lang='lat' dir='ltr'>omnibus,</span> <span class='ocrx_word' id='word_1_47' title='bbox 377 536 415 568; x_wconf 86' lang='lat' dir='ltr'>ad</span> <span class='ocrx_word' id='word_1_48' title='bbox 441 547 518 579; x_wconf 86' lang='lat' dir='ltr'>quos</span> <span class='ocrx_word' id='word_1_49' title='bbox 543 542 668 579; x_wconf 86' lang='lat' dir='ltr'>spectat,</span> <span class='ocrx_word' id='word_1_50' title='bbox 694 535 880 568; x_wconf 84' lang='lat' dir='ltr'>inviolabili-</span> 
     </span>
     <span class='ocr_line' id='line_1_9' title="bbox 137 587 879 633; baseline -0.001 -13"><span class='ocrx_word' id='word_1_51' title='bbox 137 592 184 621; x_wconf 90' lang='lat' dir='ltr'>ter</span> <span class='ocrx_word' id='word_1_52' title='bbox 206 587 379 623; x_wconf 85' lang='lat' dir='ltr'>observari,</span> <span class='ocrx_word' id='word_1_53' title='bbox 405 599 440 621; x_wconf 87' lang='lat' dir='ltr'>ac</span> <span class='ocrx_word' id='word_1_54' title='bbox 466 589 677 633; x_wconf 85' lang='lat' dir='ltr'>praepositum</span> <span class='ocrx_word' id='word_1_55' title='bbox 702 594 731 622; x_wconf 87' lang='lat' dir='ltr'>ct</span> <span class='ocrx_word' id='word_1_56' title='bbox 750 588 879 621; x_wconf 83' lang='lat' dir='ltr'>clericos</span> 
     </span>
     <span class='ocr_line' id='line_1_10' title="bbox 134 639 876 685; baseline 0.001 -13"><span class='ocrx_word' id='word_1_57' title='bbox 134 639 287 683; x_wconf 69' lang='lat' dir='ltr'>praelatos</span> <span class='ocrx_word' id='word_1_58' title='bbox 320 640 378 672; x_wconf 91' lang='lat' dir='ltr'>illis</span> <span class='ocrx_word' id='word_1_59' title='bbox 416 641 563 674; x_wconf 87' lang='lat' dir='ltr'>omnibus</span> <span class='ocrx_word' id='word_1_60' title='bbox 599 642 728 685; x_wconf 79' lang='lat' dir='ltr'>pacifice</span> <span class='ocrx_word' id='word_1_61' title='bbox 763 642 823 673; x_wconf 85' lang='lat' dir='ltr'>frui</span> <span class='ocrx_word' id='word_1_62' title='bbox 848 647 876 673; x_wconf 84' lang='lat' dir='ltr'>et</span> 
     </span>
     <span class='ocr_line' id='line_1_11' title="bbox 136 692 878 737; baseline 0.001 -12"><span class='ocrx_word' id='word_1_63' title='bbox 136 692 292 736; x_wconf 76' lang='lat' dir='ltr'>gauder03</span> <span class='ocrx_word' id='word_1_64' title='bbox 318 704 381 726; x_wconf 91' lang='lat' dir='ltr'>non</span> <span class='ocrx_word' id='word_1_65' title='bbox 418 695 634 737; x_wconf 69' lang='lat' dir='ltr'>permittentes</span> <span class='ocrx_word' id='word_1_66' title='bbox 669 705 721 727; x_wconf 82' lang='lat' dir='ltr'>eos</span> <span class='ocrx_word' id='word_1_67' title='bbox 745 695 878 737; x_wconf 82' lang='lat' dir='ltr'>desuper</span> 
     </span>
     <span class='ocr_line' id='line_1_12' title="bbox 135 747 877 790; baseline 0.001 -12"><span class='ocrx_word' id='word_1_68' title='bbox 135 755 191 789; x_wconf 89' lang='lat' dir='ltr'>per</span> <span class='ocrx_word' id='word_1_69' title='bbox 224 756 438 789; x_wconf 89' lang='lat' dir='ltr'>quoscumque</span> <span class='ocrx_word' id='word_1_70' title='bbox 470 747 702 790; x_wconf 66' lang='lat' dir='ltr'>quomodolibet</span> <span class='ocrx_word' id='word_1_71' title='bbox 741 747 877 779; x_wconf 84' lang='lat' dir='ltr'>indebite</span> 
     </span>
     <span class='ocr_line' id='line_1_13' title="bbox 135 798 877 842; baseline 0 -12"><span class='ocrx_word' id='word_1_72' title='bbox 135 798 303 838; x_wconf 54' lang='lat' dir='ltr'>molestare</span> <span class='ocrx_word' id='word_1_73' title='bbox 328 799 576 831; x_wconf 73' lang='lat' dir='ltr'>contradictores</span> <span class='ocrx_word' id='word_1_74' title='bbox 600 799 752 842; x_wconf 84' lang='lat' dir='ltr'>quoslibet</span> <span class='ocrx_word' id='word_1_75' title='bbox 778 810 813 831; x_wconf 83' lang='lat' dir='ltr'>ac</span> <span class='ocrx_word' id='word_1_76' title='bbox 832 810 877 830; x_wconf 85' lang='lat' dir='ltr'>re-</span> 
     </span>
     <span class='ocr_line' id='line_1_14' title="bbox 133 849 878 894; baseline 0 -11"><span class='ocrx_word' id='word_1_77' title='bbox 133 849 226 883; x_wconf 89' lang='lat' dir='ltr'>belles</span> <span class='ocrx_word' id='word_1_78' title='bbox 260 856 290 884; x_wconf 89' lang='lat' dir='ltr'>et</span> <span class='ocrx_word' id='word_1_79' title='bbox 325 851 505 894; x_wconf 78' lang='lat' dir='ltr'>praemissis</span> <span class='ocrx_word' id='word_1_80' title='bbox 530 862 593 884; x_wconf 92' lang='lat' dir='ltr'>non</span> <span class='ocrx_word' id='word_1_81' title='bbox 628 857 797 894; x_wconf 82' lang='lat' dir='ltr'>parentes,</span> <span class='ocrx_word' id='word_1_82' title='bbox 824 862 878 894; x_wconf 81' lang='lat' dir='ltr'>per</span> 
     </span>
     <span class='ocr_line' id='line_1_15' title="bbox 132 903 874 948; baseline -0.004 -11"><span class='ocrx_word' id='word_1_83' title='bbox 132 903 308 948; x_wconf 84' lang='lat' dir='ltr'>praedictas</span> <span class='ocrx_word' id='word_1_84' title='bbox 331 914 367 936; x_wconf 88' lang='lat' dir='ltr'>ac</span> <span class='ocrx_word' id='word_1_85' title='bbox 391 903 467 936; x_wconf 84' lang='lat' dir='ltr'>alias</span> <span class='ocrx_word' id='word_1_86' title='bbox 483 903 665 944; x_wconf 85' lang='lat' dir='ltr'>sententias,</span> <span class='ocrx_word' id='word_1_87' title='bbox 683 914 832 936; x_wconf 89' lang='lat' dir='ltr'>censuras</span> <span class='ocrx_word' id='word_1_88' title='bbox 849 909 874 935; x_wconf 85' lang='lat' dir='ltr'>ct</span> 
     </span>
     <span class='ocr_line' id='line_1_16' title="bbox 133 956 876 1000; baseline -0.004 -11"><span class='ocrx_word' id='word_1_89' title='bbox 133 966 241 1000; x_wconf 87' lang='lat' dir='ltr'>poenas</span> <span class='ocrx_word' id='word_1_90' title='bbox 264 956 489 989; x_wconf 84' lang='lat' dir='ltr'>ecclesiasticas</span> <span class='ocrx_word' id='word_1_91' title='bbox 512 960 678 998; x_wconf 84' lang='lat' dir='ltr'>ceteraque</span> <span class='ocrx_word' id='word_1_92' title='bbox 701 961 876 998; x_wconf 82' lang='lat' dir='ltr'>opportuna</span> 
     </span>
     <span class='ocr_line' id='line_1_17' title="bbox 134 1008 878 1051; baseline -0.004 -9"><span class='ocrx_word' id='word_1_93' title='bbox 134 1008 213 1042; x_wconf 90' lang='lat' dir='ltr'>iuris</span> <span class='ocrx_word' id='word_1_94' title='bbox 236 1013 267 1042; x_wconf 91' lang='lat' dir='ltr'>ct</span> <span class='ocrx_word' id='word_1_95' title='bbox 291 1008 363 1041; x_wconf 87' lang='lat' dir='ltr'>sacti</span> <span class='ocrx_word' id='word_1_96' title='bbox 389 1008 538 1049; x_wconf 85' lang='lat' dir='ltr'>remedia,</span> <span class='ocrx_word' id='word_1_97' title='bbox 565 1008 770 1051; x_wconf 75' lang='lat' dir='ltr'>appellatione</span> <span class='ocrx_word' id='word_1_98' title='bbox 796 1013 878 1050; x_wconf 77' lang='lat' dir='ltr'>post-</span> 
     </span>
     <span class='ocr_line' id='line_1_18' title="bbox 126 1061 879 1106; baseline -0.005 -11"><span class='ocrx_word' id='word_1_99' title='bbox 126 1062 244 1106; x_wconf 87' lang='lat' dir='ltr'>·posita,</span> <span class='ocrx_word' id='word_1_100' title='bbox 268 1062 504 1104; x_wconf 88' lang='lat' dir='ltr'>compescendo;</span> <span class='ocrx_word' id='word_1_101' title='bbox 529 1072 575 1101; x_wconf 86' lang='lat' dir='ltr'>ac,</span> <span class='ocrx_word' id='word_1_102' title='bbox 601 1061 750 1101; x_wconf 57' lang='lat' dir='ltr'>legitimis</span> <span class='ocrx_word' id='word_1_103' title='bbox 786 1071 879 1103; x_wconf 81' lang='lat' dir='ltr'>super</span> 
     </span>
     <span class='ocr_line' id='line_1_19' title="bbox 133 1113 878 1157; baseline -0.005 -9"><span class='ocrx_word' id='word_1_104' title='bbox 133 1115 183 1148; x_wconf 86' lang='lat' dir='ltr'>his</span> <span class='ocrx_word' id='word_1_105' title='bbox 205 1114 359 1148; x_wconf 84' lang='lat' dir='ltr'>habendis</span> <span class='ocrx_word' id='word_1_106' title='bbox 382 1113 511 1147; x_wconf 81' lang='lat' dir='ltr'>servatis</span> <span class='ocrx_word' id='word_1_107' title='bbox 528 1113 737 1157; x_wconf 75' lang='lat' dir='ltr'>processibus,</span> <span class='ocrx_word' id='word_1_108' title='bbox 755 1118 878 1145; x_wconf 77' lang='lat' dir='ltr'>senten—</span> 
     </span>
     <span class='ocr_line' id='line_1_20' title="bbox 132 1166 879 1212; baseline -0.003 -12"><span class='ocrx_word' id='word_1_109' title='bbox 132 1167 201 1212; x_wconf 83' lang='lat' dir='ltr'>tias,</span> <span class='ocrx_word' id='word_1_110' title='bbox 224 1177 370 1200; x_wconf 88' lang='lat' dir='ltr'>censuras</span> <span class='ocrx_word' id='word_1_111' title='bbox 393 1178 429 1199; x_wconf 87' lang='lat' dir='ltr'>ac</span> <span class='ocrx_word' id='word_1_112' title='bbox 454 1176 562 1210; x_wconf 83' lang='lat' dir='ltr'>poenas</span> <span class='ocrx_word' id='word_1_113' title='bbox 587 1166 669 1209; x_wconf 85' lang='lat' dir='ltr'>ipsas</span> <span class='ocrx_word' id='word_1_114' title='bbox 700 1166 793 1198; x_wconf 88' lang='lat' dir='ltr'>ctiam</span> <span class='ocrx_word' id='word_1_115' title='bbox 820 1166 879 1198; x_wconf 84' lang='lat' dir='ltr'>itc-</span> 
     </span>
     <span class='ocr_line' id='line_1_21' title="bbox 132 1219 876 1263; baseline -0.004 -9"><span class='ocrx_word' id='word_1_116' title='bbox 132 1220 209 1254; x_wconf 82' lang='lat' dir='ltr'>ratis</span> <span class='ocrx_word' id='word_1_117' title='bbox 231 1220 351 1253; x_wconf 86' lang='lat' dir='ltr'>vicibus</span> <span class='ocrx_word' id='word_1_118' title='bbox 375 1219 589 1263; x_wconf 81' lang='lat' dir='ltr'>aggravando,</span> <span class='ocrx_word' id='word_1_119' title='bbox 615 1219 759 1252; x_wconf 80' lang='lat' dir='ltr'>invocato</span> <span class='ocrx_word' id='word_1_120' title='bbox 783 1219 876 1251; x_wconf 89' lang='lat' dir='ltr'>etiam</span> 
     </span>
     <span class='ocr_line' id='line_1_22' title="bbox 134 1270 876 1317; baseline -0.004 -10"><span class='ocrx_word' id='word_1_121' title='bbox 134 1274 172 1307; x_wconf 86' lang='lat' dir='ltr'>ad</span> <span class='ocrx_word' id='word_1_122' title='bbox 195 1270 254 1307; x_wconf 78' lang='lat' dir='ltr'>hoc</span> <span class='ocrx_word' id='word_1_123' title='bbox 271 1301 279 1315; x_wconf 89' lang='lat'>‚</span> <span class='ocrx_word' id='word_1_124' title='bbox 304 1273 329 1307; x_wconf 90' lang='lat' dir='ltr'>si</span> <span class='ocrx_word' id='word_1_125' title='bbox 354 1283 433 1317; x_wconf 90' lang='lat' dir='ltr'>opus</span> <span class='ocrx_word' id='word_1_126' title='bbox 457 1272 571 1314; x_wconf 85' lang='lat' dir='ltr'>suerit,</span> <span class='ocrx_word' id='word_1_127' title='bbox 604 1272 718 1305; x_wconf 84' lang='lat' dir='ltr'>auxilio</span> <span class='ocrx_word' id='word_1_128' title='bbox 756 1272 876 1305; x_wconf 84' lang='lat' dir='ltr'>brachii</span> 
     </span>
     <span class='ocr_line' id='line_1_23' title="bbox 84 1327 298 1361; baseline -0.009 1"><span class='ocrx_word' id='word_1_129' title='bbox 84 1337 88 1343; x_wconf 81' lang='lat'><em>&#39;</em></span> <span class='ocrx_word' id='word_1_130' title='bbox 135 1327 298 1361; x_wconf 81' lang='lat' dir='ltr'>saecutaris.</span> 
     </span>
     <span class='ocr_line' id='line_1_24' title="bbox 175 1378 879 1424; baseline -0.004 -10"><span class='ocrx_word' id='word_1_131' title='bbox 175 1381 245 1424; x_wconf 64' lang='lat'>56.</span> <span class='ocrx_word' id='word_1_132' title='bbox 269 1381 336 1414; x_wconf 91' lang='lat' dir='ltr'>Non</span> <span class='ocrx_word' id='word_1_133' title='bbox 370 1379 569 1413; x_wconf 80' lang='lat' dir='ltr'>obstantibus</span> <span class='ocrx_word' id='word_1_134' title='bbox 603 1379 700 1412; x_wconf 82' lang='lat' dir='ltr'>felicis</span> <span class='ocrx_word' id='word_1_135' title='bbox 735 1378 879 1411; x_wconf 87' lang='lat' dir='ltr'>recorda-</span> 
     </span>
     <span class='ocr_line' id='line_1_25' title="bbox 134 1431 878 1475; baseline -0.004 -9"><span class='ocrx_word' id='word_1_136' title='bbox 134 1433 227 1466; x_wconf 87' lang='lat' dir='ltr'>tionis</span> <span class='ocrx_word' id='word_1_137' title='bbox 250 1432 402 1466; x_wconf 82' lang='lat' dir='ltr'>Bonifacii</span> <span class='ocrx_word' id='word_1_138' title='bbox 434 1433 535 1475; x_wconf 83' lang='lat' dir='ltr'>Papae</span> <span class='ocrx_word' id='word_1_139' title='bbox 567 1431 666 1464; x_wconf 84' lang='lat' dir='ltr'>octavi</span> <span class='ocrx_word' id='word_1_140' title='bbox 696 1431 878 1474; x_wconf 74' lang='lat' dir='ltr'>praedeces-</span> 
     </span>
     <span class='ocr_line' id='line_1_26' title="bbox 28 1483 878 1545; baseline -0.006 -25"><span class='ocrx_word' id='word_1_141' title='bbox 28 1486 213 1545; x_wconf 49' lang='lat' dir='ltr'>&#39;gffgssfflffl&#39;is</span> <span class='ocrx_word' id='word_1_142' title='bbox 236 1486 362 1527; x_wconf 86' lang='lat' dir='ltr'>nostri,</span> <span class='ocrx_word' id='word_1_143' title='bbox 387 1497 449 1530; x_wconf 86' lang='lat' dir='ltr'>qua</span> <span class='ocrx_word' id='word_1_144' title='bbox 473 1490 600 1518; x_wconf 86' lang='lat' dir='ltr'>cavetur</span> <span class='ocrx_word' id='word_1_145' title='bbox 635 1495 675 1517; x_wconf 89' lang='lat' dir='ltr'>nc</span> <span class='ocrx_word' id='word_1_146' title='bbox 699 1483 769 1527; x_wconf 86' lang='lat' dir='ltr'>quis</span> <span class='ocrx_word' id='word_1_147' title='bbox 793 1489 878 1516; x_wconf 82' lang='lat' dir='ltr'>extra</span> 
     </span>
     <span class='ocr_line' id='line_1_27' title="bbox 135 1537 878 1575; baseline -0.008 -1"><span class='ocrx_word' id='word_1_148' title='bbox 135 1551 222 1575; x_wconf 85' lang='lat' dir='ltr'>suam</span> <span class='ocrx_word' id='word_1_149' title='bbox 239 1541 397 1573; x_wconf 88' lang='lat' dir='ltr'>civitatem</span> <span class='ocrx_word' id='word_1_150' title='bbox 415 1540 461 1572; x_wconf 89' lang='lat' dir='ltr'>vel</span> <span class='ocrx_word' id='word_1_151' title='bbox 473 1538 642 1575; x_wconf 61' lang='lat' dir='ltr'>dioecesim,</span> <span class='ocrx_word' id='word_1_152' title='bbox 657 1537 716 1569; x_wconf 83' lang='lat' dir='ltr'>nisi</span> <span class='ocrx_word' id='word_1_153' title='bbox 736 1537 767 1569; x_wconf 93' lang='lat' dir='ltr'>in</span> <span class='ocrx_word' id='word_1_154' title='bbox 785 1537 878 1569; x_wconf 85' lang='lat' dir='ltr'>certis</span> 
     </span>
     <span class='ocr_line' id='line_1_28' title="bbox 134 1591 876 1638; baseline -0.009 -10"><span class='ocrx_word' id='word_1_155' title='bbox 134 1594 269 1638; x_wconf 83' lang='lat' dir='ltr'>exceptis</span> <span class='ocrx_word' id='word_1_156' title='bbox 293 1594 417 1627; x_wconf 80' lang='lat' dir='ltr'>casibus</span> <span class='ocrx_word' id='word_1_157' title='bbox 435 1620 442 1633; x_wconf 95' lang='lat'>,</span> <span class='ocrx_word' id='word_1_158' title='bbox 467 1598 495 1625; x_wconf 88' lang='lat' dir='ltr'>ct</span> <span class='ocrx_word' id='word_1_159' title='bbox 522 1592 554 1624; x_wconf 92' lang='lat' dir='ltr'>in</span> <span class='ocrx_word' id='word_1_160' title='bbox 587 1592 647 1623; x_wconf 88' lang='lat' dir='ltr'>illis</span> <span class='ocrx_word' id='word_1_161' title='bbox 675 1591 756 1623; x_wconf 90' lang='lat' dir='ltr'>ultra</span> <span class='ocrx_word' id='word_1_162' title='bbox 781 1600 876 1622; x_wconf 89' lang='lat' dir='ltr'>unam</span> 
     </span>
     <span class='ocr_line' id='line_1_29' title="bbox 134 1642 874 1682; baseline -0.009 -1"><span class='ocrx_word' id='word_1_163' title='bbox 134 1648 269 1682; x_wconf 81' lang='lat' dir='ltr'>diaetam</span> <span class='ocrx_word' id='word_1_164' title='bbox 292 1657 309 1679; x_wconf 87' lang='lat' dir='ltr'>a</span> <span class='ocrx_word' id='word_1_165' title='bbox 334 1646 396 1679; x_wconf 83' lang='lat' dir='ltr'>fine</span> <span class='ocrx_word' id='word_1_166' title='bbox 420 1656 484 1678; x_wconf 62' lang='lat' dir='ltr'>suae</span> <span class='ocrx_word' id='word_1_167' title='bbox 508 1644 650 1677; x_wconf 72' lang='lat' dir='ltr'>dicecesis</span> <span class='ocrx_word' id='word_1_168' title='bbox 667 1644 706 1675; x_wconf 89' lang='lat' dir='ltr'>ad</span> <span class='ocrx_word' id='word_1_169' title='bbox 725 1642 874 1675; x_wconf 86' lang='lat' dir='ltr'>iudicium</span> 
     </span>
     <span class='ocr_line' id='line_1_30' title="bbox 90 1696 876 1741; baseline -0.009 -7"><span class='ocrx_word' id='word_1_170' title='bbox 90 1700 93 1706; x_wconf 84' lang='grc'><em>“</em></span> <span class='ocrx_word' id='word_1_171' title='bbox 134 1704 288 1741; x_wconf 86' lang='lat' dir='ltr'>evocetur,</span> <span class='ocrx_word' id='word_1_172' title='bbox 313 1710 368 1733; x_wconf 88' lang='lat' dir='ltr'>seu</span> <span class='ocrx_word' id='word_1_173' title='bbox 385 1709 423 1731; x_wconf 91' lang='lat' dir='ltr'>ne</span> <span class='ocrx_word' id='word_1_174' title='bbox 442 1698 571 1738; x_wconf 85' lang='lat' dir='ltr'>iudices,</span> <span class='ocrx_word' id='word_1_175' title='bbox 595 1697 649 1740; x_wconf 87' lang='lat' dir='ltr'>qui</span> <span class='ocrx_word' id='word_1_176' title='bbox 666 1708 683 1729; x_wconf 89' lang='lat' dir='ltr'>a</span> <span class='ocrx_word' id='word_1_177' title='bbox 701 1696 782 1729; x_wconf 84' lang='lat' dir='ltr'>dieta</span> <span class='ocrx_word' id='word_1_178' title='bbox 800 1696 876 1729; x_wconf 81' lang='lat' dir='ltr'>Sede</span> 
     </span>
     <span class='ocr_line' id='line_1_31' title="bbox 109 1744 876 1802; baseline -0.009 -15"><span class='ocrx_word' id='word_1_179' title='bbox 109 1744 114 1749; x_wconf 34' lang='lat'>³</span> <span class='ocrx_word' id='word_1_180' title='bbox 133 1753 272 1802; x_wconf 78' lang='lat' dir='ltr'>deputati</span> <span class='ocrx_word' id='word_1_181' title='bbox 296 1752 424 1792; x_wconf 79' lang='lat' dir='ltr'>suerint,</span> <span class='ocrx_word' id='word_1_182' title='bbox 448 1756 558 1783; x_wconf 84' lang='lat' dir='ltr'>contra</span> <span class='ocrx_word' id='word_1_183' title='bbox 575 1760 789 1793; x_wconf 85' lang='lat' dir='ltr'>quoscumque</span> <span class='ocrx_word' id='word_1_184' title='bbox 806 1760 876 1791; x_wconf 89' lang='lat' dir='ltr'>pro-</span> 
     </span>
     <span class='ocr_line' id='line_1_32' title="bbox 134 1802 877 1847; baseline -0.009 -7"><span class='ocrx_word' id='word_1_185' title='bbox 134 1806 243 1840; x_wconf 84' lang='lat' dir='ltr'>cedere</span> <span class='ocrx_word' id='word_1_186' title='bbox 260 1833 267 1847; x_wconf 93' lang='lat'>,</span> <span class='ocrx_word' id='word_1_187' title='bbox 291 1806 338 1838; x_wconf 86' lang='lat' dir='ltr'>vel</span> <span class='ocrx_word' id='word_1_188' title='bbox 369 1804 438 1837; x_wconf 88' lang='lat' dir='ltr'>aliis</span> <span class='ocrx_word' id='word_1_189' title='bbox 469 1803 550 1835; x_wconf 85' lang='lat' dir='ltr'>vices</span> <span class='ocrx_word' id='word_1_190' title='bbox 578 1813 650 1835; x_wconf 89' lang='lat' dir='ltr'>suas</span> <span class='ocrx_word' id='word_1_191' title='bbox 681 1802 877 1835; x_wconf 80' lang='lat' dir='ltr'>committere</span> 
     </span>
     <span class='ocr_line' id='line_1_33' title="bbox 135 1854 878 1904; baseline -0.011 -11"><span class='ocrx_word' id='word_1_192' title='bbox 135 1862 345 1904; x_wconf 81' lang='lat' dir='ltr'>praesumant,</span> <span class='ocrx_word' id='word_1_193' title='bbox 370 1862 400 1890; x_wconf 88' lang='lat' dir='ltr'>et</span> <span class='ocrx_word' id='word_1_194' title='bbox 424 1856 461 1889; x_wconf 89' lang='lat' dir='ltr'>de</span> <span class='ocrx_word' id='word_1_195' title='bbox 485 1856 607 1888; x_wconf 77' lang='lat' dir='ltr'>cinabus</span> <span class='ocrx_word' id='word_1_196' title='bbox 631 1854 731 1887; x_wconf 64' lang='lat' dir='ltr'>ditetis</span> <span class='ocrx_word' id='word_1_197' title='bbox 749 1855 780 1886; x_wconf 93' lang='lat' dir='ltr'>in</span> <span class='ocrx_word' id='word_1_198' title='bbox 805 1865 878 1887; x_wconf 88' lang='lat' dir='ltr'>con-</span> 
     </span>
     <span class='ocr_line' id='line_1_34' title="bbox 134 1907 878 1955; baseline -0.012 -9"><span class='ocrx_word' id='word_1_199' title='bbox 134 1911 204 1946; x_wconf 86' lang='lat' dir='ltr'>cilio</span> <span class='ocrx_word' id='word_1_200' title='bbox 228 1910 366 1955; x_wconf 81' lang='lat' dir='ltr'>generali</span> <span class='ocrx_word' id='word_1_201' title='bbox 391 1910 485 1949; x_wconf 89' lang='lat' dir='ltr'>edita,</span> <span class='ocrx_word' id='word_1_202' title='bbox 511 1907 683 1941; x_wconf 90' lang='lat' dir='ltr'>dummodo</span> <span class='ocrx_word' id='word_1_203' title='bbox 716 1907 798 1939; x_wconf 88' lang='lat' dir='ltr'>ultra</span> <span class='ocrx_word' id='word_1_204' title='bbox 816 1911 878 1938; x_wconf 83' lang='lat' dir='ltr'>tres</span> 
     </span>
     <span class='ocr_line' id='line_1_35' title="bbox 135 1960 878 2007; baseline -0.009 -9"><span class='ocrx_word' id='word_1_205' title='bbox 135 1965 240 1998; x_wconf 85' lang='lat' dir='ltr'>diaetas</span> <span class='ocrx_word' id='word_1_206' title='bbox 263 1964 376 2007; x_wconf 86' lang='lat' dir='ltr'>aliquis</span> <span class='ocrx_word' id='word_1_207' title='bbox 392 1962 579 1996; x_wconf 86' lang='lat' dir='ltr'>auctoritate</span> <span class='ocrx_word' id='word_1_208' title='bbox 604 1960 816 2004; x_wconf 85' lang='lat' dir='ltr'>praesentium</span> <span class='ocrx_word' id='word_1_209' title='bbox 841 1960 878 1992; x_wconf 90' lang='lat' dir='ltr'>ad</span> 
     </span>
     <span class='ocr_line' id='line_1_36' title="bbox 134 2012 880 2056; baseline -0.011 -4"><span class='ocrx_word' id='word_1_210' title='bbox 134 2018 286 2051; x_wconf 89' lang='lat' dir='ltr'>iudicium</span> <span class='ocrx_word' id='word_1_211' title='bbox 310 2027 374 2050; x_wconf 91' lang='lat' dir='ltr'>non</span> <span class='ocrx_word' id='word_1_212' title='bbox 398 2015 553 2054; x_wconf 87' lang='lat' dir='ltr'>trahatur,</span> <span class='ocrx_word' id='word_1_213' title='bbox 578 2012 710 2056; x_wconf 88' lang='lat' dir='ltr'>aliisque</span> <span class='ocrx_word' id='word_1_214' title='bbox 734 2013 880 2055; x_wconf 87' lang='lat' dir='ltr'>apostoli-</span> 
     </span>
     <span class='ocr_line' id='line_1_37' title="bbox 135 2065 880 2113; baseline -0.011 -8"><span class='ocrx_word' id='word_1_215' title='bbox 135 2070 179 2104; x_wconf 89' lang='lat' dir='ltr'>cis</span> <span class='ocrx_word' id='word_1_216' title='bbox 202 2081 237 2104; x_wconf 87' lang='lat' dir='ltr'>ae</span> <span class='ocrx_word' id='word_1_217' title='bbox 268 2070 300 2103; x_wconf 90' lang='lat' dir='ltr'>in</span> <span class='ocrx_word' id='word_1_218' title='bbox 331 2067 578 2113; x_wconf 85' lang='lat' dir='ltr'>provincialibus</span> <span class='ocrx_word' id='word_1_219' title='bbox 613 2072 643 2099; x_wconf 86' lang='lat' dir='ltr'>et</span> <span class='ocrx_word' id='word_1_220' title='bbox 681 2065 880 2109; x_wconf 80' lang='lat' dir='ltr'>synodalibus</span> 
     </span>
     <span class='ocr_line' id='line_1_38' title="bbox 135 2119 882 2158; baseline -0.009 -1"><span class='ocrx_word' id='word_1_221' title='bbox 135 2123 277 2158; x_wconf 84' lang='lat' dir='ltr'>conciliis</span> <span class='ocrx_word' id='word_1_222' title='bbox 300 2121 393 2156; x_wconf 84' lang='lat' dir='ltr'>editis</span> <span class='ocrx_word' id='word_1_223' title='bbox 417 2119 695 2154; x_wconf 84' lang='lat' dir='ltr'>constitutionibus</span> <span class='ocrx_word' id='word_1_224' title='bbox 711 2123 741 2151; x_wconf 90' lang='lat' dir='ltr'>et</span> <span class='ocrx_word' id='word_1_225' title='bbox 754 2119 882 2151; x_wconf 89' lang='lat' dir='ltr'>ordina-</span> 
     </span>
     <span class='ocr_line' id='line_1_39' title="bbox 137 2175 883 2217; baseline -0.007 -8"><span class='ocrx_word' id='word_1_226' title='bbox 137 2175 285 2210; x_wconf 86' lang='lat' dir='ltr'>tionibus:</span> <span class='ocrx_word' id='word_1_227' title='bbox 310 2185 432 2208; x_wconf 80' lang='lat' dir='ltr'>necnon</span> <span class='ocrx_word' id='word_1_228' title='bbox 462 2183 738 2217; x_wconf 89' lang='lat' dir='ltr'>quorumcumque</span> <span class='ocrx_word' id='word_1_229' title='bbox 773 2183 883 2205; x_wconf 92' lang='lat' dir='ltr'>mona-</span> 
     </span>
     <span class='ocr_line' id='line_1_40' title="bbox 137 2224 879 2270; baseline -0.008 -8"><span class='ocrx_word' id='word_1_230' title='bbox 137 2227 331 2269; x_wconf 87' lang='lat' dir='ltr'>steriorum,</span> <span class='ocrx_word' id='word_1_231' title='bbox 367 2226 596 2270; x_wconf 84' lang='lat' dir='ltr'>hospitalium,</span> <span class='ocrx_word' id='word_1_232' title='bbox 632 2224 818 2258; x_wconf 89' lang='lat' dir='ltr'>militiarum</span> <span class='ocrx_word' id='word_1_233' title='bbox 853 2230 879 2257; x_wconf 91' lang='lat' dir='ltr'>et</span> 
     </span>
     <span class='ocr_line' id='line_1_41' title="bbox 138 2278 883 2321; baseline -0.005 -7"><span class='ocrx_word' id='word_1_234' title='bbox 138 2280 304 2321; x_wconf 83' lang='lat' dir='ltr'>Ordinum,</span> <span class='ocrx_word' id='word_1_235' title='bbox 328 2280 519 2320; x_wconf 82' lang='lat' dir='ltr'>iuramento,</span> <span class='ocrx_word' id='word_1_236' title='bbox 543 2278 785 2312; x_wconf 87' lang='lat' dir='ltr'>confirmatione</span> <span class='ocrx_word' id='word_1_237' title='bbox 809 2289 883 2321; x_wconf 90' lang='lat' dir='ltr'>apo-</span> 
     </span>
     <span class='ocr_line' id='line_1_42' title="bbox 138 2331 882 2376; baseline -0.004 -10"><span class='ocrx_word' id='word_1_238' title='bbox 138 2333 246 2366; x_wconf 89' lang='lat' dir='ltr'>stolica</span> <span class='ocrx_word' id='word_1_239' title='bbox 270 2334 316 2365; x_wconf 81' lang='lat' dir='ltr'>vel</span> <span class='ocrx_word' id='word_1_240' title='bbox 340 2332 449 2376; x_wconf 88' lang='lat' dir='ltr'>quavis</span> <span class='ocrx_word' id='word_1_241' title='bbox 466 2332 615 2365; x_wconf 85' lang='lat' dir='ltr'>firmitate</span> <span class='ocrx_word' id='word_1_242' title='bbox 632 2331 691 2364; x_wconf 86' lang='lat' dir='ltr'>alia</span> <span class='ocrx_word' id='word_1_243' title='bbox 717 2331 882 2372; x_wconf 84' lang='lat' dir='ltr'>roboratis,</span> 
     </span>
     <span class='ocr_line' id='line_1_43' title="bbox 139 2383 883 2429; baseline -0.004 -10"><span class='ocrx_word' id='word_1_244' title='bbox 139 2386 264 2419; x_wconf 85' lang='lat' dir='ltr'>statutis</span> <span class='ocrx_word' id='word_1_245' title='bbox 298 2390 327 2418; x_wconf 93' lang='lat' dir='ltr'>ct</span> <span class='ocrx_word' id='word_1_246' title='bbox 368 2385 671 2429; x_wconf 77' lang='lat' dir='ltr'>consuetudinibus,</span> <span class='ocrx_word' id='word_1_247' title='bbox 713 2383 883 2427; x_wconf 81' lang='lat' dir='ltr'>privilegiis</span> 
     </span>
     <span class='ocr_line' id='line_1_44' title="bbox 140 2437 882 2483; baseline -0.005 -11"><span class='ocrx_word' id='word_1_248' title='bbox 140 2449 275 2483; x_wconf 77' lang='lat' dir='ltr'>quoque,</span> <span class='ocrx_word' id='word_1_249' title='bbox 299 2437 429 2470; x_wconf 84' lang='lat' dir='ltr'>indultis</span> <span class='ocrx_word' id='word_1_250' title='bbox 452 2442 481 2470; x_wconf 85' lang='lat' dir='ltr'>et</span> <span class='ocrx_word' id='word_1_251' title='bbox 506 2437 617 2469; x_wconf 85' lang='lat' dir='ltr'>litteris</span> <span class='ocrx_word' id='word_1_252' title='bbox 642 2437 831 2479; x_wconf 84' lang='lat' dir='ltr'>apostolicis,</span> <span class='ocrx_word' id='word_1_253' title='bbox 848 2447 882 2468; x_wconf 91' lang='lat' dir='ltr'>ac</span> 
     </span>
     <span class='ocr_line' id='line_1_45' title="bbox 139 2489 883 2535; baseline -0.003 -11"><span class='ocrx_word' id='word_1_254' title='bbox 139 2490 401 2535; x_wconf 83' lang='lat' dir='ltr'>exemptionibus,</span> <span class='ocrx_word' id='word_1_255' title='bbox 425 2490 483 2522; x_wconf 88' lang='lat' dir='ltr'>sub</span> <span class='ocrx_word' id='word_1_256' title='bbox 515 2489 765 2533; x_wconf 86' lang='lat' dir='ltr'>quibuscumque</span> <span class='ocrx_word' id='word_1_257' title='bbox 797 2495 883 2523; x_wconf 92' lang='lat' dir='ltr'>teno-</span> 
     </span>
     <span class='ocr_line' id='line_1_46' title="bbox 139 2542 884 2586; baseline -0.005 -8"><span class='ocrx_word' id='word_1_258' title='bbox 139 2545 278 2578; x_wconf 82' lang='lat' dir='ltr'>ribus&#39;et</span> <span class='ocrx_word' id='word_1_259' title='bbox 304 2544 423 2583; x_wconf 82' lang='lat' dir='ltr'>formis,</span> <span class='ocrx_word' id='word_1_260' title='bbox 449 2554 484 2575; x_wconf 87' lang='lat' dir='ltr'>ac</span> <span class='ocrx_word' id='word_1_261' title='bbox 509 2554 581 2575; x_wconf 87' lang='lat' dir='ltr'>cum</span> <span class='ocrx_word' id='word_1_262' title='bbox 606 2542 768 2586; x_wconf 88' lang='lat' dir='ltr'>quibusvis</span> <span class='ocrx_word' id='word_1_263' title='bbox 793 2542 884 2575; x_wconf 75' lang='lat' dir='ltr'>rest-i-</span> 
     </span>
     <span class='ocr_line' id='line_1_47' title="bbox 139 2594 883 2640; baseline -0.004 -9"><span class='ocrx_word' id='word_1_264' title='bbox 139 2597 336 2638; x_wconf 85' lang='lat' dir='ltr'>tutionibus,</span> <span class='ocrx_word' id='word_1_265' title='bbox 362 2595 670 2640; x_wconf 77' lang='lat' dir='ltr'>praesentationibus</span> <span class='ocrx_word' id='word_1_266' title='bbox 706 2606 741 2628; x_wconf 89' lang='lat' dir='ltr'>ac</span> <span class='ocrx_word' id='word_1_267' title='bbox 769 2594 883 2628; x_wconf 88' lang='lat' dir='ltr'>mentis</span> 
     </span>
     <span class='ocr_line' id='line_1_48' title="bbox 139 2647 884 2692; baseline -0.007 -8"><span class='ocrx_word' id='word_1_268' title='bbox 139 2650 321 2685; x_wconf 83' lang='lat' dir='ltr'>attestativis</span> <span class='ocrx_word' id='word_1_269' title='bbox 357 2662 392 2683; x_wconf 86' lang='lat' dir='ltr'>ac</span> <span class='ocrx_word' id='word_1_270' title='bbox 416 2648 687 2692; x_wconf 71' lang='lat' dir='ltr'>derogatoriarum</span> <span class='ocrx_word' id='word_1_271' title='bbox 719 2647 884 2689; x_wconf 82' lang='lat' dir='ltr'>derogato-</span> 
     </span>
    </p>
   </div>
   <div class='ocr_carea' id='block_1_6' title="bbox 207 2711 825 2741">
    <p class='ocr_par' dir='ltr' id='par_1_6' title="bbox 207 2711 825 2741">
     <span class='ocr_line' id='line_1_49' title="bbox 207 2711 825 2741; baseline -0.01 0"><span class='ocrx_word' id='word_1_272' title='bbox 207 2716 275 2741; x_wconf 66' lang='lat' dir='ltr'>Ball.</span> <span class='ocrx_word' id='word_1_273' title='bbox 295 2716 369 2741; x_wconf 79' lang='lat' dir='ltr'>Rom.</span> <span class='ocrx_word' id='word_1_274' title='bbox 395 2715 446 2740; x_wconf 68' lang='lat' dir='ltr'>Vol.</span> <span class='ocrx_word' id='word_1_275' title='bbox 472 2714 545 2739; x_wconf 73' lang='lat' dir='ltr'>VIII.</span> <span class='ocrx_word' id='word_1_276' title='bbox 791 2711 825 2736; x_wconf 80' lang='lat'>25</span> 
     </span>
    </p>
   </div>
   <div class='ocr_carea' id='block_1_7' title="bbox 908 483 1765 1689">
    <p class='ocr_par' dir='ltr' id='par_1_7' title="bbox 908 483 1655 1307">
     <span class='ocr_line' id='line_1_50' title="bbox 912 483 1651 528; baseline 0.003 -14"><span class='ocrx_word' id='word_1_277' title='bbox 912 483 996 515; x_wconf 85' lang='lat' dir='ltr'>tione</span> <span class='ocrx_word' id='word_1_278' title='bbox 1020 488 1047 515; x_wconf 89' lang='lat' dir='ltr'>et</span> <span class='ocrx_word' id='word_1_279' title='bbox 1074 484 1111 516; x_wconf 89' lang='lat' dir='ltr'>ad</span> <span class='ocrx_word' id='word_1_280' title='bbox 1137 484 1394 526; x_wconf 75' lang='lat' dir='ltr'>supplicationeiu</span> <span class='ocrx_word' id='word_1_281' title='bbox 1432 484 1651 528; x_wconf 88' lang='lat' dir='ltr'>imperatoris,</span> 
     </span>
     <span class='ocr_line' id='line_1_51' title="bbox 912 536 1650 579; baseline 0.003 -13"><span class='ocrx_word' id='word_1_282' title='bbox 912 546 1044 577; x_wconf 78' lang='lat' dir='ltr'>regum,</span> <span class='ocrx_word' id='word_1_283' title='bbox 1070 536 1184 567; x_wconf 85' lang='lat' dir='ltr'>ducum</span> <span class='ocrx_word' id='word_1_284' title='bbox 1215 536 1410 578; x_wconf 82' lang='lat' dir='ltr'>aliorumque</span> <span class='ocrx_word' id='word_1_285' title='bbox 1447 537 1625 579; x_wconf 67' lang='lat' dir='ltr'>principum</span> <span class='ocrx_word' id='word_1_286' title='bbox 1643 564 1650 577; x_wconf 91' lang='lat'>‚</span> 
     </span>
     <span class='ocr_line' id='line_1_52' title="bbox 911 588 1651 626; baseline 0.003 -7"><span class='ocrx_word' id='word_1_287' title='bbox 911 598 1033 620; x_wconf 82' lang='lat' dir='ltr'>necnon</span> <span class='ocrx_word' id='word_1_288' title='bbox 1066 588 1095 620; x_wconf 82' lang='lat' dir='ltr'>S.</span> <span class='ocrx_word' id='word_1_289' title='bbox 1122 589 1154 621; x_wconf 72' lang='lat' dir='ltr'>lt.</span> <span class='ocrx_word' id='word_1_290' title='bbox 1180 588 1210 620; x_wconf 79' lang='lat' dir='ltr'>E.</span> <span class='ocrx_word' id='word_1_291' title='bbox 1236 588 1453 626; x_wconf 79' lang='lat' dir='ltr'>cardinalium,</span> <span class='ocrx_word' id='word_1_292' title='bbox 1479 595 1504 620; x_wconf 63' lang='lat' dir='ltr'>et</span> <span class='ocrx_word' id='word_1_293' title='bbox 1532 590 1568 621; x_wconf 88' lang='lat' dir='ltr'>de</span> <span class='ocrx_word' id='word_1_294' title='bbox 1588 590 1651 621; x_wconf 93' lang='lat' dir='ltr'>illo-</span> 
     </span>
     <span class='ocr_line' id='line_1_53' title="bbox 912 642 1652 685; baseline 0.005 -14"><span class='ocrx_word' id='word_1_295' title='bbox 912 651 981 672; x_wconf 86' lang='lat' dir='ltr'>rum</span> <span class='ocrx_word' id='word_1_296' title='bbox 1000 642 1131 673; x_wconf 88' lang='lat' dir='ltr'>consilio</span> <span class='ocrx_word' id='word_1_297' title='bbox 1148 652 1184 673; x_wconf 86' lang='lat' dir='ltr'>ac</span> <span class='ocrx_word' id='word_1_298' title='bbox 1201 646 1323 673; x_wconf 85' lang='lat' dir='ltr'>matura</span> <span class='ocrx_word' id='word_1_299' title='bbox 1335 642 1652 685; x_wconf 79' lang='lat' dir='ltr'>deliberationeprius</span> 
     </span>
     <span class='ocr_line' id='line_1_54' title="bbox 909 693 1651 736; baseline 0.003 -12"><span class='ocrx_word' id='word_1_300' title='bbox 909 693 1025 734; x_wconf 81' lang='lat' dir='ltr'>habita,</span> <span class='ocrx_word' id='word_1_301' title='bbox 1043 704 1097 726; x_wconf 87' lang='lat' dir='ltr'>seu</span> <span class='ocrx_word' id='word_1_302' title='bbox 1121 693 1215 726; x_wconf 82' lang='lat' dir='ltr'>ctiam</span> <span class='ocrx_word' id='word_1_303' title='bbox 1234 698 1320 725; x_wconf 86' lang='lat' dir='ltr'>motu</span> <span class='ocrx_word' id='word_1_304' title='bbox 1339 694 1466 736; x_wconf 84' lang='lat' dir='ltr'>proprio</span> <span class='ocrx_word' id='word_1_305' title='bbox 1481 700 1552 726; x_wconf 79' lang='lat' dir='ltr'>etex</span> <span class='ocrx_word' id='word_1_306' title='bbox 1566 700 1651 726; x_wconf 75' lang='lat' dir='ltr'>certa</span> 
     </span>
     <span class='ocr_line' id='line_1_55' title="bbox 910 746 1653 790; baseline 0.001 -12"><span class='ocrx_word' id='word_1_307' title='bbox 910 746 1040 778; x_wconf 87' lang='lat' dir='ltr'>scientia</span> <span class='ocrx_word' id='word_1_308' title='bbox 1065 758 1100 779; x_wconf 94' lang='lat' dir='ltr'>ac</span> <span class='ocrx_word' id='word_1_309' title='bbox 1124 748 1160 778; x_wconf 82' lang='lat' dir='ltr'>(le</span> <span class='ocrx_word' id='word_1_310' title='bbox 1186 747 1373 790; x_wconf 83' lang='lat' dir='ltr'>apostolicae</span> <span class='ocrx_word' id='word_1_311' title='bbox 1398 748 1557 790; x_wconf 75' lang='lat' dir='ltr'>potestatis</span> <span class='ocrx_word' id='word_1_312' title='bbox 1590 748 1653 789; x_wconf 82' lang='lat' dir='ltr'>ple-</span> 
     </span>
     <span class='ocr_line' id='line_1_56' title="bbox 910 799 1650 839; baseline 0.003 -9"><span class='ocrx_word' id='word_1_313' title='bbox 910 799 1054 832; x_wconf 88' lang='lat' dir='ltr'>nitudine</span> <span class='ocrx_word' id='word_1_314' title='bbox 1078 800 1244 839; x_wconf 71' lang='lat' dir='ltr'>concessis,</span> <span class='ocrx_word' id='word_1_315' title='bbox 1270 800 1463 832; x_wconf 80' lang='lat' dir='ltr'>confirmatis</span> <span class='ocrx_word' id='word_1_316' title='bbox 1488 812 1522 832; x_wconf 81' lang='lat' dir='ltr'>ac</span> <span class='ocrx_word' id='word_1_317' title='bbox 1557 802 1650 833; x_wconf 78' lang='lat' dir='ltr'>ctiam</span> 
     </span>
     <span class='ocr_line' id='line_1_57' title="bbox 910 851 1653 895; baseline 0.004 -13"><span class='ocrx_word' id='word_1_318' title='bbox 910 851 1125 893; x_wconf 85' lang='lat' dir='ltr'>multiplicatis</span> <span class='ocrx_word' id='word_1_319' title='bbox 1151 852 1271 884; x_wconf 79' lang='lat' dir='ltr'>vicibus</span> <span class='ocrx_word' id='word_1_320' title='bbox 1298 852 1473 893; x_wconf 86' lang='lat' dir='ltr'>innovatis,</span> <span class='ocrx_word' id='word_1_321' title='bbox 1503 865 1653 895; x_wconf 86' lang='lat' dir='ltr'>quorum-</span> 
     </span>
     <span class='ocr_line' id='line_1_58' title="bbox 908 905 1653 948; baseline 0.001 -12"><span class='ocrx_word' id='word_1_322' title='bbox 908 916 1040 947; x_wconf 79' lang='lat' dir='ltr'>cumque</span> <span class='ocrx_word' id='word_1_323' title='bbox 1066 910 1209 938; x_wconf 84' lang='lat' dir='ltr'>tenorum</span> <span class='ocrx_word' id='word_1_324' title='bbox 1234 905 1378 945; x_wconf 74' lang='lat' dir='ltr'>existant,</span> <span class='ocrx_word' id='word_1_325' title='bbox 1403 906 1568 938; x_wconf 82' lang='lat' dir='ltr'>contrariis</span> <span class='ocrx_word' id='word_1_326' title='bbox 1585 906 1653 948; x_wconf 85' lang='lat' dir='ltr'>qui-</span> 
     </span>
     <span class='ocr_line' id='line_1_59' title="bbox 911 956 1654 1001; baseline 0.004 -14"><span class='ocrx_word' id='word_1_327' title='bbox 911 956 1115 999; x_wconf 54' lang='lat' dir='ltr'>buscunuquffi</span> <span class='ocrx_word' id='word_1_328' title='bbox 1132 964 1184 989; x_wconf 88' lang='lat' dir='ltr'>aut</span> <span class='ocrx_word' id='word_1_329' title='bbox 1204 957 1228 990; x_wconf 87' lang='lat' dir='ltr'>si</span> <span class='ocrx_word' id='word_1_330' title='bbox 1258 958 1425 1001; x_wconf 78' lang='lat' dir='ltr'>aliquibus,</span> <span class='ocrx_word' id='word_1_331' title='bbox 1444 959 1654 991; x_wconf 78' lang='lat' dir='ltr'>communiter</span> 
     </span>
     <span class='ocr_line' id='line_1_60' title="bbox 910 1010 1654 1050; baseline 0 -9"><span class='ocrx_word' id='word_1_332' title='bbox 910 1011 953 1041; x_wconf 85' lang='lat' dir='ltr'>vcl</span> <span class='ocrx_word' id='word_1_333' title='bbox 978 1010 1112 1050; x_wconf 72' lang='lat' dir='ltr'>divisim,</span> <span class='ocrx_word' id='word_1_334' title='bbox 1139 1011 1178 1042; x_wconf 87' lang='lat' dir='ltr'>ab</span> <span class='ocrx_word' id='word_1_335' title='bbox 1194 1010 1303 1043; x_wconf 77' lang='lat' dir='ltr'>eaden]</span> <span class='ocrx_word' id='word_1_336' title='bbox 1331 1011 1370 1042; x_wconf 86' lang='lat' dir='ltr'>sit</span> <span class='ocrx_word' id='word_1_337' title='bbox 1395 1011 1472 1043; x_wconf 82' lang='lat' dir='ltr'>Sede</span> <span class='ocrx_word' id='word_1_338' title='bbox 1498 1011 1654 1042; x_wconf 82' lang='lat' dir='ltr'>indultum</span> 
     </span>
     <span class='ocr_line' id='line_1_61' title="bbox 909 1062 1654 1105; baseline 0.001 -12"><span class='ocrx_word' id='word_1_339' title='bbox 909 1063 991 1104; x_wconf 84' lang='lat' dir='ltr'>quod</span> <span class='ocrx_word' id='word_1_340' title='bbox 1018 1062 1175 1102; x_wconf 85' lang='lat' dir='ltr'>interdici,</span> <span class='ocrx_word' id='word_1_341' title='bbox 1201 1063 1352 1105; x_wconf 83' lang='lat' dir='ltr'>suspendi</span> <span class='ocrx_word' id='word_1_342' title='bbox 1370 1064 1415 1095; x_wconf 70' lang='lat' dir='ltr'>vel</span> <span class='ocrx_word' id='word_1_343' title='bbox 1441 1063 1654 1095; x_wconf 76' lang='lat' dir='ltr'>excommuni-</span> 
     </span>
     <span class='ocr_line' id='line_1_62' title="bbox 908 1115 1655 1160; baseline 0.003 -13"><span class='ocrx_word' id='word_1_344' title='bbox 908 1115 972 1147; x_wconf 87' lang='lat' dir='ltr'>cari</span> <span class='ocrx_word' id='word_1_345' title='bbox 1006 1126 1069 1147; x_wconf 91' lang='lat' dir='ltr'>non</span> <span class='ocrx_word' id='word_1_346' title='bbox 1093 1116 1212 1158; x_wconf 81' lang='lat' dir='ltr'>possint</span> <span class='ocrx_word' id='word_1_347' title='bbox 1242 1127 1298 1159; x_wconf 85' lang='lat' dir='ltr'>per</span> <span class='ocrx_word' id='word_1_348' title='bbox 1325 1116 1444 1149; x_wconf 79' lang='lat' dir='ltr'>litteras</span> <span class='ocrx_word' id='word_1_349' title='bbox 1469 1117 1655 1160; x_wconf 83' lang='lat' dir='ltr'>apostolicas</span> 
     </span>
     <span class='ocr_line' id='line_1_63' title="bbox 910 1168 1654 1211; baseline 0.003 -12"><span class='ocrx_word' id='word_1_350' title='bbox 910 1177 972 1199; x_wconf 88' lang='lat' dir='ltr'>non</span> <span class='ocrx_word' id='word_1_351' title='bbox 990 1168 1138 1200; x_wconf 83' lang='lat' dir='ltr'>facientes</span> <span class='ocrx_word' id='word_1_352' title='bbox 1156 1169 1279 1210; x_wconf 78' lang='lat' dir='ltr'>plenam</span> <span class='ocrx_word' id='word_1_353' title='bbox 1304 1174 1334 1200; x_wconf 88' lang='lat' dir='ltr'>ct</span> <span class='ocrx_word' id='word_1_354' title='bbox 1354 1180 1532 1211; x_wconf 80' lang='lat' dir='ltr'>expressam</span> <span class='ocrx_word' id='word_1_355' title='bbox 1557 1180 1592 1201; x_wconf 87' lang='lat' dir='ltr'>ac</span> <span class='ocrx_word' id='word_1_356' title='bbox 1616 1170 1654 1201; x_wconf 91' lang='lat' dir='ltr'>de</span> 
     </span>
     <span class='ocr_line' id='line_1_64' title="bbox 910 1221 1652 1256; baseline 0.004 -3"><span class='ocrx_word' id='word_1_357' title='bbox 910 1221 1002 1253; x_wconf 84' lang='lat' dir='ltr'>verbo</span> <span class='ocrx_word' id='word_1_358' title='bbox 1027 1222 1065 1253; x_wconf 83' lang='lat' dir='ltr'>ad</span> <span class='ocrx_word' id='word_1_359' title='bbox 1090 1222 1220 1254; x_wconf 77' lang='lat' dir='ltr'>verbum</span> <span class='ocrx_word' id='word_1_360' title='bbox 1251 1222 1289 1254; x_wconf 88' lang='lat' dir='ltr'>de</span> <span class='ocrx_word' id='word_1_361' title='bbox 1314 1222 1435 1255; x_wconf 87' lang='lat' dir='ltr'>indulto</span> <span class='ocrx_word' id='word_1_362' title='bbox 1472 1223 1652 1256; x_wconf 88' lang='lat' dir='ltr'>huiusmodi</span> 
     </span>
     <span class='ocr_line' id='line_1_65' title="bbox 910 1275 1111 1307; baseline 0.005 -1"><span class='ocrx_word' id='word_1_363' title='bbox 910 1275 1111 1307; x_wconf 84' lang='lat' dir='ltr'>mentionem.</span> 
     </span>
    </p>

    <p class='ocr_par' dir='ltr' id='par_1_8' title="bbox 953 1328 1585 1372">
     <span class='ocr_line' id='line_1_66' title="bbox 953 1328 1585 1372; baseline 0.002 -12"><span class='ocrx_word' id='word_1_364' title='bbox 953 1328 967 1370; x_wconf 62' lang='grc' dir='ltr'>ξ</span> <span class='ocrx_word' id='word_1_365' title='bbox 988 1328 1016 1360; x_wconf 88' lang='grc'>7.</span> <span class='ocrx_word' id='word_1_366' title='bbox 1033 1328 1188 1368; x_wconf 86' lang='lat' dir='ltr'>Ceterum,</span> <span class='ocrx_word' id='word_1_367' title='bbox 1206 1328 1280 1372; x_wconf 87' lang='lat' dir='ltr'>quia</span> <span class='ocrx_word' id='word_1_368' title='bbox 1297 1328 1423 1361; x_wconf 83' lang='lat' dir='ltr'>difficile</span> <span class='ocrx_word' id='word_1_369' title='bbox 1440 1328 1518 1362; x_wconf 86' lang='lat' dir='ltr'>soret</span> <span class='ocrx_word' id='word_1_370' title='bbox 1531 1333 1585 1361; x_wconf 82' lang='lat' dir='ltr'>ecc.</span> 
     </span>
    </p>

    <p class='ocr_par' dir='ltr' id='par_1_9' title="bbox 950 1381 1206 1423">
     <span class='ocr_line' id='line_1_67' title="bbox 950 1381 1206 1423; baseline 0.008 -11"><span class='ocrx_word' id='word_1_371' title='bbox 950 1381 1028 1413; x_wconf 90' lang='lat' dir='ltr'>Nulli</span> <span class='ocrx_word' id='word_1_372' title='bbox 1054 1392 1129 1423; x_wconf 70' lang='lat' dir='ltr'>ergo</span> <span class='ocrx_word' id='word_1_373' title='bbox 1153 1385 1206 1414; x_wconf 76' lang='lat' dir='ltr'>etc.</span> 
     </span>
    </p>

    <p class='ocr_par' dir='ltr' id='par_1_10' title="bbox 909 1432 1765 1636">
     <span class='ocr_line' id='line_1_68' title="bbox 951 1432 1765 1479; baseline 0.005 -14"><span class='ocrx_word' id='word_1_374' title='bbox 951 1433 1062 1465; x_wconf 89' lang='lat' dir='ltr'>Datum</span> <span class='ocrx_word' id='word_1_375' title='bbox 1087 1434 1204 1467; x_wconf 86' lang='lat' dir='ltr'>Romae</span> <span class='ocrx_word' id='word_1_376' title='bbox 1228 1434 1311 1478; x_wconf 88' lang='lat' dir='ltr'>apud</span> <span class='ocrx_word' id='word_1_377' title='bbox 1336 1435 1484 1468; x_wconf 88' lang='lat' dir='ltr'>Sanctum</span> <span class='ocrx_word' id='word_1_378' title='bbox 1516 1432 1765 1479; x_wconf 48' lang='lat' dir='ltr'>Petrumfflffffffll</span> 
     </span>
     <span class='ocr_line' id='line_1_69' title="bbox 909 1486 1654 1523; baseline 0.008 -6"><span class='ocrx_word' id='word_1_379' title='bbox 909 1496 992 1518; x_wconf 90' lang='lat' dir='ltr'>anno</span> <span class='ocrx_word' id='word_1_380' title='bbox 1018 1486 1245 1519; x_wconf 83' lang='lat' dir='ltr'>incarnationis</span> <span class='ocrx_word' id='word_1_381' title='bbox 1276 1488 1453 1521; x_wconf 87' lang='lat' dir='ltr'>dominicae</span> <span class='ocrx_word' id='word_1_382' title='bbox 1489 1489 1654 1523; x_wconf 87' lang='lat' dir='ltr'>millesimo</span> 
     </span>
     <span class='ocr_line' id='line_1_70' title="bbox 910 1539 1655 1584; baseline 0.007 -14"><span class='ocrx_word' id='word_1_383' title='bbox 910 1539 1164 1581; x_wconf 79' lang='lat' dir='ltr'>quingentesimo</span> <span class='ocrx_word' id='word_1_384' title='bbox 1178 1540 1409 1582; x_wconf 73' lang='lat' dir='ltr'>septuagesimo</span> <span class='ocrx_word' id='word_1_385' title='bbox 1427 1542 1572 1584; x_wconf 86' lang='lat' dir='ltr'>septimo,</span> <span class='ocrx_word' id='word_1_386' title='bbox 1596 1542 1655 1575; x_wconf 93' lang='lat' dir='ltr'>idi-</span> 
     </span>
     <span class='ocr_line' id='line_1_71' title="bbox 914 1592 1595 1636; baseline 0.007 -13"><span class='ocrx_word' id='word_1_387' title='bbox 914 1592 971 1624; x_wconf 88' lang='lat' dir='ltr'>bus</span> <span class='ocrx_word' id='word_1_388' title='bbox 997 1592 1194 1635; x_wconf 87' lang='lat' dir='ltr'>septembris,</span> <span class='ocrx_word' id='word_1_389' title='bbox 1220 1593 1422 1636; x_wconf 83' lang='lat' dir='ltr'>pontificatus</span> <span class='ocrx_word' id='word_1_390' title='bbox 1446 1605 1529 1628; x_wconf 74' lang='lat' dir='ltr'>anno</span> <span class='ocrx_word' id='word_1_391' title='bbox 1554 1606 1595 1628; x_wconf 68' lang='lat' dir='ltr'>VI.</span> 
     </span>
    </p>

    <p class='ocr_par' dir='ltr' id='par_1_11' title="bbox 950 1645 1658 1689">
     <span class='ocr_line' id='line_1_72' title="bbox 950 1645 1658 1689; baseline 0.007 -12"><span class='ocrx_word' id='word_1_392' title='bbox 950 1645 1016 1678; x_wconf 79' lang='lat' dir='ltr'>Dat.</span> <span class='ocrx_word' id='word_1_393' title='bbox 1029 1645 1079 1678; x_wconf 88' lang='lat' dir='ltr'>die</span> <span class='ocrx_word' id='word_1_394' title='bbox 1092 1645 1134 1678; x_wconf 73' lang='lat'>13</span> <span class='ocrx_word' id='word_1_395' title='bbox 1149 1646 1383 1689; x_wconf 74' lang='lat' dir='ltr'>septcn1.1577,</span> <span class='ocrx_word' id='word_1_396' title='bbox 1394 1648 1503 1680; x_wconf 83' lang='lat' dir='ltr'>Pontis.</span> <span class='ocrx_word' id='word_1_397' title='bbox 1517 1659 1599 1682; x_wconf 90' lang='lat' dir='ltr'>anno</span> <span class='ocrx_word' id='word_1_398' title='bbox 1613 1659 1658 1682; x_wconf 79' lang='lat' dir='ltr'>vi.</span> 
     </span>
    </p>
   </div>
   <div class='ocr_carea' id='block_1_8' title="bbox 1199 1713 1365 1717">
    <p class='ocr_par' dir='ltr' id='par_1_12' title="bbox 1199 1713 1365 1717">
     <span class='ocr_line' id='line_1_73' title="bbox 1199 1713 1365 1717; baseline 0 0"><span class='ocrx_word' id='word_1_399' title='bbox 1199 1713 1365 1717; x_wconf 95' lang='lat' dir='ltr'> </span> 
     </span>
    </p>
   </div>
   <div class='ocr_carea' id='block_1_9' title="bbox 1230 1760 1340 1793">
    <p class='ocr_par' dir='ltr' id='par_1_13' title="bbox 1230 1760 1340 1793">
     <span class='ocr_line' id='line_1_74' title="bbox 1230 1760 1340 1793; baseline 0 -1"><span class='ocrx_word' id='word_1_400' title='bbox 1230 1760 1340 1793; x_wconf 82' lang='lat' dir='ltr'>Lxxv.</span> 
     </span>
    </p>
   </div>
   <div class='ocr_carea' id='block_1_10' title="bbox 915 1866 1659 2005">
    <p class='ocr_par' dir='ltr' id='par_1_14' title="bbox 915 1866 1659 2005">
     <span class='ocr_line' id='line_1_75' title="bbox 915 1866 1659 1899; baseline 0 0"><span class='ocrx_word' id='word_1_401' title='bbox 915 1866 1092 1899; x_wconf 75' lang='lat' dir='ltr'>Prohibicio</span> <span class='ocrx_word' id='word_1_402' title='bbox 1115 1867 1163 1898; x_wconf 78' lang='lat' dir='ltr'>sal</span> <span class='ocrx_word' id='word_1_403' title='bbox 1186 1869 1327 1897; x_wconf 59' lang='lat' dir='ltr'>staterum</span> <span class='ocrx_word' id='word_1_404' title='bbox 1350 1867 1512 1898; x_wconf 67' lang='lat' dir='ltr'>mercandi</span> <span class='ocrx_word' id='word_1_405' title='bbox 1536 1868 1567 1898; x_wconf 74' lang='lat'>1&#39;11</span> <span class='ocrx_word' id='word_1_406' title='bbox 1586 1868 1659 1899; x_wconf 76' lang='lat' dir='ltr'>locis</span> 
     </span>
     <span class='ocr_line' id='line_1_76' title="bbox 957 1918 1658 1961; baseline -0.003 -10"><span class='ocrx_word' id='word_1_407' title='bbox 957 1920 1045 1952; x_wconf 79' lang='lat' dir='ltr'>Sedis</span> <span class='ocrx_word' id='word_1_408' title='bbox 1064 1919 1256 1961; x_wconf 78' lang='lat' dir='ltr'>Apostolicnc</span> <span class='ocrx_word' id='word_1_409' title='bbox 1278 1918 1411 1950; x_wconf 73' lang='lat' dir='ltr'>mediate</span> <span class='ocrx_word' id='word_1_410' title='bbox 1435 1922 1460 1950; x_wconf 72' lang='lat' dir='ltr'>rt</span> <span class='ocrx_word' id='word_1_411' title='bbox 1481 1919 1658 1951; x_wconf 68' lang='lat' dir='ltr'>immediate</span> 
     </span>
     <span class='ocr_line' id='line_1_77' title="bbox 957 1973 1111 2005; baseline -0.006 0"><span class='ocrx_word' id='word_1_412' title='bbox 957 1973 1111 2005; x_wconf 73' lang='lat' dir='ltr'>subiectis.</span> 
     </span>
    </p>
   </div>
   <div class='ocr_carea' id='block_1_11' title="bbox 909 2061 1653 2099">
    <p class='ocr_par' dir='ltr' id='par_1_15' title="bbox 909 2061 1653 2099">
     <span class='ocr_line' id='line_1_78' title="bbox 909 2061 1653 2099; baseline -0.005 -7"><span class='ocrx_word' id='word_1_413' title='bbox 909 2064 1048 2099; x_wconf 63' lang='lat' dir='ltr'>Gregorius</span> <span class='ocrx_word' id='word_1_414' title='bbox 1067 2063 1137 2098; x_wconf 81' lang='lat' dir='ltr'>Papa</span> <span class='ocrx_word' id='word_1_415' title='bbox 1152 2063 1213 2096; x_wconf 85' lang='grc' dir='ltr'>ΧΙΙΙ,</span> <span class='ocrx_word' id='word_1_416' title='bbox 1229 2063 1260 2090; x_wconf 84' lang='lat' dir='ltr'>ad</span> <span class='ocrx_word' id='word_1_417' title='bbox 1277 2065 1425 2097; x_wconf 69' lang='lat' dir='ltr'>perpetuam</span> <span class='ocrx_word' id='word_1_418' title='bbox 1440 2061 1476 2088; x_wconf 84' lang='lat' dir='ltr'>rei</span> <span class='ocrx_word' id='word_1_419' title='bbox 1492 2061 1653 2089; x_wconf 84' lang='lat' dir='ltr'>memoriam.</span> 
     </span>
    </p>
   </div>
   <div class='ocr_carea' id='block_1_12' title="bbox 953 2156 1765 2204">
    <p class='ocr_par' dir='ltr' id='par_1_16' title="bbox 953 2156 1765 2204">
     <span class='ocr_line' id='line_1_79' title="bbox 953 2156 1765 2204; baseline -0.004 -8"><span class='ocrx_word' id='word_1_420' title='bbox 953 2165 995 2196; x_wconf 74' lang='lat' dir='ltr'>Ex</span> <span class='ocrx_word' id='word_1_421' title='bbox 1015 2163 1209 2196; x_wconf 84' lang='lat' dir='ltr'>incumbenti</span> <span class='ocrx_word' id='word_1_422' title='bbox 1236 2162 1326 2194; x_wconf 85' lang='lat' dir='ltr'>nobis</span> <span class='ocrx_word' id='word_1_423' title='bbox 1351 2161 1538 2204; x_wconf 83' lang='lat' dir='ltr'>apostolicae</span> <span class='ocrx_word' id='word_1_424' title='bbox 1563 2161 1658 2193; x_wconf 71' lang='lat' dir='ltr'>servi-</span> <span class='ocrx_word' id='word_1_425' title='bbox 1695 2156 1765 2176; x_wconf 55' lang='lat' dir='ltr'>Ex‘ffl</span> 
     </span>
    </p>
   </div>
   <div class='ocr_carea' id='block_1_13' title="bbox 914 2214 1661 2419">
    <p class='ocr_par' dir='ltr' id='par_1_17' title="bbox 914 2214 1661 2419">
     <span class='ocr_line' id='line_1_80' title="bbox 917 2214 1659 2257; baseline -0.005 -7"><span class='ocrx_word' id='word_1_426' title='bbox 917 2217 991 2250; x_wconf 89' lang='lat' dir='ltr'>tutis</span> <span class='ocrx_word' id='word_1_427' title='bbox 1017 2217 1120 2249; x_wconf 83' lang='lat' dir='ltr'>officio</span> <span class='ocrx_word' id='word_1_428' title='bbox 1138 2244 1145 2257; x_wconf 88' lang='lat'>‚</span> <span class='ocrx_word' id='word_1_429' title='bbox 1170 2217 1208 2248; x_wconf 88' lang='lat' dir='ltr'>ad</span> <span class='ocrx_word' id='word_1_430' title='bbox 1233 2227 1268 2248; x_wconf 87' lang='lat' dir='ltr'>ca</span> <span class='ocrx_word' id='word_1_431' title='bbox 1294 2215 1427 2247; x_wconf 72' lang='lat' dir='ltr'>libenter</span> <span class='ocrx_word' id='word_1_432' title='bbox 1467 2214 1659 2247; x_wconf 78' lang='lat' dir='ltr'>intendimus</span> 
     </span>
     <span class='ocr_line' id='line_1_81' title="bbox 921 2269 1660 2313; baseline -0.005 -11"><span class='ocrx_word' id='word_1_433' title='bbox 921 2281 977 2313; x_wconf 86' lang='lat' dir='ltr'>per</span> <span class='ocrx_word' id='word_1_434' title='bbox 1001 2280 1070 2313; x_wconf 85' lang='lat' dir='ltr'>quae</span> <span class='ocrx_word' id='word_1_435' title='bbox 1095 2269 1294 2301; x_wconf 88' lang='lat' dir='ltr'>subditorum</span> <span class='ocrx_word' id='word_1_436' title='bbox 1320 2272 1499 2299; x_wconf 76' lang='lat' dir='ltr'>nostrorum</span> <span class='ocrx_word' id='word_1_437' title='bbox 1524 2277 1660 2299; x_wconf 81' lang='lat' dir='ltr'>commo-</span> 
     </span>
     <span class='ocr_line' id='line_1_82' title="bbox 914 2319 1661 2363; baseline -0.007 -7"><span class='ocrx_word' id='word_1_438' title='bbox 914 2323 1015 2361; x_wconf 81' lang='lat' dir='ltr'>ditati,</span> <span class='ocrx_word' id='word_1_439' title='bbox 1040 2328 1070 2355; x_wconf 86' lang='lat' dir='ltr'>et</span> <span class='ocrx_word' id='word_1_440' title='bbox 1094 2322 1240 2355; x_wconf 82' lang='lat' dir='ltr'>Camcrae</span> <span class='ocrx_word' id='word_1_441' title='bbox 1274 2319 1466 2363; x_wconf 78' lang='lat' dir='ltr'>Apostolicae</span> <span class='ocrx_word' id='word_1_442' title='bbox 1505 2319 1661 2351; x_wconf 84' lang='lat' dir='ltr'>indemni-</span> 
     </span>
     <span class='ocr_line' id='line_1_83' title="bbox 916 2374 1389 2419; baseline -0.015 -9"><span class='ocrx_word' id='word_1_443' title='bbox 916 2377 970 2410; x_wconf 88' lang='lat' dir='ltr'>tati</span> <span class='ocrx_word' id='word_1_444' title='bbox 998 2380 1174 2419; x_wconf 84' lang='lat' dir='ltr'>opportune</span> <span class='ocrx_word' id='word_1_445' title='bbox 1199 2374 1389 2405; x_wconf 83' lang='lat' dir='ltr'>consulatur.</span> 
     </span>
    </p>
   </div>
   <div class='ocr_carea' id='block_1_14' title="bbox 914 2477 1660 2685">
    <p class='ocr_par' dir='ltr' id='par_1_18' title="bbox 914 2477 1660 2685">
     <span class='ocr_line' id='line_1_84' title="bbox 916 2477 1660 2528; baseline -0.012 -10"><span class='ocrx_word' id='word_1_446' title='bbox 916 2484 1076 2528; x_wconf 86' lang='lat' dir='ltr'>quantitas</span> <span class='ocrx_word' id='word_1_447' title='bbox 1100 2481 1194 2521; x_wconf 78' lang='lat' dir='ltr'>salis,</span> <span class='ocrx_word' id='word_1_448' title='bbox 1219 2478 1301 2522; x_wconf 88' lang='lat' dir='ltr'>quod</span> <span class='ocrx_word' id='word_1_449' title='bbox 1328 2478 1359 2510; x_wconf 89' lang='lat' dir='ltr'>in</span> <span class='ocrx_word' id='word_1_450' title='bbox 1384 2477 1490 2510; x_wconf 85' lang='lat' dir='ltr'>salinis</span> <span class='ocrx_word' id='word_1_451' title='bbox 1526 2477 1660 2510; x_wconf 79' lang='lat' dir='ltr'>civitatis</span> 
     </span>
     <span class='ocr_line' id='line_1_85' title="bbox 919 2530 1658 2571; baseline -0.009 -2"><span class='ocrx_word' id='word_1_452' title='bbox 919 2541 1045 2569; x_wconf 87' lang='lat' dir='ltr'>nostrae</span> <span class='ocrx_word' id='word_1_453' title='bbox 1063 2534 1171 2571; x_wconf 60' lang='lat' dir='ltr'>Cui-iffi,</span> <span class='ocrx_word' id='word_1_454' title='bbox 1189 2533 1229 2565; x_wconf 87' lang='lat' dir='ltr'>ob</span> <span class='ocrx_word' id='word_1_455' title='bbox 1247 2530 1455 2564; x_wconf 84' lang='lat' dir='ltr'>necessariam</span> <span class='ocrx_word' id='word_1_456' title='bbox 1474 2531 1658 2563; x_wconf 87' lang='lat' dir='ltr'>dilectorum</span> 
     </span>
     <span class='ocr_line' id='line_1_86' title="bbox 916 2583 1658 2622; baseline -0.011 0"><span class='ocrx_word' id='word_1_457' title='bbox 916 2589 1057 2622; x_wconf 83' lang='lat' dir='ltr'>tiliorum</span> <span class='ocrx_word' id='word_1_458' title='bbox 1084 2587 1164 2619; x_wconf 87' lang='lat' dir='ltr'>illius</span> <span class='ocrx_word' id='word_1_459' title='bbox 1189 2585 1303 2617; x_wconf 68' lang='lat' dir='ltr'>civium</span> <span class='ocrx_word' id='word_1_460' title='bbox 1329 2589 1358 2617; x_wconf 90' lang='lat' dir='ltr'>et</span> <span class='ocrx_word' id='word_1_461' title='bbox 1383 2584 1555 2616; x_wconf 89' lang='lat' dir='ltr'>incolarum</span> <span class='ocrx_word' id='word_1_462' title='bbox 1586 2583 1658 2615; x_wconf 87' lang='lat' dir='ltr'>sub-</span> 
     </span>
     <span class='ocr_line' id='line_1_87' title="bbox 914 2636 1658 2685; baseline -0.013 -8"><span class='ocrx_word' id='word_1_463' title='bbox 914 2642 1147 2680; x_wconf 79' lang='lat' dir='ltr'>stentationem,</span> <span class='ocrx_word' id='word_1_464' title='bbox 1173 2637 1341 2685; x_wconf 82' lang='lat' dir='ltr'>quotannis</span> <span class='ocrx_word' id='word_1_465' title='bbox 1364 2636 1554 2674; x_wconf 81' lang='lat' dir='ltr'>conficitur,</span> <span class='ocrx_word' id='word_1_466' title='bbox 1587 2640 1614 2667; x_wconf 87' lang='lat' dir='ltr'>et</span> <span class='ocrx_word' id='word_1_467' title='bbox 1641 2646 1658 2668; x_wconf 91' lang='lat' dir='ltr'>a</span> 
     </span>
    </p>
   </div>
   <div class='ocr_carea' id='block_1_15' title="bbox 960 2412 1838 2473">
    <p class='ocr_par' dir='ltr' id='par_1_19' title="bbox 960 2412 1838 2473">
     <span class='ocr_line' id='line_1_88' title="bbox 960 2412 1838 2473; baseline -0.006 -10"><span class='ocrx_word' id='word_1_468' title='bbox 960 2431 974 2473; x_wconf 61' lang='grc' dir='ltr'><strong>ξ</strong></span> <span class='ocrx_word' id='word_1_469' title='bbox 999 2430 1027 2462; x_wconf 85' lang='grc'>1.</span> <span class='ocrx_word' id='word_1_470' title='bbox 1052 2430 1127 2462; x_wconf 87' lang='lat' dir='ltr'>Cum</span> <span class='ocrx_word' id='word_1_471' title='bbox 1169 2428 1298 2469; x_wconf 82' lang='lat' dir='ltr'>itaque,</span> <span class='ocrx_word' id='word_1_472' title='bbox 1338 2425 1416 2457; x_wconf 84' lang='lat' dir='ltr'>sicut</span> <span class='ocrx_word' id='word_1_473' title='bbox 1456 2425 1634 2468; x_wconf 85' lang='lat' dir='ltr'>accepimus</span> <span class='ocrx_word' id='word_1_474' title='bbox 1652 2412 1838 2463; x_wconf 50' lang='lat' dir='ltr'>,confzii&#39;tiiiouiffi</span> 
     </span>
    </p>
   </div>
   <div class='ocr_carea' id='block_1_16' title="bbox 1783 266 1849 291">
    <p class='ocr_par' dir='ltr' id='par_1_20' title="bbox 1783 266 1849 291">
     <span class='ocr_line' id='line_1_89' title="bbox 1783 266 1849 291; baseline 0.015 -1"><span class='ocrx_word' id='word_1_475' title='bbox 1783 266 1849 291; x_wconf 72' lang='lat'>1577</span> 
     </span>
    </p>
   </div>
   <div class='ocr_carea' id='block_1_17' title="bbox 1769 1431 1852 1451">
    <p class='ocr_par' dir='ltr' id='par_1_21' title="bbox 1769 1431 1852 1451">
     <span class='ocr_line' id='line_1_90' title="bbox 1769 1431 1852 1451; baseline 0 -1"><span class='ocrx_word' id='word_1_476' title='bbox 1769 1432 1785 1451; x_wconf 75' lang='lat' dir='ltr'>is</span> <span class='ocrx_word' id='word_1_477' title='bbox 1801 1431 1852 1451; x_wconf 76' lang='lat' dir='ltr'>fides</span> 
     </span>
    </p>
   </div>
   <div class='ocr_carea' id='block_1_18' title="bbox 1768 2156 1821 2177">
    <p class='ocr_par' dir='ltr' id='par_1_22' title="bbox 1768 2156 1821 2177">
     <span class='ocr_line' id='line_1_91' title="bbox 1768 2156 1821 2177; baseline 0.038 -2"><span class='ocrx_word' id='word_1_478' title='bbox 1768 2156 1821 2177; x_wconf 82' lang='lat' dir='ltr'>ium.</span> 
     </span>
    </p>
   </div>
   <div class='ocr_carea' id='block_1_19' title="bbox 1796 2413 1860 2431">
    <p class='ocr_par' dir='ltr' id='par_1_23' title="bbox 1796 2413 1860 2431">
     <span class='ocr_line' id='line_1_92' title="bbox 1796 2413 1860 2431; baseline 0 0"><span class='ocrx_word' id='word_1_479' title='bbox 1796 2413 1860 2431; x_wconf 73' lang='lat' dir='ltr'>huius</span> 
     </span>
    </p>
   </div>
  </div>
 </body>
</html>
