<?xml version="1.0" encoding="UTF-8"?>
<!DOCTYPE html PUBLIC "-//W3C//DTD XHTML 1.0 Transitional//EN"
    "http://www.w3.org/TR/xhtml1/DTD/xhtml1-transitional.dtd">
<html xmlns="http://www.w3.org/1999/xhtml" xml:lang="en" lang="en">
 <head>
  <title>
</title>
<meta http-equiv="Content-Type" content="text/html;charset=utf-8" />
  <meta name='ocr-system' content='tesseract 3.04.00' />
  <meta name='ocr-capabilities' content='ocr_page ocr_carea ocr_par ocr_line ocrx_word'/>
</head>
<body>
  <div class='ocr_page' id='page_1' title='image "./bullarumdiplomat08cath/bullarumdiplomat08cath_0575.png"; bbox 0 0 2059 3228; ppageno 0'>
   <div class='ocr_carea' id='block_1_1' title="bbox 41 216 152 253">
    <p class='ocr_par' dir='ltr' id='par_1_1' title="bbox 41 216 152 253">
     <span class='ocr_line' id='line_1_1' title="bbox 41 216 152 253; baseline 0 0"><span class='ocrx_word' id='word_1_1' title='bbox 41 217 78 253; x_wconf 64' lang='lat' dir='ltr'>e.)</span> <span class='ocrx_word' id='word_1_2' title='bbox 85 216 152 247; x_wconf 65' lang='grc' dir='ltr'>ΜΒ</span> 
     </span>
    </p>
   </div>
   <div class='ocr_carea' id='block_1_2' title="bbox 770 215 1087 241">
    <p class='ocr_par' dir='ltr' id='par_1_2' title="bbox 770 215 1087 241">
     <span class='ocr_line' id='line_1_2' title="bbox 770 215 1087 241; baseline 0.003 -2"><span class='ocrx_word' id='word_1_3' title='bbox 770 215 947 240; x_wconf 79' lang='lat' dir='ltr'>GREGomUS</span> <span class='ocrx_word' id='word_1_4' title='bbox 965 217 1025 241; x_wconf 72' lang='lat' dir='ltr'>xnr</span> <span class='ocrx_word' id='word_1_5' title='bbox 1039 217 1087 240; x_wconf 76' lang='lat' dir='ltr'>PP.</span> 
     </span>
    </p>
   </div>
   <div class='ocr_carea' id='block_1_3' title="bbox 163 266 915 949">
    <p class='ocr_par' dir='ltr' id='par_1_3' title="bbox 163 266 915 949">
     <span class='ocr_line' id='line_1_3' title="bbox 164 266 912 313; baseline -0.003 -10"><span class='ocrx_word' id='word_1_6' title='bbox 164 274 200 304; x_wconf 80' lang='lat' dir='ltr'>ut</span> <span class='ocrx_word' id='word_1_7' title='bbox 229 266 288 313; x_wconf 82' lang='lat' dir='ltr'>ipsi</span> <span class='ocrx_word' id='word_1_8' title='bbox 309 269 357 302; x_wconf 85' lang='lat' dir='ltr'>vel</span> <span class='ocrx_word' id='word_1_9' title='bbox 374 269 438 302; x_wconf 84' lang='lat' dir='ltr'>duo</span> <span class='ocrx_word' id='word_1_10' title='bbox 458 276 509 302; x_wconf 85' lang='lat' dir='ltr'>aut</span> <span class='ocrx_word' id='word_1_11' title='bbox 531 278 616 302; x_wconf 82' lang='lat' dir='ltr'>unus</span> <span class='ocrx_word' id='word_1_12' title='bbox 640 279 750 301; x_wconf 76' lang='lat' dir='ltr'>eorum</span> <span class='ocrx_word' id='word_1_13' title='bbox 765 295 772 307; x_wconf 86' lang='lat'>,</span> <span class='ocrx_word' id='word_1_14' title='bbox 801 280 857 312; x_wconf 88' lang='lat' dir='ltr'>per</span> <span class='ocrx_word' id='word_1_15' title='bbox 881 280 912 302; x_wconf 90' lang='lat' dir='ltr'>sc</span> 
     </span>
     <span class='ocr_line' id='line_1_4' title="bbox 165 322 910 366; baseline -0.004 -9"><span class='ocrx_word' id='word_1_16' title='bbox 165 322 213 357; x_wconf 84' lang='lat' dir='ltr'>vel</span> <span class='ocrx_word' id='word_1_17' title='bbox 240 323 338 356; x_wconf 84' lang='lat' dir='ltr'>alium</span> <span class='ocrx_word' id='word_1_18' title='bbox 367 334 424 356; x_wconf 89' lang='lat' dir='ltr'>seu</span> <span class='ocrx_word' id='word_1_19' title='bbox 449 324 540 363; x_wconf 76' lang='lat' dir='ltr'>alios,</span> <span class='ocrx_word' id='word_1_20' title='bbox 571 329 753 366; x_wconf 80' lang='lat' dir='ltr'>praesentes</span> <span class='ocrx_word' id='word_1_21' title='bbox 779 322 910 363; x_wconf 77' lang='lat' dir='ltr'>litteras,</span> 
     </span>
     <span class='ocr_line' id='line_1_5' title="bbox 164 374 913 420; baseline 0 -11"><span class='ocrx_word' id='word_1_22' title='bbox 164 374 220 410; x_wconf 88' lang='lat' dir='ltr'>ubi</span> <span class='ocrx_word' id='word_1_23' title='bbox 239 380 270 409; x_wconf 87' lang='lat' dir='ltr'>et</span> <span class='ocrx_word' id='word_1_24' title='bbox 288 376 418 419; x_wconf 90' lang='lat' dir='ltr'>quando</span> <span class='ocrx_word' id='word_1_25' title='bbox 439 386 520 419; x_wconf 83' lang='lat' dir='ltr'>opus</span> <span class='ocrx_word' id='word_1_26' title='bbox 536 376 642 416; x_wconf 76' lang='lat' dir='ltr'>suerit,</span> <span class='ocrx_word' id='word_1_27' title='bbox 662 387 698 409; x_wconf 86' lang='lat' dir='ltr'>ac</span> <span class='ocrx_word' id='word_1_28' title='bbox 714 377 840 419; x_wconf 82' lang='lat' dir='ltr'>quoties</span> <span class='ocrx_word' id='word_1_29' title='bbox 856 387 913 420; x_wconf 85' lang='lat' dir='ltr'>pro</span> 
     </span>
     <span class='ocr_line' id='line_1_6' title="bbox 164 428 912 474; baseline 0.001 -12"><span class='ocrx_word' id='word_1_30' title='bbox 164 433 255 474; x_wconf 84' lang='lat' dir='ltr'>parte</span> <span class='ocrx_word' id='word_1_31' title='bbox 275 428 381 471; x_wconf 78' lang='lat' dir='ltr'>magni</span> <span class='ocrx_word' id='word_1_32' title='bbox 408 428 548 467; x_wconf 57' lang='lat' dir='ltr'>manistri</span> <span class='ocrx_word' id='word_1_33' title='bbox 571 435 599 462; x_wconf 87' lang='lat' dir='ltr'>et</span> <span class='ocrx_word' id='word_1_34' title='bbox 621 435 807 465; x_wconf 73' lang='lat' dir='ltr'>conventus,</span> <span class='ocrx_word' id='word_1_35' title='bbox 838 441 912 463; x_wconf 75' lang='lat' dir='ltr'>nec-</span> 
     </span>
     <span class='ocr_line' id='line_1_7' title="bbox 164 481 914 526; baseline 0 -11"><span class='ocrx_word' id='word_1_36' title='bbox 164 491 229 515; x_wconf 93' lang='lat' dir='ltr'>non</span> <span class='ocrx_word' id='word_1_37' title='bbox 243 481 402 526; x_wconf 83' lang='lat' dir='ltr'>priorum,</span> <span class='ocrx_word' id='word_1_38' title='bbox 417 488 678 526; x_wconf 80' lang='lat' dir='ltr'>praeceptorum,</span> <span class='ocrx_word' id='word_1_39' title='bbox 692 483 842 523; x_wconf 82' lang='lat' dir='ltr'>militum,</span> <span class='ocrx_word' id='word_1_40' title='bbox 854 486 914 515; x_wconf 83' lang='lat' dir='ltr'>l&#39;ra-</span> 
     </span>
     <span class='ocr_line' id='line_1_8' title="bbox 163 535 915 579; baseline 0 -11"><span class='ocrx_word' id='word_1_41' title='bbox 163 539 249 569; x_wconf 86' lang='lat' dir='ltr'>trum</span> <span class='ocrx_word' id='word_1_42' title='bbox 271 540 302 568; x_wconf 88' lang='lat' dir='ltr'>et</span> <span class='ocrx_word' id='word_1_43' title='bbox 321 546 532 579; x_wconf 87' lang='lat' dir='ltr'>personarum</span> <span class='ocrx_word' id='word_1_44' title='bbox 554 535 657 568; x_wconf 84' lang='lat' dir='ltr'>dictae</span> <span class='ocrx_word' id='word_1_45' title='bbox 679 536 812 569; x_wconf 85' lang='lat' dir='ltr'>militiae</span> <span class='ocrx_word' id='word_1_46' title='bbox 837 537 915 569; x_wconf 79' lang='lat' dir='ltr'>San-</span> 
     </span>
     <span class='ocr_line' id='line_1_9' title="bbox 164 589 915 622; baseline 0 -1"><span class='ocrx_word' id='word_1_47' title='bbox 164 592 292 621; x_wconf 86' lang='lat' dir='ltr'>ctorum</span> <span class='ocrx_word' id='word_1_48' title='bbox 311 589 449 621; x_wconf 86' lang='lat' dir='ltr'>Mauritii</span> <span class='ocrx_word' id='word_1_49' title='bbox 470 594 501 622; x_wconf 86' lang='lat' dir='ltr'>ct</span> <span class='ocrx_word' id='word_1_50' title='bbox 520 589 626 621; x_wconf 83' lang='lat' dir='ltr'>Lazari</span> <span class='ocrx_word' id='word_1_51' title='bbox 639 600 693 621; x_wconf 86' lang='lat' dir='ltr'>scu</span> <span class='ocrx_word' id='word_1_52' title='bbox 712 589 848 621; x_wconf 75' lang='lat' dir='ltr'>alicuius</span> <span class='ocrx_word' id='word_1_53' title='bbox 863 601 915 621; x_wconf 86' lang='lat' dir='ltr'>eo-</span> 
     </span>
     <span class='ocr_line' id='line_1_10' title="bbox 164 641 915 685; baseline -0.001 -10"><span class='ocrx_word' id='word_1_54' title='bbox 164 650 237 675; x_wconf 88' lang='lat' dir='ltr'>rum</span> <span class='ocrx_word' id='word_1_55' title='bbox 257 641 398 685; x_wconf 81' lang='lat' dir='ltr'>desuper</span> <span class='ocrx_word' id='word_1_56' title='bbox 416 642 536 674; x_wconf 83' lang='lat' dir='ltr'>suerint</span> <span class='ocrx_word' id='word_1_57' title='bbox 556 641 713 684; x_wconf 80' lang='lat' dir='ltr'>requisiti,</span> <span class='ocrx_word' id='word_1_58' title='bbox 729 641 915 674; x_wconf 74' lang='lat' dir='ltr'>solenmiter</span> 
     </span>
     <span class='ocr_line' id='line_1_11' title="bbox 163 693 914 739; baseline 0 -12"><span class='ocrx_word' id='word_1_59' title='bbox 163 693 378 739; x_wconf 84' lang='lat' dir='ltr'>publicantes,</span> <span class='ocrx_word' id='word_1_60' title='bbox 401 694 511 739; x_wconf 89' lang='lat' dir='ltr'>cisque</span> <span class='ocrx_word' id='word_1_61' title='bbox 531 695 563 727; x_wconf 88' lang='lat' dir='ltr'>in</span> <span class='ocrx_word' id='word_1_62' title='bbox 578 695 760 738; x_wconf 68' lang='lat' dir='ltr'>praemissis</span> <span class='ocrx_word' id='word_1_63' title='bbox 777 695 914 727; x_wconf 75' lang='lat' dir='ltr'>efficacis</span> 
     </span>
     <span class='ocr_line' id='line_1_12' title="bbox 165 746 914 791; baseline -0.003 -11"><span class='ocrx_word' id='word_1_64' title='bbox 165 746 360 781; x_wconf 77' lang='lat' dir='ltr'>defensionis</span> <span class='ocrx_word' id='word_1_65' title='bbox 387 748 549 791; x_wconf 85' lang='lat' dir='ltr'>praesidio</span> <span class='ocrx_word' id='word_1_66' title='bbox 575 748 771 788; x_wconf 68' lang='lat' dir='ltr'>assistentes,</span> <span class='ocrx_word' id='word_1_67' title='bbox 798 749 914 781; x_wconf 77' lang='lat' dir='ltr'>saciant</span> 
     </span>
     <span class='ocr_line' id='line_1_13' title="bbox 164 800 913 845; baseline 0 -12"><span class='ocrx_word' id='word_1_68' title='bbox 164 800 356 834; x_wconf 79' lang='lat' dir='ltr'>auctoritate</span> <span class='ocrx_word' id='word_1_69' title='bbox 376 806 485 834; x_wconf 85' lang='lat' dir='ltr'>nostra</span> <span class='ocrx_word' id='word_1_70' title='bbox 505 801 632 834; x_wconf 86' lang='lat' dir='ltr'>easdem</span> <span class='ocrx_word' id='word_1_71' title='bbox 654 808 837 845; x_wconf 80' lang='lat' dir='ltr'>praesentes</span> <span class='ocrx_word' id='word_1_72' title='bbox 863 802 913 834; x_wconf 85' lang='lat' dir='ltr'>lit-</span> 
     </span>
     <span class='ocr_line' id='line_1_14' title="bbox 163 854 914 898; baseline -0.001 -10"><span class='ocrx_word' id='word_1_73' title='bbox 163 858 249 888; x_wconf 80' lang='lat' dir='ltr'>teras</span> <span class='ocrx_word' id='word_1_74' title='bbox 268 858 300 888; x_wconf 81' lang='lat' dir='ltr'>et</span> <span class='ocrx_word' id='word_1_75' title='bbox 317 854 350 887; x_wconf 87' lang='lat' dir='ltr'>in</span> <span class='ocrx_word' id='word_1_76' title='bbox 371 854 415 887; x_wconf 89' lang='lat' dir='ltr'>eis</span> <span class='ocrx_word' id='word_1_77' title='bbox 435 860 585 888; x_wconf 79' lang='lat' dir='ltr'>contenta</span> <span class='ocrx_word' id='word_1_78' title='bbox 609 866 833 898; x_wconf 75' lang='lat' dir='ltr'>quaecumque</span> <span class='ocrx_word' id='word_1_79' title='bbox 858 856 914 887; x_wconf 84' lang='lat' dir='ltr'>tir-</span> 
     </span>
     <span class='ocr_line' id='line_1_15' title="bbox 165 906 911 949; baseline 0.001 -9"><span class='ocrx_word' id='word_1_80' title='bbox 165 906 262 941; x_wconf 88' lang='lat' dir='ltr'>miter</span> <span class='ocrx_word' id='word_1_81' title='bbox 279 907 453 948; x_wconf 79' lang='lat' dir='ltr'>observari,</span> <span class='ocrx_word' id='word_1_82' title='bbox 482 918 518 940; x_wconf 87' lang='lat' dir='ltr'>ac</span> <span class='ocrx_word' id='word_1_83' title='bbox 549 908 679 941; x_wconf 84' lang='lat' dir='ltr'>eosdem</span> <span class='ocrx_word' id='word_1_84' title='bbox 706 910 911 949; x_wconf 59' lang='lat' dir='ltr'>magistrum,</span> 
     </span>
    </p>
   </div>
   <div class='ocr_carea' id='block_1_4' title="bbox 123 960 915 1005">
    <p class='ocr_par' dir='ltr' id='par_1_4' title="bbox 123 960 915 1005">
     <span class='ocr_line' id='line_1_16' title="bbox 123 960 915 1005; baseline 0 -11"><span class='ocrx_word' id='word_1_85' title='bbox 123 968 125 970; x_wconf 80' lang='grc'><strong>’</strong></span> <span class='ocrx_word' id='word_1_86' title='bbox 165 965 370 1002; x_wconf 82' lang='lat' dir='ltr'>conventum,</span> <span class='ocrx_word' id='word_1_87' title='bbox 394 960 552 1001; x_wconf 80' lang='lat' dir='ltr'>militiam,</span> <span class='ocrx_word' id='word_1_88' title='bbox 574 961 706 1004; x_wconf 88' lang='lat' dir='ltr'>priores,</span> <span class='ocrx_word' id='word_1_89' title='bbox 730 968 915 1005; x_wconf 73' lang='lat' dir='ltr'>praecepto-</span> 
     </span>
    </p>
   </div>
   <div class='ocr_carea' id='block_1_5' title="bbox 165 1013 917 1645">
    <p class='ocr_par' dir='ltr' id='par_1_5' title="bbox 165 1013 917 1645">
     <span class='ocr_line' id='line_1_17' title="bbox 165 1013 914 1059; baseline 0.001 -13"><span class='ocrx_word' id='word_1_90' title='bbox 165 1023 229 1054; x_wconf 87' lang='lat' dir='ltr'>res,</span> <span class='ocrx_word' id='word_1_91' title='bbox 243 1013 371 1054; x_wconf 86' lang='lat' dir='ltr'>milites,</span> <span class='ocrx_word' id='word_1_92' title='bbox 391 1014 505 1048; x_wconf 87' lang='lat' dir='ltr'>fratres</span> <span class='ocrx_word' id='word_1_93' title='bbox 525 1020 555 1048; x_wconf 89' lang='lat' dir='ltr'>et</span> <span class='ocrx_word' id='word_1_94' title='bbox 568 1026 720 1058; x_wconf 75' lang='lat' dir='ltr'>personas</span> <span class='ocrx_word' id='word_1_95' title='bbox 738 1026 914 1059; x_wconf 76' lang='lat' dir='ltr'>omnesque</span> 
     </span>
     <span class='ocr_line' id='line_1_18' title="bbox 166 1067 914 1112; baseline 0.001 -11"><span class='ocrx_word' id='word_1_96' title='bbox 166 1067 257 1109; x_wconf 90' lang='lat' dir='ltr'>alios,</span> <span class='ocrx_word' id='word_1_97' title='bbox 279 1078 360 1111; x_wconf 88' lang='lat' dir='ltr'>quos</span> <span class='ocrx_word' id='word_1_98' title='bbox 379 1067 466 1112; x_wconf 85' lang='lat' dir='ltr'>ipsae</span> <span class='ocrx_word' id='word_1_99' title='bbox 487 1074 672 1112; x_wconf 83' lang='lat' dir='ltr'>praesentes</span> <span class='ocrx_word' id='word_1_100' title='bbox 693 1069 816 1102; x_wconf 80' lang='lat' dir='ltr'>litterae</span> <span class='ocrx_word' id='word_1_101' title='bbox 837 1080 914 1102; x_wconf 86' lang='lat' dir='ltr'>con-</span> 
     </span>
     <span class='ocr_line' id='line_1_19' title="bbox 167 1121 914 1165; baseline 0.001 -11"><span class='ocrx_word' id='word_1_102' title='bbox 167 1126 314 1162; x_wconf 79' lang='lat' dir='ltr'>cernunt,</span> <span class='ocrx_word' id='word_1_103' title='bbox 336 1121 401 1154; x_wconf 87' lang='lat' dir='ltr'>illis</span> <span class='ocrx_word' id='word_1_104' title='bbox 420 1122 552 1165; x_wconf 84' lang='lat' dir='ltr'>pacifice</span> <span class='ocrx_word' id='word_1_105' title='bbox 564 1122 625 1154; x_wconf 82' lang='lat' dir='ltr'>frui</span> <span class='ocrx_word' id='word_1_106' title='bbox 638 1128 667 1155; x_wconf 84' lang='lat' dir='ltr'>et.</span> <span class='ocrx_word' id='word_1_107' title='bbox 678 1123 817 1165; x_wconf 73' lang='lat' dir='ltr'>gaudere</span> <span class='ocrx_word' id='word_1_108' title='bbox 829 1135 836 1159; x_wconf 83' lang='grc'>·,</span> <span class='ocrx_word' id='word_1_109' title='bbox 851 1134 914 1155; x_wconf 79' lang='lat' dir='ltr'>non</span> 
     </span>
     <span class='ocr_line' id='line_1_20' title="bbox 166 1173 916 1219; baseline 0.001 -12"><span class='ocrx_word' id='word_1_110' title='bbox 166 1173 387 1218; x_wconf 74' lang='lat' dir='ltr'>permittentes</span> <span class='ocrx_word' id='word_1_111' title='bbox 414 1185 527 1207; x_wconf 87' lang='lat' dir='ltr'>eorum</span> <span class='ocrx_word' id='word_1_112' title='bbox 558 1175 743 1218; x_wconf 87' lang='lat' dir='ltr'>quempiam</span> <span class='ocrx_word' id='word_1_113' title='bbox 779 1176 916 1219; x_wconf 81' lang='lat' dir='ltr'>desuper</span> 
     </span>
     <span class='ocr_line' id='line_1_21' title="bbox 167 1227 916 1272; baseline 0.001 -12"><span class='ocrx_word' id='word_1_114' title='bbox 167 1232 279 1261; x_wconf 83' lang='lat' dir='ltr'>contra</span> <span class='ocrx_word' id='word_1_115' title='bbox 299 1227 441 1271; x_wconf 87' lang='lat' dir='ltr'>ipsarum</span> <span class='ocrx_word' id='word_1_116' title='bbox 452 1228 670 1271; x_wconf 84' lang='lat' dir='ltr'>praesentium</span> <span class='ocrx_word' id='word_1_117' title='bbox 682 1233 825 1261; x_wconf 83' lang='lat' dir='ltr'>tenorem</span> <span class='ocrx_word' id='word_1_118' title='bbox 838 1240 916 1272; x_wconf 83' lang='lat' dir='ltr'>quo-</span> 
     </span>
     <span class='ocr_line' id='line_1_22' title="bbox 167 1279 917 1326; baseline 0.001 -12"><span class='ocrx_word' id='word_1_119' title='bbox 167 1279 344 1314; x_wconf 86' lang='lat' dir='ltr'>modolibet</span> <span class='ocrx_word' id='word_1_120' title='bbox 363 1281 538 1321; x_wconf 87' lang='lat' dir='ltr'>molestari,</span> <span class='ocrx_word' id='word_1_121' title='bbox 561 1282 744 1325; x_wconf 86' lang='lat' dir='ltr'>perturbari</span> <span class='ocrx_word' id='word_1_122' title='bbox 761 1283 806 1315; x_wconf 84' lang='lat' dir='ltr'>vel</span> <span class='ocrx_word' id='word_1_123' title='bbox 819 1283 917 1326; x_wconf 85' lang='lat' dir='ltr'>impe-</span> 
     </span>
     <span class='ocr_line' id='line_1_23' title="bbox 169 1333 916 1378; baseline 0.001 -12"><span class='ocrx_word' id='word_1_124' title='bbox 169 1333 243 1367; x_wconf 88' lang='lat' dir='ltr'>diri.</span> <span class='ocrx_word' id='word_1_125' title='bbox 270 1333 530 1368; x_wconf 83' lang='lat' dir='ltr'>Contradietores</span> <span class='ocrx_word' id='word_1_126' title='bbox 550 1335 710 1378; x_wconf 81' lang='lat' dir='ltr'>quoslibet</span> <span class='ocrx_word' id='word_1_127' title='bbox 730 1340 760 1368; x_wconf 84' lang='lat' dir='ltr'>et</span> <span class='ocrx_word' id='word_1_128' title='bbox 781 1336 916 1369; x_wconf 83' lang='lat' dir='ltr'>rebelles</span> 
     </span>
     <span class='ocr_line' id='line_1_24' title="bbox 169 1389 914 1432; baseline 0.003 -12"><span class='ocrx_word' id='word_1_129' title='bbox 169 1397 229 1432; x_wconf 85' lang='lat' dir='ltr'>per</span> <span class='ocrx_word' id='word_1_130' title='bbox 236 1393 426 1421; x_wconf 86' lang='lat' dir='ltr'>censuraset</span> <span class='ocrx_word' id='word_1_131' title='bbox 436 1399 556 1432; x_wconf 88' lang='lat' dir='ltr'>poenas</span> <span class='ocrx_word' id='word_1_132' title='bbox 567 1389 810 1429; x_wconf 72' lang='lat' dir='ltr'>ecclesiasticas,</span> <span class='ocrx_word' id='word_1_133' title='bbox 820 1390 914 1422; x_wconf 84' lang='lat' dir='ltr'>etiam</span> 
     </span>
     <span class='ocr_line' id='line_1_25' title="bbox 169 1440 914 1485; baseline 0.001 -11"><span class='ocrx_word' id='word_1_134' title='bbox 169 1440 384 1485; x_wconf 86' lang='lat' dir='ltr'>pecuniarias,</span> <span class='ocrx_word' id='word_1_135' title='bbox 406 1452 518 1474; x_wconf 80' lang='lat' dir='ltr'>eorum</span> <span class='ocrx_word' id='word_1_136' title='bbox 539 1442 669 1474; x_wconf 84' lang='lat' dir='ltr'>arbitrio</span> <span class='ocrx_word' id='word_1_137' title='bbox 691 1443 914 1483; x_wconf 70' lang='lat' dir='ltr'>moderandas,</span> 
     </span>
     <span class='ocr_line' id='line_1_26' title="bbox 171 1493 914 1538; baseline 0.004 -12"><span class='ocrx_word' id='word_1_138' title='bbox 171 1493 298 1538; x_wconf 82' lang='lat' dir='ltr'>aliaque</span> <span class='ocrx_word' id='word_1_139' title='bbox 317 1500 500 1538; x_wconf 85' lang='lat' dir='ltr'>opportuna</span> <span class='ocrx_word' id='word_1_140' title='bbox 520 1494 598 1527; x_wconf 77' lang='lat' dir='ltr'>iuris</span> <span class='ocrx_word' id='word_1_141' title='bbox 614 1501 644 1528; x_wconf 89' lang='lat' dir='ltr'>et</span> <span class='ocrx_word' id='word_1_142' title='bbox 663 1496 735 1528; x_wconf 73' lang='lat' dir='ltr'>faeti</span> <span class='ocrx_word' id='word_1_143' title='bbox 762 1497 914 1537; x_wconf 76' lang='lat' dir='ltr'>remedia,</span> 
     </span>
     <span class='ocr_line' id='line_1_27' title="bbox 171 1547 914 1592; baseline 0.003 -12"><span class='ocrx_word' id='word_1_144' title='bbox 171 1547 388 1590; x_wconf 71' lang='lat' dir='ltr'>appellatione</span> <span class='ocrx_word' id='word_1_145' title='bbox 424 1548 599 1592; x_wconf 68' lang='lat' dir='ltr'>postposita</span> <span class='ocrx_word' id='word_1_146' title='bbox 615 1575 622 1589; x_wconf 88' lang='lat'>,</span> <span class='ocrx_word' id='word_1_147' title='bbox 660 1550 914 1592; x_wconf 59' lang='lat' dir='ltr'>compescendm</span> 
     </span>
     <span class='ocr_line' id='line_1_28' title="bbox 170 1599 917 1645; baseline 0.001 -11"><span class='ocrx_word' id='word_1_148' title='bbox 170 1599 386 1644; x_wconf 80' lang='lat' dir='ltr'>legitimisque</span> <span class='ocrx_word' id='word_1_149' title='bbox 405 1611 503 1645; x_wconf 83' lang='lat' dir='ltr'>super</span> <span class='ocrx_word' id='word_1_150' title='bbox 530 1601 580 1633; x_wconf 85' lang='lat' dir='ltr'>his</span> <span class='ocrx_word' id='word_1_151' title='bbox 610 1601 766 1634; x_wconf 76' lang='lat' dir='ltr'>habendis</span> <span class='ocrx_word' id='word_1_152' title='bbox 790 1604 917 1635; x_wconf 63' lang='lat' dir='ltr'>servatis</span> 
     </span>
    </p>
   </div>
   <div class='ocr_carea' id='block_1_6' title="bbox 164 1651 916 1699">
    <p class='ocr_par' dir='ltr' id='par_1_6' title="bbox 164 1651 916 1699">
     <span class='ocr_line' id='line_1_29' title="bbox 164 1651 916 1699; baseline 0.005 -14"><span class='ocrx_word' id='word_1_153' title='bbox 164 1651 386 1698; x_wconf 72' lang='lat' dir='ltr'>¹processibus,</span> <span class='ocrx_word' id='word_1_154' title='bbox 399 1665 550 1687; x_wconf 81' lang='lat' dir='ltr'>censuras</span> <span class='ocrx_word' id='word_1_155' title='bbox 561 1660 592 1687; x_wconf 84' lang='lat' dir='ltr'>et</span> <span class='ocrx_word' id='word_1_156' title='bbox 603 1666 721 1697; x_wconf 86' lang='lat' dir='ltr'>poenas</span> <span class='ocrx_word' id='word_1_157' title='bbox 731 1656 813 1699; x_wconf 80' lang='lat' dir='ltr'>ipsas</span> <span class='ocrx_word' id='word_1_158' title='bbox 822 1662 849 1689; x_wconf 85' lang='lat' dir='ltr'>et</span> <span class='ocrx_word' id='word_1_159' title='bbox 857 1657 916 1689; x_wconf 89' lang='lat' dir='ltr'>iam</span> 
     </span>
    </p>
   </div>
   <div class='ocr_carea' id='block_1_7' title="bbox 172 1705 924 2338">
    <p class='ocr_par' dir='ltr' id='par_1_7' title="bbox 172 1705 924 2338">
     <span class='ocr_line' id='line_1_30' title="bbox 172 1705 917 1754; baseline 0.004 -14"><span class='ocrx_word' id='word_1_160' title='bbox 172 1705 211 1740; x_wconf 75' lang='lat' dir='ltr'>itt</span> <span class='ocrx_word' id='word_1_161' title='bbox 219 1707 293 1740; x_wconf 86' lang='lat' dir='ltr'>ratis</span> <span class='ocrx_word' id='word_1_162' title='bbox 304 1707 428 1741; x_wconf 83' lang='lat' dir='ltr'>vicibus</span> <span class='ocrx_word' id='word_1_163' title='bbox 442 1710 653 1751; x_wconf 80' lang='lat' dir='ltr'>aggravando,</span> <span class='ocrx_word' id='word_1_164' title='bbox 666 1710 810 1754; x_wconf 71' lang='lat' dir='ltr'>invocato</span> <span class='ocrx_word' id='word_1_165' title='bbox 823 1711 917 1743; x_wconf 79' lang='lat' dir='ltr'>etiam</span> 
     </span>
     <span class='ocr_line' id='line_1_31' title="bbox 173 1760 919 1806; baseline 0.004 -12"><span class='ocrx_word' id='word_1_166' title='bbox 173 1760 212 1794; x_wconf 79' lang='lat' dir='ltr'>ad</span> <span class='ocrx_word' id='word_1_167' title='bbox 228 1760 301 1802; x_wconf 87' lang='lat' dir='ltr'>hoc,</span> <span class='ocrx_word' id='word_1_168' title='bbox 323 1761 349 1794; x_wconf 83' lang='lat' dir='ltr'>si</span> <span class='ocrx_word' id='word_1_169' title='bbox 365 1772 446 1806; x_wconf 85' lang='lat' dir='ltr'>opus</span> <span class='ocrx_word' id='word_1_170' title='bbox 458 1763 566 1802; x_wconf 86' lang='lat' dir='ltr'>fuerit,</span> <span class='ocrx_word' id='word_1_171' title='bbox 584 1763 700 1795; x_wconf 81' lang='lat' dir='ltr'>auxilio</span> <span class='ocrx_word' id='word_1_172' title='bbox 713 1763 836 1796; x_wconf 85' lang='lat' dir='ltr'>brachii</span> <span class='ocrx_word' id='word_1_173' title='bbox 853 1775 919 1797; x_wconf 86' lang='lat' dir='ltr'>sac-</span> 
     </span>
     <span class='ocr_line' id='line_1_32' title="bbox 174 1813 917 1859; baseline 0.005 -13"><span class='ocrx_word' id='word_1_174' title='bbox 174 1813 304 1847; x_wconf 77' lang='lat' dir='ltr'>cularis.</span> <span class='ocrx_word' id='word_1_175' title='bbox 326 1815 388 1848; x_wconf 91' lang='lat' dir='ltr'>Nos</span> <span class='ocrx_word' id='word_1_176' title='bbox 399 1815 485 1848; x_wconf 88' lang='lat' dir='ltr'>enim</span> <span class='ocrx_word' id='word_1_177' title='bbox 504 1816 566 1849; x_wconf 88' lang='lat' dir='ltr'>illis</span> <span class='ocrx_word' id='word_1_178' title='bbox 577 1827 810 1859; x_wconf 81' lang='lat' dir='ltr'>quoscumque,</span> <span class='ocrx_word' id='word_1_179' title='bbox 823 1817 917 1850; x_wconf 86' lang='lat' dir='ltr'>etiam</span> 
     </span>
     <span class='ocr_line' id='line_1_33' title="bbox 174 1867 918 1913; baseline 0.004 -13"><span class='ocrx_word' id='word_1_180' title='bbox 174 1877 232 1911; x_wconf 88' lang='lat' dir='ltr'>per</span> <span class='ocrx_word' id='word_1_181' title='bbox 265 1867 406 1901; x_wconf 88' lang='lat' dir='ltr'>edictum</span> <span class='ocrx_word' id='word_1_182' title='bbox 439 1869 518 1902; x_wconf 87' lang='lat' dir='ltr'>locis</span> <span class='ocrx_word' id='word_1_183' title='bbox 542 1870 678 1913; x_wconf 87' lang='lat' dir='ltr'>publicis</span> <span class='ocrx_word' id='word_1_184' title='bbox 710 1871 918 1913; x_wconf 67' lang='lat' dir='ltr'>affigendum,</span> 
     </span>
     <span class='ocr_line' id='line_1_34' title="bbox 173 1920 921 1958; baseline 0.003 -5"><span class='ocrx_word' id='word_1_185' title='bbox 173 1920 312 1954; x_wconf 77' lang='lat' dir='ltr'>constito</span> <span class='ocrx_word' id='word_1_186' title='bbox 341 1923 514 1955; x_wconf 86' lang='lat' dir='ltr'>summarie</span> <span class='ocrx_word' id='word_1_187' title='bbox 539 1923 578 1956; x_wconf 88' lang='lat' dir='ltr'>de</span> <span class='ocrx_word' id='word_1_188' title='bbox 603 1934 666 1955; x_wconf 89' lang='lat' dir='ltr'>non</span> <span class='ocrx_word' id='word_1_189' title='bbox 692 1929 759 1955; x_wconf 86' lang='lat' dir='ltr'>tuto</span> <span class='ocrx_word' id='word_1_190' title='bbox 793 1925 831 1956; x_wconf 84' lang='lat' dir='ltr'>ad</span> <span class='ocrx_word' id='word_1_191' title='bbox 867 1935 921 1958; x_wconf 67' lang='lat' dir='ltr'>eos</span> 
     </span>
     <span class='ocr_line' id='line_1_35' title="bbox 175 1975 921 2021; baseline 0.005 -14"><span class='ocrx_word' id='word_1_192' title='bbox 175 1983 316 2014; x_wconf 84' lang='lat' dir='ltr'>accessu,</span> <span class='ocrx_word' id='word_1_193' title='bbox 336 1975 467 2015; x_wconf 83' lang='lat' dir='ltr'>citandi,</span> <span class='ocrx_word' id='word_1_194' title='bbox 489 1976 598 2019; x_wconf 80' lang='lat' dir='ltr'>eisque</span> <span class='ocrx_word' id='word_1_195' title='bbox 619 1988 655 2009; x_wconf 89' lang='lat' dir='ltr'>ac</span> <span class='ocrx_word' id='word_1_196' title='bbox 675 1977 829 2019; x_wconf 77' lang='lat' dir='ltr'>quibuset</span> <span class='ocrx_word' id='word_1_197' title='bbox 843 1989 921 2021; x_wconf 83' lang='lat' dir='ltr'>quo-</span> 
     </span>
     <span class='ocr_line' id='line_1_36' title="bbox 176 2026 922 2072; baseline 0.004 -12"><span class='ocrx_word' id='word_1_198' title='bbox 176 2026 236 2060; x_wconf 80' lang='lat' dir='ltr'>ties</span> <span class='ocrx_word' id='word_1_199' title='bbox 253 2037 333 2072; x_wconf 87' lang='lat' dir='ltr'>opus</span> <span class='ocrx_word' id='word_1_200' title='bbox 353 2029 462 2069; x_wconf 82' lang='lat' dir='ltr'>suerit,</span> <span class='ocrx_word' id='word_1_201' title='bbox 484 2030 580 2062; x_wconf 84' lang='lat' dir='ltr'>etiam</span> <span class='ocrx_word' id='word_1_202' title='bbox 599 2030 656 2062; x_wconf 88' lang='lat' dir='ltr'>sub</span> <span class='ocrx_word' id='word_1_203' title='bbox 675 2030 792 2062; x_wconf 71' lang='lat' dir='ltr'>eisdem</span> <span class='ocrx_word' id='word_1_204' title='bbox 810 2042 922 2064; x_wconf 83' lang='lat' dir='ltr'>censu-</span> 
     </span>
     <span class='ocr_line' id='line_1_37' title="bbox 177 2079 921 2126; baseline 0.007 -14"><span class='ocrx_word' id='word_1_205' title='bbox 177 2079 221 2113; x_wconf 86' lang='lat' dir='ltr'>ris</span> <span class='ocrx_word' id='word_1_206' title='bbox 239 2085 271 2114; x_wconf 85' lang='lat' dir='ltr'>et</span> <span class='ocrx_word' id='word_1_207' title='bbox 287 2082 400 2124; x_wconf 87' lang='lat' dir='ltr'>poenis</span> <span class='ocrx_word' id='word_1_208' title='bbox 419 2092 455 2115; x_wconf 88' lang='lat' dir='ltr'>ac</span> <span class='ocrx_word' id='word_1_209' title='bbox 474 2093 532 2126; x_wconf 89' lang='lat' dir='ltr'>per</span> <span class='ocrx_word' id='word_1_210' title='bbox 552 2083 655 2115; x_wconf 83' lang='lat' dir='ltr'>simile</span> <span class='ocrx_word' id='word_1_211' title='bbox 676 2083 816 2116; x_wconf 70' lang='lat' dir='ltr'>edictum</span> <span class='ocrx_word' id='word_1_212' title='bbox 838 2084 921 2117; x_wconf 87' lang='lat' dir='ltr'>inhi-</span> 
     </span>
     <span class='ocr_line' id='line_1_38' title="bbox 177 2133 922 2181; baseline 0.007 -15"><span class='ocrx_word' id='word_1_213' title='bbox 177 2133 285 2175; x_wconf 87' lang='lat' dir='ltr'>bendi,</span> <span class='ocrx_word' id='word_1_214' title='bbox 308 2134 516 2168; x_wconf 82' lang='lat' dir='ltr'>interdictum</span> <span class='ocrx_word' id='word_1_215' title='bbox 541 2136 795 2170; x_wconf 66' lang='lat' dir='ltr'>ecclesiasticum</span> <span class='ocrx_word' id='word_1_216' title='bbox 825 2149 922 2181; x_wconf 81' lang='lat' dir='ltr'>appo-</span> 
     </span>
     <span class='ocr_line' id='line_1_39' title="bbox 177 2187 923 2233; baseline 0.007 -14"><span class='ocrx_word' id='word_1_217' title='bbox 177 2187 287 2228; x_wconf 88' lang='lat' dir='ltr'>nendi,</span> <span class='ocrx_word' id='word_1_218' title='bbox 313 2199 350 2220; x_wconf 87' lang='lat' dir='ltr'>ac</span> <span class='ocrx_word' id='word_1_219' title='bbox 370 2195 475 2222; x_wconf 85' lang='lat' dir='ltr'>cetera</span> <span class='ocrx_word' id='word_1_220' title='bbox 505 2190 613 2222; x_wconf 86' lang='lat' dir='ltr'>omnia</span> <span class='ocrx_word' id='word_1_221' title='bbox 637 2191 668 2222; x_wconf 89' lang='lat' dir='ltr'>in</span> <span class='ocrx_word' id='word_1_222' title='bbox 694 2191 865 2233; x_wconf 77' lang='lat' dir='ltr'>praedictis</span> <span class='ocrx_word' id='word_1_223' title='bbox 894 2198 923 2224; x_wconf 87' lang='lat' dir='ltr'>ct</span> 
     </span>
     <span class='ocr_line' id='line_1_40' title="bbox 178 2239 923 2286; baseline 0.007 -14"><span class='ocrx_word' id='word_1_224' title='bbox 178 2239 264 2272; x_wconf 83' lang='lat' dir='ltr'>circa</span> <span class='ocrx_word' id='word_1_225' title='bbox 283 2251 320 2274; x_wconf 84' lang='lat' dir='ltr'>ea</span> <span class='ocrx_word' id='word_1_226' title='bbox 339 2242 518 2274; x_wconf 86' lang='lat' dir='ltr'>necessaria</span> <span class='ocrx_word' id='word_1_227' title='bbox 539 2248 569 2275; x_wconf 87' lang='lat' dir='ltr'>et</span> <span class='ocrx_word' id='word_1_228' title='bbox 589 2249 770 2286; x_wconf 79' lang='lat' dir='ltr'>opportuna</span> <span class='ocrx_word' id='word_1_229' title='bbox 786 2244 923 2277; x_wconf 72' lang='lat' dir='ltr'>fitcicndi</span> 
     </span>
     <span class='ocr_line' id='line_1_41' title="bbox 178 2294 924 2338; baseline 0.005 -13"><span class='ocrx_word' id='word_1_230' title='bbox 178 2297 210 2325; x_wconf 84' lang='lat' dir='ltr'>et</span> <span class='ocrx_word' id='word_1_231' title='bbox 227 2294 419 2336; x_wconf 75' lang='lat' dir='ltr'>exequendi,</span> <span class='ocrx_word' id='word_1_232' title='bbox 442 2295 569 2338; x_wconf 89' lang='lat' dir='ltr'>plenam</span> <span class='ocrx_word' id='word_1_233' title='bbox 582 2302 611 2328; x_wconf 85' lang='lat' dir='ltr'>et</span> <span class='ocrx_word' id='word_1_234' title='bbox 624 2296 769 2335; x_wconf 86' lang='lat' dir='ltr'>liberam,</span> <span class='ocrx_word' id='word_1_235' title='bbox 797 2308 924 2329; x_wconf 85' lang='lat' dir='ltr'>earum-</span> 
     </span>
    </p>
   </div>
   <div class='ocr_carea' id='block_1_8' title="bbox 178 2345 923 2427">
    <p class='ocr_par' dir='ltr' id='par_1_8' title="bbox 178 2345 923 2427">
     <span class='ocr_line' id='line_1_42' title="bbox 178 2345 923 2390; baseline 0.005 -12"><span class='ocrx_word' id='word_1_236' title='bbox 178 2345 251 2378; x_wconf 85' lang='lat' dir='ltr'>dem</span> <span class='ocrx_word' id='word_1_237' title='bbox 271 2351 383 2379; x_wconf 88' lang='lat' dir='ltr'>tenore</span> <span class='ocrx_word' id='word_1_238' title='bbox 402 2348 632 2390; x_wconf 85' lang='lat' dir='ltr'>praesentium,</span> <span class='ocrx_word' id='word_1_239' title='bbox 645 2349 854 2382; x_wconf 69' lang='lat' dir='ltr'>concedimus</span> <span class='ocrx_word' id='word_1_240' title='bbox 877 2350 923 2382; x_wconf 84' lang='lat' dir='ltr'>sa-</span> 
     </span>
     <span class='ocr_line' id='line_1_43' title="bbox 179 2395 342 2427; baseline 0.006 -1"><span class='ocrx_word' id='word_1_241' title='bbox 179 2395 342 2427; x_wconf 86' lang='lat' dir='ltr'>cultatem.</span> 
     </span>
    </p>
   </div>
   <div class='ocr_carea' id='block_1_9' title="bbox 223 2443 926 2486">
    <p class='ocr_par' dir='ltr' id='par_1_9' title="bbox 223 2443 926 2486">
     <span class='ocr_line' id='line_1_44' title="bbox 223 2443 926 2486; baseline 0.006 -11"><span class='ocrx_word' id='word_1_242' title='bbox 223 2443 238 2486; x_wconf 74' lang='lat'>§</span> <span class='ocrx_word' id='word_1_243' title='bbox 262 2443 315 2476; x_wconf 77' lang='grc'>46.</span> <span class='ocrx_word' id='word_1_244' title='bbox 342 2443 410 2476; x_wconf 89' lang='lat' dir='ltr'>Non</span> <span class='ocrx_word' id='word_1_245' title='bbox 431 2445 630 2477; x_wconf 78' lang='lat' dir='ltr'>obstantibus</span> <span class='ocrx_word' id='word_1_246' title='bbox 650 2447 840 2479; x_wconf 66' lang='lat' dir='ltr'>recolendte</span> <span class='ocrx_word' id='word_1_247' title='bbox 862 2458 926 2480; x_wconf 88' lang='lat' dir='ltr'>me-</span> 
     </span>
    </p>
   </div>
   <div class='ocr_carea' id='block_1_10' title="bbox 57 2490 925 2537">
    <p class='ocr_par' dir='ltr' id='par_1_10' title="bbox 57 2490 925 2537">
     <span class='ocr_line' id='line_1_45' title="bbox 57 2490 925 2537; baseline 0.009 -17"><span class='ocrx_word' id='word_1_248' title='bbox 57 2492 164 2522; x_wconf 66' lang='lat' dir='ltr'>unos-tio</span> <span class='ocrx_word' id='word_1_249' title='bbox 179 2490 302 2524; x_wconf 86' lang='lat' dir='ltr'>moriae</span> <span class='ocrx_word' id='word_1_250' title='bbox 318 2491 472 2524; x_wconf 86' lang='lat' dir='ltr'>Bonisacii</span> <span class='ocrx_word' id='word_1_251' title='bbox 493 2493 595 2536; x_wconf 83' lang='lat' dir='ltr'>Papae</span> <span class='ocrx_word' id='word_1_252' title='bbox 615 2493 690 2533; x_wconf 61' lang='lat' dir='ltr'>llll,</span> <span class='ocrx_word' id='word_1_253' title='bbox 714 2495 808 2526; x_wconf 77' lang='lat' dir='ltr'>etim]</span> <span class='ocrx_word' id='word_1_254' title='bbox 830 2506 879 2537; x_wconf 83' lang='lat' dir='ltr'>pt</span> <span class='ocrx_word' id='word_1_255' title='bbox 871 2506 925 2528; x_wconf 76' lang='lat' dir='ltr'>te-</span> 
     </span>
    </p>
   </div>
   <div class='ocr_carea' id='block_1_11' title="bbox 49 2528 144 2549">
    <p class='ocr_par' dir='ltr' id='par_1_11' title="bbox 49 2528 144 2549">
     <span class='ocr_line' id='line_1_46' title="bbox 49 2528 144 2549; baseline 0.023 -2"><span class='ocrx_word' id='word_1_256' title='bbox 49 2528 144 2549; x_wconf 74' lang='lat' dir='ltr'>atterum.</span> 
     </span>
    </p>
   </div>
   <div class='ocr_carea' id='block_1_12' title="bbox 179 2539 927 2627">
    <p class='ocr_par' dir='ltr' id='par_1_12' title="bbox 179 2539 927 2625">
     <span class='ocr_line' id='line_1_47' title="bbox 179 2539 927 2585; baseline 0.005 -13"><span class='ocrx_word' id='word_1_257' title='bbox 179 2539 356 2573; x_wconf 84' lang='lat' dir='ltr'>decessoris</span> <span class='ocrx_word' id='word_1_258' title='bbox 376 2541 488 2581; x_wconf 84' lang='lat' dir='ltr'>nostri,</span> <span class='ocrx_word' id='word_1_259' title='bbox 511 2552 575 2585; x_wconf 88' lang='lat' dir='ltr'>qua</span> <span class='ocrx_word' id='word_1_260' title='bbox 595 2554 621 2575; x_wconf 82' lang='lat' dir='ltr'>c</span> <span class='ocrx_word' id='word_1_261' title='bbox 623 2549 723 2574; x_wconf 71' lang='lat' dir='ltr'>uelut</span> <span class='ocrx_word' id='word_1_262' title='bbox 742 2543 862 2585; x_wconf 76' lang='lat' dir='ltr'>nequis</span> <span class='ocrx_word' id='word_1_263' title='bbox 875 2555 927 2576; x_wconf 83' lang='lat' dir='ltr'>ex-</span> 
     </span>
     <span class='ocr_line' id='line_1_48' title="bbox 181 2589 925 2627; baseline 0.007 -7"><span class='ocrx_word' id='word_1_264' title='bbox 181 2593 230 2621; x_wconf 84' lang='lat' dir='ltr'>tra</span> <span class='ocrx_word' id='word_1_265' title='bbox 247 2599 336 2623; x_wconf 88' lang='lat' dir='ltr'>suam</span> <span class='ocrx_word' id='word_1_266' title='bbox 359 2589 519 2623; x_wconf 85' lang='lat' dir='ltr'>civitatem</span> <span class='ocrx_word' id='word_1_267' title='bbox 534 2591 582 2623; x_wconf 88' lang='lat' dir='ltr'>vel</span> <span class='ocrx_word' id='word_1_268' title='bbox 603 2590 728 2624; x_wconf 76' lang='lat' dir='ltr'>dioeces</span> <span class='ocrx_word' id='word_1_269' title='bbox 717 2592 788 2627; x_wconf 86' lang='lat' dir='ltr'>im,</span> <span class='ocrx_word' id='word_1_270' title='bbox 811 2592 872 2624; x_wconf 81' lang='lat' dir='ltr'>nisi</span> <span class='ocrx_word' id='word_1_271' title='bbox 894 2593 925 2625; x_wconf 92' lang='lat' dir='ltr'>in</span> 
     </span>
    </p>
   </div>
   <div class='ocr_carea' id='block_1_13' title="bbox 954 265 1713 2390">
    <p class='ocr_par' dir='ltr' id='par_1_13' title="bbox 954 265 1713 2390">
     <span class='ocr_line' id='line_1_49' title="bbox 954 265 1702 311; baseline -0.003 -9"><span class='ocrx_word' id='word_1_272' title='bbox 954 269 1048 302; x_wconf 82' lang='lat' dir='ltr'>certis</span> <span class='ocrx_word' id='word_1_273' title='bbox 1068 267 1223 311; x_wconf 71' lang='lat' dir='ltr'>expressis</span> <span class='ocrx_word' id='word_1_274' title='bbox 1243 266 1387 308; x_wconf 62' lang='lat' dir='ltr'>casibus,</span> <span class='ocrx_word' id='word_1_275' title='bbox 1411 271 1443 300; x_wconf 84' lang='lat' dir='ltr'>et</span> <span class='ocrx_word' id='word_1_276' title='bbox 1469 266 1502 299; x_wconf 81' lang='lat' dir='ltr'>in</span> <span class='ocrx_word' id='word_1_277' title='bbox 1528 265 1592 300; x_wconf 85' lang='lat' dir='ltr'>illis</span> <span class='ocrx_word' id='word_1_278' title='bbox 1615 266 1702 300; x_wconf 85' lang='lat' dir='ltr'>ultra</span> 
     </span>
     <span class='ocr_line' id='line_1_50' title="bbox 954 318 1702 355; baseline -0.001 0"><span class='ocrx_word' id='word_1_279' title='bbox 954 332 1050 355; x_wconf 85' lang='lat' dir='ltr'>unam</span> <span class='ocrx_word' id='word_1_280' title='bbox 1080 321 1216 354; x_wconf 80' lang='lat' dir='ltr'>diaetam</span> <span class='ocrx_word' id='word_1_281' title='bbox 1243 334 1260 354; x_wconf 82' lang='lat' dir='ltr'>a</span> <span class='ocrx_word' id='word_1_282' title='bbox 1295 322 1357 354; x_wconf 77' lang='lat' dir='ltr'>tine</span> <span class='ocrx_word' id='word_1_283' title='bbox 1388 332 1463 354; x_wconf 80' lang='lat' dir='ltr'>suae</span> <span class='ocrx_word' id='word_1_284' title='bbox 1484 318 1640 354; x_wconf 85' lang='lat' dir='ltr'>dioecesis</span> <span class='ocrx_word' id='word_1_285' title='bbox 1660 318 1702 354; x_wconf 88' lang='lat' dir='ltr'>ad</span> 
     </span>
     <span class='ocr_line' id='line_1_51' title="bbox 955 373 1700 416; baseline 0.003 -10"><span class='ocrx_word' id='word_1_286' title='bbox 955 375 1111 407; x_wconf 63' lang='lat' dir='ltr'>iudicium</span> <span class='ocrx_word' id='word_1_287' title='bbox 1132 382 1291 416; x_wconf 69' lang='lat' dir='ltr'>evocetur,</span> <span class='ocrx_word' id='word_1_288' title='bbox 1315 385 1369 408; x_wconf 86' lang='lat' dir='ltr'>seu</span> <span class='ocrx_word' id='word_1_289' title='bbox 1391 385 1429 407; x_wconf 83' lang='lat' dir='ltr'>ne</span> <span class='ocrx_word' id='word_1_290' title='bbox 1447 374 1597 407; x_wconf 89' lang='lat' dir='ltr'>iudicesa</span> <span class='ocrx_word' id='word_1_291' title='bbox 1617 373 1700 408; x_wconf 81' lang='lat' dir='ltr'>Sede</span> 
     </span>
     <span class='ocr_line' id='line_1_52' title="bbox 955 426 1695 471; baseline 0.001 -12"><span class='ocrx_word' id='word_1_292' title='bbox 955 428 1117 471; x_wconf 78' lang='lat' dir='ltr'>praedicta</span> <span class='ocrx_word' id='word_1_293' title='bbox 1130 428 1272 471; x_wconf 79' lang='lat' dir='ltr'>deputati</span> <span class='ocrx_word' id='word_1_294' title='bbox 1282 434 1368 461; x_wconf 78' lang='lat' dir='ltr'>extra</span> <span class='ocrx_word' id='word_1_295' title='bbox 1378 428 1534 461; x_wconf 80' lang='lat' dir='ltr'>civitatem</span> <span class='ocrx_word' id='word_1_296' title='bbox 1544 428 1591 460; x_wconf 70' lang='lat' dir='ltr'>vot</span> <span class='ocrx_word' id='word_1_297' title='bbox 1605 426 1695 460; x_wconf 86' lang='lat' dir='ltr'>dioe-</span> 
     </span>
     <span class='ocr_line' id='line_1_53' title="bbox 955 480 1702 524; baseline 0 -11"><span class='ocrx_word' id='word_1_298' title='bbox 955 481 1052 513; x_wconf 70' lang='lat' dir='ltr'>cesim</span> <span class='ocrx_word' id='word_1_299' title='bbox 1074 482 1105 513; x_wconf 91' lang='lat' dir='ltr'>in</span> <span class='ocrx_word' id='word_1_300' title='bbox 1130 481 1246 524; x_wconf 73' lang='lat' dir='ltr'>quibus</span> <span class='ocrx_word' id='word_1_301' title='bbox 1269 481 1410 524; x_wconf 80' lang='lat' dir='ltr'>deputati</span> <span class='ocrx_word' id='word_1_302' title='bbox 1431 480 1561 521; x_wconf 83' lang='lat' dir='ltr'>suerint,</span> <span class='ocrx_word' id='word_1_303' title='bbox 1585 485 1702 514; x_wconf 86' lang='lat' dir='ltr'>contra</span> 
     </span>
     <span class='ocr_line' id='line_1_54' title="bbox 954 533 1700 577; baseline 0.001 -12"><span class='ocrx_word' id='word_1_304' title='bbox 954 545 1174 577; x_wconf 77' lang='lat' dir='ltr'>‹pioscttmque</span> <span class='ocrx_word' id='word_1_305' title='bbox 1188 535 1433 577; x_wconf 72' lang='lat' dir='ltr'>procedere,aut</span> <span class='ocrx_word' id='word_1_306' title='bbox 1444 534 1554 567; x_wconf 80' lang='lat' dir='ltr'>aliivel</span> <span class='ocrx_word' id='word_1_307' title='bbox 1573 533 1700 568; x_wconf 86' lang='lat' dir='ltr'>aliisvi·</span> 
     </span>
     <span class='ocr_line' id='line_1_55' title="bbox 956 587 1702 630; baseline 0 -10"><span class='ocrx_word' id='word_1_308' title='bbox 956 599 1006 620; x_wconf 76' lang='lat' dir='ltr'>ces</span> <span class='ocrx_word' id='word_1_309' title='bbox 1018 599 1090 619; x_wconf 80' lang='lat' dir='ltr'>suas</span> <span class='ocrx_word' id='word_1_310' title='bbox 1103 587 1303 620; x_wconf 78' lang='lat' dir='ltr'>committere</span> <span class='ocrx_word' id='word_1_311' title='bbox 1313 592 1519 630; x_wconf 57' lang='lat' dir='ltr'>praesumant,</span> <span class='ocrx_word' id='word_1_312' title='bbox 1533 592 1564 620; x_wconf 84' lang='lat' dir='ltr'>et</span> <span class='ocrx_word' id='word_1_313' title='bbox 1574 587 1612 620; x_wconf 88' lang='lat' dir='ltr'>de</span> <span class='ocrx_word' id='word_1_314' title='bbox 1623 587 1702 620; x_wconf 87' lang='lat' dir='ltr'>dua·</span> 
     </span>
     <span class='ocr_line' id='line_1_56' title="bbox 955 640 1700 683; baseline 0 -10"><span class='ocrx_word' id='word_1_315' title='bbox 955 640 1134 673; x_wconf 68' lang='lat' dir='ltr'>busdiaetis</span> <span class='ocrx_word' id='word_1_316' title='bbox 1152 640 1182 672; x_wconf 88' lang='lat' dir='ltr'>in</span> <span class='ocrx_word' id='word_1_317' title='bbox 1199 640 1334 673; x_wconf 87' lang='lat' dir='ltr'>concilio</span> <span class='ocrx_word' id='word_1_318' title='bbox 1347 641 1487 683; x_wconf 75' lang='lat' dir='ltr'>generali</span> <span class='ocrx_word' id='word_1_319' title='bbox 1501 640 1700 680; x_wconf 83' lang='lat' dir='ltr'>edita,dum-</span> 
     </span>
     <span class='ocr_line' id='line_1_57' title="bbox 956 693 1700 735; baseline 0.001 -10"><span class='ocrx_word' id='word_1_320' title='bbox 956 693 1049 725; x_wconf 81' lang='lat' dir='ltr'>modo</span> <span class='ocrx_word' id='word_1_321' title='bbox 1072 694 1226 726; x_wconf 83' lang='lat' dir='ltr'>ultratrcs</span> <span class='ocrx_word' id='word_1_322' title='bbox 1237 693 1356 726; x_wconf 83' lang='lat' dir='ltr'>diaetas</span> <span class='ocrx_word' id='word_1_323' title='bbox 1375 693 1489 735; x_wconf 77' lang='lat' dir='ltr'>aliquis</span> <span class='ocrx_word' id='word_1_324' title='bbox 1510 693 1700 727; x_wconf 84' lang='lat' dir='ltr'>auctoritate</span> 
     </span>
     <span class='ocr_line' id='line_1_58' title="bbox 957 747 1700 790; baseline 0.003 -12"><span class='ocrx_word' id='word_1_325' title='bbox 957 747 1172 790; x_wconf 81' lang='lat' dir='ltr'>praesentium</span> <span class='ocrx_word' id='word_1_326' title='bbox 1191 748 1229 779; x_wconf 90' lang='lat' dir='ltr'>ad</span> <span class='ocrx_word' id='word_1_327' title='bbox 1244 748 1400 780; x_wconf 87' lang='lat' dir='ltr'>iudicium</span> <span class='ocrx_word' id='word_1_328' title='bbox 1414 758 1477 780; x_wconf 86' lang='lat' dir='ltr'>nou</span> <span class='ocrx_word' id='word_1_329' title='bbox 1491 748 1646 786; x_wconf 87' lang='lat' dir='ltr'>trahatur,</span> <span class='ocrx_word' id='word_1_330' title='bbox 1665 758 1700 781; x_wconf 90' lang='lat' dir='ltr'>a·</span> 
     </span>
     <span class='ocr_line' id='line_1_59' title="bbox 955 800 1701 844; baseline 0.001 -11"><span class='ocrx_word' id='word_1_331' title='bbox 955 801 1069 844; x_wconf 72' lang='lat' dir='ltr'>liisquc</span> <span class='ocrx_word' id='word_1_332' title='bbox 1083 801 1264 843; x_wconf 77' lang='lat' dir='ltr'>apostolicis</span> <span class='ocrx_word' id='word_1_333' title='bbox 1275 800 1701 841; x_wconf 80' lang='lat' dir='ltr'>constituti011ilms;acmili-</span> 
     </span>
     <span class='ocr_line' id='line_1_60' title="bbox 957 854 1700 897; baseline 0.001 -11"><span class='ocrx_word' id='word_1_334' title='bbox 957 854 1016 886; x_wconf 82' lang='lat' dir='ltr'>[iac</span> <span class='ocrx_word' id='word_1_335' title='bbox 1037 860 1065 886; x_wconf 84' lang='lat' dir='ltr'>ct</span> <span class='ocrx_word' id='word_1_336' title='bbox 1082 854 1236 886; x_wconf 78' lang='lat' dir='ltr'>Ordinum</span> <span class='ocrx_word' id='word_1_337' title='bbox 1258 854 1509 897; x_wconf 81' lang='lat' dir='ltr'>praedictorum,</span> <span class='ocrx_word' id='word_1_338' title='bbox 1532 854 1625 887; x_wconf 89' lang='lat' dir='ltr'>etiam</span> <span class='ocrx_word' id='word_1_339' title='bbox 1650 854 1700 888; x_wconf 89' lang='lat' dir='ltr'>iu-</span> 
     </span>
     <span class='ocr_line' id='line_1_61' title="bbox 957 907 1702 952; baseline 0.003 -13"><span class='ocrx_word' id='word_1_340' title='bbox 957 914 1110 948; x_wconf 78' lang='lat' dir='ltr'>ramento,</span> <span class='ocrx_word' id='word_1_341' title='bbox 1124 908 1367 940; x_wconf 75' lang='lat' dir='ltr'>confirmatione</span> <span class='ocrx_word' id='word_1_342' title='bbox 1381 907 1555 951; x_wconf 74' lang='lat' dir='ltr'>apostolica</span> <span class='ocrx_word' id='word_1_343' title='bbox 1568 908 1614 940; x_wconf 75' lang='lat' dir='ltr'>vel</span> <span class='ocrx_word' id='word_1_344' title='bbox 1624 919 1702 952; x_wconf 89' lang='lat' dir='ltr'>qua-</span> 
     </span>
     <span class='ocr_line' id='line_1_62' title="bbox 955 960 1701 1001; baseline 0.001 -8"><span class='ocrx_word' id='word_1_345' title='bbox 955 962 1000 993; x_wconf 77' lang='lat' dir='ltr'>vis</span> <span class='ocrx_word' id='word_1_346' title='bbox 1021 962 1170 994; x_wconf 80' lang='lat' dir='ltr'>firmitate</span> <span class='ocrx_word' id='word_1_347' title='bbox 1190 961 1250 993; x_wconf 83' lang='lat' dir='ltr'>alia</span> <span class='ocrx_word' id='word_1_348' title='bbox 1272 960 1441 1001; x_wconf 84' lang='lat' dir='ltr'>roboratis,</span> <span class='ocrx_word' id='word_1_349' title='bbox 1454 961 1701 994; x_wconf 74' lang='lat' dir='ltr'>statutisetcon-</span> 
     </span>
     <span class='ocr_line' id='line_1_63' title="bbox 955 1014 1702 1054; baseline 0.003 -9"><span class='ocrx_word' id='word_1_350' title='bbox 955 1015 1190 1054; x_wconf 73' lang='lat' dir='ltr'>suetudinibus,</span> <span class='ocrx_word' id='word_1_351' title='bbox 1215 1014 1451 1051; x_wconf 83' lang='lat' dir='ltr'>stabilimentis,</span> <span class='ocrx_word' id='word_1_352' title='bbox 1475 1014 1585 1046; x_wconf 85' lang='lat' dir='ltr'>usibus</span> <span class='ocrx_word' id='word_1_353' title='bbox 1604 1019 1702 1047; x_wconf 88' lang='lat' dir='ltr'>etna-</span> 
     </span>
     <span class='ocr_line' id='line_1_64' title="bbox 956 1066 1704 1111; baseline 0 -12"><span class='ocrx_word' id='word_1_354' title='bbox 956 1068 1056 1109; x_wconf 86' lang='lat' dir='ltr'>turis;</span> <span class='ocrx_word' id='word_1_355' title='bbox 1084 1067 1258 1111; x_wconf 72' lang='lat' dir='ltr'>privilegiis</span> <span class='ocrx_word' id='word_1_356' title='bbox 1278 1078 1419 1110; x_wconf 83' lang='lat' dir='ltr'>quoque,</span> <span class='ocrx_word' id='word_1_357' title='bbox 1444 1066 1575 1099; x_wconf 84' lang='lat' dir='ltr'>indultis</span> <span class='ocrx_word' id='word_1_358' title='bbox 1601 1072 1631 1099; x_wconf 87' lang='lat' dir='ltr'>et</span> <span class='ocrx_word' id='word_1_359' title='bbox 1654 1066 1704 1099; x_wconf 86' lang='lat' dir='ltr'>lit-</span> 
     </span>
     <span class='ocr_line' id='line_1_65' title="bbox 956 1119 1705 1164; baseline -0.001 -11"><span class='ocrx_word' id='word_1_360' title='bbox 956 1121 1032 1154; x_wconf 82' lang='lat' dir='ltr'>teris</span> <span class='ocrx_word' id='word_1_361' title='bbox 1051 1121 1246 1164; x_wconf 81' lang='lat' dir='ltr'>apostolicis,</span> <span class='ocrx_word' id='word_1_362' title='bbox 1271 1120 1332 1152; x_wconf 87' lang='lat' dir='ltr'>illis</span> <span class='ocrx_word' id='word_1_363' title='bbox 1352 1132 1387 1152; x_wconf 73' lang='lat' dir='ltr'>ac</span> <span class='ocrx_word' id='word_1_364' title='bbox 1409 1121 1503 1153; x_wconf 87' lang='lat' dir='ltr'>etiam</span> <span class='ocrx_word' id='word_1_365' title='bbox 1533 1119 1705 1153; x_wconf 85' lang='lat' dir='ltr'>ordinariis</span> 
     </span>
     <span class='ocr_line' id='line_1_66' title="bbox 956 1173 1702 1217; baseline -0.001 -10"><span class='ocrx_word' id='word_1_366' title='bbox 956 1176 1100 1207; x_wconf 85' lang='lat' dir='ltr'>locorum</span> <span class='ocrx_word' id='word_1_367' title='bbox 1123 1180 1153 1207; x_wconf 84' lang='lat' dir='ltr'>et</span> <span class='ocrx_word' id='word_1_368' title='bbox 1171 1174 1241 1207; x_wconf 78' lang='lat' dir='ltr'>aliis</span> <span class='ocrx_word' id='word_1_369' title='bbox 1262 1173 1394 1213; x_wconf 86' lang='lat' dir='ltr'>militiis,</span> <span class='ocrx_word' id='word_1_370' title='bbox 1418 1184 1543 1206; x_wconf 84' lang='lat' dir='ltr'>necnon</span> <span class='ocrx_word' id='word_1_371' title='bbox 1568 1173 1702 1217; x_wconf 86' lang='lat' dir='ltr'>quibus-</span> 
     </span>
     <span class='ocr_line' id='line_1_67' title="bbox 955 1225 1704 1267; baseline -0.004 -6"><span class='ocrx_word' id='word_1_372' title='bbox 955 1229 1000 1261; x_wconf 76' lang='lat' dir='ltr'>vis</span> <span class='ocrx_word' id='word_1_373' title='bbox 1020 1227 1175 1266; x_wconf 81' lang='lat' dir='ltr'>ecclesiis,</span> <span class='ocrx_word' id='word_1_374' title='bbox 1198 1227 1412 1267; x_wconf 81' lang='lat' dir='ltr'>monasteriis,</span> <span class='ocrx_word' id='word_1_375' title='bbox 1434 1225 1704 1266; x_wconf 87' lang='lat' dir='ltr'>Ordinibus‚locis</span> 
     </span>
     <span class='ocr_line' id='line_1_68' title="bbox 956 1280 1704 1325; baseline -0.001 -10"><span class='ocrx_word' id='word_1_376' title='bbox 956 1292 1136 1324; x_wconf 83' lang='lat' dir='ltr'>eorumque</span> <span class='ocrx_word' id='word_1_377' title='bbox 1159 1281 1323 1325; x_wconf 87' lang='lat' dir='ltr'>personis,</span> <span class='ocrx_word' id='word_1_378' title='bbox 1356 1280 1414 1313; x_wconf 87' lang='lat' dir='ltr'>sub</span> <span class='ocrx_word' id='word_1_379' title='bbox 1443 1281 1704 1324; x_wconf 81' lang='lat' dir='ltr'>quibuscumque</span> 
     </span>
     <span class='ocr_line' id='line_1_69' title="bbox 957 1333 1703 1376; baseline 0 -9"><span class='ocrx_word' id='word_1_380' title='bbox 957 1335 1123 1367; x_wconf 84' lang='lat' dir='ltr'>tenoribus</span> <span class='ocrx_word' id='word_1_381' title='bbox 1134 1340 1164 1367; x_wconf 85' lang='lat' dir='ltr'>et</span> <span class='ocrx_word' id='word_1_382' title='bbox 1175 1333 1295 1374; x_wconf 79' lang='lat' dir='ltr'>formis,</span> <span class='ocrx_word' id='word_1_383' title='bbox 1310 1345 1345 1366; x_wconf 90' lang='lat' dir='ltr'>ac</span> <span class='ocrx_word' id='word_1_384' title='bbox 1354 1344 1427 1366; x_wconf 88' lang='lat' dir='ltr'>cum</span> <span class='ocrx_word' id='word_1_385' title='bbox 1436 1333 1599 1376; x_wconf 79' lang='lat' dir='ltr'>quibusvis</span> <span class='ocrx_word' id='word_1_386' title='bbox 1615 1334 1703 1367; x_wconf 82' lang='lat' dir='ltr'>clau-</span> 
     </span>
     <span class='ocr_line' id='line_1_70' title="bbox 956 1387 1703 1430; baseline -0.001 -9"><span class='ocrx_word' id='word_1_387' title='bbox 956 1388 1034 1421; x_wconf 84' lang='lat' dir='ltr'>sulis</span> <span class='ocrx_word' id='word_1_388' title='bbox 1054 1394 1084 1421; x_wconf 84' lang='lat' dir='ltr'>ct</span> <span class='ocrx_word' id='word_1_389' title='bbox 1104 1387 1251 1428; x_wconf 85' lang='lat' dir='ltr'>decretis,</span> <span class='ocrx_word' id='word_1_390' title='bbox 1279 1387 1373 1420; x_wconf 84' lang='lat' dir='ltr'>etiam</span> <span class='ocrx_word' id='word_1_391' title='bbox 1395 1387 1432 1419; x_wconf 90' lang='lat' dir='ltr'>ad</span> <span class='ocrx_word' id='word_1_392' title='bbox 1461 1388 1703 1430; x_wconf 83' lang='lat' dir='ltr'>imperatorum,</span> 
     </span>
     <span class='ocr_line' id='line_1_71' title="bbox 957 1441 1704 1485; baseline 0.001 -12"><span class='ocrx_word' id='word_1_393' title='bbox 957 1452 1082 1483; x_wconf 72' lang='lat' dir='ltr'>regum,</span> <span class='ocrx_word' id='word_1_394' title='bbox 1104 1441 1302 1485; x_wconf 77' lang='lat' dir='ltr'>reginarum,</span> <span class='ocrx_word' id='word_1_395' title='bbox 1325 1442 1634 1474; x_wconf 81' lang='lat' dir='ltr'>ducumetaliorum</span> <span class='ocrx_word' id='word_1_396' title='bbox 1653 1441 1704 1474; x_wconf 91' lang='lat' dir='ltr'>in-</span> 
     </span>
     <span class='ocr_line' id='line_1_72' title="bbox 957 1494 1704 1538; baseline 0 -10"><span class='ocrx_word' id='word_1_397' title='bbox 957 1495 1119 1535; x_wconf 77' lang='lat' dir='ltr'>stantiam,</span> <span class='ocrx_word' id='word_1_398' title='bbox 1142 1506 1268 1527; x_wconf 86' lang='lat' dir='ltr'>necnon</span> <span class='ocrx_word' id='word_1_399' title='bbox 1289 1500 1376 1527; x_wconf 88' lang='lat' dir='ltr'>motu</span> <span class='ocrx_word' id='word_1_400' title='bbox 1399 1495 1530 1538; x_wconf 87' lang='lat' dir='ltr'>proprio</span> <span class='ocrx_word' id='word_1_401' title='bbox 1548 1506 1584 1527; x_wconf 84' lang='lat' dir='ltr'>ac</span> <span class='ocrx_word' id='word_1_402' title='bbox 1605 1494 1704 1528; x_wconf 86' lang='lat' dir='ltr'>etiam</span> 
     </span>
     <span class='ocr_line' id='line_1_73' title="bbox 958 1548 1705 1591; baseline 0 -10"><span class='ocrx_word' id='word_1_403' title='bbox 958 1548 1222 1582; x_wconf 76' lang='lat' dir='ltr'>consistorialiter</span> <span class='ocrx_word' id='word_1_404' title='bbox 1241 1548 1705 1591; x_wconf 81' lang='lat' dir='ltr'>acaliasquomodolibetcon-</span> 
     </span>
     <span class='ocr_line' id='line_1_74' title="bbox 958 1601 1707 1645; baseline 0.001 -11"><span class='ocrx_word' id='word_1_405' title='bbox 958 1602 1066 1642; x_wconf 73' lang='lat' dir='ltr'>cessis,</span> <span class='ocrx_word' id='word_1_406' title='bbox 1087 1602 1272 1645; x_wconf 86' lang='lat' dir='ltr'>approbatis</span> <span class='ocrx_word' id='word_1_407' title='bbox 1293 1601 1496 1634; x_wconf 72' lang='lat' dir='ltr'>etinnovatis.</span> <span class='ocrx_word' id='word_1_408' title='bbox 1511 1601 1707 1640; x_wconf 84' lang='lat' dir='ltr'>Quibusom-</span> 
     </span>
     <span class='ocr_line' id='line_1_75' title="bbox 958 1654 1706 1696; baseline 0.001 -9"><span class='ocrx_word' id='word_1_409' title='bbox 958 1655 1063 1695; x_wconf 88' lang='lat' dir='ltr'>nibus,</span> <span class='ocrx_word' id='word_1_410' title='bbox 1086 1655 1210 1689; x_wconf 83' lang='lat' dir='ltr'>etiamsi</span> <span class='ocrx_word' id='word_1_411' title='bbox 1222 1655 1331 1688; x_wconf 83' lang='lat' dir='ltr'>deillis</span> <span class='ocrx_word' id='word_1_412' title='bbox 1341 1666 1516 1696; x_wconf 68' lang='lat' dir='ltr'>eorumque</span> <span class='ocrx_word' id='word_1_413' title='bbox 1531 1654 1601 1687; x_wconf 82' lang='lat' dir='ltr'>totis</span> <span class='ocrx_word' id='word_1_414' title='bbox 1615 1660 1706 1688; x_wconf 88' lang='lat' dir='ltr'>teno-</span> 
     </span>
     <span class='ocr_line' id='line_1_76' title="bbox 959 1701 1707 1752; baseline 0 -11"><span class='ocrx_word' id='word_1_415' title='bbox 959 1709 1047 1742; x_wconf 84' lang='lat' dir='ltr'>ribus</span> <span class='ocrx_word' id='word_1_416' title='bbox 1066 1708 1226 1752; x_wconf 83' lang='lat' dir='ltr'>specialis,</span> <span class='ocrx_word' id='word_1_417' title='bbox 1248 1708 1411 1752; x_wconf 81' lang='lat' dir='ltr'>specifica,</span> <span class='ocrx_word' id='word_1_418' title='bbox 1434 1707 1596 1741; x_wconf 75' lang='lat' dir='ltr'>individua</span> <span class='ocrx_word' id='word_1_419' title='bbox 1611 1714 1641 1741; x_wconf 88' lang='lat' dir='ltr'>et</span> <span class='ocrx_word' id='word_1_420' title='bbox 1655 1701 1707 1741; x_wconf 65' lang='lat' dir='ltr'>eit-</span> 
     </span>
     <span class='ocr_line' id='line_1_77' title="bbox 959 1762 1708 1806; baseline 0 -11"><span class='ocrx_word' id='word_1_421' title='bbox 959 1773 1080 1806; x_wconf 85' lang='lat' dir='ltr'>pressa,</span> <span class='ocrx_word' id='word_1_422' title='bbox 1102 1773 1168 1795; x_wconf 91' lang='lat' dir='ltr'>non</span> <span class='ocrx_word' id='word_1_423' title='bbox 1188 1768 1295 1795; x_wconf 80' lang='lat' dir='ltr'>autem</span> <span class='ocrx_word' id='word_1_424' title='bbox 1317 1773 1375 1805; x_wconf 89' lang='lat' dir='ltr'>per</span> <span class='ocrx_word' id='word_1_425' title='bbox 1396 1762 1555 1794; x_wconf 76' lang='lat' dir='ltr'>clausulas</span> <span class='ocrx_word' id='word_1_426' title='bbox 1575 1771 1708 1804; x_wconf 77' lang='lat' dir='ltr'>genera-</span> 
     </span>
     <span class='ocr_line' id='line_1_78' title="bbox 959 1813 1708 1859; baseline -0.004 -10"><span class='ocrx_word' id='word_1_427' title='bbox 959 1817 1003 1849; x_wconf 86' lang='lat' dir='ltr'>les</span> <span class='ocrx_word' id='word_1_428' title='bbox 1024 1816 1108 1849; x_wconf 87' lang='lat' dir='ltr'>idem</span> <span class='ocrx_word' id='word_1_429' title='bbox 1130 1816 1350 1859; x_wconf 85' lang='lat' dir='ltr'>importantes,</span> <span class='ocrx_word' id='word_1_430' title='bbox 1374 1815 1493 1847; x_wconf 87' lang='lat' dir='ltr'>mentio</span> <span class='ocrx_word' id='word_1_431' title='bbox 1506 1826 1560 1848; x_wconf 86' lang='lat' dir='ltr'>seu</span> <span class='ocrx_word' id='word_1_432' title='bbox 1578 1813 1708 1858; x_wconf 84' lang='lat' dir='ltr'>quaevis</span> 
     </span>
     <span class='ocr_line' id='line_1_79' title="bbox 961 1867 1710 1913; baseline -0.003 -11"><span class='ocrx_word' id='word_1_433' title='bbox 961 1869 1022 1902; x_wconf 88' lang='lat' dir='ltr'>alia</span> <span class='ocrx_word' id='word_1_434' title='bbox 1043 1869 1204 1913; x_wconf 83' lang='lat' dir='ltr'>expressio</span> <span class='ocrx_word' id='word_1_435' title='bbox 1215 1868 1362 1900; x_wconf 83' lang='lat' dir='ltr'>habenda</span> <span class='ocrx_word' id='word_1_436' title='bbox 1374 1869 1466 1908; x_wconf 87' lang='lat' dir='ltr'>soret,</span> <span class='ocrx_word' id='word_1_437' title='bbox 1477 1867 1607 1900; x_wconf 88' lang='lat' dir='ltr'>illorum</span> <span class='ocrx_word' id='word_1_438' title='bbox 1620 1873 1710 1900; x_wconf 86' lang='lat' dir='ltr'>teno-</span> 
     </span>
     <span class='ocr_line' id='line_1_80' title="bbox 960 1920 1709 1964; baseline -0.003 -9"><span class='ocrx_word' id='word_1_439' title='bbox 960 1932 1021 1963; x_wconf 81' lang='lat' dir='ltr'>res,</span> <span class='ocrx_word' id='word_1_440' title='bbox 1044 1933 1080 1955; x_wconf 81' lang='lat' dir='ltr'>ac</span> <span class='ocrx_word' id='word_1_441' title='bbox 1100 1922 1125 1954; x_wconf 87' lang='lat' dir='ltr'>si</span> <span class='ocrx_word' id='word_1_442' title='bbox 1146 1922 1185 1954; x_wconf 87' lang='lat' dir='ltr'>ad</span> <span class='ocrx_word' id='word_1_443' title='bbox 1204 1922 1335 1955; x_wconf 81' lang='lat' dir='ltr'>verbum</span> <span class='ocrx_word' id='word_1_444' title='bbox 1350 1948 1357 1960; x_wconf 84' lang='lat'>,</span> <span class='ocrx_word' id='word_1_445' title='bbox 1380 1921 1461 1953; x_wconf 85' lang='lat' dir='ltr'>nihil</span> <span class='ocrx_word' id='word_1_446' title='bbox 1474 1920 1600 1964; x_wconf 90' lang='lat' dir='ltr'>penitus</span> <span class='ocrx_word' id='word_1_447' title='bbox 1611 1920 1709 1954; x_wconf 90' lang='lat' dir='ltr'>omis-</span> 
     </span>
     <span class='ocr_line' id='line_1_81' title="bbox 961 1974 1708 2016; baseline -0.001 -9"><span class='ocrx_word' id='word_1_448' title='bbox 961 1986 1007 2016; x_wconf 78' lang='lat' dir='ltr'>so,</span> <span class='ocrx_word' id='word_1_449' title='bbox 1040 1981 1070 2008; x_wconf 87' lang='lat' dir='ltr'>et</span> <span class='ocrx_word' id='word_1_450' title='bbox 1098 1975 1199 2008; x_wconf 83' lang='lat' dir='ltr'>forma</span> <span class='ocrx_word' id='word_1_451' title='bbox 1224 1975 1255 2006; x_wconf 90' lang='lat' dir='ltr'>in</span> <span class='ocrx_word' id='word_1_452' title='bbox 1285 1974 1348 2007; x_wconf 87' lang='lat' dir='ltr'>illis</span> <span class='ocrx_word' id='word_1_453' title='bbox 1380 1974 1496 2007; x_wconf 84' lang='lat' dir='ltr'>tradita</span> <span class='ocrx_word' id='word_1_454' title='bbox 1523 1974 1708 2014; x_wconf 86' lang='lat' dir='ltr'>observata,</span> 
     </span>
     <span class='ocr_line' id='line_1_82' title="bbox 962 2025 1712 2071; baseline -0.003 -10"><span class='ocrx_word' id='word_1_455' title='bbox 962 2029 1071 2061; x_wconf 86' lang='lat' dir='ltr'>inserti</span> <span class='ocrx_word' id='word_1_456' title='bbox 1092 2029 1196 2061; x_wconf 85' lang='lat' dir='ltr'>forent</span> <span class='ocrx_word' id='word_1_457' title='bbox 1216 2027 1449 2071; x_wconf 82' lang='lat' dir='ltr'>praesentibus,</span> <span class='ocrx_word' id='word_1_458' title='bbox 1472 2037 1531 2071; x_wconf 88' lang='lat' dir='ltr'>pro</span> <span class='ocrx_word' id='word_1_459' title='bbox 1555 2025 1712 2070; x_wconf 82' lang='lat' dir='ltr'>expressis</span> 
     </span>
     <span class='ocr_line' id='line_1_83' title="bbox 962 2080 1712 2122; baseline -0.001 -7"><span class='ocrx_word' id='word_1_460' title='bbox 962 2088 992 2115; x_wconf 84' lang='lat' dir='ltr'>et</span> <span class='ocrx_word' id='word_1_461' title='bbox 1016 2081 1143 2114; x_wconf 85' lang='lat' dir='ltr'>insertis</span> <span class='ocrx_word' id='word_1_462' title='bbox 1162 2082 1328 2122; x_wconf 83' lang='lat' dir='ltr'>habentes,</span> <span class='ocrx_word' id='word_1_463' title='bbox 1352 2081 1414 2114; x_wconf 88' lang='lat' dir='ltr'>illis</span> <span class='ocrx_word' id='word_1_464' title='bbox 1434 2080 1511 2114; x_wconf 83' lang='lat' dir='ltr'>alias</span> <span class='ocrx_word' id='word_1_465' title='bbox 1531 2080 1565 2113; x_wconf 91' lang='lat' dir='ltr'>in</span> <span class='ocrx_word' id='word_1_466' title='bbox 1584 2090 1642 2113; x_wconf 89' lang='lat' dir='ltr'>suo</span> <span class='ocrx_word' id='word_1_467' title='bbox 1657 2090 1712 2114; x_wconf 89' lang='lat' dir='ltr'>ro-</span> 
     </span>
     <span class='ocr_line' id='line_1_84' title="bbox 962 2134 1709 2178; baseline -0.003 -10"><span class='ocrx_word' id='word_1_468' title='bbox 962 2136 1039 2168; x_wconf 82' lang='lat' dir='ltr'>bore</span> <span class='ocrx_word' id='word_1_469' title='bbox 1072 2135 1308 2178; x_wconf 76' lang='lat' dir='ltr'>permansuris,</span> <span class='ocrx_word' id='word_1_470' title='bbox 1337 2134 1396 2167; x_wconf 85' lang='lat' dir='ltr'>hac</span> <span class='ocrx_word' id='word_1_471' title='bbox 1429 2134 1496 2167; x_wconf 85' lang='lat' dir='ltr'>viee</span> <span class='ocrx_word' id='word_1_472' title='bbox 1523 2134 1709 2175; x_wconf 81' lang='lat' dir='ltr'>dumtaxat,</span> 
     </span>
     <span class='ocr_line' id='line_1_85' title="bbox 963 2188 1711 2231; baseline 0 -11"><span class='ocrx_word' id='word_1_473' title='bbox 963 2188 1144 2231; x_wconf 70' lang='lat' dir='ltr'>specialiter</span> <span class='ocrx_word' id='word_1_474' title='bbox 1164 2193 1194 2220; x_wconf 84' lang='lat' dir='ltr'>et</span> <span class='ocrx_word' id='word_1_475' title='bbox 1218 2198 1364 2230; x_wconf 79' lang='lat' dir='ltr'>expresse</span> <span class='ocrx_word' id='word_1_476' title='bbox 1393 2188 1604 2229; x_wconf 75' lang='lat' dir='ltr'>derogamus,</span> <span class='ocrx_word' id='word_1_477' title='bbox 1633 2198 1711 2220; x_wconf 87' lang='lat' dir='ltr'>con-</span> 
     </span>
     <span class='ocr_line' id='line_1_86' title="bbox 964 2239 1709 2284; baseline 0 -11"><span class='ocrx_word' id='word_1_478' title='bbox 964 2241 1068 2273; x_wconf 78' lang='lat' dir='ltr'>trariis</span> <span class='ocrx_word' id='word_1_479' title='bbox 1102 2240 1370 2284; x_wconf 83' lang='lat' dir='ltr'>quibuscumque.</span> <span class='ocrx_word' id='word_1_480' title='bbox 1403 2241 1463 2272; x_wconf 80' lang='lat' dir='ltr'>Aut</span> <span class='ocrx_word' id='word_1_481' title='bbox 1483 2239 1508 2273; x_wconf 88' lang='lat' dir='ltr'>si</span> <span class='ocrx_word' id='word_1_482' title='bbox 1528 2239 1709 2284; x_wconf 86' lang='lat' dir='ltr'>aliquibus,</span> 
     </span>
     <span class='ocr_line' id='line_1_87' title="bbox 965 2293 1713 2333; baseline 0.004 -9"><span class='ocrx_word' id='word_1_483' title='bbox 965 2294 1180 2326; x_wconf 70' lang='lat' dir='ltr'>communiter</span> <span class='ocrx_word' id='word_1_484' title='bbox 1196 2294 1241 2326; x_wconf 82' lang='lat' dir='ltr'>vel</span> <span class='ocrx_word' id='word_1_485' title='bbox 1253 2293 1389 2333; x_wconf 82' lang='lat' dir='ltr'>divisim,</span> <span class='ocrx_word' id='word_1_486' title='bbox 1403 2293 1442 2325; x_wconf 86' lang='lat' dir='ltr'>ab</span> <span class='ocrx_word' id='word_1_487' title='bbox 1454 2293 1565 2326; x_wconf 84' lang='lat' dir='ltr'>eadem</span> <span class='ocrx_word' id='word_1_488' title='bbox 1581 2293 1713 2327; x_wconf 84' lang='lat' dir='ltr'>sitSede</span> 
     </span>
     <span class='ocr_line' id='line_1_88' title="bbox 965 2345 1712 2390; baseline 0 -11"><span class='ocrx_word' id='word_1_489' title='bbox 965 2347 1123 2379; x_wconf 83' lang='lat' dir='ltr'>indultum</span> <span class='ocrx_word' id='word_1_490' title='bbox 1142 2347 1227 2390; x_wconf 88' lang='lat' dir='ltr'>quod</span> <span class='ocrx_word' id='word_1_491' title='bbox 1248 2345 1408 2387; x_wconf 84' lang='lat' dir='ltr'>interdici,</span> <span class='ocrx_word' id='word_1_492' title='bbox 1431 2346 1582 2390; x_wconf 86' lang='lat' dir='ltr'>suspendi</span> <span class='ocrx_word' id='word_1_493' title='bbox 1593 2347 1642 2380; x_wconf 91' lang='lat' dir='ltr'>vel</span> <span class='ocrx_word' id='word_1_494' title='bbox 1658 2357 1712 2380; x_wconf 89' lang='lat' dir='ltr'>ex-</span> 
     </span>
    </p>
   </div>
   <div class='ocr_carea' id='block_1_14' title="bbox 967 2400 1714 2579">
    <p class='ocr_par' dir='ltr' id='par_1_14' title="bbox 967 2400 1714 2579">
     <span class='ocr_line' id='line_1_89' title="bbox 967 2400 1712 2445; baseline 0.004 -14"><span class='ocrx_word' id='word_1_495' title='bbox 967 2400 1199 2433; x_wconf 61' lang='lat' dir='ltr'>ctunmunicari</span> <span class='ocrx_word' id='word_1_496' title='bbox 1212 2410 1276 2433; x_wconf 91' lang='lat' dir='ltr'>non</span> <span class='ocrx_word' id='word_1_497' title='bbox 1296 2400 1418 2443; x_wconf 86' lang='lat' dir='ltr'>possint</span> <span class='ocrx_word' id='word_1_498' title='bbox 1439 2400 1712 2445; x_wconf 85' lang='lat' dir='ltr'>perlitterasapo-</span> 
     </span>
     <span class='ocr_line' id='line_1_90' title="bbox 967 2449 1714 2493; baseline 0.003 -12"><span class='ocrx_word' id='word_1_499' title='bbox 967 2449 1094 2481; x_wconf 79' lang='lat' dir='ltr'>stolicas</span> <span class='ocrx_word' id='word_1_500' title='bbox 1114 2459 1177 2481; x_wconf 92' lang='lat' dir='ltr'>non</span> <span class='ocrx_word' id='word_1_501' title='bbox 1203 2449 1354 2482; x_wconf 79' lang='lat' dir='ltr'>facientes</span> <span class='ocrx_word' id='word_1_502' title='bbox 1371 2449 1499 2492; x_wconf 82' lang='lat' dir='ltr'>plenam</span> <span class='ocrx_word' id='word_1_503' title='bbox 1527 2453 1559 2482; x_wconf 88' lang='lat' dir='ltr'>et</span> <span class='ocrx_word' id='word_1_504' title='bbox 1586 2459 1714 2493; x_wconf 84' lang='lat' dir='ltr'>expres-</span> 
     </span>
     <span class='ocr_line' id='line_1_91' title="bbox 967 2497 1713 2531; baseline 0.003 -2.044"><span class='ocrx_word' id='word_1_505' title='bbox 967 2508 1033 2529; x_wconf 85' lang='lat' dir='ltr'>sam</span> <span class='ocrx_word' id='word_1_506' title='bbox 1054 2508 1090 2530; x_wconf 83' lang='lat' dir='ltr'>ac</span> <span class='ocrx_word' id='word_1_507' title='bbox 1109 2497 1149 2529; x_wconf 88' lang='lat' dir='ltr'>ad</span> <span class='ocrx_word' id='word_1_508' title='bbox 1169 2497 1302 2530; x_wconf 68' lang='lat' dir='ltr'>verbum</span> <span class='ocrx_word' id='word_1_509' title='bbox 1326 2497 1365 2531; x_wconf 92' lang='lat' dir='ltr'>de</span> <span class='ocrx_word' id='word_1_510' title='bbox 1384 2497 1509 2530; x_wconf 89' lang='lat' dir='ltr'>indulto</span> <span class='ocrx_word' id='word_1_511' title='bbox 1526 2497 1713 2531; x_wconf 88' lang='lat' dir='ltr'>huiusmodi</span> 
     </span>
     <span class='ocr_line' id='line_1_92' title="bbox 968 2547 1175 2579; baseline -0.005 0"><span class='ocrx_word' id='word_1_512' title='bbox 968 2547 1175 2579; x_wconf 85' lang='lat' dir='ltr'>mentionem.</span> 
     </span>
    </p>
   </div>
   <div class='ocr_carea' id='block_1_15' title="bbox 1013 2594 1713 2642">
    <p class='ocr_par' dir='ltr' id='par_1_15' title="bbox 1013 2594 1713 2642">
     <span class='ocr_line' id='line_1_93' title="bbox 1013 2594 1713 2642; baseline 0.004 -16"><span class='ocrx_word' id='word_1_513' title='bbox 1013 2596 1027 2635; x_wconf 67' lang='grc' dir='ltr'>ξ</span> <span class='ocrx_word' id='word_1_514' title='bbox 1051 2595 1104 2627; x_wconf 70' lang='grc'>47.</span> <span class='ocrx_word' id='word_1_515' title='bbox 1131 2594 1211 2633; x_wconf 83' lang='lat' dir='ltr'>Quia</span> <span class='ocrx_word' id='word_1_516' title='bbox 1229 2605 1304 2630; x_wconf 83' lang='lat' dir='ltr'>vero</span> <span class='ocrx_word' id='word_1_517' title='bbox 1324 2594 1453 2630; x_wconf 86' lang='lat' dir='ltr'>difficile</span> <span class='ocrx_word' id='word_1_518' title='bbox 1466 2595 1713 2642; x_wconf 81' lang='lat' dir='ltr'>foretpraesen-</span> 
     </span>
    </p>
   </div>
   <div class='ocr_carea' id='block_1_16' title="bbox 1586 201 1898 246">
    <p class='ocr_par' dir='ltr' id='par_1_16' title="bbox 1586 201 1898 246">
     <span class='ocr_line' id='line_1_94' title="bbox 1586 201 1898 246; baseline -0.003 -6"><span class='ocrx_word' id='word_1_519' title='bbox 1586 201 1656 240; x_wconf 81' lang='grc'>’559</span> <span class='ocrx_word' id='word_1_520' title='bbox 1709 206 1774 241; x_wconf 64' lang='lat' dir='ltr'>An:</span> <span class='ocrx_word' id='word_1_521' title='bbox 1783 209 1814 240; x_wconf 89' lang='lat' dir='ltr'>c.</span> <span class='ocrx_word' id='word_1_522' title='bbox 1829 208 1898 246; x_wconf 71' lang='lat'>¹5⁷3</span> 
     </span>
    </p>
   </div>
  </div>
 </body>
</html>
