2059 3228
34 272 107 289 unmm
117 267 163 288 rod—

35 302 54 319 ι
65 296 98 320 ot·
109 297 164 319 ιιιί-

39 206 167 236 ,0.1585

836 205 941 229 81ΧΤΠ8
960 205 977 227 Y
997 204 1044 228 FP.

180 258 331 301 praedicti
352 266 450 290 onera
471 257 530 291 sibi
553 256 771 291 incumbentia
787 268 922 301 suppor-

177 314 255 351 tare,
276 316 307 343 et
326 310 413 343 iuxta
443 311 585 354 ipsorum
615 311 799 355 qualitatem
825 316 855 343 et
873 310 921 342 di-

174 363 328 407 gnitatem
348 363 516 397 decentius
536 375 568 398 se
588 369 767 397 sustentare
786 365 920 403 valeant,

158 412 160 414 ’
175 416 502 461 providerevolentes,
513 418 673 451 redditum
682 428 825 451 annuum
834 416 920 450 mille

173 475 411 512 nongentorum
423 476 454 503 et
471 471 654 513 octuaginta
677 476 842 504 scutorum
857 481 921 503 mo-

174 527 265 557 netae
284 533 321 556 ex
346 523 519 565 fructibus,
542 524 719 558 redditibus
743 530 773 556 et
783 534 920 568 proven-

174 575 258 609 tibus
277 575 423 610 dohanae
448 583 480 610 et
503 578 722 611 thesaurariae
743 576 843 610 nostri
864 588 918 620 pa-

175 627 316 662 trimonii
338 640 396 673 per
413 641 471 674 pro
492 637 638 674 tempore
658 631 845 664 existentem
865 629 917 662 do-

174 680 344 715 hanerium
374 689 405 716 et
437 683 673 717 thesaurarium
699 683 841 716 eiusdem
866 694 919 726 pa-

173 734 328 776 trimonii,
340 735 475 779 singulis
491 737 654 769 mensibus
668 747 726 781 pro
744 742 823 777 rata,
838 747 919 768 mas-

172 797 225 821 sae
243 789 410 822 communi
429 790 505 823 dicti
517 790 644 833 collegii
656 790 916 834 persolvendum:

172 841 215 874 ita
235 841 322 884 quod
338 843 434 876 liceat
457 844 561 877 eidem
586 844 722 887 collegio
747 850 777 877 et
801 844 915 877 duode-

172 893 275 927 decim
300 895 389 929 illius
409 897 542 930 notariis
569 898 722 941 posthac,
753 908 817 930 una
844 908 916 930 cuni

171 947 240 981 aliis
259 948 360 993 ipsius
387 950 514 994 collegii
542 951 729 992 redditibus,
756 951 916 995 proventi-

171 1001 244 1042 bus,
282 1002 408 1036 iuribus
421 1030 429 1044 ,
472 1004 718 1037 obventionibus
764 1010 795 1037 et
832 1015 919 1038 emo-

171 1054 323 1089 lumentis
360 1056 420 1089 sibi
463 1057 632 1102 hucusque
662 1057 827 1101 assignatis
862 1069 915 1091 seu

170 1106 204 1140 in
225 1107 369 1142 futurum
390 1110 602 1154 assignandis,
625 1117 680 1144 aut
698 1110 918 1155 quovismodo

169 1161 409 1204 proveniendis,
432 1163 523 1196 illum
543 1164 725 1208 percipere,
746 1164 870 1207 exigere
888 1170 918 1198 et

169 1213 287 1256 levare,
307 1226 344 1248 ac
373 1216 458 1249 inter
487 1227 541 1250 eos
575 1218 686 1261 aequis
715 1218 918 1261 portionibus

170 1265 364 1301 distribuere
384 1274 415 1302 et
439 1269 592 1311 dividere,
615 1275 705 1304 motu
726 1276 756 1303 et
780 1271 919 1304 auctori-

169 1325 233 1355 tate
243 1321 405 1356 similibus
416 1330 574 1367 perpetuo
586 1324 799 1368 applicamus,
812 1325 919 1358 illum-

170 1383 233 1417 que
253 1385 328 1408 cum
352 1377 503 1410 omnibus
513 1377 585 1411 aliis
602 1378 778 1411 redditibus
790 1384 821 1411 et
833 1389 918 1411 emo-

169 1427 322 1463 lumentis
346 1430 585 1464 confundimus.
612 1431 647 1464 In
674 1442 917 1476 recompensam

168 1491 244 1515 vero
263 1481 339 1515 dicti
358 1483 458 1516 annui
478 1484 789 1523 1·edditus‚dohanae
800 1490 831 1517 et
848 1485 917 1518 the-

169 1534 332 1569 saurariae
351 1537 522 1579 praedictis
550 1537 693 1570 affictum
725 1548 780 1570 seu
813 1537 919 1570 reddi-

171 1591 238 1621 tum
259 1597 403 1622 annuum
415 1596 519 1623 terrae
531 1595 657 1624 nostrae
672 1591 801 1631 Bladae,
815 1591 918 1624 Viter-

170 1639 290 1675 biensis
308 1641 475 1683 dioecesis,
497 1644 551 1687 qui
572 1650 617 1677 est
641 1649 805 1677 scutorum
831 1644 918 1678 mille

172 1699 302 1728 eentum
323 1701 354 1728 et
378 1697 575 1740 octuaginta,
598 1703 629 1731 et
653 1698 715 1730 alia
736 1697 919 1741 octingenta

172 1752 263 1781 scuta
281 1748 399 1782 similia
419 1761 455 1783 ex
475 1750 604 1784 residuo
624 1751 768 1793 gabellae
785 1751 919 1784 civitatis

171 1806 298 1834 nostrae
318 1801 521 1846 Spoletanae‚
539 1803 656 1836 dictam
677 1814 836 1836 summam
849 1815 919 1837 seu-

172 1859 279 1888 torum
299 1856 386 1889 mille
419 1862 655 1900 nongentorum
681 1863 711 1890 et
736 1857 919 1900 octuaginta

173 1908 409 1949 constituentia,
430 1909 526 1942 etiam
546 1921 605 1953 pro
620 1910 731 1943 maiori
755 1910 853 1953 ipsius
864 1911 918 1943 do-

172 1960 298 1995 ltanerii
319 1967 351 1995 et
374 1963 564 1996 thesaurarii
595 1964 731 2002 cautela,
760 1969 918 2007 perpetuo

175 2014 382 2048 concedimus
407 2022 438 2049 et
466 2017 675 2060 assignamus.
708 2017 939 2050 Decet-nentes·

176 2067 339 2110 praedicta
362 2069 470 2102 omnia
495 2075 525 2103 et
549 2069 675 2112 singula
699 2069 738 2101 ab
756 2069 918 2110 omnibus,

176 2120 214 2153 ad
233 2131 314 2164 quos
333 2127 465 2166 spectat,
487 2133 619 2166 prorsus
638 2122 799 2156 observari
822 2129 852 2155 et
868 2124 921 2156 ad-

176 2172 303 2217 impleri
323 2175 453 2216 debere;
475 2183 506 2209 et
525 2177 842 2220 praesenteslitteras
857 2176 918 2208 vim

177 2227 271 2260 validi
290 2233 322 2262 et
340 2228 479 2263 efficacis
499 2235 684 2263 contractus
704 2229 788 2262 inter
807 2229 919 2262 Sedem

177 2285 209 2313 et
232 2280 397 2314 Cameram
418 2283 631 2327 Apostolicam
652 2293 689 2315 ae
709 2282 920 2326 nosmetipsos

178 2338 209 2367 et
230 2344 430 2369 successores
461 2342 585 2368 nostros
605 2336 763 2368 Romanos
788 2335 919 2368 Pontifi-

178 2392 230 2416 ces
249 2394 286 2417 ex
305 2395 379 2424 una,
397 2390 428 2417 et.
447 2385 617 2427 collegium
637 2396 673 2417 ac
685 2385 920 2424 singulosduo-

146 2459 151 2464 .
178 2429 280 2465 decim
293 2432 434 2465 notarios
445 2432 629 2465 huiusmodi
644 2433 837 2475 illorumque
852 2444 921 2466 suc—

178 2489 318 2514 cessores
337 2482 384 2514 vel
411 2491 538 2514 causam
559 2481 599 2514 ab
619 2482 663 2514 eis
687 2482 854 2522 habentes,
884 2493 921 2515 ex

180 2528 277 2562 altera
297 2530 453 2574 partibus,
468 2530 654 2563 solemniter
673 2536 701 2563 et
714 2530 852 2573 legitime
867 2530 920 2563 sti-

180 2577 291 2620 pulati,
313 2584 469 2623 perpetuo
485 2579 628 2613 obtinere
642 2590 650 2620 ;
669 2579 851 2622 dictamque
867 2579 922 2613 Ca·

1601 192 1664 228 623

963 265 1083 288 meram
1104 256 1141 288 ad
1162 256 1288 289 eosdem
1306 257 1448 290 notarios
1467 266 1578 290 omnes
1597 261 1628 290 et
1646 258 1708 291 sin-

961 309 1053 351 gulos
1078 309 1108 341 in
1130 309 1254 342 iuribus
1274 310 1444 353 praedictis
1465 311 1612 352 tuendos,
1626 315 1656 345 et
1668 311 1706 344 ab

961 362 1048 394 omni
1071 361 1288 403 incommodo,
1312 364 1462 405 laesione,
1486 364 1552 405 lite,
1566 376 1662 398 causa
1677 371 1708 399 et

961 415 1174 447 controversia
1195 415 1365 457 immunes,
1386 417 1551 451 indemnes
1562 423 1592 451 et
1603 428 1708 451 exem-

961 472 1031 510 ptos
1064 469 1297 502 conservandos
1336 470 1435 503 teneri
1470 476 1500 504 et
1534 471 1706 515 obligatam

960 531 1041 554 esse.

1003 574 1018 617 ξ
1042 574 1073 607 5.
1105 574 1143 607 Εῑ
1166 575 1211 608 sic
1237 587 1293 619 per
1317 587 1539 622 quoscumque
1567 579 1701 618 iudices,

959 627 1054 660 etiam
1080 638 1249 661 causarum
1271 630 1380 663 Palatii
1395 632 1568 674 Apostolici
1580 633 1704 667 audito-

959 690 1010 713 res
1033 685 1064 713 et
1083 680 1114 714 S.
1141 681 1177 714 R.
1205 682 1240 714 E.
1263 683 1453 724 cardinales,
1479 685 1603 719 sublata
1614 687 1658 719 eis
1673 693 1704 721 et

958 743 1070 766 eorum
1092 735 1226 768 cuilibet
1246 736 1357 779 quavis
1377 736 1469 770 aliter
1489 738 1650 772 iudicandi
1672 746 1703 773 et

958 785 1189 830 interpretandi
1212 789 1361 823 facultate
1381 795 1411 823 et
1430 792 1630 833 auctoritate,
1655 794 1703 826 iu-

957 839 1057 872 dicari
1075 845 1106 873 et
1125 841 1253 874 definiri
1273 842 1403 876 debere.
1427 844 1554 877 Irritum
1576 857 1702 890 quoque

957 898 988 926 et
999 893 1131 935 inane‚si
1144 906 1236 928 secus
1246 907 1344 940 super
1351 897 1424 930 liisa
1435 909 1608 942 quoquam,
1623 911 1701 943 qua-

957 947 1002 980 vis
1009 949 1212 989 auctoritate,
1222 950 1414 984 scientervel
1426 951 1621 995 ignoranter,
1630 964 1702 987 con-

957 1000 1063 1044 tigerit
1079 1002 1239 1035 attentari.

1000 1054 1014 1097 g
1040 1054 1070 1087 6.
1097 1055 1134 1087 Et
1154 1066 1212 1099 pro
1233 1057 1408 1100 praedictis
1427 1059 1578 1093 omnibus
1598 1065 1629 1094 et
1639 1061 1702 1094 sin-

955 1108 1038 1149 gulis
1058 1108 1193 1141 firmiter
1212 1110 1417 1144 observandis
1436 1117 1466 1145 et
1480 1112 1701 1158 adimplendis,

957 1171 992 1193 ac
1008 1171 1067 1205 pro
1084 1162 1201 1205 potiori
1223 1164 1349 1196 cautela
1360 1165 1485 1208 collegii
1505 1176 1547 1199 ΧΠ
1560 1168 1700 1201 notario-

958 1225 1028 1246 rum
1058 1215 1318 1258 praedietorum,
1348 1222 1412 1250 tam
1445 1229 1504 1262 pro
1544 1221 1699 1262 pecuniis,

957 1279 1035 1311 quas
1052 1279 1111 1312 pro
1135 1268 1287 1303 Gamerae
1307 1275 1339 1303 et
1353 1270 1444 1304 Sedis
1463 1273 1700 1316 praedictarum

958 1322 1200 1355 occurrentibus
1229 1323 1473 1358 necessitatibus
1509 1325 1571 1358 iam
1600 1328 1701 1361 solve-

958 1380 1031 1407 runt
1054 1380 1085 1408 et
1111 1375 1145 1408 in
1172 1381 1336 1419 posterum
1356 1378 1489 1419 solvent,
1520 1390 1616 1422 quam
1642 1392 1701 1425 pro

956 1428 1125 1469 fructibus,
1147 1430 1326 1464 redditibus
1351 1437 1381 1465 et
1410 1432 1618 1475 proventibus
1642 1435 1701 1470 sibi

956 1482 1132 1525 assignatis,
1145 1494 1226 1527 quae
1238 1494 1414 1528 numquam
1435 1486 1467 1518 in
1484 1492 1600 1520 sortem
1613 1488 1702 1532 prin-

957 1536 1092 1579 cipalem
1118 1538 1297 1581 computari
1317 1539 1477 1580 volumus,
1505 1551 1541 1573 ac
1565 1541 1701 1583 damnis,

956 1590 1140 1633 expensiset
1150 1591 1301 1624 interesse
1312 1592 1424 1635 passis,
1434 1593 1536 1633 sactis,
1546 1594 1702 1638 patiendis

956 1648 984 1675 et
994 1642 1162 1684 faciendis,
1184 1644 1292 1677 omnia
1300 1651 1332 1678 et
1344 1646 1469 1688 singula
1481 1647 1585 1680 dictae
1596 1647 1704 1681 Came-

956 1707 1010 1729 rae
1026 1696 1111 1730 bona
1130 1697 1263 1731 mobilia
1274 1698 1596 1741 etimmobilia,iura,
1608 1701 1704 1734 actio-

956 1760 1012 1783 nes
1031 1755 1062 1783 et
1081 1751 1312 1791 emolumenta,
1334 1763 1370 1784 ac
1395 1753 1548 1794 redditus,
1570 1764 1704 1797 proven-

957 1808 1017 1843 tus,
1039 1804 1220 1847 praesentia
1232 1810 1264 1837 et
1280 1805 1399 1839 sutura:
1426 1806 1468 1839 ita
1488 1807 1574 1850 quod
1594 1807 1701 1847 liceat,

957 1857 1088 1900 propria
1116 1857 1218 1901 ipsius
1242 1858 1371 1901 collegii
1391 1859 1594 1900 auctoritate,
1615 1861 1704 1894 null)

957 1910 1019 1942 alio
1039 1920 1057 1942 a
1086 1910 1180 1943 nobis
1210 1921 1266 1944 seu
1291 1921 1350 1954 pro
1374 1916 1521 1956 tempore
1550 1912 1704 1947 existente

958 1962 1100 1995 Romano
1120 1963 1274 1996 Pontifice
1283 1964 1422 2006 desuper
1437 1970 1603 2008 expectato
1613 1976 1705 1999 man-

958 2015 1041 2055 dato,
1061 2015 1191 2049 licentia
1215 2028 1269 2049 seu
1294 2017 1437 2059 decreto,
1460 2017 1619 2051 dictorum
1650 2019 1706 2053 bo-

959 2078 1087 2109 norum,
1110 2070 1296 2103 reddituum
1314 2081 1370 2103 seu
1396 2076 1623 2114 proventuum,
1645 2083 1704 2116 pro

970 2121 1052 2155 lictis
1072 2123 1374 2165 pecuniis,damnis,
1395 2124 1542 2167 expensis
1561 2130 1592 2158 et
1609 2125 1707 2159 inter-

978 2186 1036 2215 με,
1053 2177 1284 2219 possessionem
1301 2188 1416 2221 capere
1428 2184 1458 2211 et
1473 2178 1623 2219 retinere,
1636 2190 1705 2213 mo-

974 2240 989 2260 Ιι
1013 2234 1043 2262 et
1066 2229 1256 2263 auctoritate
1285 2229 1446 2264 similibus
1476 2231 1656 2275 obligamus
1675 2238 1707 2266 et

984 2283 1223 2322 vpotl‘iecamus.

1003 2336 1016 2377 ξ
1042 2335 1070 2368 7.
1100 2335 1256 2374 Quocirca
1275 2336 1449 2369 venerabili
1475 2337 1565 2370 fratri
1595 2344 1705 2373 nostro

969 2384 1149 2423 lli-xandrm
1177 2384 1327 2427 episcopo
1363 2384 1518 2427 Ostiensi,
1551 2386 1703 2421 cardinali

972 2433 1110 2466 ‹un-nesio
1139 2440 1348 2476 nuncupato,
1380 2434 1522 2468 eiusdem
1554 2435 1584 2469 S.
1608 2436 1644 2469 P..
1668 2437 1702 2471 E.

965 2482 1482 2526 .-ieecaneella1·io‚perapostoliea
1493 2485 1706 2528 scriptaman-

961 2531 1073 2562 damus
1103 2536 1262 2573 quatenus
1291 2531 1371 2575 ipse,
1404 2543 1462 2576 per
1485 2544 1518 2566 se
1537 2534 1584 2566 vel
1605 2535 1704 2568 alium

961 2589 1016 2612 seu
1033 2579 1123 2620 alios,
1150 2579 1243 2612 saciat
1261 2581 1403 2625 quinque
1423 2582 1564 2616 notarios
1579 2584 1705 2627 praedi-

1722 200 1773 228 An.
1792 199 1819 226 Γ..
1837 200 1904 227 1585

1745 590 1842 613 clausuln
1855 591 1902 613 eub-

1718 621 1769 642 lata.

1759 1073 1895 1094 amoni-ann

1717 1103 1785 1125 dictae
1801 1108 1896 1129 assigna-

1719 1136 1791 1157 tionis.

1731 2345 1857 2369 hecatem
1865 2348 1903 2369 liu-

1719 2377 1750 2397 ius
1760 2378 1827 2398 bullae
1837 2381 1901 2405 ‹tepu-

1719 2409 1768 2429 ιιιίο
1789 2412 1809 2430 et
1833 2409 1900 2431 lacul-

1718 2442 1781 2461 tater-
