2059 3228
770 261 945 285 capcanus

187 315 218 348 in
237 314 296 348 illis
316 324 444 357 eemper
454 315 624 351 rmidnant,
645 326 692 351 ar,
705 321 736 348 ut
753 316 928 352 (touchant,

187 368 298 402 missas
326 376 356 400 et
381 369 485 401 divina
511 370 613 401 otliria
640 371 825 408 (telvluriit3
859 369 932 412 ipsi-

185 433 247 466 que
267 423 462 466 superiores,
486 434 543 465 pro
565 424 686 455 bonore
707 423 772 461 itui,
788 423 931 455 ecelesiis

186 475 357 519 praedictis
377 476 565 515 liberaliter,
588 477 837 519 quidquitlopus
857 477 928 515 crit,

185 529 382 572 provideant,
406 530 594 573 cultumque
615 530 646 562 in
673 530 717 561 eis
749 530 928 567 exhibeant,

187 586 337 615 utearum
353 583 476 615 reditus
494 584 634 626 primum
654 583 715 616 illis
733 583 809 625 ipsis
827 584 930 615 ecele-

186 634 241 668 siis
263 636 413 670 serviant.
442 637 625 669 llivinorum
647 637 826 669 officiorum
851 642 930 669 torn-

186 699 264 733 pore
288 691 397 723 nullus
421 691 572 723 alumnus
587 691 930 734 absit,sarer‹lotesque

187 742 244 776 viri
267 743 311 786 pii
332 748 363 776 et
390 754 501 787 graves
521 745 621 776 choro
642 745 793 787 praesint,
828 755 932 777 sacra-

185 807 324 840 rumque
345 797 620 831 caeremoniarum
631 797 770 840 magistri
782 798 842 830 sint
853 798 931 831 divi-

186 849 219 883 ni
239 849 334 883 officii
363 850 592 884 moderatores.
621 850 651 884 Si
673 851 744 894 quis
765 857 872 885 autem
895 864 930 885 ex

185 903 326 936 alumnis
345 903 512 947 indignum
534 904 611 948 quid
636 904 791 938 orationis
820 906 928 943 domo,

185 961 240 990 aut
259 957 465 991 inhonestum
486 957 570 990 dicto
594 958 642 991 vel
664 959 759 995 t'aeto,
786 964 866 992 nutu
882 959 929 991 vol

183 1015 316 1054 aspectu
336 1011 443 1044 minus
465 1011 600 1043 honesto
620 1011 828 1049 commiserit,
852 1023 930 1045 con—

183 1062 287 1096 festim
305 1074 322 1096 e
335 1063 472 1107 collegio
483 1064 676 1103 dimittatur;
693 1064 717 1096 si
740 1065 812 1107 quis
835 1064 929 1097 etiam

183 1127 289 1151 sacras
298 1118 518 1151 caeremonias
527 1118 650 1151 discere
658 1119 706 1150 vel
716 1129 827 1151 exorre
833 1129 865 1151 re
877 1129 930 1151 ne-

182 1170 329 1214 glexerit,
338 1171 438 1204 autab
447 1171 673 1204 ecclesiasticis
684 1177 713 1204 et
728 1172 931 1205 clericalibus

183 1224 298 1258 officiis
316 1224 440 1258 alienus
450 1225 616 1265 fuerit,vel
637 1225 793 1268 templum
816 1226 931 1257 etcho-

183 1288 256 1311 rum
277 1278 404 1321 fugitet,
425 1278 487 1311 nisi
514 1277 656 1311 monitus
688 1278 872 1322 resipuerit,
899 1278 931 1310 in

184 1330 321 1373 collegio
345 1341 410 1364 non
434 1331 615 1364 tolleretur.

227 1384 242 1428 ἓ
261 1384 314 1418 ⁶22.
337 1384 422 1423 Quae
446 1385 567 1425 omnia,
594 1383 668 1427 quia
682 1395 697 1417 a
713 1385 847 1418 rectoris
866 1384 934 1429 pie-

183 1442 248 1471 tate
265 1438 418 1482 pendent⁷
440 1439 641 1482 praepositus
660 1439 934 1481 generalisrecto-

184 1502 253 1525 rem
274 1492 306 1525 in
326 1492 388 1525 hoc
399 1493 536 1536 collegio
557 1492 730 1526 constituat.
750 1492 854 1524 virum
875 1492 933 1525 ali-

184 1555 282 1588 quem
307 1550 444 1585 rectum,
467 1545 624 1585 sobrium,
648 1545 852 1588 prudentem,
867 1546 935 1589 pie-

185 1597 258 1631 tatis
283 1603 313 1632 et
331 1598 457 1631 timoris
480 1598 535 1632 Dei
561 1598 830 1631 studiosissimum
845 1626 852 1639 ,
880 1599 933 1641 qui

187 1661 298 1685 omnes
333 1652 479 1685 nationes
517 1652 586 1696 pari
626 1652 791 1685 charitatis
829 1652 935 1685 studio

188 1705 435 1749 complectatur,
457 1711 487 1738 et
509 1705 720 1738 christianum
756 1706 839 1738 inter
865 1706 935 1738 alu-

188 1768 281 1792 mnos
291 1769 435 1792 amorem
448 1764 629 1797 conservet,
650 1760 731 1792 vitae
749 1769 938 1792 suaeexem-

189 1812 251 1856 plis
270 1823 381 1846 omnes
405 1813 443 1846 ad
469 1813 516 1845 sui
538 1813 746 1846 imitationem
762 1818 789 1846 ct
812 1813 850 1845 ad
868 1824 938 1846 eae-

190 1866 279 1912 lestis
302 1877 376 1899 cum
407 1867 525 1899 sanctis
554 1866 706 1900 consortii
738 1867 936 1900 desiderium

191 1918 379 1959 inflammet,
410 1920 513 1952 bonos
548 1919 579 1951 in
614 1919 738 1952 virtutis
780 1919 938 1952 soliditate

193 1973 373 2012 confirmet,
396 1973 498 2006 malos
514 1983 532 2005 a
551 1973 643 2005 bonis
664 1974 836 2012 discernat,
854 1978 885 2005 et
903 1983 939 2005 ex

193 2025 350 2058 hocloco
387 2025 560 2069 intrepide,
591 2027 679 2058 nulla
704 2026 860 2069 euiusque
891 2038 941 2060 ra-

196 2079 282 2112 tione
300 2079 422 2119 habita,
444 2080 593 2123 expellat.
618 2079 718 2123 Saepe
739 2080 877 2113 alumnis
890 2091 942 2113 eo-

195 2142 268 2164 rum
287 2132 486 2165 vocationem
514 2138 662 2176 exponat.
686 2133 718 2164 ln
740 2133 900 2166 Adventus
911 2139 939 2167 et

196 2185 463 2227 Quadragesimae
474 2192 585 2219 octavo
596 2197 725 2230 quoque
734 2187 785 2219 die
804 2188 943 2220 alumnis

199 2239 332 2271 verbum
351 2239 405 2272 Dei
424 2250 482 2283 pro
508 2246 591 2272 statu
614 2239 770 2283 cuiusque
795 2241 939 2284 explicet.

198 2291 277 2325 Aliis
295 2303 370 2325 vero
391 2293 590 2336 temporibus
614 2293 663 2325 bis
680 2293 822 2335 quolibet
837 2304 943 2326 mense

199 2345 354 2378 salutaria
388 2345 582 2378 documenta
615 2346 743 2389 publice
775 2352 945 2389 proponat,

201 2408 377 2442 omnesque
409 2399 448 2430 ad
482 2399 630 2431 timorem
666 2399 720 2431 Dei
746 2405 773 2430 et
803 2410 944 2432 amorem

201 2447 317 2479 excitet
337 2452 434 2489 atque
454 2447 627 2479 inflammet
644 2458 650 2486 3
673 2447 819 2480 sitetiam
841 2454 948 2480 rector

203 2495 300 2528 divini
326 2496 442 2535 cultus,
469 2496 677 2528 ccii-lesiastici
703 2496 812 2535 officii,
842 2507 947 2529 sacra-

204 2555 276 2577 rum
308 2544 585 2577 caeremoniarum
630 2545 774 2586 ritusque
814 2544 969 2577 Romani'

204 2593 294 2625 valde
313 2593 486 2631 studiosus,
510 2593 625 2625 domus
650 2593 739 2625 Domi
758 2593 774 2624 ii
799 2593 947 2626 (levorem
967 2553 970 2625 i

206 2647 301 2683 amet,
323 2652 428 2686 neque
453 2648 559 2675 tamen
589 2652 664 2675 suae
689 2642 862 2686 Religionis
886 2653 949 2676 non

36 1435 98 1458 cml·
110 1440 171 1464 prae-

40 1466 120 1494 collegit
128 1473 171 1488 mu-

970 261 1023 284 xm
1050 263 1094 285 rr.
1609 251 1672 284 4513

974 314 1166 346 ut=‹-‹}ssarias
1179 316 1231 347 hir.
1246 318 1324 347 retia
1340 322 1377 349 *ot
1400 317 1647 350 eowwzidinos
1662 323 1718 350 aut

974 366 1003 398 in
1029 367 1200 407 collegium
1237 370 1388 403 inune-vro
1421 376 1557 411 ,induam
1579 371 1632 403 sed
1659 381 1717 414 pro

973 419 1025 463 pia
1046 426 1087 452 tot
1116 421 1320 454 alumnorum
1348 424 1546 456 institutione
1576 424 1715 457 saecula-

973 473 1056 505 rium
1083 474 1276 507 clericorum
1300 476 1395 508 ritum
1422 477 1575 517 imitetur,
1600 482 1635 510 ut
1649 478 1718 510 alu-

973 527 1036 559 mni
1061 539 1122 560 non
1151 530 1254 561 solum
1283 541 1354 561 cum
1367 536 1549 563 monentem
1571 531 1714 571 audiant,

972 581 1025 613 sed
1043 592 1216 625 caquoquc
1229 582 1396 615 facientem
1410 584 1536 616 videant
1548 594 1629 628 quae
1642 584 1718 628 ipsis

973 634 1118 667 facienda
1140 641 1377 679 proponuntur.

1016 689 1030 731 ,ξ
1055 687 1108 720 ⁶23
1131 688 1314 732 Spiritualis
1340 688 1517 722 iurisdictio
1543 696 1569 722 s=t
1597 692 1718 725 anima-

973 753 1043 774 rum
1066 753 1155 781 cura,
1175 754 1271 785 quam
1293 743 1447 775 eeclesiae
1473 745 1590 777 liabent
1619 747 1717 780 eolle-

972 795 1025 838 gio
1045 796 1166 836 unitae,
1186 801 1284 828 totam
1305 797 1344 828 ad
1367 796 1493 839 collegii
1523 797 1623 840 ipsius
1648 810 1720 842 pro-

972 855 1109 883 tectores
1130 851 1293 894 pertinere
1314 850 1481 889 volumus3
1509 862 1591 894 quae
1612 858 1718 886 autem

972 908 1034 936 tam
1056 904 1088 936 in
1116 903 1339 947 spiritualibus
1366 904 1462 936 rebus
1491 915 1588 947 quam
1616 907 1720 940 ecele-

973 956 1402 996 siiscurandissieridebent,
1421 958 1611 992 marmoreis
1629 959 1721 993 tabu-

972 1010 1011 1042 lis
1031 1010 1129 1042 inrisa
1150 1010 1181 1042 in
1203 1011 1303 1043 choro
1325 1010 1424 1043 affixis
1443 1011 1634 1045 habeantur.

1017 1064 1030 1106 ξ
1051 1063 1103 1096 ⁶24.
1128 1063 1356 1107 Superioribus
1377 1074 1442 1097 non
1462 1064 1557 1097 liceat
1585 1066 1721 1109 supelle-
1806 1070 1916 1093 semna·

973 1116 1079 1149 ctileni
1102 1117 1310 1149 ecclesiarum
1327 1117 1375 1149 vel
1396 1127 1508 1149 earum
1533 1125 1721 1153 ornamenta
1735 1102 1917 1160 33ξῖἶηῖῑῖἶῖἶίιῖ

973 1170 1125 1213 cuiquam
1153 1170 1378 1207 roinmodare2
1409 1180 1446 1202 ex
1471 1170 1617 1215 reliquiis
1647 1183 1721 1206 vero
1734 1163 1916 1221 ζζῖἳῃῖζιωω

973 1234 1013 1256 ne
1039 1224 1209 1256 minimum
1240 1224 1384 1267 quidem,
1404 1225 1450 1257 vel
1480 1224 1558 1268 ipsis
1578 1225 1720 1268 regibus,

974 1277 1056 1310 tradi
1091 1278 1200 1322 possit,
1243 1278 1304 1310 nisi
1343 1289 1379 1311 ex
1406 1278 1587 1323 subscripto
1615 1284 1724 1312 nostra

975 1341 1072 1363 manu
1108 1338 1162 1364 aut
1192 1341 1250 1375 pro
1284 1336 1431 1375 tempore
1462 1331 1561 1365 futuri
1587 1332 1723 1366 Romani

974 1385 1139 1417 pontificis
1157 1385 1318 1417 mandato.
1342 1384 1372 1417 Si
1394 1384 1465 1428 quis
1485 1385 1580 1418 aliter
1599 1385 1722 1427 fecerit,

975 1438 1165 1470 sententiam
1204 1438 1548 1471 excommunicationis
1581 1438 1725 1473 incurrat

976 1501 1014 1523 eo
1036 1491 1116 1534 ipso.

1020 1545 1034 1587 ξ
1055 1544 1107 1576 25.
1132 1544 1167 1577 Et
1187 1544 1263 1587 quia
1283 1544 1465 1588 spiritualia
1481 1545 1549 1578 sine
1564 1550 1725 1589 tempora-

977 1597 1055 1629 lium
1077 1597 1274 1630 adminiculo
1295 1598 1471 1632 consistere
1495 1598 1628 1632 minime
1652 1609 1726 1643 pos-

978 1656 1063 1690 sunt7
1087 1651 1158 1683 ideo
1180 1661 1292 1683 eorum
1315 1662 1395 1684 cura
1416 1663 1484 1685 esse
1504 1663 1569 1685 non
1591 1653 1725 1686 debetin

978 1704 1159 1748 postremis.
1182 1705 1285 1743 Quare
1307 1705 1374 1749 ipse
1395 1711 1501 1738 rector
1519 1706 1603 1738 viros
1617 1706 1728 1739 fideles

978 1763 1075 1800 atque
1096 1757 1240 1797 idoneos,
1263 1763 1343 1800 quot
1363 1758 1401 1791 ad
1422 1759 1482 1791 lior
1504 1766 1598 1793 erunt
1619 1770 1727 1793 neces-

979 1812 1066 1852 sarii,
1098 1813 1216 1845 habere
1248 1818 1350 1853 curet,
1373 1813 1490 1856 quibus
1510 1814 1606 1847 etiam
1633 1825 1726 1858 prae-

980 1867 1084 1899 standi
1106 1866 1146 1898 ab
1166 1866 1210 1899 eis
1221 1866 1318 1899 officii
1349 1867 1435 1909 leges
1456 1874 1484 1900 et
1503 1868 1589 1910 quod
1610 1867 1642 1900 in
1662 1867 1729 1911 pie-

980 1925 1043 1953 tate
1063 1924 1093 1952 et
1114 1919 1259 1952 moribus
1279 1920 1447 1952 observare
1472 1921 1611 1953 debeant
1634 1931 1728 1964 prae-

981 1973 1111 2012 scribat,
1145 1983 1286 2016 quorum
1308 1973 1430 2017 primus
1461 1973 1501 2006 sit
1533 1984 1729 2007 oeconomus

981 2025 1152 2068 generalis,
1195 2036 1292 2068 quern
1325 2026 1350 2059 si
1382 2026 1729 2069 supe1·i01·es4eligere

982 2085 1143 2118 recusent,
1162 2079 1226 2111 duo
1246 2080 1293 2112 vel
1315 2085 1378 2112 tres
1387 2079 1541 2122 probatae
1558 2080 1639 2114 vitae
1655 2081 1726 2122 viri,

983 2133 1206 2176 superioribus
1219 2133 1295 2176 ipsis
1309 2138 1336 2165 et
1348 2133 1584 2177 protectoribus
1599 2135 1729 2177 cogniti,

984 2191 1221 2230 proponantur,
1240 2198 1274 2219 ex
1288 2186 1404 2229 quibus
1416 2191 1625 2230 proteum-es,
1635 2199 1729 2232 quem

985 2239 1131 2272 omnium
1152 2239 1351 2283 aptissimum
1364 2239 1584 2279 iudicaverint,
1598 2241 1729 2285 eligant,

986 2299 1017 2327 et
1041 2294 1259 2327 oeconomum
1276 2295 1431 2337 deputent
1457 2295 1650 2336 generalem,
1676 2296 1730 2340 qui

987 2347 1272 2380 administrationis
1292 2358 1367 2379 suae
1386 2347 1540 2380 rationem
1568 2349 1680 2382 reddat
1703 2355 1734 2383 et

988 2399 1209 2444 superioribus
1234 2399 1310 2442 ipsis
1330 2411 1366 2432 ac
1377 2400 1627 2443 protectoribus,
1655 2413 1734 2447 quo-

988 2449 1046 2481 ties
1066 2449 1123 2493 ipsi
1146 2449 1306 2492 petierint,
1327 2448 1502 2481 OEconomo
1522 2451 1663 2492 generali
1676 2452 1733 2485 ad-

990 2499 1164 2540 iungantur
1182 2509 1199 2529 a
1219 2497 1444 2539 superioribus
1473 2498 1526 2530 alii
1558 2499 1734 2541 particula-

990 2557 1040 2580 res
1060 2546 1241 2585 oeeonmui,
1273 2546 1448 2590 praecipue
1464 2557 1536 2580 vero
1556 2547 1660 2582 fidelis
1679 2549 1734 2582 ali-

991 2595 1185 2638 quisvir‚qui
1194 2605 1407 2627 oeconomum
1419 2596 1599 2637 generalem
1612 2596 1640 2629 in
1650 2603 1733 2630 tanta

992 2655 1100 2677 rerum
1122 2643 1326 2676 multitudine
1346 2644 1485 2685 adimet,
1499 2645 1737 2690 quiqueipsius

1735 259 1775 287 Αη
1803 257 1912 286 (21581

1768 694 1914 716 t'roteetorum

1732 727 1855 748 auctoru-⁸.

1751 1551 1840 1573 ministri
1851 1557 1862 1571 ι
1877 1555 1918 1578 quo

1738 1583 1861 1609 eligendum
1870 1587 1919 1609 qut-

1738 1614 1769 1634 !es
1784 1618 1833 1634 esse
1855 1611 1920 1633 deb·-

1737 1648 1781 1666 ant.
