<?xml version="1.0" encoding="UTF-8"?>
<!DOCTYPE html PUBLIC "-//W3C//DTD XHTML 1.0 Transitional//EN"
    "http://www.w3.org/TR/xhtml1/DTD/xhtml1-transitional.dtd">
<html xmlns="http://www.w3.org/1999/xhtml" xml:lang="en" lang="en">
 <head>
  <title>
</title>
<meta http-equiv="Content-Type" content="text/html;charset=utf-8" />
  <meta name='ocr-system' content='tesseract 3.04.00' />
  <meta name='ocr-capabilities' content='ocr_page ocr_carea ocr_par ocr_line ocrx_word'/>
</head>
<body>
  <div class='ocr_page' id='page_1' title='image "./bullarumdiplomat08cath_0763.png"; bbox 0 0 2059 3228; ppageno 0'>
   <div class='ocr_carea' id='block_1_1' title="bbox 76 190 87 224">
    <p class='ocr_par' dir='ltr' id='par_1_1' title="bbox 76 190 87 224">
     <span class='ocr_line' id='line_1_1' title="bbox 76 190 87 224; baseline 0 0"><span class='ocrx_word' id='word_1_1' title='bbox 76 190 87 224; x_wconf 82' lang='lat' dir='ltr'>l</span> 
     </span>
    </p>
   </div>
   <div class='ocr_carea' id='block_1_2' title="bbox 0 0 59 3228">
    <p class='ocr_par' dir='ltr' id='par_1_2' title="bbox 0 0 59 3228">
     <span class='ocr_line' id='line_1_2' title="bbox 0 0 59 3228; baseline 0 -2179"><span class='ocrx_word' id='word_1_2' title='bbox 0 0 59 3228; x_wconf 95' lang='lat' dir='ltr'>     </span> 
     </span>
    </p>
   </div>
   <div class='ocr_carea' id='block_1_3' title="bbox 55 956 93 1413">
    <p class='ocr_par' dir='ltr' id='par_1_3' title="bbox 55 956 93 1413">
     <span class='ocr_line' id='line_1_3' title="bbox 55 956 93 1413; textangle 90"><span class='ocrx_word' id='word_1_3' title='bbox 55 1062 88 1413; x_wconf 36' lang='lat' dir='ltr'>effu-meua«,</span> <span class='ocrx_word' id='word_1_4' title='bbox 58 956 93 1046; x_wconf 24' lang='grc' dir='ltr'>’,ῥα-ν-</span> 
     </span>
    </p>
   </div>
   <div class='ocr_carea' id='block_1_4' title="bbox 57 1422 74 1636">
    <p class='ocr_par' dir='ltr' id='par_1_4' title="bbox 57 1422 74 1636">
     <span class='ocr_line' id='line_1_4' title="bbox 57 1422 74 1636; textangle 90"><span class='ocrx_word' id='word_1_5' title='bbox 65 1613 73 1636; x_wconf 37' lang='lat' dir='ltr'>,J</span> <span class='ocrx_word' id='word_1_6' title='bbox 57 1562 70 1590; x_wconf 59' lang='lat' dir='ltr'>t!-</span> <span class='ocrx_word' id='word_1_7' title='bbox 59 1422 74 1546; x_wconf 42' lang='lat' dir='ltr'>1&#39;s·⁸··u⁴</span> 
     </span>
    </p>
   </div>
   <div class='ocr_carea' id='block_1_5' title="bbox 61 229 198 259">
    <p class='ocr_par' dir='ltr' id='par_1_5' title="bbox 61 229 198 259">
     <span class='ocr_line' id='line_1_5' title="bbox 61 229 198 259; baseline 0.007 -2"><span class='ocrx_word' id='word_1_8' title='bbox 61 238 75 257; x_wconf 80' lang='grc'>1.</span> <span class='ocrx_word' id='word_1_9' title='bbox 110 250 117 259; x_wconf 87' lang='grc'><strong>.</strong></span> <span class='ocrx_word' id='word_1_10' title='bbox 131 229 198 258; x_wconf 81' lang='lat'>¹586</span> 
     </span>
    </p>
   </div>
   <div class='ocr_carea' id='block_1_6' title="bbox 869 219 1085 243">
    <p class='ocr_par' dir='ltr' id='par_1_6' title="bbox 869 219 1085 243">
     <span class='ocr_line' id='line_1_6' title="bbox 869 219 1085 243; baseline -0.005 0"><span class='ocrx_word' id='word_1_11' title='bbox 869 219 972 243; x_wconf 75' lang='lat' dir='ltr'>SlXTUS</span> <span class='ocrx_word' id='word_1_12' title='bbox 996 220 1014 242; x_wconf 82' lang='lat' dir='ltr'>V</span> <span class='ocrx_word' id='word_1_13' title='bbox 1040 220 1085 243; x_wconf 71' lang='grc' dir='ltr'>[Ψ.</span> 
     </span>
    </p>
   </div>
   <div class='ocr_carea' id='block_1_7' title="bbox 203 274 956 2138">
    <p class='ocr_par' dir='ltr' id='par_1_7' title="bbox 203 274 956 2138">
     <span class='ocr_line' id='line_1_7' title="bbox 209 274 955 319; baseline -0.005 -10"><span class='ocrx_word' id='word_1_14' title='bbox 209 286 349 319; x_wconf 85' lang='lat' dir='ltr'>cumque</span> <span class='ocrx_word' id='word_1_15' title='bbox 377 275 530 308; x_wconf 71' lang='lat' dir='ltr'>officiales</span> <span class='ocrx_word' id='word_1_16' title='bbox 564 274 774 313; x_wconf 64' lang='lat' dir='ltr'>necessarios,</span> <span class='ocrx_word' id='word_1_17' title='bbox 792 284 855 306; x_wconf 92' lang='lat' dir='ltr'>una</span> <span class='ocrx_word' id='word_1_18' title='bbox 882 283 955 305; x_wconf 86' lang='lat' dir='ltr'>cum</span> 
     </span>
     <span class='ocr_line' id='line_1_8' title="bbox 209 327 956 373; baseline -0.005 -11"><span class='ocrx_word' id='word_1_19' title='bbox 209 327 450 373; x_wconf 72' lang='lat' dir='ltr'>capitularibus,</span> <span class='ocrx_word' id='word_1_20' title='bbox 479 329 629 371; x_wconf 56' lang='lat' dir='ltr'>eligendh</span> <span class='ocrx_word' id='word_1_21' title='bbox 661 340 697 361; x_wconf 71' lang='lat' dir='ltr'>ai:</span> <span class='ocrx_word' id='word_1_22' title='bbox 732 336 956 371; x_wconf 72' lang='lat' dir='ltr'>quaecumque</span> 
     </span>
     <span class='ocr_line' id='line_1_9' title="bbox 209 378 955 424; baseline -0.004 -11"><span class='ocrx_word' id='word_1_23' title='bbox 209 385 326 414; x_wconf 79' lang='lat' dir='ltr'>statuta</span> <span class='ocrx_word' id='word_1_24' title='bbox 341 387 371 413; x_wconf 87' lang='lat' dir='ltr'>ct</span> <span class='ocrx_word' id='word_1_25' title='bbox 382 381 602 414; x_wconf 65' lang='lat' dir='ltr'>ordinationes</span> <span class='ocrx_word' id='word_1_26' title='bbox 624 392 680 424; x_wconf 91' lang='lat' dir='ltr'>pro</span> <span class='ocrx_word' id='word_1_27' title='bbox 693 381 776 413; x_wconf 83' lang='lat' dir='ltr'>boue</span> <span class='ocrx_word' id='word_1_28' title='bbox 790 378 955 420; x_wconf 53' lang='lat' dir='ltr'>[tegimine</span> 
     </span>
     <span class='ocr_line' id='line_1_10' title="bbox 208 433 954 478; baseline -0.001 -12"><span class='ocrx_word' id='word_1_29' title='bbox 208 434 308 477; x_wconf 86' lang='lat' dir='ltr'>ipsius</span> <span class='ocrx_word' id='word_1_30' title='bbox 329 435 511 478; x_wconf 81' lang='lat' dir='ltr'>provinciae</span> <span class='ocrx_word' id='word_1_31' title='bbox 544 440 574 467; x_wconf 83' lang='lat' dir='ltr'>et</span> <span class='ocrx_word' id='word_1_32' title='bbox 599 435 652 467; x_wconf 81' lang='lat' dir='ltr'>Dei</span> <span class='ocrx_word' id='word_1_33' title='bbox 682 434 808 467; x_wconf 86' lang='lat' dir='ltr'>servitio</span> <span class='ocrx_word' id='word_1_34' title='bbox 838 433 870 465; x_wconf 95' lang='lat' dir='ltr'>in</span> <span class='ocrx_word' id='word_1_35' title='bbox 900 442 954 465; x_wconf 64' lang='lat' dir='ltr'>co—⁴</span> 
     </span>
     <span class='ocr_line' id='line_1_11' title="bbox 207 486 956 531; baseline -0.001 -12"><span class='ocrx_word' id='word_1_36' title='bbox 207 486 279 520; x_wconf 90' lang='lat' dir='ltr'>dem</span> <span class='ocrx_word' id='word_1_37' title='bbox 314 487 456 531; x_wconf 85' lang='lat' dir='ltr'>capitulo</span> <span class='ocrx_word' id='word_1_38' title='bbox 489 487 661 528; x_wconf 68' lang='lat' dir='ltr'>condendi,</span> <span class='ocrx_word' id='word_1_39' title='bbox 703 486 848 519; x_wconf 75' lang='lat' dir='ltr'>mutandi</span> <span class='ocrx_word' id='word_1_40' title='bbox 879 486 956 518; x_wconf 89' lang='lat' dir='ltr'>alte-</span> 
     </span>
     <span class='ocr_line' id='line_1_12' title="bbox 206 539 953 581; baseline -0.001 -9"><span class='ocrx_word' id='word_1_41' title='bbox 206 539 311 581; x_wconf 83' lang='lat' dir='ltr'>randi,</span> <span class='ocrx_word' id='word_1_42' title='bbox 338 540 424 573; x_wconf 86' lang='lat' dir='ltr'>acin</span> <span class='ocrx_word' id='word_1_43' title='bbox 455 546 568 580; x_wconf 89' lang='lat' dir='ltr'>totum,</span> <span class='ocrx_word' id='word_1_44' title='bbox 604 541 629 573; x_wconf 87' lang='lat' dir='ltr'>si</span> <span class='ocrx_word' id='word_1_45' title='bbox 654 540 827 580; x_wconf 85' lang='lat' dir='ltr'>videbitur,</span> <span class='ocrx_word' id='word_1_46' title='bbox 859 539 953 572; x_wconf 88' lang='lat' dir='ltr'>abro-</span> 
     </span>
     <span class='ocr_line' id='line_1_13' title="bbox 205 592 954 636; baseline -0.003 -11"><span class='ocrx_word' id='word_1_47' title='bbox 205 593 314 636; x_wconf 80' lang='lat' dir='ltr'>gandi,</span> <span class='ocrx_word' id='word_1_48' title='bbox 348 599 378 627; x_wconf 89' lang='lat' dir='ltr'>et</span> <span class='ocrx_word' id='word_1_49' title='bbox 402 594 498 627; x_wconf 86' lang='lat' dir='ltr'>etiam</span> <span class='ocrx_word' id='word_1_50' title='bbox 524 594 562 627; x_wconf 79' lang='lat' dir='ltr'>de</span> <span class='ocrx_word' id='word_1_51' title='bbox 589 604 669 627; x_wconf 84' lang='lat' dir='ltr'>novo</span> <span class='ocrx_word' id='word_1_52' title='bbox 701 593 828 632; x_wconf 84' lang='lat' dir='ltr'>edendi,</span> <span class='ocrx_word' id='word_1_53' title='bbox 860 592 954 625; x_wconf 79' lang='lat' dir='ltr'>duin—</span> 
     </span>
     <span class='ocr_line' id='line_1_14' title="bbox 205 645 954 681; baseline -0.003 -2"><span class='ocrx_word' id='word_1_54' title='bbox 205 646 302 680; x_wconf 87' lang='lat' dir='ltr'>modo</span> <span class='ocrx_word' id='word_1_55' title='bbox 331 647 429 680; x_wconf 85' lang='lat' dir='ltr'>saeris</span> <span class='ocrx_word' id='word_1_56' title='bbox 460 647 637 681; x_wconf 88' lang='lat' dir='ltr'>canonibus</span> <span class='ocrx_word' id='word_1_57' title='bbox 666 653 696 679; x_wconf 88' lang='lat' dir='ltr'>et</span> <span class='ocrx_word' id='word_1_58' title='bbox 721 645 850 679; x_wconf 86' lang='lat' dir='ltr'>concilii</span> <span class='ocrx_word' id='word_1_59' title='bbox 885 645 954 678; x_wconf 90' lang='lat' dir='ltr'>Tri-</span> 
     </span>
     <span class='ocr_line' id='line_1_15' title="bbox 205 699 953 743; baseline -0.003 -10"><span class='ocrx_word' id='word_1_60' title='bbox 205 699 327 733; x_wconf 86' lang='lat' dir='ltr'>dentini</span> <span class='ocrx_word' id='word_1_61' title='bbox 348 701 485 734; x_wconf 87' lang='lat' dir='ltr'>decretis</span> <span class='ocrx_word' id='word_1_62' title='bbox 505 712 541 734; x_wconf 86' lang='lat' dir='ltr'>ac</span> <span class='ocrx_word' id='word_1_63' title='bbox 567 700 849 734; x_wconf 69' lang='lat' dir='ltr'>constitutionibus</span> <span class='ocrx_word' id='word_1_64' title='bbox 874 709 953 743; x_wconf 86' lang='lat' dir='ltr'>apo-</span> 
     </span>
     <span class='ocr_line' id='line_1_16' title="bbox 205 753 955 797; baseline -0.003 -11"><span class='ocrx_word' id='word_1_65' title='bbox 205 753 339 794; x_wconf 86' lang='lat' dir='ltr'>stolicis,</span> <span class='ocrx_word' id='word_1_66' title='bbox 366 764 544 797; x_wconf 84' lang='lat' dir='ltr'>eorumque</span> <span class='ocrx_word' id='word_1_67' title='bbox 571 754 749 797; x_wconf 80' lang='lat' dir='ltr'>primitivae</span> <span class='ocrx_word' id='word_1_68' title='bbox 774 753 903 796; x_wconf 77' lang='lat' dir='ltr'>regulae</span> <span class='ocrx_word' id='word_1_69' title='bbox 924 756 955 785; x_wconf 88' lang='lat' dir='ltr'>et</span> 
     </span>
     <span class='ocr_line' id='line_1_17' title="bbox 204 805 955 851; baseline 0.001 -13"><span class='ocrx_word' id='word_1_70' title='bbox 204 805 358 840; x_wconf 82' lang='lat' dir='ltr'>institutis</span> <span class='ocrx_word' id='word_1_71' title='bbox 378 807 548 851; x_wconf 84' lang='lat' dir='ltr'>praedictis</span> <span class='ocrx_word' id='word_1_72' title='bbox 568 818 633 840; x_wconf 90' lang='lat' dir='ltr'>non</span> <span class='ocrx_word' id='word_1_73' title='bbox 653 807 910 846; x_wconf 85' lang='lat' dir='ltr'>adve1·sarentur;</span> <span class='ocrx_word' id='word_1_74' title='bbox 923 811 955 839; x_wconf 88' lang='lat' dir='ltr'>et</span> 
     </span>
     <span class='ocr_line' id='line_1_18' title="bbox 205 860 953 904; baseline 0 -11"><span class='ocrx_word' id='word_1_75' title='bbox 205 860 323 894; x_wconf 89' lang='lat' dir='ltr'>abusus</span> <span class='ocrx_word' id='word_1_76' title='bbox 361 872 585 904; x_wconf 88' lang='lat' dir='ltr'>quoscumque</span> <span class='ocrx_word' id='word_1_77' title='bbox 619 860 753 894; x_wconf 82' lang='lat' dir='ltr'>tollendi</span> <span class='ocrx_word' id='word_1_78' title='bbox 783 867 814 893; x_wconf 85' lang='lat' dir='ltr'>et</span> <span class='ocrx_word' id='word_1_79' title='bbox 842 871 953 893; x_wconf 87' lang='lat' dir='ltr'>emen-</span> 
     </span>
     <span class='ocr_line' id='line_1_19' title="bbox 204 913 952 955; baseline 0 -9"><span class='ocrx_word' id='word_1_80' title='bbox 204 913 320 954; x_wconf 86' lang='lat' dir='ltr'>dandi;</span> <span class='ocrx_word' id='word_1_81' title='bbox 342 915 535 947; x_wconf 77' lang='lat' dir='ltr'>monasteria</span> <span class='ocrx_word' id='word_1_82' title='bbox 565 915 654 955; x_wconf 86' lang='lat' dir='ltr'>item,</span> <span class='ocrx_word' id='word_1_83' title='bbox 677 915 790 947; x_wconf 85' lang='lat' dir='ltr'>domos</span> <span class='ocrx_word' id='word_1_84' title='bbox 819 919 850 946; x_wconf 88' lang='lat' dir='ltr'>et</span> <span class='ocrx_word' id='word_1_85' title='bbox 875 924 952 946; x_wconf 92' lang='lat' dir='ltr'>eon-</span> 
     </span>
     <span class='ocr_line' id='line_1_20' title="bbox 204 968 955 1011; baseline 0 -11"><span class='ocrx_word' id='word_1_86' title='bbox 204 972 318 1001; x_wconf 89' lang='lat' dir='ltr'>vcntus</span> <span class='ocrx_word' id='word_1_87' title='bbox 338 974 401 1001; x_wconf 84' lang='lat' dir='ltr'>tam</span> <span class='ocrx_word' id='word_1_88' title='bbox 434 968 573 1001; x_wconf 75' lang='lat' dir='ltr'>virorum</span> <span class='ocrx_word' id='word_1_89' title='bbox 603 979 700 1011; x_wconf 86' lang='lat' dir='ltr'>quam</span> <span class='ocrx_word' id='word_1_90' title='bbox 727 968 900 1001; x_wconf 89' lang='lat' dir='ltr'>mulierum</span> <span class='ocrx_word' id='word_1_91' title='bbox 923 979 955 1000; x_wconf 86' lang='lat' dir='ltr'>e-</span> 
     </span>
     <span class='ocr_line' id='line_1_21' title="bbox 205 1021 954 1065; baseline 0 -11"><span class='ocrx_word' id='word_1_92' title='bbox 205 1021 329 1054; x_wconf 86' lang='lat' dir='ltr'>iusdem</span> <span class='ocrx_word' id='word_1_93' title='bbox 350 1022 533 1065; x_wconf 82' lang='lat' dir='ltr'>provinciae</span> <span class='ocrx_word' id='word_1_94' title='bbox 554 1022 586 1054; x_wconf 89' lang='lat' dir='ltr'>in</span> <span class='ocrx_word' id='word_1_95' title='bbox 611 1022 775 1065; x_wconf 71' lang='lat' dir='ltr'>quibusvis</span> <span class='ocrx_word' id='word_1_96' title='bbox 794 1021 885 1062; x_wconf 81' lang='lat' dir='ltr'>loeis,</span> <span class='ocrx_word' id='word_1_97' title='bbox 899 1032 954 1054; x_wconf 85' lang='lat' dir='ltr'>eu-</span> 
     </span>
     <span class='ocr_line' id='line_1_22' title="bbox 204 1074 953 1120; baseline 0 -13"><span class='ocrx_word' id='word_1_98' title='bbox 204 1074 301 1108; x_wconf 87' lang='lat' dir='ltr'>iusvis</span> <span class='ocrx_word' id='word_1_99' title='bbox 319 1075 448 1109; x_wconf 87' lang='lat' dir='ltr'>licentia</span> <span class='ocrx_word' id='word_1_100' title='bbox 474 1076 612 1120; x_wconf 78' lang='lat' dir='ltr'>desuper</span> <span class='ocrx_word' id='word_1_101' title='bbox 637 1086 702 1109; x_wconf 88' lang='lat' dir='ltr'>non</span> <span class='ocrx_word' id='word_1_102' title='bbox 723 1075 887 1119; x_wconf 87' lang='lat' dir='ltr'>requisita,</span> <span class='ocrx_word' id='word_1_103' title='bbox 914 1074 953 1107; x_wconf 91' lang='lat' dir='ltr'>de</span> 
     </span>
     <span class='ocr_line' id='line_1_23' title="bbox 204 1128 951 1173; baseline -0.001 -12"><span class='ocrx_word' id='word_1_104' title='bbox 204 1138 362 1162; x_wconf 87' lang='lat' dir='ltr'>consensu</span> <span class='ocrx_word' id='word_1_105' title='bbox 383 1129 543 1162; x_wconf 86' lang='lat' dir='ltr'>dictorum</span> <span class='ocrx_word' id='word_1_106' title='bbox 563 1129 709 1173; x_wconf 82' lang='lat' dir='ltr'>capituli,</span> <span class='ocrx_word' id='word_1_107' title='bbox 731 1135 763 1161; x_wconf 83' lang='lat' dir='ltr'>et</span> <span class='ocrx_word' id='word_1_108' title='bbox 787 1128 865 1161; x_wconf 86' lang='lat' dir='ltr'>alias</span> <span class='ocrx_word' id='word_1_109' title='bbox 889 1138 951 1161; x_wconf 87' lang='lat' dir='ltr'>ser-</span> 
     </span>
     <span class='ocr_line' id='line_1_24' title="bbox 203 1181 953 1223; baseline -0.001 -9"><span class='ocrx_word' id='word_1_110' title='bbox 203 1186 273 1215; x_wconf 85' lang='lat' dir='ltr'>vata</span> <span class='ocrx_word' id='word_1_111' title='bbox 302 1181 404 1215; x_wconf 85' lang='lat' dir='ltr'>forma</span> <span class='ocrx_word' id='word_1_112' title='bbox 424 1183 568 1216; x_wconf 85' lang='lat' dir='ltr'>eiusdem</span> <span class='ocrx_word' id='word_1_113' title='bbox 595 1182 735 1223; x_wconf 70' lang='lat' dir='ltr'>coinilii,</span> <span class='ocrx_word' id='word_1_114' title='bbox 759 1181 901 1215; x_wconf 79' lang='lat' dir='ltr'>construi</span> <span class='ocrx_word' id='word_1_115' title='bbox 923 1185 953 1214; x_wconf 87' lang='lat' dir='ltr'>et</span> 
     </span>
     <span class='ocr_line' id='line_1_25' title="bbox 203 1235 954 1280; baseline -0.001 -12"><span class='ocrx_word' id='word_1_116' title='bbox 203 1235 366 1269; x_wconf 84' lang='lat' dir='ltr'>aedificari</span> <span class='ocrx_word' id='word_1_117' title='bbox 384 1235 532 1277; x_wconf 77' lang='lat' dir='ltr'>t&#39;aeiendi;</span> <span class='ocrx_word' id='word_1_118' title='bbox 555 1236 679 1280; x_wconf 85' lang='lat' dir='ltr'>ipsique</span> <span class='ocrx_word' id='word_1_119' title='bbox 706 1235 805 1279; x_wconf 78' lang='lat' dir='ltr'>priori</span> <span class='ocrx_word' id='word_1_120' title='bbox 826 1235 954 1279; x_wconf 86' lang='lat' dir='ltr'>provin-</span> 
     </span>
     <span class='ocr_line' id='line_1_26' title="bbox 204 1288 952 1333; baseline -0.003 -11"><span class='ocrx_word' id='word_1_121' title='bbox 204 1288 289 1329; x_wconf 84' lang='lat' dir='ltr'>ciali,</span> <span class='ocrx_word' id='word_1_122' title='bbox 319 1295 490 1333; x_wconf 79' lang='lat' dir='ltr'>postquam</span> <span class='ocrx_word' id='word_1_123' title='bbox 519 1290 639 1322; x_wconf 85' lang='lat' dir='ltr'>electus</span> <span class='ocrx_word' id='word_1_124' title='bbox 664 1290 786 1329; x_wconf 83' lang='lat' dir='ltr'>suisset,</span> <span class='ocrx_word' id='word_1_125' title='bbox 809 1288 952 1321; x_wconf 75' lang='lat' dir='ltr'>officium</span> 
     </span>
     <span class='ocr_line' id='line_1_27' title="bbox 204 1342 952 1387; baseline -0.003 -11"><span class='ocrx_word' id='word_1_126' title='bbox 204 1352 299 1376; x_wconf 88' lang='lat' dir='ltr'>suum</span> <span class='ocrx_word' id='word_1_127' title='bbox 328 1343 510 1383; x_wconf 79' lang='lat' dir='ltr'>exercendi,</span> <span class='ocrx_word' id='word_1_128' title='bbox 543 1344 662 1387; x_wconf 83' lang='lat' dir='ltr'>absque</span> <span class='ocrx_word' id='word_1_129' title='bbox 692 1342 753 1375; x_wconf 88' lang='lat' dir='ltr'>alia</span> <span class='ocrx_word' id='word_1_130' title='bbox 778 1342 952 1375; x_wconf 89' lang='lat' dir='ltr'>confirma-</span> 
     </span>
     <span class='ocr_line' id='line_1_28' title="bbox 205 1394 954 1440; baseline 0.001 -13"><span class='ocrx_word' id='word_1_131' title='bbox 205 1394 305 1436; x_wconf 82' lang='lat' dir='ltr'>tione,</span> <span class='ocrx_word' id='word_1_132' title='bbox 326 1407 423 1440; x_wconf 85' lang='lat' dir='ltr'>quam</span> <span class='ocrx_word' id='word_1_133' title='bbox 446 1402 550 1429; x_wconf 83' lang='lat' dir='ltr'>tamen</span> <span class='ocrx_word' id='word_1_134' title='bbox 572 1408 589 1430; x_wconf 85' lang='lat' dir='ltr'>a</span> <span class='ocrx_word' id='word_1_135' title='bbox 615 1397 723 1440; x_wconf 83' lang='lat' dir='ltr'>priore</span> <span class='ocrx_word' id='word_1_136' title='bbox 744 1396 886 1439; x_wconf 68' lang='lat' dir='ltr'>generali</span> <span class='ocrx_word' id='word_1_137' title='bbox 907 1401 954 1428; x_wconf 83' lang='lat' dir='ltr'>to-</span> 
     </span>
     <span class='ocr_line' id='line_1_29' title="bbox 203 1448 953 1494; baseline -0.001 -12"><span class='ocrx_word' id='word_1_138' title='bbox 203 1448 267 1482; x_wconf 73' lang='lat' dir='ltr'>tius</span> <span class='ocrx_word' id='word_1_139' title='bbox 299 1448 425 1482; x_wconf 78' lang='lat' dir='ltr'>Ordinis</span> <span class='ocrx_word' id='word_1_140' title='bbox 451 1461 523 1483; x_wconf 76' lang='lat' dir='ltr'>mox</span> <span class='ocrx_word' id='word_1_141' title='bbox 552 1456 659 1494; x_wconf 87' lang='lat' dir='ltr'>petere</span> <span class='ocrx_word' id='word_1_142' title='bbox 685 1456 861 1488; x_wconf 83' lang='lat' dir='ltr'>teneretur,</span> <span class='ocrx_word' id='word_1_143' title='bbox 884 1449 953 1493; x_wconf 90' lang='lat' dir='ltr'>ple-</span> 
     </span>
     <span class='ocr_line' id='line_1_30' title="bbox 204 1502 953 1543; baseline 0 -8"><span class='ocrx_word' id='word_1_144' title='bbox 204 1512 278 1535; x_wconf 86' lang='lat' dir='ltr'>nam</span> <span class='ocrx_word' id='word_1_145' title='bbox 303 1508 334 1536; x_wconf 86' lang='lat' dir='ltr'>et</span> <span class='ocrx_word' id='word_1_146' title='bbox 353 1503 488 1536; x_wconf 86' lang='lat' dir='ltr'>liberam</span> <span class='ocrx_word' id='word_1_147' title='bbox 509 1504 692 1537; x_wconf 72' lang='lat' dir='ltr'>facultatem</span> <span class='ocrx_word' id='word_1_148' title='bbox 711 1502 890 1543; x_wconf 64' lang='lat' dir='ltr'>eoncessitg</span> <span class='ocrx_word' id='word_1_149' title='bbox 916 1513 953 1535; x_wconf 87' lang='lat' dir='ltr'>ac</span> 
     </span>
     <span class='ocr_line' id='line_1_31' title="bbox 203 1556 954 1601; baseline 0 -13"><span class='ocrx_word' id='word_1_150' title='bbox 203 1556 370 1599; x_wconf 82' lang='lat' dir='ltr'>probibuit</span> <span class='ocrx_word' id='word_1_151' title='bbox 390 1563 546 1601; x_wconf 85' lang='lat' dir='ltr'>perpetuo</span> <span class='ocrx_word' id='word_1_152' title='bbox 568 1568 606 1590; x_wconf 87' lang='lat' dir='ltr'>ne</span> <span class='ocrx_word' id='word_1_153' title='bbox 631 1559 743 1590; x_wconf 76' lang='lat' dir='ltr'>fratres</span> <span class='ocrx_word' id='word_1_154' title='bbox 773 1562 803 1589; x_wconf 83' lang='lat' dir='ltr'>et</span> <span class='ocrx_word' id='word_1_155' title='bbox 832 1556 954 1589; x_wconf 84' lang='lat' dir='ltr'>monia-</span> 
     </span>
     <span class='ocr_line' id='line_1_32' title="bbox 205 1609 955 1652; baseline -0.001 -10"><span class='ocrx_word' id='word_1_156' title='bbox 205 1609 251 1642; x_wconf 82' lang='lat' dir='ltr'>les</span> <span class='ocrx_word' id='word_1_157' title='bbox 265 1609 453 1643; x_wconf 80' lang='lat' dir='ltr'>Discalcenti</span> <span class='ocrx_word' id='word_1_158' title='bbox 471 1610 510 1643; x_wconf 79' lang='lat' dir='ltr'>ad</span> <span class='ocrx_word' id='word_1_159' title='bbox 528 1621 620 1643; x_wconf 84' lang='lat' dir='ltr'>suum</span> <span class='ocrx_word' id='word_1_160' title='bbox 642 1611 775 1643; x_wconf 77' lang='lat' dir='ltr'>fratrum</span> <span class='ocrx_word' id='word_1_161' title='bbox 801 1610 955 1652; x_wconf 76' lang='lat' dir='ltr'>Mitigato-</span> 
     </span>
     <span class='ocr_line' id='line_1_33' title="bbox 205 1663 953 1707; baseline -0.001 -11"><span class='ocrx_word' id='word_1_162' title='bbox 205 1673 278 1696; x_wconf 87' lang='lat' dir='ltr'>rum</span> <span class='ocrx_word' id='word_1_163' title='bbox 310 1664 359 1696; x_wconf 87' lang='lat' dir='ltr'>vel</span> <span class='ocrx_word' id='word_1_164' title='bbox 393 1664 493 1696; x_wconf 86' lang='lat' dir='ltr'>alium</span> <span class='ocrx_word' id='word_1_165' title='bbox 519 1663 691 1703; x_wconf 85' lang='lat' dir='ltr'>Ordinem,</span> <span class='ocrx_word' id='word_1_166' title='bbox 726 1669 953 1707; x_wconf 67' lang='lat' dir='ltr'>praeterquam</span> 
     </span>
     <span class='ocr_line' id='line_1_34' title="bbox 205 1716 952 1761; baseline -0.001 -11"><span class='ocrx_word' id='word_1_167' title='bbox 205 1716 510 1758; x_wconf 81' lang='lat' dir='ltr'>Carthusianorum,</span> <span class='ocrx_word' id='word_1_168' title='bbox 551 1717 631 1756; x_wconf 68' lang='lat' dir='ltr'>sinc,</span> <span class='ocrx_word' id='word_1_169' title='bbox 648 1717 824 1761; x_wconf 71' lang='lat' dir='ltr'>apostasiae</span> <span class='ocrx_word' id='word_1_170' title='bbox 864 1723 952 1758; x_wconf 91' lang='lat' dir='ltr'>nota,</span> 
     </span>
     <span class='ocr_line' id='line_1_35' title="bbox 203 1772 954 1817; baseline -0.001 -11"><span class='ocrx_word' id='word_1_171' title='bbox 203 1772 340 1806; x_wconf 80' lang='lat' dir='ltr'>transire</span> <span class='ocrx_word' id='word_1_172' title='bbox 367 1778 509 1817; x_wconf 85' lang='lat' dir='ltr'>possent,</span> <span class='ocrx_word' id='word_1_173' title='bbox 538 1772 597 1804; x_wconf 74' lang='lat' dir='ltr'>nisi</span> <span class='ocrx_word' id='word_1_174' title='bbox 628 1772 718 1805; x_wconf 80' lang='lat' dir='ltr'>Sedis</span> <span class='ocrx_word' id='word_1_175' title='bbox 752 1772 954 1816; x_wconf 75' lang='lat' dir='ltr'>Apostolicae</span> 
     </span>
     <span class='ocr_line' id='line_1_36' title="bbox 203 1825 954 1871; baseline 0 -11"><span class='ocrx_word' id='word_1_176' title='bbox 203 1825 333 1860; x_wconf 86' lang='lat' dir='ltr'>licentia</span> <span class='ocrx_word' id='word_1_177' title='bbox 370 1826 520 1867; x_wconf 88' lang='lat' dir='ltr'>obtenta,</span> <span class='ocrx_word' id='word_1_178' title='bbox 554 1833 648 1871; x_wconf 84' lang='lat' dir='ltr'>atque</span> <span class='ocrx_word' id='word_1_179' title='bbox 685 1827 871 1868; x_wconf 84' lang='lat' dir='ltr'>inhibendo,</span> <span class='ocrx_word' id='word_1_180' title='bbox 896 1828 954 1861; x_wconf 87' lang='lat' dir='ltr'>sub</span> 
     </span>
     <span class='ocr_line' id='line_1_37' title="bbox 205 1880 951 1925; baseline 0 -11"><span class='ocrx_word' id='word_1_181' title='bbox 205 1891 309 1924; x_wconf 88' lang='lat' dir='ltr'>poena</span> <span class='ocrx_word' id='word_1_182' title='bbox 325 1880 785 1925; x_wconf 52' lang='lat' dir='ltr'>excommunicationisfflriori</span> <span class='ocrx_word' id='word_1_183' title='bbox 797 1882 951 1923; x_wconf 73' lang='lat' dir='ltr'>generali,</span> 
     </span>
     <span class='ocr_line' id='line_1_38' title="bbox 204 1933 953 1979; baseline 0.001 -12"><span class='ocrx_word' id='word_1_184' title='bbox 204 1933 457 1978; x_wconf 88' lang='lat' dir='ltr'>provincialibus</span> <span class='ocrx_word' id='word_1_185' title='bbox 491 1940 521 1966; x_wconf 87' lang='lat' dir='ltr'>et</span> <span class='ocrx_word' id='word_1_186' title='bbox 554 1934 782 1967; x_wconf 83' lang='lat' dir='ltr'>commissariis</span> <span class='ocrx_word' id='word_1_187' title='bbox 818 1935 953 1979; x_wconf 86' lang='lat' dir='ltr'>aliisque</span> 
     </span>
     <span class='ocr_line' id='line_1_39' title="bbox 205 1987 954 2032; baseline 0.001 -11"><span class='ocrx_word' id='word_1_188' title='bbox 205 1987 374 2032; x_wconf 82' lang='lat' dir='ltr'>praelatis,</span> <span class='ocrx_word' id='word_1_189' title='bbox 408 1988 563 2021; x_wconf 71' lang='lat' dir='ltr'>ministris</span> <span class='ocrx_word' id='word_1_190' title='bbox 595 1993 650 2020; x_wconf 90' lang='lat' dir='ltr'>aut</span> <span class='ocrx_word' id='word_1_191' title='bbox 676 1988 883 2029; x_wconf 80' lang='lat' dir='ltr'>officialibus,</span> <span class='ocrx_word' id='word_1_192' title='bbox 915 1999 954 2022; x_wconf 88' lang='lat' dir='ltr'>ne</span> 
     </span>
     <span class='ocr_line' id='line_1_40' title="bbox 206 2041 954 2075; baseline 0.001 -1"><span class='ocrx_word' id='word_1_193' title='bbox 206 2041 335 2074; x_wconf 87' lang='lat' dir='ltr'>cosdem</span> <span class='ocrx_word' id='word_1_194' title='bbox 355 2042 471 2074; x_wconf 86' lang='lat' dir='ltr'>fratres</span> <span class='ocrx_word' id='word_1_195' title='bbox 492 2042 538 2074; x_wconf 77' lang='lat' dir='ltr'>rel</span> <span class='ocrx_word' id='word_1_196' title='bbox 561 2041 715 2074; x_wconf 72' lang='lat' dir='ltr'>moniales</span> <span class='ocrx_word' id='word_1_197' title='bbox 742 2042 954 2075; x_wconf 84' lang='lat' dir='ltr'>Discalceatos</span> 
     </span>
     <span class='ocr_line' id='line_1_41' title="bbox 206 2094 953 2138; baseline -0.001 -10"><span class='ocrx_word' id='word_1_198' title='bbox 206 2105 305 2138; x_wconf 86' lang='lat' dir='ltr'>super</span> <span class='ocrx_word' id='word_1_199' title='bbox 334 2095 519 2138; x_wconf 72' lang='lat' dir='ltr'>praemissis</span> <span class='ocrx_word' id='word_1_200' title='bbox 549 2094 778 2138; x_wconf 88' lang='lat' dir='ltr'>quoquomodo</span> <span class='ocrx_word' id='word_1_201' title='bbox 803 2096 953 2128; x_wconf 87' lang='lat' dir='ltr'>molesta-</span> 
     </span>
    </p>
   </div>
   <div class='ocr_carea' id='block_1_8' title="bbox 975 208 1749 2135">
    <p class='ocr_par' dir='ltr' id='par_1_8' title="bbox 999 208 1749 370">
     <span class='ocr_line' id='line_1_42' title="bbox 1642 208 1703 242; baseline -0.016 0"><span class='ocrx_word' id='word_1_202' title='bbox 1642 208 1703 242; x_wconf 67' lang='lat'>747</span> 
     </span>
     <span class='ocr_line' id='line_1_43' title="bbox 999 271 1749 312; baseline 0.001 -9"><span class='ocrx_word' id='word_1_203' title='bbox 999 271 1143 312; x_wconf 85' lang='lat' dir='ltr'>adiectis,</span> <span class='ocrx_word' id='word_1_204' title='bbox 1167 272 1261 305; x_wconf 83' lang='lat' dir='ltr'>certis</span> <span class='ocrx_word' id='word_1_205' title='bbox 1282 271 1375 305; x_wconf 84' lang='lat' dir='ltr'>etiam</span> <span class='ocrx_word' id='word_1_206' title='bbox 1398 271 1558 305; x_wconf 85' lang='lat' dir='ltr'>iudicibus</span> <span class='ocrx_word' id='word_1_207' title='bbox 1575 271 1639 304; x_wconf 78' lang='lat' dir='ltr'>sive</span> <span class='ocrx_word' id='word_1_208' title='bbox 1652 271 1749 305; x_wconf 88' lang='lat' dir='ltr'>etiam</span> 
     </span>
     <span class='ocr_line' id='line_1_44' title="bbox 1000 324 1749 370; baseline 0.001 -13"><span class='ocrx_word' id='word_1_209' title='bbox 1000 324 1225 357; x_wconf 67' lang='lat' dir='ltr'>executoribus</span> <span class='ocrx_word' id='word_1_210' title='bbox 1254 326 1425 370; x_wconf 77' lang='lat' dir='ltr'>deputatis,</span> <span class='ocrx_word' id='word_1_211' title='bbox 1454 329 1550 369; x_wconf 86' lang='lat' dir='ltr'>prout</span> <span class='ocrx_word' id='word_1_212' title='bbox 1580 324 1612 356; x_wconf 90' lang='lat' dir='ltr'>in</span> <span class='ocrx_word' id='word_1_213' title='bbox 1634 324 1749 358; x_wconf 88' lang='lat' dir='ltr'>litteris</span> 
     </span>
    </p>

    <p class='ocr_par' dir='ltr' id='par_1_9' title="bbox 975 377 1749 465">
     <span class='ocr_line' id='line_1_45' title="bbox 975 377 1749 453; baseline 0.001 -42"><span class='ocrx_word' id='word_1_214' title='bbox 975 377 1142 453; x_wconf 69' lang='lat' dir='ltr'>&#39;Gregorii</span> <span class='ocrx_word' id='word_1_215' title='bbox 1176 379 1432 421; x_wconf 72' lang='lat' dir='ltr'>praedecessoris</span> <span class='ocrx_word' id='word_1_216' title='bbox 1465 378 1650 412; x_wconf 83' lang='lat' dir='ltr'>huiusmodi</span> <span class='ocrx_word' id='word_1_217' title='bbox 1689 378 1749 412; x_wconf 85' lang='lat' dir='ltr'>sub</span> 
     </span>
     <span class='ocr_line' id='line_1_46' title="bbox 999 431 1748 465; baseline 0 -1"><span class='ocrx_word' id='word_1_218' title='bbox 999 432 1109 464; x_wconf 85' lang='lat' dir='ltr'>datum</span> <span class='ocrx_word' id='word_1_219' title='bbox 1156 432 1207 465; x_wconf 92' lang='lat' dir='ltr'>die</span> <span class='ocrx_word' id='word_1_220' title='bbox 1254 443 1347 465; x_wconf 76' lang='lat' dir='ltr'>xxrni</span> <span class='ocrx_word' id='word_1_221' title='bbox 1385 432 1462 464; x_wconf 87' lang='lat' dir='ltr'>iunii</span> <span class='ocrx_word' id='word_1_222' title='bbox 1506 432 1582 465; x_wconf 86' lang='lat' dir='ltr'>anni</span> <span class='ocrx_word' id='word_1_223' title='bbox 1625 431 1748 465; x_wconf 83' lang='lat' dir='ltr'>domini</span> 
     </span>
    </p>

    <p class='ocr_par' dir='ltr' id='par_1_10' title="bbox 998 484 1748 529">
     <span class='ocr_line' id='line_1_47' title="bbox 998 484 1748 529; baseline -0.003 -9"><span class='ocrx_word' id='word_1_224' title='bbox 998 496 1134 526; x_wconf 75' lang='lat' dir='ltr'>noLxxx,</span> <span class='ocrx_word' id='word_1_225' title='bbox 1157 485 1190 518; x_wconf 90' lang='lat' dir='ltr'>in</span> <span class='ocrx_word' id='word_1_226' title='bbox 1211 488 1311 519; x_wconf 73' lang='lat' dir='ltr'>forma</span> <span class='ocrx_word' id='word_1_227' title='bbox 1338 486 1442 519; x_wconf 83' lang='lat' dir='ltr'>brevis</span> <span class='ocrx_word' id='word_1_228' title='bbox 1463 485 1630 529; x_wconf 83' lang='lat' dir='ltr'>expeditis,</span> <span class='ocrx_word' id='word_1_229' title='bbox 1652 484 1748 519; x_wconf 85' lang='lat' dir='ltr'>latius</span> 
     </span>
    </p>

    <p class='ocr_par' dir='ltr' id='par_1_11' title="bbox 998 539 1192 574">
     <span class='ocr_line' id='line_1_48' title="bbox 998 539 1192 574; baseline -0.021 1"><span class='ocrx_word' id='word_1_230' title='bbox 998 539 1192 574; x_wconf 78' lang='lat' dir='ltr'>continetur.</span> 
     </span>
    </p>

    <p class='ocr_par' dir='ltr' id='par_1_12' title="bbox 976 592 1748 1321">
     <span class='ocr_line' id='line_1_49' title="bbox 976 592 1747 636; baseline 0 -11"><span class='ocrx_word' id='word_1_231' title='bbox 976 605 977 618; x_wconf 63' lang='lat' dir='ltr'>t</span> <span class='ocrx_word' id='word_1_232' title='bbox 1041 593 1054 635; x_wconf 64' lang='grc' dir='ltr'>ξ</span> <span class='ocrx_word' id='word_1_233' title='bbox 1080 592 1110 625; x_wconf 96' lang='lat'>3.</span> <span class='ocrx_word' id='word_1_234' title='bbox 1140 592 1182 625; x_wconf 75' lang='lat' dir='ltr'>Ad</span> <span class='ocrx_word' id='word_1_235' title='bbox 1214 604 1351 636; x_wconf 83' lang='lat' dir='ltr'>quarum</span> <span class='ocrx_word' id='word_1_236' title='bbox 1372 593 1553 625; x_wconf 85' lang='lat' dir='ltr'>litterarum</span> <span class='ocrx_word' id='word_1_237' title='bbox 1584 592 1747 626; x_wconf 79' lang='lat' dir='ltr'>executio-</span> 
     </span>
     <span class='ocr_line' id='line_1_50' title="bbox 997 645 1748 686; baseline -0.001 -7"><span class='ocrx_word' id='word_1_238' title='bbox 997 657 1084 686; x_wconf 88' lang='lat' dir='ltr'>nem,</span> <span class='ocrx_word' id='word_1_239' title='bbox 1102 657 1188 686; x_wconf 80' lang='lat' dir='ltr'>cuin,</span> <span class='ocrx_word' id='word_1_240' title='bbox 1211 645 1294 678; x_wconf 78' lang='lat' dir='ltr'>sicut</span> <span class='ocrx_word' id='word_1_241' title='bbox 1315 645 1409 679; x_wconf 78' lang='lat' dir='ltr'>iidem</span> <span class='ocrx_word' id='word_1_242' title='bbox 1431 646 1545 679; x_wconf 83' lang='lat' dir='ltr'>fratres</span> <span class='ocrx_word' id='word_1_243' title='bbox 1559 645 1748 679; x_wconf 86' lang='lat' dir='ltr'>Disealceati</span> 
     </span>
     <span class='ocr_line' id='line_1_51' title="bbox 997 699 1748 743; baseline -0.003 -10"><span class='ocrx_word' id='word_1_244' title='bbox 997 700 1090 733; x_wconf 83' lang='lat' dir='ltr'>nobis</span> <span class='ocrx_word' id='word_1_245' title='bbox 1110 699 1226 743; x_wconf 81' lang='lat' dir='ltr'>exponi</span> <span class='ocrx_word' id='word_1_246' title='bbox 1246 700 1404 739; x_wconf 82' lang='lat' dir='ltr'>fecerunt,</span> <span class='ocrx_word' id='word_1_247' title='bbox 1429 699 1490 732; x_wconf 83' lang='lat' dir='ltr'>iam</span> <span class='ocrx_word' id='word_1_248' title='bbox 1503 709 1703 743; x_wconf 83' lang='lat' dir='ltr'>processum,</span> <span class='ocrx_word' id='word_1_249' title='bbox 1718 703 1748 732; x_wconf 85' lang='lat' dir='ltr'>et</span> 
     </span>
     <span class='ocr_line' id='line_1_52' title="bbox 997 751 1748 796; baseline -0.001 -10"><span class='ocrx_word' id='word_1_250' title='bbox 997 764 1073 786; x_wconf 87' lang='lat' dir='ltr'>usus</span> <span class='ocrx_word' id='word_1_251' title='bbox 1098 753 1165 796; x_wconf 88' lang='lat' dir='ltr'>ipse</span> <span class='ocrx_word' id='word_1_252' title='bbox 1190 754 1304 786; x_wconf 88' lang='lat' dir='ltr'>doceat</span> <span class='ocrx_word' id='word_1_253' title='bbox 1338 753 1368 785; x_wconf 90' lang='lat' dir='ltr'>in</span> <span class='ocrx_word' id='word_1_254' title='bbox 1400 753 1467 785; x_wconf 91' lang='lat' dir='ltr'>dics</span> <span class='ocrx_word' id='word_1_255' title='bbox 1488 752 1599 795; x_wconf 83' lang='lat' dir='ltr'>magis,</span> <span class='ocrx_word' id='word_1_256' title='bbox 1620 751 1748 785; x_wconf 90' lang='lat' dir='ltr'>iuvante</span> 
     </span>
     <span class='ocr_line' id='line_1_53' title="bbox 996 806 1748 850; baseline -0.001 -11"><span class='ocrx_word' id='word_1_257' title='bbox 996 806 1144 847; x_wconf 91' lang='lat' dir='ltr'>Domino,</span> <span class='ocrx_word' id='word_1_258' title='bbox 1165 817 1202 839; x_wconf 88' lang='lat' dir='ltr'>ex</span> <span class='ocrx_word' id='word_1_259' title='bbox 1223 807 1351 840; x_wconf 85' lang='lat' dir='ltr'>illarum</span> <span class='ocrx_word' id='word_1_260' title='bbox 1363 806 1575 850; x_wconf 78' lang='lat' dir='ltr'>dispositione</span> <span class='ocrx_word' id='word_1_261' title='bbox 1585 806 1680 850; x_wconf 89' lang='lat' dir='ltr'>plura</span> <span class='ocrx_word' id='word_1_262' title='bbox 1692 806 1748 839; x_wconf 91' lang='lat' dir='ltr'>bo-</span> 
     </span>
     <span class='ocr_line' id='line_1_54' title="bbox 995 859 1746 893; baseline -0.001 -1"><span class='ocrx_word' id='word_1_263' title='bbox 995 870 1037 892; x_wconf 89' lang='lat' dir='ltr'>na</span> <span class='ocrx_word' id='word_1_264' title='bbox 1067 860 1107 893; x_wconf 90' lang='lat' dir='ltr'>ad</span> <span class='ocrx_word' id='word_1_265' title='bbox 1132 860 1289 893; x_wconf 81' lang='lat' dir='ltr'>honorem</span> <span class='ocrx_word' id='word_1_266' title='bbox 1321 859 1418 892; x_wconf 84' lang='lat' dir='ltr'>divini</span> <span class='ocrx_word' id='word_1_267' title='bbox 1447 859 1586 892; x_wconf 87' lang='lat' dir='ltr'>nominis</span> <span class='ocrx_word' id='word_1_268' title='bbox 1611 864 1641 892; x_wconf 90' lang='lat' dir='ltr'>et</span> <span class='ocrx_word' id='word_1_269' title='bbox 1661 859 1746 892; x_wconf 89' lang='lat' dir='ltr'>eius-</span> 
     </span>
     <span class='ocr_line' id='line_1_55' title="bbox 995 911 1747 958; baseline -0.004 -11"><span class='ocrx_word' id='word_1_270' title='bbox 995 914 1069 947; x_wconf 91' lang='lat' dir='ltr'>dem</span> <span class='ocrx_word' id='word_1_271' title='bbox 1089 913 1273 958; x_wconf 75' lang='lat' dir='ltr'>provinciae</span> <span class='ocrx_word' id='word_1_272' title='bbox 1295 918 1390 957; x_wconf 86' lang='lat' dir='ltr'>atque</span> <span class='ocrx_word' id='word_1_273' title='bbox 1411 913 1490 946; x_wconf 92' lang='lat' dir='ltr'>adeo</span> <span class='ocrx_word' id='word_1_274' title='bbox 1512 912 1610 945; x_wconf 90' lang='lat' dir='ltr'>totius</span> <span class='ocrx_word' id='word_1_275' title='bbox 1620 911 1747 945; x_wconf 90' lang='lat' dir='ltr'>Ordinis</span> 
     </span>
     <span class='ocr_line' id='line_1_56' title="bbox 995 965 1746 1010; baseline -0.001 -11"><span class='ocrx_word' id='word_1_276' title='bbox 995 968 1157 1001; x_wconf 81' lang='lat' dir='ltr'>salubrem</span> <span class='ocrx_word' id='word_1_277' title='bbox 1178 967 1391 1001; x_wconf 87' lang='lat' dir='ltr'>directionem</span> <span class='ocrx_word' id='word_1_278' title='bbox 1424 971 1606 1009; x_wconf 88' lang='lat' dir='ltr'>statumque</span> <span class='ocrx_word' id='word_1_279' title='bbox 1637 965 1746 1010; x_wconf 87' lang='lat' dir='ltr'>pacifi-</span> 
     </span>
     <span class='ocr_line' id='line_1_57' title="bbox 995 1019 1745 1064; baseline -0.004 -9"><span class='ocrx_word' id='word_1_280' title='bbox 995 1033 1069 1055; x_wconf 86' lang='lat' dir='ltr'>cum</span> <span class='ocrx_word' id='word_1_281' title='bbox 1095 1026 1126 1055; x_wconf 87' lang='lat' dir='ltr'>et</span> <span class='ocrx_word' id='word_1_282' title='bbox 1157 1021 1368 1064; x_wconf 86' lang='lat' dir='ltr'>tranquillum</span> <span class='ocrx_word' id='word_1_283' title='bbox 1390 1019 1584 1053; x_wconf 88' lang='lat' dir='ltr'>redundare.</span> <span class='ocrx_word' id='word_1_284' title='bbox 1611 1019 1745 1062; x_wconf 88' lang='lat' dir='ltr'>Propte-</span> 
     </span>
     <span class='ocr_line' id='line_1_58' title="bbox 995 1072 1746 1116; baseline -0.005 -8"><span class='ocrx_word' id='word_1_285' title='bbox 995 1086 1050 1108; x_wconf 87' lang='lat' dir='ltr'>rea</span> <span class='ocrx_word' id='word_1_286' title='bbox 1080 1075 1173 1108; x_wconf 89' lang='lat' dir='ltr'>nobis</span> <span class='ocrx_word' id='word_1_287' title='bbox 1198 1074 1257 1107; x_wconf 82' lang='lat' dir='ltr'>fuit</span> <span class='ocrx_word' id='word_1_288' title='bbox 1276 1073 1444 1106; x_wconf 83' lang='lat' dir='ltr'>humiliter</span> <span class='ocrx_word' id='word_1_289' title='bbox 1465 1072 1679 1116; x_wconf 85' lang='lat' dir='ltr'>supplicatum</span> <span class='ocrx_word' id='word_1_290' title='bbox 1710 1077 1746 1104; x_wconf 90' lang='lat' dir='ltr'>ut</span> 
     </span>
     <span class='ocr_line' id='line_1_59' title="bbox 995 1125 1745 1173; baseline -0.005 -12"><span class='ocrx_word' id='word_1_291' title='bbox 995 1129 1075 1162; x_wconf 88' lang='lat' dir='ltr'>haec</span> <span class='ocrx_word' id='word_1_292' title='bbox 1100 1129 1180 1173; x_wconf 88' lang='lat' dir='ltr'>ipsa,</span> <span class='ocrx_word' id='word_1_293' title='bbox 1221 1138 1279 1172; x_wconf 88' lang='lat' dir='ltr'>pro</span> <span class='ocrx_word' id='word_1_294' title='bbox 1311 1137 1424 1160; x_wconf 88' lang='lat' dir='ltr'>eorum</span> <span class='ocrx_word' id='word_1_295' title='bbox 1453 1125 1660 1159; x_wconf 80' lang='lat' dir='ltr'>subsistentia</span> <span class='ocrx_word' id='word_1_296' title='bbox 1691 1135 1745 1157; x_wconf 89' lang='lat' dir='ltr'>va-</span> 
     </span>
     <span class='ocr_line' id='line_1_60' title="bbox 994 1178 1747 1223; baseline -0.005 -8"><span class='ocrx_word' id='word_1_297' title='bbox 994 1182 1114 1223; x_wconf 77' lang='lat' dir='ltr'>lidiori,</span> <span class='ocrx_word' id='word_1_298' title='bbox 1138 1182 1176 1214; x_wconf 93' lang='lat' dir='ltr'>de</span> <span class='ocrx_word' id='word_1_299' title='bbox 1197 1191 1278 1214; x_wconf 84' lang='lat' dir='ltr'>novo</span> <span class='ocrx_word' id='word_1_300' title='bbox 1299 1180 1487 1213; x_wconf 86' lang='lat' dir='ltr'>auctoritate</span> <span class='ocrx_word' id='word_1_301' title='bbox 1508 1178 1747 1222; x_wconf 87' lang='lat' dir='ltr'>apostolicare-</span> 
     </span>
     <span class='ocr_line' id='line_1_61' title="bbox 994 1231 1747 1278; baseline -0.007 -10"><span class='ocrx_word' id='word_1_302' title='bbox 994 1235 1109 1268; x_wconf 69' lang='lat' dir='ltr'>horam</span> <span class='ocrx_word' id='word_1_303' title='bbox 1133 1235 1172 1268; x_wconf 90' lang='lat' dir='ltr'>de</span> <span class='ocrx_word' id='word_1_304' title='bbox 1205 1234 1402 1278; x_wconf 80' lang='lat' dir='ltr'>benignitate</span> <span class='ocrx_word' id='word_1_305' title='bbox 1427 1232 1603 1276; x_wconf 83' lang='lat' dir='ltr'>apostolica</span> <span class='ocrx_word' id='word_1_306' title='bbox 1635 1231 1747 1275; x_wconf 85' lang='lat' dir='ltr'>digna-</span> 
     </span>
     <span class='ocr_line' id='line_1_62' title="bbox 996 1293 1402 1321; baseline 0 0"><span class='ocrx_word' id='word_1_307' title='bbox 996 1299 1119 1321; x_wconf 85' lang='lat' dir='ltr'>remur.</span> <span class='ocrx_word' id='word_1_308' title='bbox 1384 1293 1402 1310; x_wconf 50' lang='grc' dir='ltr'><strong><em>θ</em></strong></span> 
     </span>
    </p>

    <p class='ocr_par' dir='ltr' id='par_1_13' title="bbox 994 1338 1745 2135">
     <span class='ocr_line' id='line_1_63' title="bbox 1039 1338 1745 1385; baseline -0.007 -10"><span class='ocrx_word' id='word_1_309' title='bbox 1039 1342 1054 1385; x_wconf 67' lang='grc' dir='ltr'><strong>ἓ</strong></span> <span class='ocrx_word' id='word_1_310' title='bbox 1079 1341 1110 1374; x_wconf 70' lang='lat'>4.</span> <span class='ocrx_word' id='word_1_311' title='bbox 1137 1341 1199 1374; x_wconf 89' lang='lat' dir='ltr'>Nos</span> <span class='ocrx_word' id='word_1_312' title='bbox 1217 1341 1324 1385; x_wconf 80' lang='lat' dir='ltr'>igitur,</span> <span class='ocrx_word' id='word_1_313' title='bbox 1348 1339 1424 1373; x_wconf 89' lang='lat' dir='ltr'>dieti</span> <span class='ocrx_word' id='word_1_314' title='bbox 1448 1338 1588 1382; x_wconf 88' lang='lat' dir='ltr'>Philippi</span> <span class='ocrx_word' id='word_1_315' title='bbox 1608 1338 1693 1381; x_wconf 83' lang='lat' dir='ltr'>regis</span> <span class='ocrx_word' id='word_1_316' title='bbox 1707 1348 1745 1371; x_wconf 84' lang='lat' dir='ltr'>ac</span> 
     </span>
     <span class='ocr_line' id='line_1_64' title="bbox 995 1391 1744 1437; baseline -0.007 -9"><span class='ocrx_word' id='word_1_317' title='bbox 995 1395 1113 1428; x_wconf 85' lang='lat' dir='ltr'>horum</span> <span class='ocrx_word' id='word_1_318' title='bbox 1146 1394 1419 1428; x_wconf 84' lang='lat' dir='ltr'>Discalceatorum</span> <span class='ocrx_word' id='word_1_319' title='bbox 1454 1391 1744 1437; x_wconf 83' lang='lat' dir='ltr'>supplicationibus</span> 
     </span>
     <span class='ocr_line' id='line_1_65' title="bbox 997 1445 1744 1491; baseline -0.005 -10"><span class='ocrx_word' id='word_1_320' title='bbox 997 1448 1155 1489; x_wconf 88' lang='lat' dir='ltr'>inclinati,</span> <span class='ocrx_word' id='word_1_321' title='bbox 1190 1449 1289 1481; x_wconf 88' lang='lat' dir='ltr'>dietas</span> <span class='ocrx_word' id='word_1_322' title='bbox 1316 1446 1461 1491; x_wconf 81' lang='lat' dir='ltr'>Gregorii</span> <span class='ocrx_word' id='word_1_323' title='bbox 1488 1445 1744 1490; x_wconf 80' lang='lat' dir='ltr'>praedecessoris</span> 
     </span>
     <span class='ocr_line' id='line_1_66' title="bbox 994 1499 1744 1546; baseline -0.007 -10"><span class='ocrx_word' id='word_1_324' title='bbox 994 1503 1135 1542; x_wconf 87' lang='lat' dir='ltr'>litteras,</span> <span class='ocrx_word' id='word_1_325' title='bbox 1168 1512 1306 1546; x_wconf 85' lang='lat' dir='ltr'>quarum</span> <span class='ocrx_word' id='word_1_326' title='bbox 1341 1507 1485 1534; x_wconf 87' lang='lat' dir='ltr'>tenorem</span> <span class='ocrx_word' id='word_1_327' title='bbox 1520 1499 1744 1544; x_wconf 87' lang='lat' dir='ltr'>praesentibus</span> 
     </span>
     <span class='ocr_line' id='line_1_67' title="bbox 994 1552 1744 1599; baseline -0.004 -11"><span class='ocrx_word' id='word_1_328' title='bbox 994 1555 1107 1588; x_wconf 85' lang='lat' dir='ltr'>haberi</span> <span class='ocrx_word' id='word_1_329' title='bbox 1126 1556 1272 1588; x_wconf 87' lang='lat' dir='ltr'>volumus</span> <span class='ocrx_word' id='word_1_330' title='bbox 1294 1565 1353 1599; x_wconf 87' lang='lat' dir='ltr'>pro</span> <span class='ocrx_word' id='word_1_331' title='bbox 1373 1564 1536 1598; x_wconf 87' lang='lat' dir='ltr'>expresso,</span> <span class='ocrx_word' id='word_1_332' title='bbox 1555 1558 1617 1585; x_wconf 81' lang='lat' dir='ltr'>tam</span> <span class='ocrx_word' id='word_1_333' title='bbox 1638 1552 1744 1595; x_wconf 86' lang='lat' dir='ltr'>quoad</span> 
     </span>
     <span class='ocr_line' id='line_1_68' title="bbox 995 1606 1742 1653; baseline -0.005 -11"><span class='ocrx_word' id='word_1_334' title='bbox 995 1609 1183 1653; x_wconf 84' lang='lat' dir='ltr'>praemissa,</span> <span class='ocrx_word' id='word_1_335' title='bbox 1206 1619 1303 1652; x_wconf 88' lang='lat' dir='ltr'>quam</span> <span class='ocrx_word' id='word_1_336' title='bbox 1324 1607 1450 1650; x_wconf 89' lang='lat' dir='ltr'>reliqua</span> <span class='ocrx_word' id='word_1_337' title='bbox 1470 1607 1501 1639; x_wconf 92' lang='lat' dir='ltr'>in</span> <span class='ocrx_word' id='word_1_338' title='bbox 1518 1606 1563 1639; x_wconf 87' lang='lat' dir='ltr'>eis</span> <span class='ocrx_word' id='word_1_339' title='bbox 1583 1611 1742 1645; x_wconf 85' lang='lat' dir='ltr'>contenta,</span> 
     </span>
     <span class='ocr_line' id='line_1_69' title="bbox 995 1659 1743 1706; baseline -0.007 -10"><span class='ocrx_word' id='word_1_340' title='bbox 995 1673 1032 1696; x_wconf 89' lang='lat' dir='ltr'>ac</span> <span class='ocrx_word' id='word_1_341' title='bbox 1052 1673 1219 1706; x_wconf 81' lang='lat' dir='ltr'>processus</span> <span class='ocrx_word' id='word_1_342' title='bbox 1239 1662 1365 1694; x_wconf 89' lang='lat' dir='ltr'>habitos</span> <span class='ocrx_word' id='word_1_343' title='bbox 1384 1671 1443 1705; x_wconf 86' lang='lat' dir='ltr'>per</span> <span class='ocrx_word' id='word_1_344' title='bbox 1462 1660 1588 1692; x_wconf 77' lang='lat' dir='ltr'>easdem</span> <span class='ocrx_word' id='word_1_345' title='bbox 1610 1664 1640 1692; x_wconf 88' lang='lat' dir='ltr'>et</span> <span class='ocrx_word' id='word_1_346' title='bbox 1669 1659 1743 1691; x_wconf 89' lang='lat' dir='ltr'>inde</span> 
     </span>
     <span class='ocr_line' id='line_1_70' title="bbox 995 1711 1742 1759; baseline -0.008 -9"><span class='ocrx_word' id='word_1_347' title='bbox 995 1722 1104 1750; x_wconf 87' lang='lat' dir='ltr'>secuta</span> <span class='ocrx_word' id='word_1_348' title='bbox 1115 1716 1223 1750; x_wconf 86' lang='lat' dir='ltr'>omnia</span> <span class='ocrx_word' id='word_1_349' title='bbox 1243 1722 1273 1749; x_wconf 84' lang='lat' dir='ltr'>et</span> <span class='ocrx_word' id='word_1_350' title='bbox 1293 1724 1531 1759; x_wconf 87' lang='lat' dir='ltr'>quaecumque,</span> <span class='ocrx_word' id='word_1_351' title='bbox 1555 1711 1742 1746; x_wconf 87' lang='lat' dir='ltr'>auctoritate</span> 
     </span>
     <span class='ocr_line' id='line_1_71' title="bbox 995 1767 1743 1814; baseline -0.008 -11"><span class='ocrx_word' id='word_1_352' title='bbox 995 1770 1172 1814; x_wconf 83' lang='lat' dir='ltr'>apostoliea</span> <span class='ocrx_word' id='word_1_353' title='bbox 1198 1776 1355 1813; x_wconf 87' lang='lat' dir='ltr'>perpetuo</span> <span class='ocrx_word' id='word_1_354' title='bbox 1376 1767 1594 1811; x_wconf 84' lang='lat' dir='ltr'>approbamus</span> <span class='ocrx_word' id='word_1_355' title='bbox 1614 1771 1645 1798; x_wconf 89' lang='lat' dir='ltr'>et</span> <span class='ocrx_word' id='word_1_356' title='bbox 1665 1775 1743 1798; x_wconf 89' lang='lat' dir='ltr'>con-</span> 
     </span>
     <span class='ocr_line' id='line_1_72' title="bbox 997 1818 1745 1866; baseline -0.008 -10"><span class='ocrx_word' id='word_1_357' title='bbox 997 1823 1176 1863; x_wconf 87' lang='lat' dir='ltr'>firmamus,</span> <span class='ocrx_word' id='word_1_358' title='bbox 1199 1823 1324 1866; x_wconf 86' lang='lat' dir='ltr'>illisque</span> <span class='ocrx_word' id='word_1_359' title='bbox 1340 1826 1529 1866; x_wconf 87' lang='lat' dir='ltr'>perpetuae,</span> <span class='ocrx_word' id='word_1_360' title='bbox 1551 1818 1745 1852; x_wconf 82' lang='lat' dir='ltr'>inviolabilis</span> 
     </span>
     <span class='ocr_line' id='line_1_73' title="bbox 996 1871 1745 1916; baseline -0.009 -6"><span class='ocrx_word' id='word_1_361' title='bbox 996 1882 1027 1910; x_wconf 84' lang='lat' dir='ltr'>et</span> <span class='ocrx_word' id='word_1_362' title='bbox 1044 1876 1253 1910; x_wconf 83' lang='lat' dir='ltr'>inconcussae</span> <span class='ocrx_word' id='word_1_363' title='bbox 1275 1875 1435 1908; x_wconf 85' lang='lat' dir='ltr'>firmitatis</span> <span class='ocrx_word' id='word_1_364' title='bbox 1455 1871 1745 1916; x_wconf 13' lang='lat' dir='ltr'>etrapprobationis</span> 
     </span>
     <span class='ocr_line' id='line_1_74' title="bbox 996 1924 1745 1974; baseline -0.009 -11"><span class='ocrx_word' id='word_1_365' title='bbox 996 1930 1190 1974; x_wconf 86' lang='lat' dir='ltr'>apostolieae</span> <span class='ocrx_word' id='word_1_366' title='bbox 1217 1929 1316 1962; x_wconf 89' lang='lat' dir='ltr'>robur</span> <span class='ocrx_word' id='word_1_367' title='bbox 1335 1927 1516 1967; x_wconf 87' lang='lat' dir='ltr'>adiicimus,</span> <span class='ocrx_word' id='word_1_368' title='bbox 1543 1935 1645 1968; x_wconf 87' lang='lat' dir='ltr'>eaque</span> <span class='ocrx_word' id='word_1_369' title='bbox 1673 1924 1745 1957; x_wconf 89' lang='lat' dir='ltr'>uni-</span> 
     </span>
     <span class='ocr_line' id='line_1_75' title="bbox 995 1979 1744 2026; baseline -0.009 -9"><span class='ocrx_word' id='word_1_370' title='bbox 995 1994 1084 2017; x_wconf 88' lang='lat' dir='ltr'>versa</span> <span class='ocrx_word' id='word_1_371' title='bbox 1104 1989 1135 2017; x_wconf 86' lang='lat' dir='ltr'>et</span> <span class='ocrx_word' id='word_1_372' title='bbox 1158 1984 1283 2026; x_wconf 77' lang='lat' dir='ltr'>singula</span> <span class='ocrx_word' id='word_1_373' title='bbox 1303 1981 1479 2026; x_wconf 82' lang='lat' dir='ltr'>praesentis</span> <span class='ocrx_word' id='word_1_374' title='bbox 1501 1979 1610 2023; x_wconf 87' lang='lat' dir='ltr'>scripti</span> <span class='ocrx_word' id='word_1_375' title='bbox 1634 1984 1744 2022; x_wconf 89' lang='lat' dir='ltr'>patro-</span> 
     </span>
     <span class='ocr_line' id='line_1_76' title="bbox 996 2037 1744 2077; baseline -0.009 -6"><span class='ocrx_word' id='word_1_376' title='bbox 996 2038 1081 2072; x_wconf 87' lang='lat' dir='ltr'>cinio</span> <span class='ocrx_word' id='word_1_377' title='bbox 1113 2037 1364 2077; x_wconf 87' lang='lat' dir='ltr'>communimus,</span> <span class='ocrx_word' id='word_1_378' title='bbox 1387 2046 1423 2068; x_wconf 81' lang='lat' dir='ltr'>ac</span> <span class='ocrx_word' id='word_1_379' title='bbox 1453 2044 1564 2067; x_wconf 89' lang='lat' dir='ltr'>omnes</span> <span class='ocrx_word' id='word_1_380' title='bbox 1593 2038 1623 2066; x_wconf 86' lang='lat' dir='ltr'>et</span> <span class='ocrx_word' id='word_1_381' title='bbox 1651 2042 1744 2076; x_wconf 84' lang='lat' dir='ltr'>quas-</span> 
     </span>
     <span class='ocr_line' id='line_1_77' title="bbox 996 2086 1743 2135; baseline -0.009 -11"><span class='ocrx_word' id='word_1_382' title='bbox 996 2102 1136 2135; x_wconf 88' lang='lat' dir='ltr'>cumque</span> <span class='ocrx_word' id='word_1_383' title='bbox 1156 2091 1235 2123; x_wconf 87' lang='lat' dir='ltr'>iuris</span> <span class='ocrx_word' id='word_1_384' title='bbox 1264 2096 1293 2122; x_wconf 88' lang='lat' dir='ltr'>et</span> <span class='ocrx_word' id='word_1_385' title='bbox 1322 2089 1394 2122; x_wconf 86' lang='lat' dir='ltr'>facti</span> <span class='ocrx_word' id='word_1_386' title='bbox 1425 2088 1473 2120; x_wconf 89' lang='lat' dir='ltr'>vel</span> <span class='ocrx_word' id='word_1_387' title='bbox 1503 2086 1743 2119; x_wconf 87' lang='lat' dir='ltr'>solemnitatum</span> 
     </span>
    </p>
   </div>
   <div class='ocr_carea' id='block_1_9' title="bbox 975 458 978 603">
    <p class='ocr_par' dir='ltr' id='par_1_14' title="bbox 975 458 978 603">
     <span class='ocr_line' id='line_1_78' title="bbox 975 458 978 603; baseline 0 0"><span class='ocrx_word' id='word_1_388' title='bbox 975 458 978 603; x_wconf 95' lang='lat' dir='ltr'> </span> 
     </span>
    </p>
   </div>
   <div class='ocr_carea' id='block_1_10' title="bbox 207 2126 1744 2251">
    <p class='ocr_par' dir='ltr' id='par_1_15' title="bbox 207 2126 1744 2251">
     <span class='ocr_line' id='line_1_79' title="bbox 207 2126 1742 2192; baseline -0.007 -10"><span class='ocrx_word' id='word_1_389' title='bbox 207 2153 290 2189; x_wconf 89' lang='lat' dir='ltr'>rent;</span> <span class='ocrx_word' id='word_1_390' title='bbox 318 2148 394 2192; x_wconf 87' lang='lat' dir='ltr'>ipsis</span> <span class='ocrx_word' id='word_1_391' title='bbox 414 2149 510 2181; x_wconf 83' lang='lat' dir='ltr'>etiam</span> <span class='ocrx_word' id='word_1_392' title='bbox 536 2148 740 2181; x_wconf 84' lang='lat' dir='ltr'>Discaleeatis</span> <span class='ocrx_word' id='word_1_393' title='bbox 762 2148 894 2181; x_wconf 80' lang='lat' dir='ltr'>indulsit</span> <span class='ocrx_word' id='word_1_394' title='bbox 914 2159 953 2181; x_wconf 83' lang='lat' dir='ltr'>ne</span> <span class='ocrx_word' id='word_1_395' title='bbox 973 2126 976 2192; x_wconf 75' lang='grc'>1</span> <span class='ocrx_word' id='word_1_396' title='bbox 996 2151 1050 2178; x_wconf 80' lang='lat' dir='ltr'>aut</span> <span class='ocrx_word' id='word_1_397' title='bbox 1070 2144 1148 2177; x_wconf 85' lang='lat' dir='ltr'>alios</span> <span class='ocrx_word' id='word_1_398' title='bbox 1168 2144 1321 2183; x_wconf 82' lang='lat' dir='ltr'>desectus,</span> <span class='ocrx_word' id='word_1_399' title='bbox 1345 2142 1439 2175; x_wconf 86' lang='lat' dir='ltr'>etiam</span> <span class='ocrx_word' id='word_1_400' title='bbox 1461 2140 1695 2180; x_wconf 85' lang='lat' dir='ltr'>substantiales,</span> <span class='ocrx_word' id='word_1_401' title='bbox 1717 2137 1742 2172; x_wconf 93' lang='lat' dir='ltr'>si</span> 
     </span>
     <span class='ocr_line' id='line_1_80' title="bbox 207 2193 1744 2251; baseline -0.008 -14"><span class='ocrx_word' id='word_1_402' title='bbox 207 2200 252 2234; x_wconf 81' lang='lat' dir='ltr'>eis</span> <span class='ocrx_word' id='word_1_403' title='bbox 272 2201 339 2235; x_wconf 90' lang='lat' dir='ltr'>ullo</span> <span class='ocrx_word' id='word_1_404' title='bbox 365 2202 462 2235; x_wconf 87' lang='lat' dir='ltr'>modo</span> <span class='ocrx_word' id='word_1_405' title='bbox 494 2212 609 2245; x_wconf 84' lang='lat' dir='ltr'>parere</span> <span class='ocrx_word' id='word_1_406' title='bbox 634 2207 688 2234; x_wconf 89' lang='lat' dir='ltr'>aut</span> <span class='ocrx_word' id='word_1_407' title='bbox 712 2202 834 2234; x_wconf 81' lang='lat' dir='ltr'>deferre</span> <span class='ocrx_word' id='word_1_408' title='bbox 866 2207 952 2235; x_wconf 82' lang='lat' dir='ltr'>tene·</span> <span class='ocrx_word' id='word_1_409' title='bbox 973 2194 977 2251; x_wconf 65' lang='grc' dir='ltr'>ι</span> <span class='ocrx_word' id='word_1_410' title='bbox 997 2198 1051 2242; x_wconf 90' lang='lat' dir='ltr'>qni</span> <span class='ocrx_word' id='word_1_411' title='bbox 1074 2197 1303 2231; x_wconf 87' lang='lat' dir='ltr'>intervenerint</span> <span class='ocrx_word' id='word_1_412' title='bbox 1332 2196 1363 2228; x_wconf 91' lang='lat' dir='ltr'>in</span> <span class='ocrx_word' id='word_1_413' title='bbox 1389 2195 1522 2234; x_wconf 89' lang='lat' dir='ltr'>eisdem,</span> <span class='ocrx_word' id='word_1_414' title='bbox 1544 2193 1744 2238; x_wconf 86' lang='lat' dir='ltr'>supplemus,</span> 
     </span>
    </p>
   </div>
   <div class='ocr_carea' id='block_1_11' title="bbox 196 2254 956 2298">
    <p class='ocr_par' dir='ltr' id='par_1_16' title="bbox 196 2254 956 2298">
     <span class='ocr_line' id='line_1_81' title="bbox 196 2254 956 2298; baseline 0 -11"><span class='ocrx_word' id='word_1_415' title='bbox 196 2259 332 2294; x_wconf 86' lang='lat' dir='ltr'>·rentur,</span> <span class='ocrx_word' id='word_1_416' title='bbox 354 2255 440 2288; x_wconf 77' lang='lat' dir='ltr'>salva</span> <span class='ocrx_word' id='word_1_417' title='bbox 460 2260 569 2287; x_wconf 85' lang='lat' dir='ltr'>tamen</span> <span class='ocrx_word' id='word_1_418' title='bbox 601 2255 632 2287; x_wconf 90' lang='lat' dir='ltr'>in</span> <span class='ocrx_word' id='word_1_419' title='bbox 653 2254 785 2298; x_wconf 85' lang='lat' dir='ltr'>reliquis</span> <span class='ocrx_word' id='word_1_420' title='bbox 805 2255 956 2288; x_wconf 89' lang='lat' dir='ltr'>obedien-</span> 
     </span>
    </p>
   </div>
   <div class='ocr_carea' id='block_1_12' title="bbox 207 2305 956 2352">
    <p class='ocr_par' dir='ltr' id='par_1_17' title="bbox 207 2305 956 2352">
     <span class='ocr_line' id='line_1_82' title="bbox 207 2305 956 2352; baseline -0.001 -11"><span class='ocrx_word' id='word_1_421' title='bbox 207 2307 251 2341; x_wconf 90' lang='lat' dir='ltr'>tia</span> <span class='ocrx_word' id='word_1_422' title='bbox 280 2308 398 2352; x_wconf 85' lang='lat' dir='ltr'>prioris</span> <span class='ocrx_word' id='word_1_423' title='bbox 425 2305 708 2351; x_wconf 77' lang='lat' dir='ltr'>generalis‘&#39;totius</span> <span class='ocrx_word' id='word_1_424' title='bbox 735 2307 872 2349; x_wconf 85' lang='lat' dir='ltr'>Ordinis,</span> <span class='ocrx_word' id='word_1_425' title='bbox 904 2307 956 2341; x_wconf 87' lang='lat' dir='ltr'>eui</span> 
     </span>
    </p>
   </div>
   <div class='ocr_carea' id='block_1_13' title="bbox 974 2246 1744 2295">
    <p class='ocr_par' dir='ltr' id='par_1_18' title="bbox 974 2246 1744 2295">
     <span class='ocr_line' id='line_1_83' title="bbox 974 2246 1744 2295; baseline -0.009 -10"><span class='ocrx_word' id='word_1_426' title='bbox 974 2254 977 2279; x_wconf 67' lang='lat' dir='ltr'>l</span> <span class='ocrx_word' id='word_1_427' title='bbox 997 2263 1100 2295; x_wconf 87' lang='lat' dir='ltr'>eaque</span> <span class='ocrx_word' id='word_1_428' title='bbox 1124 2251 1164 2284; x_wconf 85' lang='lat' dir='ltr'>de</span> <span class='ocrx_word' id='word_1_429' title='bbox 1184 2261 1266 2284; x_wconf 72' lang='lat' dir='ltr'>novo</span> <span class='ocrx_word' id='word_1_430' title='bbox 1292 2260 1349 2293; x_wconf 91' lang='lat' dir='ltr'>per</span> <span class='ocrx_word' id='word_1_431' title='bbox 1375 2253 1569 2292; x_wconf 85' lang='lat' dir='ltr'>praesentes,</span> <span class='ocrx_word' id='word_1_432' title='bbox 1595 2246 1673 2279; x_wconf 86' lang='lat' dir='ltr'>alias</span> <span class='ocrx_word' id='word_1_433' title='bbox 1696 2250 1744 2278; x_wconf 83' lang='lat' dir='ltr'>ta-</span> 
     </span>
    </p>
   </div>
   <div class='ocr_carea' id='block_1_14' title="bbox 975 2300 1744 2359">
    <p class='ocr_par' dir='ltr' id='par_1_19' title="bbox 975 2300 1744 2359">
     <span class='ocr_line' id='line_1_84' title="bbox 975 2300 1744 2359; baseline -0.008 -20"><span class='ocrx_word' id='word_1_434' title='bbox 975 2329 978 2359; x_wconf 62' lang='grc' dir='ltr'>ι</span> <span class='ocrx_word' id='word_1_435' title='bbox 998 2316 1071 2338; x_wconf 87' lang='lat' dir='ltr'>men</span> <span class='ocrx_word' id='word_1_436' title='bbox 1092 2306 1177 2338; x_wconf 90' lang='lat' dir='ltr'>iuxta</span> <span class='ocrx_word' id='word_1_437' title='bbox 1193 2305 1326 2337; x_wconf 82' lang='lat' dir='ltr'>soi-main</span> <span class='ocrx_word' id='word_1_438' title='bbox 1349 2309 1380 2336; x_wconf 89' lang='lat' dir='ltr'>et</span> <span class='ocrx_word' id='word_1_439' title='bbox 1400 2308 1543 2335; x_wconf 87' lang='lat' dir='ltr'>tenorem</span> <span class='ocrx_word' id='word_1_440' title='bbox 1563 2300 1744 2345; x_wconf 88' lang='lat' dir='ltr'>praedicta-</span> 
     </span>
    </p>
   </div>
   <div class='ocr_carea' id='block_1_15' title="bbox 208 2354 1742 2414">
    <p class='ocr_par' dir='ltr' id='par_1_20' title="bbox 208 2354 1742 2414">
     <span class='ocr_line' id='line_1_85' title="bbox 208 2354 1742 2414; baseline -0.006 -19"><span class='ocrx_word' id='word_1_441' title='bbox 208 2371 263 2395; x_wconf 90' lang='lat' dir='ltr'>eos</span> <span class='ocrx_word' id='word_1_442' title='bbox 283 2366 439 2406; x_wconf 87' lang='lat' dir='ltr'>perpetuo</span> <span class='ocrx_word' id='word_1_443' title='bbox 465 2362 626 2394; x_wconf 83' lang='lat' dir='ltr'>subiectos</span> <span class='ocrx_word' id='word_1_444' title='bbox 651 2372 718 2394; x_wconf 77' lang='lat' dir='ltr'>esse</span> <span class='ocrx_word' id='word_1_445' title='bbox 740 2367 768 2394; x_wconf 86' lang='lat' dir='ltr'>ct</span> <span class='ocrx_word' id='word_1_446' title='bbox 789 2361 955 2395; x_wconf 86' lang='lat' dir='ltr'>subiacere</span> <span class='ocrx_word' id='word_1_447' title='bbox 974 2361 978 2414; x_wconf 60' lang='lat' dir='ltr'>l</span> <span class='ocrx_word' id='word_1_448' title='bbox 998 2370 1069 2392; x_wconf 89' lang='lat' dir='ltr'>rum</span> <span class='ocrx_word' id='word_1_449' title='bbox 1091 2358 1235 2401; x_wconf 77' lang='lat' dir='ltr'>Gregorii</span> <span class='ocrx_word' id='word_1_450' title='bbox 1266 2355 1522 2401; x_wconf 86' lang='lat' dir='ltr'>praedecessoris</span> <span class='ocrx_word' id='word_1_451' title='bbox 1549 2354 1742 2395; x_wconf 81' lang='lat' dir='ltr'>litterarum,</span> 
     </span>
    </p>
   </div>
   <div class='ocr_carea' id='block_1_16' title="bbox 208 2410 955 2502">
    <p class='ocr_par' dir='ltr' id='par_1_21' title="bbox 208 2410 955 2502">
     <span class='ocr_line' id='line_1_86' title="bbox 209 2410 955 2454; baseline -0.001 -10"><span class='ocrx_word' id='word_1_452' title='bbox 209 2411 321 2451; x_wconf 74' lang='lat' dir='ltr'>voluit,</span> <span class='ocrx_word' id='word_1_453' title='bbox 335 2411 462 2454; x_wconf 86' lang='lat' dir='ltr'>aliaque</span> <span class='ocrx_word' id='word_1_454' title='bbox 477 2412 633 2443; x_wconf 79' lang='lat' dir='ltr'>nonnulla</span> <span class='ocrx_word' id='word_1_455' title='bbox 646 2410 765 2443; x_wconf 80' lang='lat' dir='ltr'>eisdem</span> <span class='ocrx_word' id='word_1_456' title='bbox 778 2410 955 2443; x_wconf 84' lang='lat' dir='ltr'>Discaleca-</span> 
     </span>
     <span class='ocr_line' id='line_1_87' title="bbox 208 2460 954 2502; baseline -0.003 -8"><span class='ocrx_word' id='word_1_457' title='bbox 208 2461 260 2502; x_wconf 87' lang='lat' dir='ltr'>tis,</span> <span class='ocrx_word' id='word_1_458' title='bbox 289 2460 348 2493; x_wconf 90' lang='lat' dir='ltr'>sub</span> <span class='ocrx_word' id='word_1_459' title='bbox 377 2460 471 2493; x_wconf 86' lang='lat' dir='ltr'>certis</span> <span class='ocrx_word' id='word_1_460' title='bbox 497 2461 591 2492; x_wconf 90' lang='lat' dir='ltr'>modo</span> <span class='ocrx_word' id='word_1_461' title='bbox 617 2467 647 2493; x_wconf 87' lang='lat' dir='ltr'>et.</span> <span class='ocrx_word' id='word_1_462' title='bbox 672 2462 774 2493; x_wconf 83' lang='lat' dir='ltr'>l&#39;orma</span> <span class='ocrx_word' id='word_1_463' title='bbox 800 2466 877 2493; x_wconf 86' lang='lat' dir='ltr'>tune</span> <span class='ocrx_word' id='word_1_464' title='bbox 901 2470 954 2492; x_wconf 82' lang='lat' dir='ltr'>ex-</span> 
     </span>
    </p>
   </div>
   <div class='ocr_carea' id='block_1_17' title="bbox 158 2509 956 2554">
    <p class='ocr_par' dir='ltr' id='par_1_22' title="bbox 158 2509 956 2554">
     <span class='ocr_line' id='line_1_88' title="bbox 158 2509 956 2554; baseline -0.004 -10"><span class='ocrx_word' id='word_1_465' title='bbox 158 2526 161 2527; x_wconf 55' lang='grc'>’</span> <span class='ocrx_word' id='word_1_466' title='bbox 210 2510 339 2554; x_wconf 70' lang='lat' dir='ltr'>pressis,</span> <span class='ocrx_word' id='word_1_467' title='bbox 367 2509 524 2542; x_wconf 85' lang='lat' dir='ltr'>concessit</span> <span class='ocrx_word' id='word_1_468' title='bbox 544 2515 573 2541; x_wconf 85' lang='lat' dir='ltr'>et</span> <span class='ocrx_word' id='word_1_469' title='bbox 595 2509 736 2547; x_wconf 82' lang='lat' dir='ltr'>indulsit,</span> <span class='ocrx_word' id='word_1_470' title='bbox 759 2520 831 2541; x_wconf 86' lang='lat' dir='ltr'>cum</span> <span class='ocrx_word' id='word_1_471' title='bbox 858 2509 895 2542; x_wconf 89' lang='lat' dir='ltr'>de</span> <span class='ocrx_word' id='word_1_472' title='bbox 911 2509 956 2541; x_wconf 80' lang='lat' dir='ltr'>sic</span> 
     </span>
    </p>
   </div>
   <div class='ocr_carea' id='block_1_18' title="bbox 975 2404 1747 2545">
    <p class='ocr_par' dir='ltr' id='par_1_23' title="bbox 975 2404 1747 2545">
     <span class='ocr_line' id='line_1_89' title="bbox 975 2404 1745 2449; baseline -0.008 -7"><span class='ocrx_word' id='word_1_473' title='bbox 975 2417 978 2448; x_wconf 85' lang='grc' dir='ltr'>ι</span> <span class='ocrx_word' id='word_1_474' title='bbox 998 2408 1218 2447; x_wconf 80' lang='lat' dir='ltr'>concedimus,</span> <span class='ocrx_word' id='word_1_475' title='bbox 1239 2407 1454 2449; x_wconf 76' lang='lat' dir='ltr'>indulgemus,</span> <span class='ocrx_word' id='word_1_476' title='bbox 1473 2404 1745 2438; x_wconf 81' lang='lat' dir='ltr'>statuimusetor-</span> 
     </span>
     <span class='ocr_line' id='line_1_90' title="bbox 999 2452 1747 2499; baseline -0.008 -9"><span class='ocrx_word' id='word_1_477' title='bbox 999 2457 1160 2497; x_wconf 83' lang='lat' dir='ltr'>dinanius,</span> <span class='ocrx_word' id='word_1_478' title='bbox 1182 2467 1219 2489; x_wconf 74' lang='lat' dir='ltr'>ac</span> <span class='ocrx_word' id='word_1_479' title='bbox 1241 2466 1297 2499; x_wconf 83' lang='lat' dir='ltr'>per</span> <span class='ocrx_word' id='word_1_480' title='bbox 1317 2466 1371 2488; x_wconf 87' lang='lat' dir='ltr'>eos</span> <span class='ocrx_word' id='word_1_481' title='bbox 1390 2455 1429 2487; x_wconf 88' lang='lat' dir='ltr'>ad</span> <span class='ocrx_word' id='word_1_482' title='bbox 1451 2464 1532 2497; x_wconf 90' lang='lat' dir='ltr'>quos</span> <span class='ocrx_word' id='word_1_483' title='bbox 1552 2457 1673 2496; x_wconf 85' lang='lat' dir='ltr'>spectat</span> <span class='ocrx_word' id='word_1_484' title='bbox 1693 2452 1747 2485; x_wconf 87' lang='lat' dir='ltr'>fir-</span> 
     </span>
     <span class='ocr_line' id='line_1_91' title="bbox 1000 2502 1746 2545; baseline -0.005 -7"><span class='ocrx_word' id='word_1_485' title='bbox 1000 2507 1105 2545; x_wconf 81' lang='lat' dir='ltr'>miter,</span> <span class='ocrx_word' id='word_1_486' title='bbox 1133 2505 1279 2538; x_wconf 84' lang='lat' dir='ltr'>inviolate</span> <span class='ocrx_word' id='word_1_487' title='bbox 1300 2504 1461 2537; x_wconf 74' lang='lat' dir='ltr'>observari</span> <span class='ocrx_word' id='word_1_488' title='bbox 1484 2503 1517 2535; x_wconf 92' lang='lat' dir='ltr'>in</span> <span class='ocrx_word' id='word_1_489' title='bbox 1541 2502 1692 2536; x_wconf 89' lang='lat' dir='ltr'>omnibus</span> <span class='ocrx_word' id='word_1_490' title='bbox 1716 2506 1746 2534; x_wconf 85' lang='lat' dir='ltr'>et</span> 
     </span>
    </p>
   </div>
   <div class='ocr_carea' id='block_1_19' title="bbox 975 2449 979 2552">
    <p class='ocr_par' dir='ltr' id='par_1_24' title="bbox 975 2449 979 2552">
     <span class='ocr_line' id='line_1_92' title="bbox 975 2449 979 2552; baseline 0 0"><span class='ocrx_word' id='word_1_491' title='bbox 975 2449 979 2552; x_wconf 95' lang='lat' dir='ltr'> </span> 
     </span>
    </p>
   </div>
   <div class='ocr_carea' id='block_1_20' title="bbox 211 2552 1698 2606">
    <p class='ocr_par' dir='ltr' id='par_1_25' title="bbox 211 2552 1698 2606">
     <span class='ocr_line' id='line_1_93' title="bbox 211 2552 1698 2606; baseline -0.006 -14"><span class='ocrx_word' id='word_1_492' title='bbox 211 2558 383 2592; x_wconf 88' lang='lat' dir='ltr'>iudicando</span> <span class='ocrx_word' id='word_1_493' title='bbox 404 2563 435 2591; x_wconf 88' lang='lat' dir='ltr'>et</span> <span class='ocrx_word' id='word_1_494' title='bbox 460 2557 596 2590; x_wconf 89' lang='lat' dir='ltr'>irritanti</span> <span class='ocrx_word' id='word_1_495' title='bbox 617 2558 751 2601; x_wconf 78' lang='lat' dir='ltr'>aliisque</span> <span class='ocrx_word' id='word_1_496' title='bbox 771 2557 907 2590; x_wconf 65' lang='lat' dir='ltr'>decretis·</span> <span class='ocrx_word' id='word_1_497' title='bbox 927 2563 958 2590; x_wconf 87' lang='lat' dir='ltr'>et</span> <span class='ocrx_word' id='word_1_498' title='bbox 975 2553 979 2606; x_wconf 58' lang='lat' dir='ltr'>l</span> <span class='ocrx_word' id='word_1_499' title='bbox 1000 2566 1057 2599; x_wconf 88' lang='lat' dir='ltr'>per</span> <span class='ocrx_word' id='word_1_500' title='bbox 1077 2555 1186 2587; x_wconf 85' lang='lat' dir='ltr'>omnia</span> <span class='ocrx_word' id='word_1_501' title='bbox 1210 2554 1428 2597; x_wconf 79' lang='lat' dir='ltr'>praecipimus</span> <span class='ocrx_word' id='word_1_502' title='bbox 1448 2558 1478 2585; x_wconf 86' lang='lat' dir='ltr'>et</span> <span class='ocrx_word' id='word_1_503' title='bbox 1497 2552 1698 2585; x_wconf 85' lang='lat' dir='ltr'>mandamns.</span> 
     </span>
    </p>
   </div>
   <div class='ocr_carea' id='block_1_21' title="bbox 211 2606 980 2652">
    <p class='ocr_par' dir='ltr' id='par_1_26' title="bbox 211 2606 980 2652">
     <span class='ocr_line' id='line_1_94' title="bbox 211 2606 980 2652; baseline -0.003 -12"><span class='ocrx_word' id='word_1_504' title='bbox 211 2607 363 2641; x_wconf 83' lang='lat' dir='ltr'>clausulis</span> <span class='ocrx_word' id='word_1_505' title='bbox 383 2607 625 2652; x_wconf 73' lang='lat' dir='ltr'>praeservatiris</span> <span class='ocrx_word' id='word_1_506' title='bbox 644 2613 673 2639; x_wconf 90' lang='lat' dir='ltr'>et</span> <span class='ocrx_word' id='word_1_507' title='bbox 694 2606 957 2649; x_wconf 77' lang='lat' dir='ltr'>derogationibus</span> <span class='ocrx_word' id='word_1_508' title='bbox 975 2609 980 2638; x_wconf 81' lang='lat' dir='ltr'>t</span> 
     </span>
    </p>
   </div>
   <div class='ocr_carea' id='block_1_22' title="bbox 1044 2600 1748 2647">
    <p class='ocr_par' dir='ltr' id='par_1_27' title="bbox 1044 2600 1748 2647">
     <span class='ocr_line' id='line_1_95' title="bbox 1044 2600 1748 2647; baseline -0.007 -10"><span class='ocrx_word' id='word_1_509' title='bbox 1044 2604 1113 2647; x_wconf 62' lang='lat' dir='ltr'>gb.</span> <span class='ocrx_word' id='word_1_510' title='bbox 1136 2603 1350 2636; x_wconf 80' lang='lat' dir='ltr'>Decernentes</span> <span class='ocrx_word' id='word_1_511' title='bbox 1369 2612 1406 2636; x_wconf 82' lang='lat' dir='ltr'>ex</span> <span class='ocrx_word' id='word_1_512' title='bbox 1431 2611 1519 2635; x_wconf 87' lang='lat' dir='ltr'>nunc</span> <span class='ocrx_word' id='word_1_513' title='bbox 1552 2600 1682 2635; x_wconf 83' lang='lat' dir='ltr'>irritum</span> <span class='ocrx_word' id='word_1_514' title='bbox 1716 2604 1748 2632; x_wconf 88' lang='lat' dir='ltr'>et</span> 
     </span>
    </p>
   </div>
   <div class='ocr_carea' id='block_1_23' title="bbox 1766 218 1951 250">
    <p class='ocr_par' dir='ltr' id='par_1_28' title="bbox 1766 218 1951 250">
     <span class='ocr_line' id='line_1_96' title="bbox 1766 218 1951 250; baseline 0 -4"><span class='ocrx_word' id='word_1_515' title='bbox 1766 218 1816 246; x_wconf 85' lang='lat' dir='ltr'>An.</span> <span class='ocrx_word' id='word_1_516' title='bbox 1834 218 1864 247; x_wconf 90' lang='lat' dir='ltr'>C.</span> <span class='ocrx_word' id='word_1_517' title='bbox 1879 219 1951 250; x_wconf 64' lang='lat'>1585</span> 
     </span>
    </p>
   </div>
   <div class='ocr_carea' id='block_1_24' title="bbox 1761 599 1950 746">
    <p class='ocr_par' dir='ltr' id='par_1_29' title="bbox 1761 599 1950 746">
     <span class='ocr_line' id='line_1_97' title="bbox 1789 599 1946 622; baseline 0 -1"><span class='ocrx_word' id='word_1_518' title='bbox 1789 599 1820 621; x_wconf 84' lang='lat' dir='ltr'>Ad</span> <span class='ocrx_word' id='word_1_519' title='bbox 1835 599 1888 622; x_wconf 69' lang='lat' dir='ltr'>haee</span> <span class='ocrx_word' id='word_1_520' title='bbox 1900 606 1946 621; x_wconf 81' lang='lat' dir='ltr'>cum</span> 
     </span>
     <span class='ocr_line' id='line_1_98' title="bbox 1762 632 1950 658; baseline 0.005 -7"><span class='ocrx_word' id='word_1_521' title='bbox 1762 632 1908 658; x_wconf 70' lang='lat' dir='ltr'>processerint</span> <span class='ocrx_word' id='word_1_522' title='bbox 1917 632 1950 652; x_wconf 83' lang='lat' dir='ltr'>di·</span> 
     </span>
     <span class='ocr_line' id='line_1_99' title="bbox 1763 662 1944 687; baseline 0.006 -4"><span class='ocrx_word' id='word_1_523' title='bbox 1763 663 1792 683; x_wconf 80' lang='lat' dir='ltr'>cti</span> <span class='ocrx_word' id='word_1_524' title='bbox 1857 662 1944 687; x_wconf 70' lang='lat' dir='ltr'>tratres.</span> 
     </span>
     <span class='ocr_line' id='line_1_100' title="bbox 1763 694 1946 720; baseline 0.005 -6"><span class='ocrx_word' id='word_1_525' title='bbox 1763 694 1881 715; x_wconf 79' lang='lat' dir='ltr'>confirmari</span> <span class='ocrx_word' id='word_1_526' title='bbox 1911 700 1946 720; x_wconf 79' lang='lat' dir='ltr'>pe-</span> 
     </span>
     <span class='ocr_line' id='line_1_101' title="bbox 1761 724 1943 746; baseline -0.005 0"><span class='ocrx_word' id='word_1_527' title='bbox 1761 724 1943 746; x_wconf 54' lang='lat' dir='ltr'>ianiaresuto.</span> 
     </span>
    </p>
   </div>
   <div class='ocr_carea' id='block_1_25' title="bbox 1757 1338 1942 1392">
    <p class='ocr_par' dir='ltr' id='par_1_30' title="bbox 1757 1338 1942 1392">
     <span class='ocr_line' id='line_1_102' title="bbox 1827 1338 1942 1361; baseline 0.009 -2"><span class='ocrx_word' id='word_1_528' title='bbox 1827 1338 1942 1361; x_wconf 70' lang='lat' dir='ltr'>Confirmat</span> 
     </span>
     <span class='ocr_line' id='line_1_103' title="bbox 1757 1370 1861 1392; baseline -0.01 0"><span class='ocrx_word' id='word_1_529' title='bbox 1757 1370 1861 1392; x_wconf 80' lang='lat' dir='ltr'>Pontttex.</span> 
     </span>
    </p>
   </div>
  </div>
 </body>
</html>
