<?xml version="1.0" encoding="UTF-8"?>
<!DOCTYPE html PUBLIC "-//W3C//DTD XHTML 1.0 Transitional//EN"
    "http://www.w3.org/TR/xhtml1/DTD/xhtml1-transitional.dtd">
<html xmlns="http://www.w3.org/1999/xhtml" xml:lang="en" lang="en">
 <head>
  <title>
</title>
<meta http-equiv="Content-Type" content="text/html;charset=utf-8" />
  <meta name='ocr-system' content='tesseract 3.04.00' />
  <meta name='ocr-capabilities' content='ocr_page ocr_carea ocr_par ocr_line ocrx_word'/>
</head>
<body>
  <div class='ocr_page' id='page_1' title='image "./bullarumdiplomat08cath_0601.png"; bbox 0 0 2059 3228; ppageno 0'>
   <div class='ocr_carea' id='block_1_1' title="bbox 51 1287 106 1308">
    <p class='ocr_par' dir='ltr' id='par_1_1' title="bbox 51 1287 106 1308">
     <span class='ocr_line' id='line_1_1' title="bbox 51 1287 106 1308; baseline 0 0"><span class='ocrx_word' id='word_1_1' title='bbox 51 1287 53 1289; x_wconf 65' lang='grc'><strong><em>’</em></strong></span> <span class='ocrx_word' id='word_1_2' title='bbox 98 1295 106 1308; x_wconf 65' lang='grc' dir='ltr'><strong><em>ι</em></strong></span> 
     </span>
    </p>
   </div>
   <div class='ocr_carea' id='block_1_2' title="bbox 85 334 962 1868">
    <p class='ocr_par' dir='ltr' id='par_1_2' title="bbox 148 334 962 1394">
     <span class='ocr_line' id='line_1_2' title="bbox 148 334 961 382; baseline -0.002 -13"><span class='ocrx_word' id='word_1_3' title='bbox 148 339 151 342; x_wconf 76' lang='grc'>’</span> <span class='ocrx_word' id='word_1_4' title='bbox 203 335 360 382; x_wconf 59' lang='grc' dir='ltr'><strong>’ρετίοτεε</strong></span> <span class='ocrx_word' id='word_1_5' title='bbox 379 339 410 369; x_wconf 89' lang='lat' dir='ltr'><strong>et</strong></span> <span class='ocrx_word' id='word_1_6' title='bbox 427 344 582 379; x_wconf 78' lang='lat' dir='ltr'>personas</span> <span class='ocrx_word' id='word_1_7' title='bbox 594 345 722 369; x_wconf 86' lang='lat' dir='ltr'><strong>necnon</strong></span> <span class='ocrx_word' id='word_1_8' title='bbox 735 345 795 379; x_wconf 82' lang='lat' dir='ltr'><strong>pro</strong></span> <span class='ocrx_word' id='word_1_9' title='bbox 805 334 850 368; x_wconf 90' lang='lat' dir='ltr'><strong>eis</strong></span> <span class='ocrx_word' id='word_1_10' title='bbox 864 345 961 378; x_wconf 84' lang='lat' dir='ltr'><strong>agen-</strong></span> 
     </span>
     <span class='ocr_line' id='line_1_3' title="bbox 214 387 961 433; baseline -0.003 -11"><span class='ocrx_word' id='word_1_11' title='bbox 214 393 262 423; x_wconf 85' lang='lat' dir='ltr'><strong>tes</strong></span> <span class='ocrx_word' id='word_1_12' title='bbox 282 389 454 433; x_wconf 81' lang='lat' dir='ltr'><strong>praedietis</strong></span> <span class='ocrx_word' id='word_1_13' title='bbox 474 389 694 429; x_wconf 86' lang='lat' dir='ltr'><strong>concessione,</strong></span> <span class='ocrx_word' id='word_1_14' title='bbox 713 388 839 421; x_wconf 90' lang='lat' dir='ltr'><strong>indulto</strong></span> <span class='ocrx_word' id='word_1_15' title='bbox 856 393 887 421; x_wconf 87' lang='lat' dir='ltr'><strong>et</strong></span> <span class='ocrx_word' id='word_1_16' title='bbox 905 387 961 421; x_wconf 90' lang='lat' dir='ltr'><strong>de-</strong></span> 
     </span>
     <span class='ocr_line' id='line_1_4' title="bbox 215 441 961 486; baseline -0.003 -11"><span class='ocrx_word' id='word_1_17' title='bbox 215 447 303 476; x_wconf 86' lang='lat' dir='ltr'><strong>creto</strong></span> <span class='ocrx_word' id='word_1_18' title='bbox 322 442 457 486; x_wconf 88' lang='lat' dir='ltr'><strong>aliisque</strong></span> <span class='ocrx_word' id='word_1_19' title='bbox 472 441 666 486; x_wconf 80' lang='lat' dir='ltr'>praemissis,</span> <span class='ocrx_word' id='word_1_20' title='bbox 679 441 961 475; x_wconf 79' lang='lat' dir='ltr'><strong>iuxtaearumdem</strong></span> 
     </span>
     <span class='ocr_line' id='line_1_5' title="bbox 213 495 962 540; baseline -0.003 -11"><span class='ocrx_word' id='word_1_21' title='bbox 213 495 432 540; x_wconf 87' lang='lat' dir='ltr'><strong>praesentium</strong></span> <span class='ocrx_word' id='word_1_22' title='bbox 453 495 683 529; x_wconf 74' lang='lat' dir='ltr'><strong>continentiam</strong></span> <span class='ocrx_word' id='word_1_23' title='bbox 696 500 725 528; x_wconf 84' lang='lat' dir='ltr'><strong>et</strong></span> <span class='ocrx_word' id='word_1_24' title='bbox 736 500 894 534; x_wconf 86' lang='lat' dir='ltr'><strong>tenorem,</strong></span> <span class='ocrx_word' id='word_1_25' title='bbox 907 504 962 538; x_wconf 88' lang='lat' dir='ltr'><strong>pa-</strong></span> 
     </span>
     <span class='ocr_line' id='line_1_6' title="bbox 187 547 962 592; baseline -0.003 -10"><span class='ocrx_word' id='word_1_26' title='bbox 187 582 190 583; x_wconf 30' lang='lat'><strong>.</strong></span> <span class='ocrx_word' id='word_1_27' title='bbox 214 547 305 582; x_wconf 84' lang='lat' dir='ltr'><strong>cifice</strong></span> <span class='ocrx_word' id='word_1_28' title='bbox 329 548 392 581; x_wconf 83' lang='lat' dir='ltr'><strong>srui</strong></span> <span class='ocrx_word' id='word_1_29' title='bbox 418 555 449 582; x_wconf 89' lang='lat' dir='ltr'><strong>et</strong></span> <span class='ocrx_word' id='word_1_30' title='bbox 476 549 633 592; x_wconf 79' lang='lat' dir='ltr'><strong>gaudere3</strong></span> <span class='ocrx_word' id='word_1_31' title='bbox 656 558 719 581; x_wconf 92' lang='lat' dir='ltr'><strong>non</strong></span> <span class='ocrx_word' id='word_1_32' title='bbox 740 547 962 592; x_wconf 73' lang='lat' dir='ltr'><strong>permittentes</strong></span> 
     </span>
     <span class='ocr_line' id='line_1_7' title="bbox 215 602 959 645; baseline -0.001 -11"><span class='ocrx_word' id='word_1_33' title='bbox 215 611 270 634; x_wconf 86' lang='lat' dir='ltr'><strong>eos</strong></span> <span class='ocrx_word' id='word_1_34' title='bbox 287 606 343 634; x_wconf 85' lang='lat' dir='ltr'><strong>aut</strong></span> <span class='ocrx_word' id='word_1_35' title='bbox 362 612 473 635; x_wconf 91' lang='lat' dir='ltr'><strong>eorum</strong></span> <span class='ocrx_word' id='word_1_36' title='bbox 499 602 786 645; x_wconf 81' lang='lat' dir='ltr'><strong>aliquemdesuper</strong></span> <span class='ocrx_word' id='word_1_37' title='bbox 796 611 854 644; x_wconf 90' lang='lat' dir='ltr'><strong>per</strong></span> <span class='ocrx_word' id='word_1_38' title='bbox 865 610 959 642; x_wconf 86' lang='lat' dir='ltr'><strong>quos-</strong></span> 
     </span>
     <span class='ocr_line' id='line_1_8' title="bbox 184 653 956 698; baseline -0.003 -10"><span class='ocrx_word' id='word_1_39' title='bbox 184 687 186 689; x_wconf 64' lang='lat'><em>,</em></span> <span class='ocrx_word' id='word_1_40' title='bbox 215 664 354 698; x_wconf 86' lang='lat' dir='ltr'><strong>cumque</strong></span> <span class='ocrx_word' id='word_1_41' title='bbox 374 654 769 698; x_wconf 87' lang='lat' dir='ltr'><strong>quomodolibetindebite</strong></span> <span class='ocrx_word' id='word_1_42' title='bbox 782 653 956 694; x_wconf 87' lang='lat' dir='ltr'><strong>molestari,</strong></span> 
     </span>
     <span class='ocr_line' id='line_1_9' title="bbox 213 707 960 752; baseline -0.003 -10"><span class='ocrx_word' id='word_1_43' title='bbox 213 707 396 752; x_wconf 83' lang='lat' dir='ltr'><strong>perturbari</strong></span> <span class='ocrx_word' id='word_1_44' title='bbox 427 713 482 741; x_wconf 86' lang='lat' dir='ltr'><strong>aut</strong></span> <span class='ocrx_word' id='word_1_45' title='bbox 510 707 673 752; x_wconf 88' lang='lat' dir='ltr'><strong>impediri.</strong></span> <span class='ocrx_word' id='word_1_46' title='bbox 701 707 960 740; x_wconf 84' lang='lat' dir='ltr'><strong>Contradictores</strong></span> 
     </span>
     <span class='ocr_line' id='line_1_10' title="bbox 213 760 960 804; baseline -0.001 -10"><span class='ocrx_word' id='word_1_47' title='bbox 213 760 374 804; x_wconf 88' lang='lat' dir='ltr'><strong>quoslibet</strong></span> <span class='ocrx_word' id='word_1_48' title='bbox 393 766 424 795; x_wconf 86' lang='lat' dir='ltr'><strong>et</strong></span> <span class='ocrx_word' id='word_1_49' title='bbox 442 761 588 801; x_wconf 85' lang='lat' dir='ltr'><strong>rebelles,</strong></span> <span class='ocrx_word' id='word_1_50' title='bbox 601 771 660 804; x_wconf 88' lang='lat' dir='ltr'><strong>per</strong></span> <span class='ocrx_word' id='word_1_51' title='bbox 673 760 859 800; x_wconf 82' lang='lat' dir='ltr'><strong>sententias,</strong></span> <span class='ocrx_word' id='word_1_52' title='bbox 886 770 960 794; x_wconf 89' lang='lat' dir='ltr'><strong>cen-</strong></span> 
     </span>
     <span class='ocr_line' id='line_1_11' title="bbox 212 813 959 858; baseline 0 -12"><span class='ocrx_word' id='word_1_53' title='bbox 212 823 305 846; x_wconf 85' lang='lat' dir='ltr'><strong>suras</strong></span> <span class='ocrx_word' id='word_1_54' title='bbox 323 819 355 848; x_wconf 85' lang='lat' dir='ltr'><strong>et</strong></span> <span class='ocrx_word' id='word_1_55' title='bbox 378 824 498 858; x_wconf 88' lang='lat' dir='ltr'><strong>poenas</strong></span> <span class='ocrx_word' id='word_1_56' title='bbox 511 813 744 847; x_wconf 88' lang='lat' dir='ltr'><strong>ecclesiasticas</strong></span> <span class='ocrx_word' id='word_1_57' title='bbox 756 813 883 857; x_wconf 89' lang='lat' dir='ltr'><strong>aliaque</strong></span> <span class='ocrx_word' id='word_1_58' title='bbox 903 825 959 857; x_wconf 89' lang='lat' dir='ltr'><strong>op-</strong></span> 
     </span>
     <span class='ocr_line' id='line_1_12' title="bbox 212 866 958 911; baseline 0 -11"><span class='ocrx_word' id='word_1_59' title='bbox 212 866 440 911; x_wconf 86' lang='lat' dir='ltr'><strong>portunaiuris</strong></span> <span class='ocrx_word' id='word_1_60' title='bbox 449 868 560 900; x_wconf 82' lang='lat' dir='ltr'><strong>etfacti</strong></span> <span class='ocrx_word' id='word_1_61' title='bbox 579 868 732 908; x_wconf 86' lang='lat' dir='ltr'><strong>remedia,</strong></span> <span class='ocrx_word' id='word_1_62' title='bbox 744 868 958 911; x_wconf 75' lang='lat' dir='ltr'><strong>appellatione</strong></span> 
     </span>
     <span class='ocr_line' id='line_1_13' title="bbox 201 919 959 965; baseline 0 -12"><span class='ocrx_word' id='word_1_63' title='bbox 201 919 401 964; x_wconf 71' lang='lat' dir='ltr'><strong>postposita,</strong></span> <span class='ocrx_word' id='word_1_64' title='bbox 423 921 657 965; x_wconf 87' lang='lat' dir='ltr'><strong>compescendo</strong></span> <span class='ocrx_word' id='word_1_65' title='bbox 669 932 678 961; x_wconf 87' lang='lat'>;</span> <span class='ocrx_word' id='word_1_66' title='bbox 691 920 896 964; x_wconf 81' lang='lat' dir='ltr'><strong>ac‚legitimis</strong></span> <span class='ocrx_word' id='word_1_67' title='bbox 908 932 959 954; x_wconf 92' lang='lat' dir='ltr'><strong>su-</strong></span> 
     </span>
     <span class='ocr_line' id='line_1_14' title="bbox 211 973 959 1018; baseline 0 -12"><span class='ocrx_word' id='word_1_68' title='bbox 211 983 271 1016; x_wconf 89' lang='lat' dir='ltr'><strong>per</strong></span> <span class='ocrx_word' id='word_1_69' title='bbox 280 973 330 1006; x_wconf 91' lang='lat' dir='ltr'><strong>his</strong></span> <span class='ocrx_word' id='word_1_70' title='bbox 341 973 497 1007; x_wconf 82' lang='lat' dir='ltr'><strong>habendis</strong></span> <span class='ocrx_word' id='word_1_71' title='bbox 511 973 643 1007; x_wconf 85' lang='lat' dir='ltr'><strong>servatis</strong></span> <span class='ocrx_word' id='word_1_72' title='bbox 655 974 871 1018; x_wconf 66' lang='lat' dir='ltr'><strong>processibus,</strong></span> <span class='ocrx_word' id='word_1_73' title='bbox 888 974 959 1006; x_wconf 88' lang='lat' dir='ltr'><strong>illos</strong></span> 
     </span>
     <span class='ocr_line' id='line_1_15' title="bbox 210 1025 957 1071; baseline 0 -12"><span class='ocrx_word' id='word_1_74' title='bbox 210 1025 396 1068; x_wconf 77' lang='lat' dir='ltr'><strong>sententias,</strong></span> <span class='ocrx_word' id='word_1_75' title='bbox 418 1037 572 1061; x_wconf 86' lang='lat' dir='ltr'><strong>censuras</strong></span> <span class='ocrx_word' id='word_1_76' title='bbox 588 1032 619 1060; x_wconf 86' lang='lat' dir='ltr'><strong>et</strong></span> <span class='ocrx_word' id='word_1_77' title='bbox 638 1037 759 1071; x_wconf 89' lang='lat' dir='ltr'><strong>poenas</strong></span> <span class='ocrx_word' id='word_1_78' title='bbox 770 1027 957 1060; x_wconf 89' lang='lat' dir='ltr'><strong>huiusmodi</strong></span> 
     </span>
     <span class='ocr_line' id='line_1_16' title="bbox 209 1078 958 1123; baseline 0 -9"><span class='ocrx_word' id='word_1_79' title='bbox 209 1078 386 1114; x_wconf 84' lang='lat' dir='ltr'><strong>incurrisse</strong></span> <span class='ocrx_word' id='word_1_80' title='bbox 404 1081 618 1123; x_wconf 72' lang='lat' dir='ltr'><strong>declarando„</strong></span> <span class='ocrx_word' id='word_1_81' title='bbox 633 1092 670 1114; x_wconf 79' lang='lat' dir='ltr'><strong>ac</strong></span> <span class='ocrx_word' id='word_1_82' title='bbox 690 1081 816 1114; x_wconf 87' lang='lat' dir='ltr'><strong>easdem</strong></span> <span class='ocrx_word' id='word_1_83' title='bbox 843 1091 958 1114; x_wconf 87' lang='lat' dir='ltr'><strong>censu-</strong></span> 
     </span>
     <span class='ocr_line' id='line_1_17' title="bbox 210 1133 958 1178; baseline -0.001 -10"><span class='ocrx_word' id='word_1_84' title='bbox 210 1143 264 1168; x_wconf 85' lang='lat' dir='ltr'><strong>ras</strong></span> <span class='ocrx_word' id='word_1_85' title='bbox 282 1138 314 1168; x_wconf 80' lang='lat' dir='ltr'><strong>et</strong></span> <span class='ocrx_word' id='word_1_86' title='bbox 332 1143 454 1178; x_wconf 86' lang='lat' dir='ltr'><strong>poenas</strong></span> <span class='ocrx_word' id='word_1_87' title='bbox 470 1133 565 1168; x_wconf 87' lang='lat' dir='ltr'><strong>etiam</strong></span> <span class='ocrx_word' id='word_1_88' title='bbox 580 1134 700 1168; x_wconf 85' lang='lat' dir='ltr'><strong>iteratis</strong></span> <span class='ocrx_word' id='word_1_89' title='bbox 711 1135 835 1168; x_wconf 87' lang='lat' dir='ltr'><strong>vicibus</strong></span> <span class='ocrx_word' id='word_1_90' title='bbox 844 1145 958 1178; x_wconf 79' lang='lat' dir='ltr'><strong>aggra-</strong></span> 
     </span>
     <span class='ocr_line' id='line_1_18' title="bbox 209 1187 959 1233; baseline 0.001 -12"><span class='ocrx_word' id='word_1_91' title='bbox 209 1187 326 1230; x_wconf 77' lang='lat' dir='ltr'><strong>vando,</strong></span> <span class='ocrx_word' id='word_1_92' title='bbox 348 1193 380 1221; x_wconf 90' lang='lat' dir='ltr'><strong>et</strong></span> <span class='ocrx_word' id='word_1_93' title='bbox 400 1187 607 1222; x_wconf 85' lang='lat' dir='ltr'><strong>interdictum</strong></span> <span class='ocrx_word' id='word_1_94' title='bbox 627 1188 879 1222; x_wconf 85' lang='lat' dir='ltr'><strong>ecclesiasticum</strong></span> <span class='ocrx_word' id='word_1_95' title='bbox 905 1200 959 1233; x_wconf 89' lang='lat' dir='ltr'><strong>ap-</strong></span> 
     </span>
     <span class='ocr_line' id='line_1_19' title="bbox 209 1241 959 1286; baseline 0 -12"><span class='ocrx_word' id='word_1_96' title='bbox 209 1241 376 1286; x_wconf 88' lang='lat' dir='ltr'><strong>ponendo,</strong></span> <span class='ocrx_word' id='word_1_97' title='bbox 397 1242 544 1275; x_wconf 87' lang='lat' dir='ltr'><strong>invocato</strong></span> <span class='ocrx_word' id='word_1_98' title='bbox 564 1242 660 1276; x_wconf 89' lang='lat' dir='ltr'><strong>etiam</strong></span> <span class='ocrx_word' id='word_1_99' title='bbox 681 1243 720 1276; x_wconf 88' lang='lat' dir='ltr'><strong>ad</strong></span> <span class='ocrx_word' id='word_1_100' title='bbox 740 1243 812 1283; x_wconf 87' lang='lat' dir='ltr'><strong>hoc,</strong></span> <span class='ocrx_word' id='word_1_101' title='bbox 833 1242 858 1275; x_wconf 90' lang='lat' dir='ltr'><strong>si</strong></span> <span class='ocrx_word' id='word_1_102' title='bbox 878 1253 959 1286; x_wconf 88' lang='lat' dir='ltr'><strong>opus</strong></span> 
     </span>
     <span class='ocr_line' id='line_1_20' title="bbox 208 1293 958 1337; baseline 0.001 -9"><span class='ocrx_word' id='word_1_103' title='bbox 208 1293 321 1336; x_wconf 66' lang='lat' dir='ltr'><strong>fuerit,</strong></span> <span class='ocrx_word' id='word_1_104' title='bbox 342 1295 463 1328; x_wconf 83' lang='lat' dir='ltr'><strong>auxilio</strong></span> <span class='ocrx_word' id='word_1_105' title='bbox 482 1295 606 1328; x_wconf 82' lang='lat' dir='ltr'><strong>brachii</strong></span> <span class='ocrx_word' id='word_1_106' title='bbox 627 1297 888 1337; x_wconf 86' lang='lat' dir='ltr'><strong>saecularis,non</strong></span> <span class='ocrx_word' id='word_1_107' title='bbox 904 1296 958 1329; x_wconf 90' lang='lat' dir='ltr'><strong>ob-</strong></span> 
     </span>
     <span class='ocr_line' id='line_1_21' title="bbox 211 1348 753 1394; baseline 0 -12"><span class='ocrx_word' id='word_1_108' title='bbox 211 1348 369 1382; x_wconf 76' lang='lat' dir='ltr'><strong>stantibus</strong></span> <span class='ocrx_word' id='word_1_109' title='bbox 388 1349 539 1382; x_wconf 90' lang='lat' dir='ltr'><strong>omnibus</strong></span> <span class='ocrx_word' id='word_1_110' title='bbox 549 1349 753 1394; x_wconf 86' lang='lat' dir='ltr'><strong>supradictis.</strong></span> 
     </span>
    </p>

    <p class='ocr_par' dir='ltr' id='par_1_3' title="bbox 74 1400 960 1608">
     <span class='ocr_line' id='line_1_22' title="bbox 254 1400 960 1446; baseline 0.001 -11"><span class='ocrx_word' id='word_1_111' title='bbox 254 1400 270 1446; x_wconf 67' lang='grc' dir='ltr'><strong>ἓ</strong></span> <span class='ocrx_word' id='word_1_112' title='bbox 294 1402 326 1436; x_wconf 85' lang='grc'><strong>5.</strong></span> <span class='ocrx_word' id='word_1_113' title='bbox 351 1401 437 1435; x_wconf 90' lang='lat' dir='ltr'><strong>Nulli</strong></span> <span class='ocrx_word' id='word_1_114' title='bbox 449 1413 525 1446; x_wconf 83' lang='lat' dir='ltr'><strong>ergo</strong></span> <span class='ocrx_word' id='word_1_115' title='bbox 537 1403 669 1436; x_wconf 90' lang='lat' dir='ltr'><strong>omnino</strong></span> <span class='ocrx_word' id='word_1_116' title='bbox 683 1403 851 1436; x_wconf 90' lang='lat' dir='ltr'><strong>hominum</strong></span> <span class='ocrx_word' id='word_1_117' title='bbox 865 1403 960 1436; x_wconf 87' lang='lat' dir='ltr'><strong>liceat</strong></span> 
     </span>
     <span class='ocr_line' id='line_1_23' title="bbox 147 1455 959 1500; baseline -0.001 -10.082"><span class='ocrx_word' id='word_1_118' title='bbox 147 1458 200 1482; x_wconf 69' lang='lat' dir='ltr'><strong>m·</strong></span> <span class='ocrx_word' id='word_1_119' title='bbox 210 1455 296 1489; x_wconf 86' lang='lat' dir='ltr'><strong>hanc</strong></span> <span class='ocrx_word' id='word_1_120' title='bbox 328 1455 480 1500; x_wconf 83' lang='lat' dir='ltr'><strong>paginam</strong></span> <span class='ocrx_word' id='word_1_121' title='bbox 510 1461 566 1490; x_wconf 85' lang='lat' dir='ltr'><strong>etc.</strong></span> <span class='ocrx_word' id='word_1_122' title='bbox 603 1456 635 1490; x_wconf 90' lang='lat' dir='ltr'><strong>Si</strong></span> <span class='ocrx_word' id='word_1_123' title='bbox 663 1456 735 1499; x_wconf 89' lang='lat' dir='ltr'><strong>quis</strong></span> <span class='ocrx_word' id='word_1_124' title='bbox 760 1462 866 1490; x_wconf 85' lang='lat' dir='ltr'><strong>autem</strong></span> <span class='ocrx_word' id='word_1_125' title='bbox 897 1457 959 1489; x_wconf 88' lang='lat' dir='ltr'><strong>hoc</strong></span> 
     </span>
     <span class='ocr_line' id='line_1_24' title="bbox 85 1504 960 1554; baseline 0 -12"><span class='ocrx_word' id='word_1_126' title='bbox 85 1507 87 1510; x_wconf 81' lang='grc'><strong>’</strong></span> <span class='ocrx_word' id='word_1_127' title='bbox 140 1504 142 1506; x_wconf 53' lang='grc'>’</span> <span class='ocrx_word' id='word_1_128' title='bbox 211 1513 368 1543; x_wconf 83' lang='lat' dir='ltr'><strong>attentare</strong></span> <span class='ocrx_word' id='word_1_129' title='bbox 400 1509 673 1554; x_wconf 85' lang='lat' dir='ltr'><strong>praesumpserit,</strong></span> <span class='ocrx_word' id='word_1_130' title='bbox 706 1510 960 1553; x_wconf 79' lang='lat' dir='ltr'><strong>indignationem</strong></span> 
     </span>
     <span class='ocr_line' id='line_1_25' title="bbox 194 1562 835 1608; baseline -0.002 -11"><span class='ocrx_word' id='word_1_131' title='bbox 194 1593 198 1597; x_wconf 90' lang='lat'><strong>.</strong></span> <span class='ocrx_word' id='word_1_132' title='bbox 213 1562 443 1608; x_wconf 88' lang='lat' dir='ltr'><strong>omnipotentis</strong></span> <span class='ocrx_word' id='word_1_133' title='bbox 459 1563 516 1597; x_wconf 91' lang='lat' dir='ltr'><strong>Dei</strong></span> <span class='ocrx_word' id='word_1_134' title='bbox 535 1574 572 1596; x_wconf 90' lang='lat' dir='ltr'><strong>ac</strong></span> <span class='ocrx_word' id='word_1_135' title='bbox 591 1563 760 1597; x_wconf 84' lang='lat' dir='ltr'><strong>beatorum</strong></span> <span class='ocrx_word' id='word_1_136' title='bbox 778 1568 835 1597; x_wconf 84' lang='lat' dir='ltr'><strong>etc.</strong></span> 
     </span>
    </p>

    <p class='ocr_par' dir='ltr' id='par_1_4' title="bbox 149 1616 962 1868">
     <span class='ocr_line' id='line_1_26' title="bbox 196 1616 959 1661; baseline -0.001 -11"><span class='ocrx_word' id='word_1_137' title='bbox 196 1657 199 1659; x_wconf 41' lang='grc'><strong>,</strong></span> <span class='ocrx_word' id='word_1_138' title='bbox 255 1616 372 1650; x_wconf 86' lang='lat' dir='ltr'><strong>Datum</strong></span> <span class='ocrx_word' id='word_1_139' title='bbox 390 1616 510 1650; x_wconf 89' lang='lat' dir='ltr'><strong>Romae</strong></span> <span class='ocrx_word' id='word_1_140' title='bbox 529 1617 615 1661; x_wconf 89' lang='lat' dir='ltr'><strong>apud</strong></span> <span class='ocrx_word' id='word_1_141' title='bbox 641 1617 793 1650; x_wconf 85' lang='lat' dir='ltr'><strong>Sanctum</strong></span> <span class='ocrx_word' id='word_1_142' title='bbox 815 1617 959 1658; x_wconf 87' lang='lat' dir='ltr'><strong>Petrum,</strong></span> 
     </span>
     <span class='ocr_line' id='line_1_27' title="bbox 213 1669 962 1703; baseline -0.001 0"><span class='ocrx_word' id='word_1_143' title='bbox 213 1679 306 1703; x_wconf 86' lang='lat' dir='ltr'><strong>anno.</strong></span> <span class='ocrx_word' id='word_1_144' title='bbox 325 1669 560 1703; x_wconf 79' lang='lat' dir='ltr'><strong>lucarnationis</strong></span> <span class='ocrx_word' id='word_1_145' title='bbox 584 1670 765 1703; x_wconf 82' lang='lat' dir='ltr'><strong>dominicae</strong></span> <span class='ocrx_word' id='word_1_146' title='bbox 790 1670 962 1703; x_wconf 82' lang='lat' dir='ltr'><strong>millesimo</strong></span> 
     </span>
     <span class='ocr_line' id='line_1_28' title="bbox 149 1722 962 1768; baseline -0.001 -11"><span class='ocrx_word' id='word_1_147' title='bbox 149 1741 153 1749; x_wconf 77' lang='lat'><em>=</em></span> <span class='ocrx_word' id='word_1_148' title='bbox 194 1722 475 1768; x_wconf 78' lang='lat' dir='ltr'><strong>‚quingentesimo</strong></span> <span class='ocrx_word' id='word_1_149' title='bbox 500 1724 720 1767; x_wconf 83' lang='lat' dir='ltr'><strong>octuagesimo</strong></span> <span class='ocrx_word' id='word_1_150' title='bbox 745 1723 870 1766; x_wconf 90' lang='lat' dir='ltr'><strong>quinto,</strong></span> <span class='ocrx_word' id='word_1_151' title='bbox 905 1724 962 1756; x_wconf 61' lang='lat' dir='ltr'><strong>lta-</strong></span> 
     </span>
     <span class='ocr_line' id='line_1_29' title="bbox 215 1776 938 1821; baseline -0.001 -11"><span class='ocrx_word' id='word_1_152' title='bbox 215 1776 320 1811; x_wconf 83' lang='lat' dir='ltr'><strong>lendis</strong></span> <span class='ocrx_word' id='word_1_153' title='bbox 340 1777 426 1818; x_wconf 90' lang='lat' dir='ltr'><strong>maii,</strong></span> <span class='ocrx_word' id='word_1_154' title='bbox 452 1777 660 1821; x_wconf 85' lang='lat' dir='ltr'><strong>pontificatus</strong></span> <span class='ocrx_word' id='word_1_155' title='bbox 682 1777 783 1810; x_wconf 82' lang='lat' dir='ltr'><strong>nostri</strong></span> <span class='ocrx_word' id='word_1_156' title='bbox 808 1787 892 1810; x_wconf 87' lang='lat' dir='ltr'><strong>anno</strong></span> <span class='ocrx_word' id='word_1_157' title='bbox 917 1787 938 1810; x_wconf 91' lang='lat'><strong>1.</strong></span> 
     </span>
     <span class='ocr_line' id='line_1_30' title="bbox 288 1828 896 1868; baseline 0 -8"><span class='ocrx_word' id='word_1_158' title='bbox 288 1828 353 1861; x_wconf 81' lang='lat' dir='ltr'><strong>Dat.</strong></span> <span class='ocrx_word' id='word_1_159' title='bbox 369 1830 443 1860; x_wconf 90' lang='lat' dir='ltr'><strong>die1</strong></span> <span class='ocrx_word' id='word_1_160' title='bbox 461 1830 532 1860; x_wconf 86' lang='lat' dir='ltr'><strong>maii</strong></span> <span class='ocrx_word' id='word_1_161' title='bbox 547 1830 634 1867; x_wconf 85' lang='lat'><strong>1585,</strong></span> <span class='ocrx_word' id='word_1_162' title='bbox 653 1830 754 1868; x_wconf 82' lang='lat' dir='ltr'><strong>pontis.</strong></span> <span class='ocrx_word' id='word_1_163' title='bbox 777 1840 854 1860; x_wconf 87' lang='lat' dir='ltr'><strong>anno</strong></span> <span class='ocrx_word' id='word_1_164' title='bbox 876 1839 896 1860; x_wconf 91' lang='lat'><strong>1.</strong></span> 
     </span>
    </p>
   </div>
   <div class='ocr_carea' id='block_1_3' title="bbox 0 0 201 3228">
    <p class='ocr_par' dir='ltr' id='par_1_5' title="bbox 0 0 201 3228">
     <span class='ocr_line' id='line_1_31' title="bbox 0 0 201 3228; baseline 0 0"><span class='ocrx_word' id='word_1_165' title='bbox 0 0 201 3228; x_wconf 95' lang='lat' dir='ltr'><strong> </strong></span> 
     </span>
    </p>
   </div>
   <div class='ocr_carea' id='block_1_4' title="bbox 566 1938 617 1971">
    <p class='ocr_par' dir='ltr' id='par_1_6' title="bbox 566 1938 617 1971">
     <span class='ocr_line' id='line_1_32' title="bbox 566 1938 617 1971; baseline 0 0"><span class='ocrx_word' id='word_1_166' title='bbox 566 1938 617 1971; x_wconf 85' lang='lat' dir='ltr'><strong>lx.</strong></span> 
     </span>
    </p>
   </div>
   <div class='ocr_carea' id='block_1_5' title="bbox 199 1999 974 2538">
    <p class='ocr_par' dir='ltr' id='par_1_7' title="bbox 213 1999 974 2327">
     <span class='ocr_line' id='line_1_33' title="bbox 213 1999 967 2045; baseline 0 -11"><span class='ocrx_word' id='word_1_167' title='bbox 213 1999 394 2040; x_wconf 70' lang='lat' dir='ltr'><strong>Jnnovatio</strong></span> <span class='ocrx_word' id='word_1_168' title='bbox 408 2000 556 2033; x_wconf 75' lang='lat' dir='ltr'><strong>omnium</strong></span> <span class='ocrx_word' id='word_1_169' title='bbox 573 2001 841 2033; x_wconf 75' lang='lat' dir='ltr'><strong>constitutionmn</strong></span> <span class='ocrx_word' id='word_1_170' title='bbox 862 2012 882 2034; x_wconf 89' lang='grc' dir='ltr'><em>α</em></span> <span class='ocrx_word' id='word_1_171' title='bbox 903 2001 967 2045; x_wconf 64' lang='lat'><strong>1³07</strong></span> 
     </span>
     <span class='ocr_line' id='line_1_34' title="bbox 265 2049 968 2092; baseline 0 -10"><span class='ocrx_word' id='word_1_172' title='bbox 265 2050 374 2082; x_wconf 77' lang='lat' dir='ltr'><strong>manis</strong></span> <span class='ocrx_word' id='word_1_173' title='bbox 392 2049 606 2092; x_wconf 72' lang='lat' dir='ltr'><strong>Pontificibus</strong></span> <span class='ocrx_word' id='word_1_174' title='bbox 627 2049 778 2082; x_wconf 75' lang='lat' dir='ltr'><strong>hactenus</strong></span> <span class='ocrx_word' id='word_1_175' title='bbox 807 2049 968 2082; x_wconf 77' lang='lat' dir='ltr'><strong>editarum</strong></span> 
     </span>
     <span class='ocr_line' id='line_1_35' title="bbox 265 2098 970 2141; baseline 0 -10"><span class='ocrx_word' id='word_1_176' title='bbox 265 2102 378 2132; x_wconf 74' lang='lat' dir='ltr'><strong>contra</strong></span> <span class='ocrx_word' id='word_1_177' title='bbox 392 2098 510 2139; x_wconf 74' lang='lat' dir='ltr'><strong>exules,</strong></span> <span class='ocrx_word' id='word_1_178' title='bbox 527 2099 678 2131; x_wconf 80' lang='lat' dir='ltr'><strong>banm&#39;tos</strong></span> <span class='ocrx_word' id='word_1_179' title='bbox 693 2099 832 2141; x_wconf 72' lang='lat' dir='ltr'><strong>aliosque</strong></span> <span class='ocrx_word' id='word_1_180' title='bbox 847 2099 970 2140; x_wconf 75' lang='lat' dir='ltr'><strong>facino-</strong></span> 
     </span>
     <span class='ocr_line' id='line_1_36' title="bbox 265 2147 971 2190; baseline -0.001 -10"><span class='ocrx_word' id='word_1_181' title='bbox 265 2156 353 2180; x_wconf 81' lang='lat' dir='ltr'><strong>rosos</strong></span> <span class='ocrx_word' id='word_1_182' title='bbox 365 2147 520 2188; x_wconf 79' lang='lat' dir='ltr'><strong>homines,</strong></span> <span class='ocrx_word' id='word_1_183' title='bbox 539 2157 706 2190; x_wconf 79' lang='lat' dir='ltr'><strong>eorumque</strong></span> <span class='ocrx_word' id='word_1_184' title='bbox 726 2151 931 2189; x_wconf 75' lang='lat' dir='ltr'><strong>receptatores</strong></span> <span class='ocrx_word' id='word_1_185' title='bbox 942 2151 971 2179; x_wconf 81' lang='lat' dir='ltr'><strong>ct</strong></span> 
     </span>
     <span class='ocr_line' id='line_1_37' title="bbox 265 2196 971 2239; baseline -0.001 -10"><span class='ocrx_word' id='word_1_186' title='bbox 265 2196 430 2239; x_wconf 69' lang='lat' dir='ltr'><strong>fautores‚&#39;</strong></span> <span class='ocrx_word' id='word_1_187' title='bbox 448 2201 477 2230; x_wconf 85' lang='lat' dir='ltr'><strong>et</strong></span> <span class='ocrx_word' id='word_1_188' title='bbox 488 2197 665 2230; x_wconf 78' lang='lat' dir='ltr'><strong>multarum</strong></span> <span class='ocrx_word' id='word_1_189' title='bbox 679 2196 842 2239; x_wconf 74' lang='lat' dir='ltr'><strong>impositio</strong></span> <span class='ocrx_word' id='word_1_190' title='bbox 850 2206 971 2239; x_wconf 77' lang='lat' dir='ltr'><strong>poena-</strong></span> 
     </span>
     <span class='ocr_line' id='line_1_38' title="bbox 267 2245 971 2285; baseline -0.004 -7"><span class='ocrx_word' id='word_1_191' title='bbox 267 2255 343 2277; x_wconf 80' lang='lat' dir='ltr'><strong>rum</strong></span> <span class='ocrx_word' id='word_1_192' title='bbox 361 2245 400 2278; x_wconf 82' lang='lat' dir='ltr'><strong>in</strong></span> <span class='ocrx_word' id='word_1_193' title='bbox 417 2245 551 2285; x_wconf 81' lang='lat' dir='ltr'><strong>eosdem,</strong></span> <span class='ocrx_word' id='word_1_194' title='bbox 567 2255 692 2278; x_wconf 72' lang='lat' dir='ltr'><strong>necnon</strong></span> <span class='ocrx_word' id='word_1_195' title='bbox 708 2248 971 2277; x_wconf 75' lang='lat' dir='ltr'><strong>contracommn-</strong></span> 
     </span>
     <span class='ocr_line' id='line_1_39' title="bbox 270 2293 974 2327; baseline -0.003 -1"><span class='ocrx_word' id='word_1_196' title='bbox 270 2294 390 2327; x_wconf 71' lang='lat' dir='ltr'><strong>uitales</strong></span> <span class='ocrx_word' id='word_1_197' title='bbox 405 2298 435 2327; x_wconf 85' lang='lat' dir='ltr'><strong>et</strong></span> <span class='ocrx_word' id='word_1_198' title='bbox 453 2294 534 2327; x_wconf 73' lang='lat' dir='ltr'><strong>alios</strong></span> <span class='ocrx_word' id='word_1_199' title='bbox 553 2305 612 2327; x_wconf 84' lang='lat' dir='ltr'><strong>sua</strong></span> <span class='ocrx_word' id='word_1_200' title='bbox 632 2294 798 2327; x_wconf 77' lang='lat' dir='ltr'><strong>territoria</strong></span> <span class='ocrx_word' id='word_1_201' title='bbox 818 2293 974 2325; x_wconf 77' lang='lat' dir='ltr'><strong>eiusmodi</strong></span> 
     </span>
    </p>

    <p class='ocr_par' dir='ltr' id='par_1_8' title="bbox 200 2341 973 2386">
     <span class='ocr_line' id='line_1_40' title="bbox 200 2341 973 2386; baseline 0 -12"><span class='ocrx_word' id='word_1_202' title='bbox 200 2341 222 2379; x_wconf 48' lang='lat'><strong>¹.</strong></span> <span class='ocrx_word' id='word_1_203' title='bbox 270 2341 408 2375; x_wconf 81' lang='lat' dir='ltr'><strong>scelestis</strong></span> <span class='ocrx_word' id='word_1_204' title='bbox 427 2341 614 2376; x_wconf 82' lang='lat' dir='ltr'><strong>hominibus</strong></span> <span class='ocrx_word' id='word_1_205' title='bbox 629 2345 808 2386; x_wconf 60' lang='lat' dir='ltr'><strong>expurgata</strong></span> <span class='ocrx_word' id='word_1_206' title='bbox 831 2351 895 2374; x_wconf 83' lang='lat' dir='ltr'><strong>non</strong></span> <span class='ocrx_word' id='word_1_207' title='bbox 920 2352 973 2374; x_wconf 78' lang='lat' dir='ltr'><strong>cu-</strong></span> 
     </span>
    </p>

    <p class='ocr_par' dir='ltr' id='par_1_9' title="bbox 199 2390 491 2432">
     <span class='ocr_line' id='line_1_41' title="bbox 199 2390 491 2432; baseline 0.007 -11"><span class='ocrx_word' id='word_1_208' title='bbox 199 2394 210 2400; x_wconf 75' lang='lat'><em>·</em></span> <span class='ocrx_word' id='word_1_209' title='bbox 230 2429 234 2432; x_wconf 50' lang='lat'><strong>.</strong></span> <span class='ocrx_word' id='word_1_210' title='bbox 272 2390 445 2424; x_wconf 79' lang='lat' dir='ltr'><strong>stodiemes</strong></span> <span class='ocrx_word' id='word_1_211' title='bbox 463 2390 491 2423; x_wconf 88' lang='lat'><strong>1.</strong></span> 
     </span>
    </p>

    <p class='ocr_par' dir='ltr' id='par_1_10' title="bbox 295 2451 911 2538">
     <span class='ocr_line' id='line_1_42' title="bbox 295 2451 911 2489; baseline -0.003 -8"><span class='ocrx_word' id='word_1_212' title='bbox 295 2452 394 2482; x_wconf 74' lang='lat' dir='ltr'><strong>smus</strong></span> <span class='ocrx_word' id='word_1_213' title='bbox 414 2453 565 2489; x_wconf 82' lang='lat' dir='ltr'><strong>episcopus,</strong></span> <span class='ocrx_word' id='word_1_214' title='bbox 587 2459 684 2482; x_wconf 82' lang='lat' dir='ltr'><strong>servus</strong></span> <span class='ocrx_word' id='word_1_215' title='bbox 699 2459 837 2481; x_wconf 81' lang='lat' dir='ltr'><strong>servorum</strong></span> <span class='ocrx_word' id='word_1_216' title='bbox 855 2451 911 2484; x_wconf 80' lang='lat' dir='ltr'><strong>Dei,</strong></span> 
     </span>
     <span class='ocr_line' id='line_1_43' title="bbox 374 2502 831 2538; baseline -0.004 -8"><span class='ocrx_word' id='word_1_217' title='bbox 374 2502 409 2531; x_wconf 82' lang='lat' dir='ltr'><strong>ad</strong></span> <span class='ocrx_word' id='word_1_218' title='bbox 427 2503 587 2538; x_wconf 77' lang='lat' dir='ltr'><strong>perpetuam</strong></span> <span class='ocrx_word' id='word_1_219' title='bbox 605 2502 646 2530; x_wconf 81' lang='lat' dir='ltr'><strong>rei</strong></span> <span class='ocrx_word' id='word_1_220' title='bbox 663 2502 831 2530; x_wconf 79' lang='lat' dir='ltr'><strong>memoriam.</strong></span> 
     </span>
    </p>
   </div>
   <div class='ocr_carea' id='block_1_6' title="bbox 276 2553 980 2598">
    <p class='ocr_par' dir='ltr' id='par_1_11' title="bbox 276 2553 980 2598">
     <span class='ocr_line' id='line_1_44' title="bbox 276 2553 980 2598; baseline -0.003 -10"><span class='ocrx_word' id='word_1_221' title='bbox 276 2554 346 2589; x_wconf 88' lang='lat' dir='ltr'><strong>Hoc</strong></span> <span class='ocrx_word' id='word_1_222' title='bbox 376 2555 478 2588; x_wconf 86' lang='lat' dir='ltr'><strong>nostri</strong></span> <span class='ocrx_word' id='word_1_223' title='bbox 509 2555 716 2598; x_wconf 81' lang='lat' dir='ltr'><strong>pontificatus</strong></span> <span class='ocrx_word' id='word_1_224' title='bbox 748 2553 860 2591; x_wconf 86' lang='lat' dir='ltr'><strong>initio,</strong></span> <span class='ocrx_word' id='word_1_225' title='bbox 895 2553 980 2586; x_wconf 89' lang='lat' dir='ltr'><strong>inter</strong></span> 
     </span>
    </p>
   </div>
   <div class='ocr_carea' id='block_1_7' title="bbox 236 2616 981 2738">
    <p class='ocr_par' dir='ltr' id='par_1_12' title="bbox 236 2616 981 2738">
     <span class='ocr_line' id='line_1_45' title="bbox 270 2616 981 2652; baseline -0.004 -6"><span class='ocrx_word' id='word_1_226' title='bbox 270 2618 283 2645; x_wconf 90' lang='lat'>1</span> <span class='ocrx_word' id='word_1_227' title='bbox 301 2617 400 2652; x_wconf 83' lang='lat' dir='ltr'><strong>Quoad</strong></span> <span class='ocrx_word' id='word_1_228' title='bbox 414 2617 535 2652; x_wconf 82' lang='lat' dir='ltr'><strong>primam</strong></span> <span class='ocrx_word' id='word_1_229' title='bbox 548 2620 668 2651; x_wconf 79' lang='lat' dir='ltr'><strong>partem,</strong></span> <span class='ocrx_word' id='word_1_230' title='bbox 684 2619 759 2644; x_wconf 80' lang='lat' dir='ltr'><strong>extat</strong></span> <span class='ocrx_word' id='word_1_231' title='bbox 783 2616 811 2643; x_wconf 85' lang='lat' dir='ltr'><strong>ln</strong></span> <span class='ocrx_word' id='word_1_232' title='bbox 826 2616 880 2644; x_wconf 88' lang='lat' dir='ltr'><strong>hoc</strong></span> <span class='ocrx_word' id='word_1_233' title='bbox 895 2623 981 2650; x_wconf 86' lang='lat' dir='ltr'><strong>opere</strong></span> 
     </span>
     <span class='ocr_line' id='line_1_46' title="bbox 236 2660 981 2696; baseline -0.003 -6"><span class='ocrx_word' id='word_1_234' title='bbox 236 2665 325 2690; x_wconf 75' lang='lat' dir='ltr'><strong>coust.</strong></span> <span class='ocrx_word' id='word_1_235' title='bbox 337 2662 378 2690; x_wconf 80' lang='lat' dir='ltr'><strong>vu</strong></span> <span class='ocrx_word' id='word_1_236' title='bbox 387 2661 427 2690; x_wconf 86' lang='lat' dir='ltr'><strong>Pii</strong></span> <span class='ocrx_word' id='word_1_237' title='bbox 441 2661 475 2696; x_wconf 87' lang='lat'><strong>11,</strong></span> <span class='ocrx_word' id='word_1_238' title='bbox 486 2661 531 2689; x_wconf 83' lang='lat' dir='ltr'><strong>Ad</strong></span> <span class='ocrx_word' id='word_1_239' title='bbox 541 2661 705 2696; x_wconf 75' lang='lat' dir='ltr'><strong>retinendas,</strong></span> <span class='ocrx_word' id='word_1_240' title='bbox 721 2664 788 2695; x_wconf 66' lang='lat' dir='ltr'><strong>tom,</strong></span> <span class='ocrx_word' id='word_1_241' title='bbox 802 2667 830 2695; x_wconf 82' lang='lat' dir='ltr'><strong>v,</strong></span> <span class='ocrx_word' id='word_1_242' title='bbox 842 2667 904 2696; x_wconf 84' lang='lat' dir='ltr'><strong>pag.</strong></span> <span class='ocrx_word' id='word_1_243' title='bbox 921 2660 981 2694; x_wconf 74' lang='lat'><strong>1563</strong></span> 
     </span>
     <span class='ocr_line' id='line_1_47' title="bbox 316 2704 865 2738; baseline -0.005 -1"><span class='ocrx_word' id='word_1_244' title='bbox 316 2705 391 2738; x_wconf 67' lang='lat' dir='ltr'><strong>Bau.</strong></span> <span class='ocrx_word' id='word_1_245' title='bbox 413 2706 489 2736; x_wconf 85' lang='lat' dir='ltr'><strong>Rom.</strong></span> <span class='ocrx_word' id='word_1_246' title='bbox 515 2705 569 2737; x_wconf 87' lang='lat' dir='ltr'><strong>Vol.</strong></span> <span class='ocrx_word' id='word_1_247' title='bbox 595 2704 667 2736; x_wconf 85' lang='lat' dir='ltr'><em>VIII.</em></span> <span class='ocrx_word' id='word_1_248' title='bbox 827 2704 865 2734; x_wconf 79' lang='lat'><strong>74</strong></span> 
     </span>
    </p>
   </div>
   <div class='ocr_carea' id='block_1_8' title="bbox 876 280 1080 307">
    <p class='ocr_par' dir='ltr' id='par_1_13' title="bbox 876 280 1080 307">
     <span class='ocr_line' id='line_1_48' title="bbox 876 280 1080 307; baseline -0.01 0"><span class='ocrx_word' id='word_1_249' title='bbox 876 281 986 307; x_wconf 75' lang='lat' dir='ltr'><strong>srst</strong></span> <span class='ocrx_word' id='word_1_250' title='bbox 997 280 1017 305; x_wconf 81' lang='lat' dir='ltr'>V</span> <span class='ocrx_word' id='word_1_251' title='bbox 1033 281 1080 306; x_wconf 70' lang='lat'><strong>1⁵1².</strong></span> 
     </span>
    </p>
   </div>
   <div class='ocr_carea' id='block_1_9' title="bbox 972 333 1006 2702">
    <p class='ocr_par' dir='ltr' id='par_1_14' title="bbox 972 333 1006 2702">
     <span class='ocr_line' id='line_1_49' title="bbox 974 333 989 507; baseline 0 -56"><span class='ocrx_word' id='word_1_252' title='bbox 974 333 989 507; x_wconf 95' lang='lat' dir='ltr'><strong>   </strong></span> 
     </span>
     <span class='ocr_line' id='line_1_50' title="bbox 974 507 988 559; baseline 0 2669"><span class='ocrx_word' id='word_1_253' title='bbox 974 507 988 559; x_wconf 95' lang='lat' dir='ltr'><strong> </strong></span> 
     </span>
     <span class='ocr_line' id='line_1_51' title="bbox 974 559 988 619; baseline 0 2609"><span class='ocrx_word' id='word_1_254' title='bbox 974 559 988 619; x_wconf 95' lang='lat' dir='ltr'><strong> </strong></span> 
     </span>
     <span class='ocr_line' id='line_1_52' title="bbox 973 619 987 719; baseline 0 -53"><span class='ocrx_word' id='word_1_255' title='bbox 973 619 987 719; x_wconf 95' lang='lat' dir='ltr'><strong>  </strong></span> 
     </span>
     <span class='ocr_line' id='line_1_53' title="bbox 973 719 986 775; baseline 0 2453"><span class='ocrx_word' id='word_1_256' title='bbox 973 719 986 775; x_wconf 95' lang='lat' dir='ltr'><strong> </strong></span> 
     </span>
     <span class='ocr_line' id='line_1_54' title="bbox 973 775 986 827; baseline 0 2401"><span class='ocrx_word' id='word_1_257' title='bbox 973 775 986 827; x_wconf 95' lang='lat' dir='ltr'><strong> </strong></span> 
     </span>
     <span class='ocr_line' id='line_1_55' title="bbox 973 827 986 880; baseline 0 2348"><span class='ocrx_word' id='word_1_258' title='bbox 973 827 986 880; x_wconf 95' lang='lat' dir='ltr'><strong> </strong></span> 
     </span>
     <span class='ocr_line' id='line_1_56' title="bbox 972 880 985 934; baseline 0 2294"><span class='ocrx_word' id='word_1_259' title='bbox 972 880 985 934; x_wconf 95' lang='lat' dir='ltr'><strong> </strong></span> 
     </span>
     <span class='ocr_line' id='line_1_57' title="bbox 972 934 985 1026; baseline 0 0"><span class='ocrx_word' id='word_1_260' title='bbox 972 934 985 1026; x_wconf 95' lang='lat' dir='ltr'><strong>  </strong></span> 
     </span>
     <span class='ocr_line' id='line_1_58' title="bbox 972 1026 985 1133; baseline 0 0"><span class='ocrx_word' id='word_1_261' title='bbox 972 1026 985 1133; x_wconf 95' lang='lat' dir='ltr'><strong>  </strong></span> 
     </span>
     <span class='ocr_line' id='line_1_59' title="bbox 972 1133 985 1202; baseline 0 2026"><span class='ocrx_word' id='word_1_262' title='bbox 972 1133 985 1202; x_wconf 95' lang='lat' dir='ltr'><strong> </strong></span> 
     </span>
     <span class='ocr_line' id='line_1_60' title="bbox 972 1202 985 1256; baseline 0 1972"><span class='ocrx_word' id='word_1_263' title='bbox 972 1202 985 1256; x_wconf 95' lang='lat' dir='ltr'><strong> </strong></span> 
     </span>
     <span class='ocr_line' id='line_1_61' title="bbox 972 1256 985 1309; baseline 0 1919"><span class='ocrx_word' id='word_1_264' title='bbox 972 1256 985 1309; x_wconf 95' lang='lat' dir='ltr'><strong> </strong></span> 
     </span>
     <span class='ocr_line' id='line_1_62' title="bbox 972 1309 985 1362; baseline 0 1866"><span class='ocrx_word' id='word_1_265' title='bbox 972 1309 985 1362; x_wconf 95' lang='lat' dir='ltr'><strong> </strong></span> 
     </span>
     <span class='ocr_line' id='line_1_63' title="bbox 972 1362 986 1413; baseline 0 1815"><span class='ocrx_word' id='word_1_266' title='bbox 972 1362 986 1413; x_wconf 95' lang='lat' dir='ltr'><strong> </strong></span> 
     </span>
     <span class='ocr_line' id='line_1_64' title="bbox 972 1413 986 1518; baseline 0 0"><span class='ocrx_word' id='word_1_267' title='bbox 972 1413 986 1518; x_wconf 95' lang='lat' dir='ltr'><strong>  </strong></span> 
     </span>
     <span class='ocr_line' id='line_1_65' title="bbox 973 1518 988 1606; baseline 0 0"><span class='ocrx_word' id='word_1_268' title='bbox 973 1518 988 1606; x_wconf 95' lang='lat' dir='ltr'><strong>  </strong></span> 
     </span>
     <span class='ocr_line' id='line_1_66' title="bbox 974 1606 990 1740; baseline 0 -79"><span class='ocrx_word' id='word_1_269' title='bbox 974 1606 990 1740; x_wconf 95' lang='lat' dir='ltr'><strong>   </strong></span> 
     </span>
     <span class='ocr_line' id='line_1_67' title="bbox 976 1740 991 1832; baseline 0 0"><span class='ocrx_word' id='word_1_270' title='bbox 976 1740 991 1832; x_wconf 95' lang='lat' dir='ltr'><strong>  </strong></span> 
     </span>
     <span class='ocr_line' id='line_1_68' title="bbox 977 1832 1006 2513; baseline 0 -637"><span class='ocrx_word' id='word_1_271' title='bbox 977 1832 1006 2513; x_wconf 95' lang='lat' dir='ltr'><strong>    </strong></span> 
     </span>
     <span class='ocr_line' id='line_1_69' title="bbox 983 2513 1006 2702; baseline 0 -76"><span class='ocrx_word' id='word_1_272' title='bbox 983 2513 1006 2702; x_wconf 95' lang='lat' dir='ltr'><strong>  </strong></span> 
     </span>
    </p>
   </div>
   <div class='ocr_carea' id='block_1_10' title="bbox 1001 270 1747 537">
    <p class='ocr_par' dir='ltr' id='par_1_15' title="bbox 1641 270 1703 305">
     <span class='ocr_line' id='line_1_70' title="bbox 1641 270 1703 305; baseline -0.016 0"><span class='ocrx_word' id='word_1_273' title='bbox 1641 270 1703 305; x_wconf 72' lang='lat'><strong>583</strong></span> 
     </span>
    </p>

    <p class='ocr_par' dir='ltr' id='par_1_16' title="bbox 1001 333 1747 537">
     <span class='ocr_line' id='line_1_71' title="bbox 1002 333 1746 376; baseline -0.001 -9"><span class='ocrx_word' id='word_1_274' title='bbox 1002 333 1104 367; x_wconf 87' lang='lat' dir='ltr'><strong>multa</strong></span> <span class='ocrx_word' id='word_1_275' title='bbox 1127 334 1322 376; x_wconf 78' lang='lat' dir='ltr'><strong>reipublicae</strong></span> <span class='ocrx_word' id='word_1_276' title='bbox 1342 333 1458 366; x_wconf 86' lang='lat' dir='ltr'><strong>damna</strong></span> <span class='ocrx_word' id='word_1_277' title='bbox 1482 339 1510 366; x_wconf 82' lang='lat' dir='ltr'><strong>et</strong></span> <span class='ocrx_word' id='word_1_278' title='bbox 1532 333 1746 373; x_wconf 89' lang='lat' dir='ltr'><strong>incommoda,</strong></span> 
     </span>
     <span class='ocr_line' id='line_1_72' title="bbox 1001 387 1747 430; baseline 0.001 -11"><span class='ocrx_word' id='word_1_279' title='bbox 1001 397 1083 430; x_wconf 87' lang='lat' dir='ltr'><strong>quae</strong></span> <span class='ocrx_word' id='word_1_280' title='bbox 1108 387 1206 419; x_wconf 87' lang='lat' dir='ltr'><strong>menti</strong></span> <span class='ocrx_word' id='word_1_281' title='bbox 1228 393 1353 420; x_wconf 78' lang='lat' dir='ltr'><strong>nostrae</strong></span> <span class='ocrx_word' id='word_1_282' title='bbox 1377 387 1639 427; x_wconf 72' lang='lat' dir='ltr'><strong>obversabantur,</strong></span> <span class='ocrx_word' id='word_1_283' title='bbox 1654 387 1747 420; x_wconf 87' lang='lat' dir='ltr'><strong>nobis</strong></span> 
     </span>
     <span class='ocr_line' id='line_1_73' title="bbox 1001 440 1742 485; baseline 0.003 -13"><span class='ocrx_word' id='word_1_284' title='bbox 1001 440 1095 483; x_wconf 82' lang='lat' dir='ltr'><strong>longe</strong></span> <span class='ocrx_word' id='word_1_285' title='bbox 1115 440 1173 472; x_wconf 86' lang='lat' dir='ltr'><strong>suit</strong></span> <span class='ocrx_word' id='word_1_286' title='bbox 1193 440 1413 481; x_wconf 62' lang='lat' dir='ltr'><strong>gravissimum</strong></span> <span class='ocrx_word' id='word_1_287' title='bbox 1438 441 1524 485; x_wconf 83' lang='lat' dir='ltr'><strong>quod</strong></span> <span class='ocrx_word' id='word_1_288' title='bbox 1545 441 1684 484; x_wconf 88' lang='lat' dir='ltr'><strong>populos</strong></span> <span class='ocrx_word' id='word_1_289' title='bbox 1711 440 1742 474; x_wconf 87' lang='lat' dir='ltr'><strong>S.</strong></span> 
     </span>
     <span class='ocr_line' id='line_1_74' title="bbox 1001 493 1746 537; baseline 0.003 -12"><span class='ocrx_word' id='word_1_290' title='bbox 1001 493 1037 526; x_wconf 81' lang='lat' dir='ltr'><strong>R.</strong></span> <span class='ocrx_word' id='word_1_291' title='bbox 1054 493 1090 526; x_wconf 89' lang='lat' dir='ltr'><strong>E.</strong></span> <span class='ocrx_word' id='word_1_292' title='bbox 1100 493 1211 526; x_wconf 85' lang='lat' dir='ltr'><strong>ditioni</strong></span> <span class='ocrx_word' id='word_1_293' title='bbox 1227 494 1392 537; x_wconf 72' lang='lat' dir='ltr'><strong>temporali</strong></span> <span class='ocrx_word' id='word_1_294' title='bbox 1405 494 1563 527; x_wconf 83' lang='lat' dir='ltr'><strong>subiectos</strong></span> <span class='ocrx_word' id='word_1_295' title='bbox 1575 505 1638 527; x_wconf 88' lang='lat' dir='ltr'><strong>non</strong></span> <span class='ocrx_word' id='word_1_296' title='bbox 1651 495 1746 528; x_wconf 90' lang='lat' dir='ltr'><strong>modo</strong></span> 
     </span>
    </p>
   </div>
   <div class='ocr_carea' id='block_1_11' title="bbox 991 545 1746 595">
    <p class='ocr_par' dir='ltr' id='par_1_17' title="bbox 991 545 1746 595">
     <span class='ocr_line' id='line_1_75' title="bbox 991 545 1746 595; baseline 0.001 -16"><span class='ocrx_word' id='word_1_297' title='bbox 991 545 1039 579; x_wconf 64' lang='lat' dir='ltr'><strong>&gt;ad</strong></span> <span class='ocrx_word' id='word_1_298' title='bbox 1059 557 1168 580; x_wconf 83' lang='lat' dir='ltr'><strong>rerum</strong></span> <span class='ocrx_word' id='word_1_299' title='bbox 1190 547 1505 595; x_wconf 52' lang='lat' dir='ltr'><strong>substantiaruu&#39;iquc</strong></span> <span class='ocrx_word' id='word_1_300' title='bbox 1526 559 1655 581; x_wconf 74' lang='lat' dir='ltr'><strong>suarum</strong></span> <span class='ocrx_word' id='word_1_301' title='bbox 1673 559 1746 591; x_wconf 85' lang='lat' dir='ltr'><strong>per-</strong></span> 
     </span>
    </p>
   </div>
   <div class='ocr_carea' id='block_1_12' title="bbox 999 591 1747 1392">
    <p class='ocr_par' dir='ltr' id='par_1_18' title="bbox 999 591 1747 1392">
     <span class='ocr_line' id='line_1_76' title="bbox 1001 591 1746 641; baseline 0.003 -9"><span class='ocrx_word' id='word_1_302' title='bbox 1001 591 1267 633; x_wconf 73' lang='lat' dir='ltr'><strong>turbationem’et</strong></span> <span class='ocrx_word' id='word_1_303' title='bbox 1293 601 1460 641; x_wconf 83' lang='lat' dir='ltr'><strong>iacturam,</strong></span> <span class='ocrx_word' id='word_1_304' title='bbox 1482 602 1535 634; x_wconf 77' lang='lat' dir='ltr'><strong>sed</strong></span> <span class='ocrx_word' id='word_1_305' title='bbox 1553 599 1647 634; x_wconf 77' lang='lat' dir='ltr'><strong>etiam</strong></span> <span class='ocrx_word' id='word_1_306' title='bbox 1664 602 1746 634; x_wconf 69' lang='lat' dir='ltr'><strong>vitae</strong></span> 
     </span>
     <span class='ocr_line' id='line_1_77' title="bbox 1000 653 1744 697; baseline 0.001 -11"><span class='ocrx_word' id='word_1_307' title='bbox 1000 653 1183 697; x_wconf 89' lang='lat' dir='ltr'><strong>periculum</strong></span> <span class='ocrx_word' id='word_1_308' title='bbox 1195 654 1574 695; x_wconf 69' lang='lat' dir='ltr'><strong>redactosinvenerimus,</strong></span> <span class='ocrx_word' id='word_1_309' title='bbox 1588 656 1744 694; x_wconf 81' lang='lat' dir='ltr'><strong>exulibus,</strong></span> 
     </span>
     <span class='ocr_line' id='line_1_78' title="bbox 999 706 1744 752; baseline 0.003 -13"><span class='ocrx_word' id='word_1_310' title='bbox 999 706 1141 740; x_wconf 87' lang='lat' dir='ltr'><strong>bannitis</strong></span> <span class='ocrx_word' id='word_1_311' title='bbox 1161 707 1338 752; x_wconf 74' lang='lat' dir='ltr'><strong>ceterisque</strong></span> <span class='ocrx_word' id='word_1_312' title='bbox 1369 708 1400 740; x_wconf 91' lang='lat' dir='ltr'><strong>id</strong></span> <span class='ocrx_word' id='word_1_313' title='bbox 1433 719 1532 751; x_wconf 81' lang='lat' dir='ltr'><strong>genus</strong></span> <span class='ocrx_word' id='word_1_314' title='bbox 1558 709 1744 742; x_wconf 77' lang='lat' dir='ltr'><strong>facinorosis</strong></span> 
     </span>
     <span class='ocr_line' id='line_1_79' title="bbox 999 760 1744 805; baseline 0.001 -12"><span class='ocrx_word' id='word_1_315' title='bbox 999 760 1186 794; x_wconf 90' lang='lat' dir='ltr'><strong>hominibus</strong></span> <span class='ocrx_word' id='word_1_316' title='bbox 1213 761 1257 794; x_wconf 84' lang='lat' dir='ltr'><strong>ita</strong></span> <span class='ocrx_word' id='word_1_317' title='bbox 1285 761 1428 805; x_wconf 88' lang='lat' dir='ltr'><strong>undique</strong></span> <span class='ocrx_word' id='word_1_318' title='bbox 1457 761 1682 803; x_wconf 77' lang='lat' dir='ltr'><strong>ingruentibus</strong></span> <span class='ocrx_word' id='word_1_319' title='bbox 1716 768 1744 794; x_wconf 78' lang='lat' dir='ltr'><strong>et</strong></span> 
     </span>
     <span class='ocr_line' id='line_1_80' title="bbox 999 814 1744 858; baseline 0 -11"><span class='ocrx_word' id='word_1_320' title='bbox 999 814 1230 857; x_wconf 82' lang='lat' dir='ltr'><strong>grassantibus,</strong></span> <span class='ocrx_word' id='word_1_321' title='bbox 1242 821 1278 848; x_wconf 90' lang='lat' dir='ltr'><strong>ut</strong></span> <span class='ocrx_word' id='word_1_322' title='bbox 1296 815 1344 847; x_wconf 75' lang='lat' dir='ltr'><strong>vix</strong></span> <span class='ocrx_word' id='word_1_323' title='bbox 1361 814 1530 858; x_wconf 76' lang='lat' dir='ltr'><strong>quisquam</strong></span> <span class='ocrx_word' id='word_1_324' title='bbox 1552 815 1590 847; x_wconf 85' lang='lat' dir='ltr'><strong>ab</strong></span> <span class='ocrx_word' id='word_1_325' title='bbox 1608 815 1666 848; x_wconf 85' lang='lat' dir='ltr'><strong>hac</strong></span> <span class='ocrx_word' id='word_1_326' title='bbox 1686 815 1744 847; x_wconf 82' lang='lat' dir='ltr'><strong>lio-</strong></span> 
     </span>
     <span class='ocr_line' id='line_1_81' title="bbox 1000 868 1744 912; baseline 0.001 -12"><span class='ocrx_word' id='word_1_327' title='bbox 1000 868 1124 901; x_wconf 90' lang='lat' dir='ltr'><strong>minum</strong></span> <span class='ocrx_word' id='word_1_328' title='bbox 1162 873 1250 912; x_wconf 87' lang='lat' dir='ltr'><strong>peste</strong></span> <span class='ocrx_word' id='word_1_329' title='bbox 1284 873 1372 901; x_wconf 81' lang='lat' dir='ltr'><strong>tutus</strong></span> <span class='ocrx_word' id='word_1_330' title='bbox 1413 868 1530 901; x_wconf 83' lang='lat' dir='ltr'><strong>alicubi</strong></span> <span class='ocrx_word' id='word_1_331' title='bbox 1569 868 1744 901; x_wconf 75' lang='lat' dir='ltr'><strong>consistere</strong></span> 
     </span>
     <span class='ocr_line' id='line_1_82' title="bbox 999 921 1743 965; baseline -0.001 -10"><span class='ocrx_word' id='word_1_332' title='bbox 999 932 1092 965; x_wconf 82' lang='lat' dir='ltr'><strong>posse</strong></span> <span class='ocrx_word' id='word_1_333' title='bbox 1111 921 1270 955; x_wconf 85' lang='lat' dir='ltr'><strong>videatur.</strong></span> <span class='ocrx_word' id='word_1_334' title='bbox 1296 921 1413 961; x_wconf 81' lang='lat' dir='ltr'><strong>Quare,</strong></span> <span class='ocrx_word' id='word_1_335' title='bbox 1433 932 1506 956; x_wconf 86' lang='lat' dir='ltr'><strong>cum</strong></span> <span class='ocrx_word' id='word_1_336' title='bbox 1527 922 1565 954; x_wconf 81' lang='lat' dir='ltr'><strong>ad</strong></span> <span class='ocrx_word' id='word_1_337' title='bbox 1591 922 1669 955; x_wconf 77' lang='lat' dir='ltr'><strong>haec</strong></span> <span class='ocrx_word' id='word_1_338' title='bbox 1695 934 1743 955; x_wconf 81' lang='lat' dir='ltr'><strong>sa-</strong></span> 
     </span>
     <span class='ocr_line' id='line_1_83' title="bbox 999 975 1743 1009; baseline 0 -1"><span class='ocrx_word' id='word_1_339' title='bbox 999 975 1106 1008; x_wconf 84' lang='lat' dir='ltr'><strong>nanda</strong></span> <span class='ocrx_word' id='word_1_340' title='bbox 1130 976 1215 1008; x_wconf 87' lang='lat' dir='ltr'><strong>mala</strong></span> <span class='ocrx_word' id='word_1_341' title='bbox 1246 986 1283 1009; x_wconf 84' lang='lat' dir='ltr'><strong>ex</strong></span> <span class='ocrx_word' id='word_1_342' title='bbox 1316 975 1412 1008; x_wconf 87' lang='lat' dir='ltr'><strong>oflicii</strong></span> <span class='ocrx_word' id='word_1_343' title='bbox 1442 975 1541 1009; x_wconf 82' lang='lat' dir='ltr'><strong>nostri</strong></span> <span class='ocrx_word' id='word_1_344' title='bbox 1578 976 1683 1008; x_wconf 83' lang='lat' dir='ltr'><strong>debito</strong></span> <span class='ocrx_word' id='word_1_345' title='bbox 1716 982 1743 1008; x_wconf 88' lang='lat' dir='ltr'><strong>et</strong></span> 
     </span>
     <span class='ocr_line' id='line_1_84' title="bbox 999 1028 1745 1073; baseline 0 -12"><span class='ocrx_word' id='word_1_346' title='bbox 999 1028 1174 1073; x_wconf 86' lang='lat' dir='ltr'><strong>praecipue</strong></span> <span class='ocrx_word' id='word_1_347' title='bbox 1193 1040 1269 1072; x_wconf 83' lang='lat' dir='ltr'><strong>erga</strong></span> <span class='ocrx_word' id='word_1_348' title='bbox 1288 1034 1415 1063; x_wconf 88' lang='lat' dir='ltr'><strong>nostros</strong></span> <span class='ocrx_word' id='word_1_349' title='bbox 1430 1029 1618 1063; x_wconf 81' lang='lat' dir='ltr'><strong>aceiusdem</strong></span> <span class='ocrx_word' id='word_1_350' title='bbox 1630 1030 1745 1062; x_wconf 77' lang='lat' dir='ltr'><strong>Itoma-</strong></span> 
     </span>
     <span class='ocr_line' id='line_1_85' title="bbox 999 1082 1744 1116; baseline -0.001 -1"><span class='ocrx_word' id='word_1_351' title='bbox 999 1093 1059 1115; x_wconf 90' lang='lat' dir='ltr'><strong>nae</strong></span> <span class='ocrx_word' id='word_1_352' title='bbox 1078 1082 1239 1116; x_wconf 80' lang='lat' dir='ltr'><strong>Ecclesiae</strong></span> <span class='ocrx_word' id='word_1_353' title='bbox 1271 1083 1416 1116; x_wconf 86' lang='lat' dir='ltr'><strong>subditos</strong></span> <span class='ocrx_word' id='word_1_354' title='bbox 1442 1083 1575 1116; x_wconf 86' lang='lat' dir='ltr'><strong>caritate</strong></span> <span class='ocrx_word' id='word_1_355' title='bbox 1618 1083 1744 1115; x_wconf 82' lang='lat' dir='ltr'><strong>assidue</strong></span> 
     </span>
     <span class='ocr_line' id='line_1_86' title="bbox 999 1135 1744 1180; baseline -0.003 -12"><span class='ocrx_word' id='word_1_356' title='bbox 999 1135 1239 1176; x_wconf 71' lang='lat' dir='ltr'><strong>exfimulemur,</strong></span> <span class='ocrx_word' id='word_1_357' title='bbox 1261 1137 1341 1169; x_wconf 88' lang='lat' dir='ltr'><strong>nibil</strong></span> <span class='ocrx_word' id='word_1_358' title='bbox 1363 1147 1427 1169; x_wconf 92' lang='lat' dir='ltr'><strong>non</strong></span> <span class='ocrx_word' id='word_1_359' title='bbox 1448 1147 1542 1180; x_wconf 75' lang='lat' dir='ltr'><strong>agere</strong></span> <span class='ocrx_word' id='word_1_360' title='bbox 1563 1142 1593 1169; x_wconf 89' lang='lat' dir='ltr'><strong>et</strong></span> <span class='ocrx_word' id='word_1_361' title='bbox 1622 1141 1744 1169; x_wconf 72' lang='lat' dir='ltr'><strong>tentare</strong></span> 
     </span>
     <span class='ocr_line' id='line_1_87' title="bbox 999 1189 1746 1234; baseline -0.001 -12"><span class='ocrx_word' id='word_1_362' title='bbox 999 1189 1200 1223; x_wconf 86' lang='lat' dir='ltr'><strong>decrevimus</strong></span> <span class='ocrx_word' id='word_1_363' title='bbox 1213 1201 1277 1233; x_wconf 89' lang='lat' dir='ltr'><strong>quo</strong></span> <span class='ocrx_word' id='word_1_364' title='bbox 1289 1190 1417 1234; x_wconf 87' lang='lat' dir='ltr'><strong>populis</strong></span> <span class='ocrx_word' id='word_1_365' title='bbox 1428 1195 1535 1234; x_wconf 84' lang='lat' dir='ltr'><strong>optata</strong></span> <span class='ocrx_word' id='word_1_366' title='bbox 1546 1190 1746 1232; x_wconf 75' lang='lat' dir='ltr'><strong>quies,salus,</strong></span> 
     </span>
     <span class='ocr_line' id='line_1_88' title="bbox 999 1242 1746 1287; baseline 0 -12"><span class='ocrx_word' id='word_1_367' title='bbox 999 1242 1154 1276; x_wconf 84' lang='lat' dir='ltr'><strong>securitas</strong></span> <span class='ocrx_word' id='word_1_368' title='bbox 1174 1249 1205 1276; x_wconf 87' lang='lat' dir='ltr'><strong>et</strong></span> <span class='ocrx_word' id='word_1_369' title='bbox 1224 1243 1438 1287; x_wconf 85' lang='lat' dir='ltr'><strong>tranquillitas</strong></span> <span class='ocrx_word' id='word_1_370' title='bbox 1454 1254 1512 1286; x_wconf 88' lang='lat' dir='ltr'><strong>per</strong></span> <span class='ocrx_word' id='word_1_371' title='bbox 1531 1246 1746 1276; x_wconf 71' lang='lat' dir='ltr'><strong>nosrestitua-</strong></span> 
     </span>
     <span class='ocr_line' id='line_1_89' title="bbox 999 1296 1747 1340; baseline 0 -11"><span class='ocrx_word' id='word_1_372' title='bbox 999 1302 1062 1329; x_wconf 81' lang='lat' dir='ltr'><strong>tur.</strong></span> <span class='ocrx_word' id='word_1_373' title='bbox 1085 1296 1175 1336; x_wconf 82' lang='lat' dir='ltr'><strong>Quod</strong></span> <span class='ocrx_word' id='word_1_374' title='bbox 1196 1297 1239 1330; x_wconf 83' lang='lat' dir='ltr'><strong>ita</strong></span> <span class='ocrx_word' id='word_1_375' title='bbox 1250 1297 1393 1337; x_wconf 86' lang='lat' dir='ltr'><strong>demum,</strong></span> <span class='ocrx_word' id='word_1_376' title='bbox 1406 1297 1468 1329; x_wconf 74' lang='lat' dir='ltr'><strong>Deo</strong></span> <span class='ocrx_word' id='word_1_377' title='bbox 1481 1297 1665 1337; x_wconf 79' lang='lat' dir='ltr'><strong>auxiliante,</strong></span> <span class='ocrx_word' id='word_1_378' title='bbox 1677 1308 1747 1340; x_wconf 84' lang='lat' dir='ltr'><strong>spe-</strong></span> 
     </span>
     <span class='ocr_line' id='line_1_90' title="bbox 1000 1350 1747 1392; baseline 0 -10"><span class='ocrx_word' id='word_1_379' title='bbox 1000 1360 1110 1383; x_wconf 89' lang='lat' dir='ltr'><strong>ramus</strong></span> <span class='ocrx_word' id='word_1_380' title='bbox 1140 1360 1199 1383; x_wconf 90' lang='lat' dir='ltr'><strong>nos</strong></span> <span class='ocrx_word' id='word_1_381' title='bbox 1225 1360 1293 1383; x_wconf 86' lang='lat' dir='ltr'><strong>esse</strong></span> <span class='ocrx_word' id='word_1_382' title='bbox 1319 1355 1570 1392; x_wconf 84' lang='lat' dir='ltr'><strong>consecuturos,</strong></span> <span class='ocrx_word' id='word_1_383' title='bbox 1601 1350 1627 1383; x_wconf 90' lang='lat' dir='ltr'><strong>si</strong></span> <span class='ocrx_word' id='word_1_384' title='bbox 1655 1356 1747 1382; x_wconf 75' lang='lat' dir='ltr'><strong>caute</strong></span> 
     </span>
    </p>
   </div>
   <div class='ocr_carea' id='block_1_13' title="bbox 1000 1421 1761 2701">
    <p class='ocr_par' dir='ltr' id='par_1_19' title="bbox 1000 1421 1746 1501">
     <span class='ocr_line' id='line_1_91' title="bbox 1000 1421 1746 1457; baseline 0 -9"><span class='ocrx_word' id='word_1_385' title='bbox 1000 1425 1092 1448; x_wconf 84' lang='lat' dir='ltr'><strong>const.</strong></span> <span class='ocrx_word' id='word_1_386' title='bbox 1120 1428 1148 1448; x_wconf 86' lang='lat' dir='ltr'><strong>1v</strong></span> <span class='ocrx_word' id='word_1_387' title='bbox 1176 1421 1256 1449; x_wconf 83' lang='lat' dir='ltr'><strong>Pauli</strong></span> <span class='ocrx_word' id='word_1_388' title='bbox 1277 1422 1311 1456; x_wconf 93' lang='lat'><strong>11,</strong></span> <span class='ocrx_word' id='word_1_389' title='bbox 1345 1422 1431 1456; x_wconf 64' lang='lat' dir='ltr'><strong>Viros,</strong></span> <span class='ocrx_word' id='word_1_390' title='bbox 1457 1422 1572 1455; x_wconf 86' lang='lat' dir='ltr'><strong>ibidem,</strong></span> <span class='ocrx_word' id='word_1_391' title='bbox 1596 1429 1658 1457; x_wconf 76' lang='lat' dir='ltr'><strong>pag.</strong></span> <span class='ocrx_word' id='word_1_392' title='bbox 1687 1423 1746 1453; x_wconf 63' lang='lat'><strong>1353</strong></span> 
     </span>
     <span class='ocr_line' id='line_1_92' title="bbox 1001 1466 1735 1501; baseline 0 -9"><span class='ocrx_word' id='word_1_393' title='bbox 1001 1469 1089 1492; x_wconf 88' lang='lat' dir='ltr'><strong>const.</strong></span> <span class='ocrx_word' id='word_1_394' title='bbox 1120 1472 1178 1493; x_wconf 78' lang='lat' dir='ltr'><strong>xvu</strong></span> <span class='ocrx_word' id='word_1_395' title='bbox 1206 1466 1362 1494; x_wconf 83' lang='lat' dir='ltr'><strong>Innocentii</strong></span> <span class='ocrx_word' id='word_1_396' title='bbox 1386 1466 1456 1501; x_wconf 73' lang='lat' dir='ltr'><strong>VIII,</strong></span> <span class='ocrx_word' id='word_1_397' title='bbox 1472 1467 1542 1494; x_wconf 76' lang='lat' dir='ltr'><strong>Lz&#39;cel</strong></span> <span class='ocrx_word' id='word_1_398' title='bbox 1570 1474 1610 1500; x_wconf 80' lang='lat' dir='ltr'><strong>ea,</strong></span> <span class='ocrx_word' id='word_1_399' title='bbox 1633 1466 1735 1494; x_wconf 73' lang='lat' dir='ltr'><strong>ibidem</strong></span> 
     </span>
    </p>

    <p class='ocr_par' dir='ltr' id='par_1_20' title="bbox 1001 1510 1761 2701">
     <span class='ocr_line' id='line_1_93' title="bbox 1001 1510 1748 1544; baseline 0.001 -9"><span class='ocrx_word' id='word_1_400' title='bbox 1001 1517 1062 1544; x_wconf 78' lang='lat' dir='ltr'><strong>pag.</strong></span> <span class='ocrx_word' id='word_1_401' title='bbox 1085 1510 1147 1544; x_wconf 71' lang='lat'><strong>3413</strong></span> <span class='ocrx_word' id='word_1_402' title='bbox 1168 1515 1258 1539; x_wconf 64' lang='lat' dir='ltr'><strong>const,</strong></span> <span class='ocrx_word' id='word_1_403' title='bbox 1280 1517 1331 1538; x_wconf 72' lang='lat' dir='ltr'><strong>vm</strong></span> <span class='ocrx_word' id='word_1_404' title='bbox 1346 1510 1408 1538; x_wconf 78' lang='lat' dir='ltr'><strong>Iulii</strong></span> <span class='ocrx_word' id='word_1_405' title='bbox 1423 1511 1456 1544; x_wconf 87' lang='lat' dir='ltr'><strong>II,</strong></span> <span class='ocrx_word' id='word_1_406' title='bbox 1474 1511 1541 1538; x_wconf 80' lang='lat' dir='ltr'><strong>Cum</strong></span> <span class='ocrx_word' id='word_1_407' title='bbox 1552 1511 1681 1544; x_wconf 75' lang='lat' dir='ltr'><strong>homines,</strong></span> <span class='ocrx_word' id='word_1_408' title='bbox 1698 1511 1748 1537; x_wconf 63' lang='lat' dir='ltr'><strong>ibi&lt;</strong></span> 
     </span>
     <span class='ocr_line' id='line_1_94' title="bbox 1001 1555 1747 1589; baseline -0.001 -8"><span class='ocrx_word' id='word_1_409' title='bbox 1001 1555 1075 1588; x_wconf 79' lang='lat' dir='ltr'><strong>dem,</strong></span> <span class='ocrx_word' id='word_1_410' title='bbox 1091 1562 1153 1589; x_wconf 84' lang='lat' dir='ltr'><strong>pag.</strong></span> <span class='ocrx_word' id='word_1_411' title='bbox 1179 1556 1240 1589; x_wconf 71' lang='lat'><strong>4153</strong></span> <span class='ocrx_word' id='word_1_412' title='bbox 1261 1559 1349 1582; x_wconf 86' lang='lat' dir='ltr'><strong>const.</strong></span> <span class='ocrx_word' id='word_1_413' title='bbox 1383 1561 1429 1582; x_wconf 73' lang='lat' dir='ltr'><strong>xm</strong></span> <span class='ocrx_word' id='word_1_414' title='bbox 1448 1555 1551 1582; x_wconf 85' lang='lat' dir='ltr'><strong>Leonis</strong></span> <span class='ocrx_word' id='word_1_415' title='bbox 1574 1555 1613 1589; x_wconf 83' lang='lat' dir='ltr'><strong>X,</strong></span> <span class='ocrx_word' id='word_1_416' title='bbox 1637 1555 1747 1587; x_wconf 61' lang='lat' dir='ltr'><strong>Omnes,</strong></span> 
     </span>
     <span class='ocr_line' id='line_1_95' title="bbox 1001 1598 1750 1640; baseline 0 -14"><span class='ocrx_word' id='word_1_417' title='bbox 1001 1598 1115 1631; x_wconf 81' lang='lat' dir='ltr'><strong>ibidem,</strong></span> <span class='ocrx_word' id='word_1_418' title='bbox 1136 1600 1282 1640; x_wconf 44' lang='lat' dir='ltr'><strong>pag-7373</strong></span> <span class='ocrx_word' id='word_1_419' title='bbox 1299 1602 1387 1626; x_wconf 88' lang='lat' dir='ltr'><strong>const.</strong></span> <span class='ocrx_word' id='word_1_420' title='bbox 1420 1606 1449 1627; x_wconf 84' lang='lat' dir='ltr'><strong>1x</strong></span> <span class='ocrx_word' id='word_1_421' title='bbox 1471 1599 1621 1627; x_wconf 81' lang='lat' dir='ltr'><strong>Clementis</strong></span> <span class='ocrx_word' id='word_1_422' title='bbox 1640 1599 1696 1632; x_wconf 72' lang='grc' dir='ltr'>ΙἸΙ,</span> <span class='ocrx_word' id='word_1_423' title='bbox 1720 1601 1750 1626; x_wconf 73' lang='lat' dir='ltr'><strong>lt</strong></span> 
     </span>
     <span class='ocr_line' id='line_1_96' title="bbox 1001 1644 1748 1678; baseline 0.001 -8"><span class='ocrx_word' id='word_1_424' title='bbox 1001 1648 1105 1677; x_wconf 79' lang='lat' dir='ltr'><strong>sancta,</strong></span> <span class='ocrx_word' id='word_1_425' title='bbox 1122 1648 1188 1671; x_wconf 85' lang='lat' dir='ltr'><strong>tom.</strong></span> <span class='ocrx_word' id='word_1_426' title='bbox 1209 1650 1246 1678; x_wconf 76' lang='lat' dir='ltr'><strong>vr,</strong></span> <span class='ocrx_word' id='word_1_427' title='bbox 1269 1651 1331 1678; x_wconf 71' lang='lat' dir='ltr'><strong>pag.</strong></span> <span class='ocrx_word' id='word_1_428' title='bbox 1354 1644 1397 1678; x_wconf 73' lang='lat'><strong>093</strong></span> <span class='ocrx_word' id='word_1_429' title='bbox 1422 1648 1512 1671; x_wconf 88' lang='lat' dir='ltr'><strong>const.</strong></span> <span class='ocrx_word' id='word_1_430' title='bbox 1537 1651 1596 1671; x_wconf 80' lang='lat' dir='ltr'><strong>xxu</strong></span> <span class='ocrx_word' id='word_1_431' title='bbox 1619 1645 1679 1672; x_wconf 86' lang='lat' dir='ltr'><strong>Iulii</strong></span> <span class='ocrx_word' id='word_1_432' title='bbox 1702 1646 1748 1676; x_wconf 90' lang='lat' dir='ltr'><strong>III,</strong></span> 
     </span>
     <span class='ocr_line' id='line_1_97' title="bbox 1003 1688 1748 1723; baseline 0 -9"><span class='ocrx_word' id='word_1_433' title='bbox 1003 1689 1070 1715; x_wconf 82' lang='lat' dir='ltr'><strong>Cum</strong></span> <span class='ocrx_word' id='word_1_434' title='bbox 1080 1688 1210 1722; x_wconf 66' lang='lat' dir='ltr'><strong>civitates,</strong></span> <span class='ocrx_word' id='word_1_435' title='bbox 1222 1688 1337 1723; x_wconf 76' lang='lat' dir='ltr'><strong>ibidem,</strong></span> <span class='ocrx_word' id='word_1_436' title='bbox 1354 1696 1415 1723; x_wconf 75' lang='lat' dir='ltr'><strong>pag.</strong></span> <span class='ocrx_word' id='word_1_437' title='bbox 1432 1689 1494 1723; x_wconf 61' lang='lat'><strong>4633</strong></span> <span class='ocrx_word' id='word_1_438' title='bbox 1511 1693 1537 1716; x_wconf 87' lang='lat' dir='ltr'><strong>et</strong></span> <span class='ocrx_word' id='word_1_439' title='bbox 1558 1693 1647 1716; x_wconf 82' lang='lat' dir='ltr'><strong>const.</strong></span> <span class='ocrx_word' id='word_1_440' title='bbox 1663 1696 1748 1721; x_wconf 77' lang='lat' dir='ltr'><strong>xxxv,</strong></span> 
     </span>
     <span class='ocr_line' id='line_1_98' title="bbox 1005 1733 1750 1768; baseline 0.001 -8"><span class='ocrx_word' id='word_1_441' title='bbox 1005 1733 1072 1760; x_wconf 78' lang='lat' dir='ltr'><strong>Cum</strong></span> <span class='ocrx_word' id='word_1_442' title='bbox 1096 1733 1174 1767; x_wconf 74' lang='lat' dir='ltr'><strong>sicut,</strong></span> <span class='ocrx_word' id='word_1_443' title='bbox 1203 1733 1318 1767; x_wconf 82' lang='lat' dir='ltr'><strong>ibidem,</strong></span> <span class='ocrx_word' id='word_1_444' title='bbox 1338 1741 1399 1768; x_wconf 79' lang='lat' dir='ltr'><strong>pag.</strong></span> <span class='ocrx_word' id='word_1_445' title='bbox 1426 1735 1486 1761; x_wconf 65' lang='lat'><strong>486.</strong></span> <span class='ocrx_word' id='word_1_446' title='bbox 1512 1734 1546 1761; x_wconf 87' lang='lat' dir='ltr'><strong>Et</strong></span> <span class='ocrx_word' id='word_1_447' title='bbox 1574 1738 1649 1761; x_wconf 77' lang='lat' dir='ltr'><strong>extat</strong></span> <span class='ocrx_word' id='word_1_448' title='bbox 1667 1735 1750 1762; x_wconf 77' lang='lat' dir='ltr'><strong>etiam</strong></span> 
     </span>
     <span class='ocr_line' id='line_1_99' title="bbox 1004 1777 1749 1814; baseline 0.001 -9"><span class='ocrx_word' id='word_1_449' title='bbox 1004 1777 1045 1805; x_wconf 81' lang='lat' dir='ltr'><strong>Pii</strong></span> <span class='ocrx_word' id='word_1_450' title='bbox 1065 1777 1099 1804; x_wconf 89' lang='lat' dir='ltr'><strong>IV</strong></span> <span class='ocrx_word' id='word_1_451' title='bbox 1118 1781 1208 1805; x_wconf 88' lang='lat' dir='ltr'><strong>const.</strong></span> <span class='ocrx_word' id='word_1_452' title='bbox 1225 1784 1315 1812; x_wconf 81' lang='lat' dir='ltr'><strong>xxx11,</strong></span> <span class='ocrx_word' id='word_1_453' title='bbox 1329 1778 1361 1804; x_wconf 80' lang='lat' dir='ltr'><strong>In</strong></span> <span class='ocrx_word' id='word_1_454' title='bbox 1379 1779 1520 1813; x_wconf 73' lang='lat' dir='ltr'><strong>emim-nli,</strong></span> <span class='ocrx_word' id='word_1_455' title='bbox 1537 1783 1604 1806; x_wconf 90' lang='lat' dir='ltr'><strong>tom.</strong></span> <span class='ocrx_word' id='word_1_456' title='bbox 1622 1786 1670 1812; x_wconf 75' lang='lat' dir='ltr'><strong>vu,</strong></span> <span class='ocrx_word' id='word_1_457' title='bbox 1687 1787 1749 1814; x_wconf 76' lang='lat' dir='ltr'><strong>pag.</strong></span> 
     </span>
     <span class='ocr_line' id='line_1_100' title="bbox 1006 1821 1749 1858; baseline 0 -9"><span class='ocrx_word' id='word_1_458' title='bbox 1006 1822 1066 1855; x_wconf 69' lang='lat'><strong>1023</strong></span> <span class='ocrx_word' id='word_1_459' title='bbox 1082 1821 1124 1849; x_wconf 86' lang='lat' dir='ltr'><strong>Pii</strong></span> <span class='ocrx_word' id='word_1_460' title='bbox 1139 1822 1258 1849; x_wconf 81' lang='lat' dir='ltr'><strong>Vconst.</strong></span> <span class='ocrx_word' id='word_1_461' title='bbox 1276 1829 1333 1855; x_wconf 66' lang='lat' dir='ltr'><strong>XIV,</strong></span> <span class='ocrx_word' id='word_1_462' title='bbox 1355 1823 1400 1849; x_wconf 72' lang='lat' dir='ltr'><strong>EJ·</strong></span> <span class='ocrx_word' id='word_1_463' title='bbox 1421 1830 1563 1857; x_wconf 73' lang='lat' dir='ltr'><strong>superuae,</strong></span> <span class='ocrx_word' id='word_1_464' title='bbox 1584 1823 1662 1858; x_wconf 78' lang='lat' dir='ltr'><strong>ibid,</strong></span> <span class='ocrx_word' id='word_1_465' title='bbox 1686 1831 1749 1858; x_wconf 72' lang='lat' dir='ltr'><strong>pag.</strong></span> 
     </span>
     <span class='ocr_line' id='line_1_101' title="bbox 1005 1866 1751 1902; baseline 0 -9"><span class='ocrx_word' id='word_1_466' title='bbox 1005 1866 1067 1898; x_wconf 73' lang='lat'>45-2;</span> <span class='ocrx_word' id='word_1_467' title='bbox 1085 1870 1112 1893; x_wconf 87' lang='lat' dir='ltr'><strong>et</strong></span> <span class='ocrx_word' id='word_1_468' title='bbox 1138 1866 1263 1900; x_wconf 78' lang='lat' dir='ltr'><strong>Gregorii</strong></span> <span class='ocrx_word' id='word_1_469' title='bbox 1278 1866 1336 1894; x_wconf 83' lang='lat' dir='ltr'>XIII</span> <span class='ocrx_word' id='word_1_470' title='bbox 1351 1871 1440 1894; x_wconf 79' lang='lat' dir='ltr'><strong>const.</strong></span> <span class='ocrx_word' id='word_1_471' title='bbox 1458 1873 1544 1900; x_wconf 78' lang='lat' dir='ltr'><strong>cxxu,</strong></span> <span class='ocrx_word' id='word_1_472' title='bbox 1564 1868 1664 1901; x_wconf 72' lang='lat' dir='ltr'><strong>Tanta,</strong></span> <span class='ocrx_word' id='word_1_473' title='bbox 1688 1875 1751 1902; x_wconf 75' lang='lat' dir='ltr'><strong>pag.</strong></span> 
     </span>
     <span class='ocr_line' id='line_1_102' title="bbox 1005 1910 1751 1945; baseline 0.001 -8"><span class='ocrx_word' id='word_1_474' title='bbox 1005 1910 1058 1938; x_wconf 83' lang='lat'><strong>355</strong></span> <span class='ocrx_word' id='word_1_475' title='bbox 1068 1910 1153 1938; x_wconf 90' lang='lat' dir='ltr'><strong>huius</strong></span> <span class='ocrx_word' id='word_1_476' title='bbox 1164 1910 1240 1937; x_wconf 87' lang='lat' dir='ltr'><strong>tomi.</strong></span> <span class='ocrx_word' id='word_1_477' title='bbox 1263 1911 1324 1943; x_wconf 89' lang='lat' dir='ltr'><strong>Quo</strong></span> <span class='ocrx_word' id='word_1_478' title='bbox 1334 1918 1402 1938; x_wconf 70' lang='lat' dir='ltr'><strong>vero</strong></span> <span class='ocrx_word' id='word_1_479' title='bbox 1413 1911 1445 1938; x_wconf 88' lang='lat' dir='ltr'><strong>ad</strong></span> <span class='ocrx_word' id='word_1_480' title='bbox 1458 1911 1612 1938; x_wconf 82' lang='lat' dir='ltr'><strong>secundam</strong></span> <span class='ocrx_word' id='word_1_481' title='bbox 1632 1916 1751 1945; x_wconf 73' lang='lat' dir='ltr'><strong>partem,</strong></span> 
     </span>
     <span class='ocr_line' id='line_1_103' title="bbox 1007 1955 1754 1989; baseline -0.003 -6"><span class='ocrx_word' id='word_1_482' title='bbox 1007 1958 1103 1983; x_wconf 83' lang='lat' dir='ltr'><strong>contra</strong></span> <span class='ocrx_word' id='word_1_483' title='bbox 1114 1962 1171 1982; x_wconf 90' lang='lat' dir='ltr'><strong>non</strong></span> <span class='ocrx_word' id='word_1_484' title='bbox 1183 1955 1373 1982; x_wconf 85' lang='lat' dir='ltr'><strong>custodientes</strong></span> <span class='ocrx_word' id='word_1_485' title='bbox 1388 1962 1487 1983; x_wconf 85' lang='lat' dir='ltr'><strong>eorum</strong></span> <span class='ocrx_word' id='word_1_486' title='bbox 1503 1955 1651 1989; x_wconf 85' lang='lat' dir='ltr'><strong>territoria,</strong></span> <span class='ocrx_word' id='word_1_487' title='bbox 1668 1956 1754 1982; x_wconf 65' lang='lat' dir='ltr'><strong>habt&gt;-</strong></span> 
     </span>
     <span class='ocr_line' id='line_1_104' title="bbox 1008 1999 1753 2034; baseline -0.004 -7"><span class='ocrx_word' id='word_1_488' title='bbox 1008 1999 1340 2033; x_wconf 77' lang='lat' dir='ltr'><strong>constitution.11u1ti11,</strong></span> <span class='ocrx_word' id='word_1_489' title='bbox 1360 1999 1438 2033; x_wconf 72' lang='lat' dir='ltr'><strong>Quia,</strong></span> <span class='ocrx_word' id='word_1_490' title='bbox 1459 2003 1526 2026; x_wconf 91' lang='lat' dir='ltr'><strong>tom.</strong></span> <span class='ocrx_word' id='word_1_491' title='bbox 1547 2006 1580 2032; x_wconf 80' lang='lat' dir='ltr'><strong>v,</strong></span> <span class='ocrx_word' id='word_1_492' title='bbox 1601 2007 1663 2034; x_wconf 79' lang='lat' dir='ltr'><strong>pag.</strong></span> <span class='ocrx_word' id='word_1_493' title='bbox 1687 2000 1753 2033; x_wconf 67' lang='lat'><strong>39¹.›;</strong></span> 
     </span>
     <span class='ocr_line' id='line_1_105' title="bbox 1009 2044 1753 2080; baseline 0.001 -9"><span class='ocrx_word' id='word_1_494' title='bbox 1009 2048 1036 2072; x_wconf 81' lang='lat' dir='ltr'><strong>et</strong></span> <span class='ocrx_word' id='word_1_495' title='bbox 1057 2050 1147 2072; x_wconf 81' lang='lat' dir='ltr'><strong>const.</strong></span> <span class='ocrx_word' id='word_1_496' title='bbox 1178 2051 1245 2071; x_wconf 77' lang='lat' dir='ltr'><strong>xxxr</strong></span> <span class='ocrx_word' id='word_1_497' title='bbox 1267 2044 1370 2071; x_wconf 84' lang='lat' dir='ltr'><strong>Leonis</strong></span> <span class='ocrx_word' id='word_1_498' title='bbox 1384 2044 1414 2077; x_wconf 80' lang='lat' dir='ltr'><strong>X,</strong></span> <span class='ocrx_word' id='word_1_499' title='bbox 1441 2045 1564 2079; x_wconf 46' lang='lat' dir='ltr'><strong>Romam,</strong></span> <span class='ocrx_word' id='word_1_500' title='bbox 1589 2044 1668 2077; x_wconf 75' lang='lat' dir='ltr'><strong>ibid,</strong></span> <span class='ocrx_word' id='word_1_501' title='bbox 1690 2052 1753 2080; x_wconf 83' lang='lat' dir='ltr'><strong>pag.</strong></span> 
     </span>
     <span class='ocr_line' id='line_1_106' title="bbox 1010 2088 1753 2121; baseline 0 -6"><span class='ocrx_word' id='word_1_502' title='bbox 1010 2088 1070 2120; x_wconf 68' lang='lat'><strong>7123</strong></span> <span class='ocrx_word' id='word_1_503' title='bbox 1090 2095 1203 2116; x_wconf 82' lang='lat' dir='ltr'><strong>necnon</strong></span> <span class='ocrx_word' id='word_1_504' title='bbox 1219 2088 1329 2115; x_wconf 86' lang='lat' dir='ltr'><strong>constit.</strong></span> <span class='ocrx_word' id='word_1_505' title='bbox 1345 2095 1424 2115; x_wconf 78' lang='lat' dir='ltr'><strong>xxxn</strong></span> <span class='ocrx_word' id='word_1_506' title='bbox 1443 2088 1493 2115; x_wconf 56' lang='lat' dir='ltr'><strong>Pii.</strong></span> <span class='ocrx_word' id='word_1_507' title='bbox 1511 2088 1553 2121; x_wconf 72' lang='lat' dir='ltr'><strong>IV,</strong></span> <span class='ocrx_word' id='word_1_508' title='bbox 1570 2089 1599 2115; x_wconf 74' lang='lat' dir='ltr'><strong>Iu</strong></span> <span class='ocrx_word' id='word_1_509' title='bbox 1617 2088 1753 2121; x_wconf 61' lang='lat' dir='ltr'><strong>emmena,</strong></span> 
     </span>
     <span class='ocr_line' id='line_1_107' title="bbox 1010 2132 1754 2168; baseline 0 -9"><span class='ocrx_word' id='word_1_510' title='bbox 1010 2136 1077 2159; x_wconf 87' lang='lat' dir='ltr'><strong>tom.</strong></span> <span class='ocrx_word' id='word_1_511' title='bbox 1091 2139 1140 2166; x_wconf 79' lang='lat' dir='ltr'><strong>vn,</strong></span> <span class='ocrx_word' id='word_1_512' title='bbox 1162 2140 1221 2167; x_wconf 83' lang='lat' dir='ltr'><strong>pag.</strong></span> <span class='ocrx_word' id='word_1_513' title='bbox 1238 2133 1295 2165; x_wconf 70' lang='lat'><strong>1023</strong></span> <span class='ocrx_word' id='word_1_514' title='bbox 1317 2136 1343 2159; x_wconf 85' lang='lat' dir='ltr'><strong>et</strong></span> <span class='ocrx_word' id='word_1_515' title='bbox 1365 2137 1454 2160; x_wconf 89' lang='lat' dir='ltr'><strong>const.</strong></span> <span class='ocrx_word' id='word_1_516' title='bbox 1466 2139 1513 2160; x_wconf 69' lang='lat' dir='ltr'><strong>xiv</strong></span> <span class='ocrx_word' id='word_1_517' title='bbox 1524 2132 1564 2160; x_wconf 78' lang='lat' dir='ltr'><strong>Pii</strong></span> <span class='ocrx_word' id='word_1_518' title='bbox 1576 2133 1607 2165; x_wconf 79' lang='lat' dir='ltr'><strong>V,</strong></span> <span class='ocrx_word' id='word_1_519' title='bbox 1619 2141 1682 2168; x_wconf 88' lang='lat' dir='ltr'><strong>sup.</strong></span> <span class='ocrx_word' id='word_1_520' title='bbox 1699 2133 1754 2160; x_wconf 81' lang='lat' dir='ltr'><strong>iam</strong></span> 
     </span>
     <span class='ocr_line' id='line_1_108' title="bbox 1011 2177 1756 2212; baseline 0 -8"><span class='ocrx_word' id='word_1_521' title='bbox 1011 2177 1293 2206; x_wconf 75' lang='lat' dir='ltr'><strong>citatampraeterea</strong></span> <span class='ocrx_word' id='word_1_522' title='bbox 1312 2177 1446 2204; x_wconf 78' lang='lat' dir='ltr'><strong>adversus</strong></span> <span class='ocrx_word' id='word_1_523' title='bbox 1468 2177 1607 2205; x_wconf 87' lang='lat' dir='ltr'><strong>eiusmodi</strong></span> <span class='ocrx_word' id='word_1_524' title='bbox 1633 2178 1756 2212; x_wconf 82' lang='lat' dir='ltr'><strong>perfidos</strong></span> 
     </span>
     <span class='ocr_line' id='line_1_109' title="bbox 1012 2221 1757 2256; baseline 0.001 -8"><span class='ocrx_word' id='word_1_525' title='bbox 1012 2221 1151 2256; x_wconf 85' lang='lat' dir='ltr'><strong>homines,</strong></span> <span class='ocrx_word' id='word_1_526' title='bbox 1181 2228 1336 2254; x_wconf 83' lang='lat' dir='ltr'><strong>omnesque</strong></span> <span class='ocrx_word' id='word_1_527' title='bbox 1360 2221 1510 2249; x_wconf 68' lang='lat' dir='ltr'><strong>vindimam</strong></span> <span class='ocrx_word' id='word_1_528' title='bbox 1539 2222 1757 2249; x_wconf 66' lang='lat' dir='ltr'><strong>transversalern</strong></span> 
     </span>
     <span class='ocr_line' id='line_1_110' title="bbox 1013 2265 1758 2300; baseline 0 -8"><span class='ocrx_word' id='word_1_529' title='bbox 1013 2269 1169 2299; x_wconf 80' lang='lat' dir='ltr'><strong>sumentes,</strong></span> <span class='ocrx_word' id='word_1_530' title='bbox 1199 2265 1305 2292; x_wconf 80' lang='lat' dir='ltr'><strong>Paulus</strong></span> <span class='ocrx_word' id='word_1_531' title='bbox 1333 2266 1355 2293; x_wconf 90' lang='grc' dir='ltr'><strong>ΙΙ</strong></span> <span class='ocrx_word' id='word_1_532' title='bbox 1384 2265 1469 2292; x_wconf 83' lang='lat' dir='ltr'><strong>edidit</strong></span> <span class='ocrx_word' id='word_1_533' title='bbox 1494 2270 1582 2293; x_wconf 78' lang='lat' dir='ltr'><strong>coust.</strong></span> <span class='ocrx_word' id='word_1_534' title='bbox 1613 2266 1699 2300; x_wconf 68' lang='lat' dir='ltr'><strong>Viros,</strong></span> <span class='ocrx_word' id='word_1_535' title='bbox 1726 2269 1758 2293; x_wconf 80' lang='lat' dir='ltr'><strong>ut</strong></span> 
     </span>
     <span class='ocr_line' id='line_1_111' title="bbox 1014 2310 1757 2344; baseline 0 -7"><span class='ocrx_word' id='word_1_536' title='bbox 1014 2317 1117 2344; x_wconf 78' lang='lat' dir='ltr'><strong>supra:</strong></span> <span class='ocrx_word' id='word_1_537' title='bbox 1134 2314 1217 2344; x_wconf 84' lang='lat' dir='ltr'><strong>prout</strong></span> <span class='ocrx_word' id='word_1_538' title='bbox 1234 2314 1332 2337; x_wconf 84' lang='lat' dir='ltr'><strong>contra</strong></span> <span class='ocrx_word' id='word_1_539' title='bbox 1344 2310 1481 2337; x_wconf 79' lang='lat' dir='ltr'><strong>minantes</strong></span> <span class='ocrx_word' id='word_1_540' title='bbox 1491 2317 1542 2344; x_wconf 78' lang='lat' dir='ltr'><strong>pro</strong></span> <span class='ocrx_word' id='word_1_541' title='bbox 1553 2310 1679 2338; x_wconf 81' lang='lat' dir='ltr'><strong>habenda</strong></span> <span class='ocrx_word' id='word_1_542' title='bbox 1689 2318 1757 2344; x_wconf 86' lang='lat' dir='ltr'><strong>pace</strong></span> 
     </span>
     <span class='ocr_line' id='line_1_112' title="bbox 1015 2354 1758 2382; baseline 0.001 -1"><span class='ocrx_word' id='word_1_543' title='bbox 1015 2354 1096 2381; x_wconf 88' lang='lat' dir='ltr'><strong>aliam</strong></span> <span class='ocrx_word' id='word_1_544' title='bbox 1120 2354 1205 2382; x_wconf 82' lang='lat' dir='ltr'><strong>edidit</strong></span> <span class='ocrx_word' id='word_1_545' title='bbox 1224 2358 1312 2381; x_wconf 79' lang='lat' dir='ltr'><strong>const.</strong></span> <span class='ocrx_word' id='word_1_546' title='bbox 1344 2355 1526 2382; x_wconf 69' lang='lat' dir='ltr'><strong>Innocentius</strong></span> <span class='ocrx_word' id='word_1_547' title='bbox 1549 2354 1618 2382; x_wconf 69' lang='lat' dir='ltr'><strong>vlit.</strong></span> <span class='ocrx_word' id='word_1_548' title='bbox 1642 2354 1758 2382; x_wconf 79' lang='lat' dir='ltr'><strong>Necnon</strong></span> 
     </span>
     <span class='ocr_line' id='line_1_113' title="bbox 1016 2398 1759 2432; baseline 0.001 -7"><span class='ocrx_word' id='word_1_549' title='bbox 1016 2402 1111 2425; x_wconf 85' lang='lat' dir='ltr'><strong>contra</strong></span> <span class='ocrx_word' id='word_1_550' title='bbox 1132 2398 1292 2425; x_wconf 74' lang='lat' dir='ltr'><strong>franchiuas</strong></span> <span class='ocrx_word' id='word_1_551' title='bbox 1307 2398 1335 2425; x_wconf 78' lang='lat' dir='ltr'><strong>in</strong></span> <span class='ocrx_word' id='word_1_552' title='bbox 1355 2398 1428 2425; x_wconf 72' lang='lat' dir='ltr'><strong>Urbe</strong></span> <span class='ocrx_word' id='word_1_553' title='bbox 1446 2402 1581 2432; x_wconf 76' lang='lat' dir='ltr'><strong>tenentes,</strong></span> <span class='ocrx_word' id='word_1_554' title='bbox 1597 2398 1640 2425; x_wconf 83' lang='lat' dir='ltr'><strong>vel</strong></span> <span class='ocrx_word' id='word_1_555' title='bbox 1668 2399 1759 2426; x_wconf 83' lang='lat' dir='ltr'><strong>accla-</strong></span> 
     </span>
     <span class='ocr_line' id='line_1_114' title="bbox 1016 2442 1758 2477; baseline 0.001 -8"><span class='ocrx_word' id='word_1_556' title='bbox 1016 2446 1135 2476; x_wconf 80' lang='lat' dir='ltr'><strong>mantes,</strong></span> <span class='ocrx_word' id='word_1_557' title='bbox 1148 2442 1234 2469; x_wconf 84' lang='lat' dir='ltr'><strong>habes</strong></span> <span class='ocrx_word' id='word_1_558' title='bbox 1248 2442 1276 2469; x_wconf 91' lang='lat' dir='ltr'><strong>in</strong></span> <span class='ocrx_word' id='word_1_559' title='bbox 1295 2446 1383 2469; x_wconf 85' lang='lat' dir='ltr'><strong>const.</strong></span> <span class='ocrx_word' id='word_1_560' title='bbox 1398 2442 1456 2469; x_wconf 88' lang='lat' dir='ltr'><strong>Iulii</strong></span> <span class='ocrx_word' id='word_1_561' title='bbox 1472 2442 1521 2474; x_wconf 86' lang='grc' dir='ltr'>ΙΙΙ,</span> <span class='ocrx_word' id='word_1_562' title='bbox 1539 2442 1607 2469; x_wconf 76' lang='lat' dir='ltr'><strong>Cum</strong></span> <span class='ocrx_word' id='word_1_563' title='bbox 1622 2443 1758 2477; x_wconf 62' lang='lat' dir='ltr'><strong>eit-itales,</strong></span> 
     </span>
     <span class='ocr_line' id='line_1_115' title="bbox 1018 2486 1761 2521; baseline 0 -7"><span class='ocrx_word' id='word_1_564' title='bbox 1018 2491 1049 2514; x_wconf 89' lang='lat' dir='ltr'><strong>ut</strong></span> <span class='ocrx_word' id='word_1_565' title='bbox 1062 2494 1125 2521; x_wconf 86' lang='lat' dir='ltr'><strong>sup.</strong></span> <span class='ocrx_word' id='word_1_566' title='bbox 1157 2486 1232 2514; x_wconf 75' lang='lat' dir='ltr'><strong>Circa</strong></span> <span class='ocrx_word' id='word_1_567' title='bbox 1252 2486 1454 2521; x_wconf 81' lang='lat' dir='ltr'><strong>appellationes</strong></span> <span class='ocrx_word' id='word_1_568' title='bbox 1475 2494 1541 2514; x_wconf 70' lang='lat' dir='ltr'><strong>vero</strong></span> <span class='ocrx_word' id='word_1_569' title='bbox 1561 2488 1588 2514; x_wconf 93' lang='lat' dir='ltr'><strong>in</strong></span> <span class='ocrx_word' id='word_1_570' title='bbox 1613 2490 1761 2515; x_wconf 86' lang='lat' dir='ltr'><strong>contuma-</strong></span> 
     </span>
     <span class='ocr_line' id='line_1_116' title="bbox 1019 2530 1761 2559; baseline -0.001 -1"><span class='ocrx_word' id='word_1_571' title='bbox 1019 2531 1061 2558; x_wconf 90' lang='lat' dir='ltr'><strong>cia</strong></span> <span class='ocrx_word' id='word_1_572' title='bbox 1079 2531 1331 2559; x_wconf 86' lang='lat' dir='ltr'><strong>condemnatorum</strong></span> <span class='ocrx_word' id='word_1_573' title='bbox 1361 2530 1453 2559; x_wconf 86' lang='lat' dir='ltr'><strong>notavi</strong></span> <span class='ocrx_word' id='word_1_574' title='bbox 1474 2531 1502 2558; x_wconf 93' lang='lat' dir='ltr'><strong>in</strong></span> <span class='ocrx_word' id='word_1_575' title='bbox 1525 2531 1668 2559; x_wconf 84' lang='lat' dir='ltr'><strong>constitut.</strong></span> <span class='ocrx_word' id='word_1_576' title='bbox 1697 2537 1761 2559; x_wconf 81' lang='lat' dir='ltr'>Lxlv</span> 
     </span>
     <span class='ocr_line' id='line_1_117' title="bbox 1019 2575 1761 2610; baseline -0.001 -8"><span class='ocrx_word' id='word_1_577' title='bbox 1019 2575 1062 2602; x_wconf 90' lang='lat' dir='ltr'><strong>Pii</strong></span> <span class='ocrx_word' id='word_1_578' title='bbox 1078 2575 1122 2609; x_wconf 84' lang='lat' dir='ltr'><strong>lv,</strong></span> <span class='ocrx_word' id='word_1_579' title='bbox 1153 2575 1213 2603; x_wconf 82' lang='lat' dir='ltr'><strong>Etsi</strong></span> <span class='ocrx_word' id='word_1_580' title='bbox 1231 2578 1337 2610; x_wconf 69' lang='lat' dir='ltr'><strong>amicta,</strong></span> <span class='ocrx_word' id='word_1_581' title='bbox 1363 2579 1430 2603; x_wconf 88' lang='lat' dir='ltr'><strong>tom.</strong></span> <span class='ocrx_word' id='word_1_582' title='bbox 1454 2581 1504 2610; x_wconf 81' lang='lat' dir='ltr'><strong>vu,</strong></span> <span class='ocrx_word' id='word_1_583' title='bbox 1525 2582 1586 2610; x_wconf 72' lang='lat' dir='ltr'><strong>pag.</strong></span> <span class='ocrx_word' id='word_1_584' title='bbox 1613 2576 1673 2609; x_wconf 59' lang='lat'><strong>18&amp;</strong></span> <span class='ocrx_word' id='word_1_585' title='bbox 1691 2579 1719 2603; x_wconf 82' lang='lat' dir='ltr'><strong>et</strong></span> <span class='ocrx_word' id='word_1_586' title='bbox 1734 2575 1761 2602; x_wconf 92' lang='lat' dir='ltr'><strong>in</strong></span> 
     </span>
     <span class='ocr_line' id='line_1_118' title="bbox 1021 2619 1761 2656; baseline 0.001 -9"><span class='ocrx_word' id='word_1_587' title='bbox 1021 2619 1063 2647; x_wconf 88' lang='lat' dir='ltr'><strong>Pii</strong></span> <span class='ocrx_word' id='word_1_588' title='bbox 1076 2619 1097 2646; x_wconf 71' lang='lat' dir='ltr'><strong>V</strong></span> <span class='ocrx_word' id='word_1_589' title='bbox 1116 2620 1314 2649; x_wconf 85' lang='lat' dir='ltr'><strong>constitutione</strong></span> <span class='ocrx_word' id='word_1_590' title='bbox 1341 2626 1424 2656; x_wconf 76' lang='lat' dir='ltr'><strong>ccix,</strong></span> <span class='ocrx_word' id='word_1_591' title='bbox 1449 2620 1518 2648; x_wconf 82' lang='lat' dir='ltr'><strong>Licet</strong></span> <span class='ocrx_word' id='word_1_592' title='bbox 1538 2620 1614 2655; x_wconf 80' lang='lat' dir='ltr'><strong>iuri,</strong></span> <span class='ocrx_word' id='word_1_593' title='bbox 1638 2620 1761 2654; x_wconf 85' lang='lat' dir='ltr'><strong>ibidem,</strong></span> 
     </span>
     <span class='ocr_line' id='line_1_119' title="bbox 1020 2664 1168 2701; baseline 0.014 -9"><span class='ocrx_word' id='word_1_594' title='bbox 1020 2671 1084 2699; x_wconf 79' lang='lat' dir='ltr'><strong>pag.</strong></span> <span class='ocrx_word' id='word_1_595' title='bbox 1101 2664 1168 2701; x_wconf 33' lang='lat'><strong>946.-</strong></span> 
     </span>
    </p>
   </div>
   <div class='ocr_carea' id='block_1_14' title="bbox 1759 279 1940 307">
    <p class='ocr_par' dir='ltr' id='par_1_21' title="bbox 1759 279 1940 307">
     <span class='ocr_line' id='line_1_120' title="bbox 1759 279 1940 307; baseline -0.006 0"><span class='ocrx_word' id='word_1_596' title='bbox 1759 279 1813 307; x_wconf 82' lang='grc' dir='ltr'><strong>ΑΠ.</strong></span> <span class='ocrx_word' id='word_1_597' title='bbox 1831 279 1858 307; x_wconf 89' lang='lat' dir='ltr'><strong>C.</strong></span> <span class='ocrx_word' id='word_1_598' title='bbox 1872 281 1940 307; x_wconf 72' lang='lat'><strong>1585</strong></span> 
     </span>
    </p>
   </div>
   <div class='ocr_carea' id='block_1_15' title="bbox 1759 338 1940 395">
    <p class='ocr_par' dir='ltr' id='par_1_22' title="bbox 1759 338 1940 395">
     <span class='ocr_line' id='line_1_121' title="bbox 1798 338 1940 361; baseline -0.007 -1"><span class='ocrx_word' id='word_1_599' title='bbox 1798 338 1864 360; x_wconf 64' lang='lat' dir='ltr'><strong>Causa</strong></span> <span class='ocrx_word' id='word_1_600' title='bbox 1879 340 1940 361; x_wconf 65' lang='lat' dir='ltr'><strong>buius</strong></span> 
     </span>
     <span class='ocr_line' id='line_1_122' title="bbox 1759 369 1931 395; baseline -0.006 -3"><span class='ocrx_word' id='word_1_601' title='bbox 1759 369 1931 395; x_wconf 60' lang='lat' dir='ltr'><strong>constitutionis,</strong></span> 
     </span>
    </p>
   </div>
  </div>
 </body>
</html>
