2059 3228
76 208 133 249 'An
160 220 188 249 c.
206 219 271 249 1587

119 1934 164 1955 Atia
178 1941 260 1962 quoque

79 1967 178 1986 comeum
193 1967 262 1993 privi-

78 1994 142 2022 teg-a,

331 209 394 243 846

286 270 458 316 praedictis
477 279 683 313 quocumque
707 267 803 301 modo
833 268 956 301 turbari
987 268 1035 301 vel

285 323 445 368 impediri,
471 321 652 365 quinimmo
685 321 717 354 in
745 321 875 355 illorum
900 321 1035 365 pacifica

284 384 311 411 ct
339 377 449 421 quieta
477 376 598 409 liberae
626 375 791 408 fructuum
816 375 1035 419 perceptionis

283 438 313 466 et
350 430 443 475 pretii
477 428 698 474 dispositionis
734 429 948 473 possessione,
985 430 1033 463 vel

282 485 385 529 quasi,
409 489 523 517 contra
545 493 770 527 quoscumque
790 482 931 523 defendi,
959 493 1034 516 con-

281 538 400 571 servari
425 543 455 571 et
481 542 639 581 perpetuo
660 536 865 570 manuteneri
900 537 1030 575 debere,

281 591 405 625 etiamsi
430 591 559 624 officina
573 600 631 624 seu
642 589 817 634 stamperia
833 591 976 634 praefata
996 601 1032 623 ex

281 655 488 688 quocumque
508 644 640 688 opinato
660 644 708 677 vel
728 643 895 688 inopinato
916 649 1032 677 eventu

280 700 429 733 effectum
455 698 487 730 in
507 703 573 731 toto
593 697 641 731 vel
662 697 693 730 in
707 703 796 741 parte
812 697 944 730 minime
965 708 1033 731 sor-

281 753 408 792 tiretur;
430 762 499 791 seu,
523 751 578 784 illo
598 751 723 791 sortito,
742 743 829 784 riunc
856 762 912 785 seu
931 762 1033 795 quan-

279 806 462 848 documque
483 804 646 845 deficeret,
664 810 808 838 cessaret
827 815 884 838 seu
905 805 1032 848 penitus

279 858 589 903 quomodocumque
602 857 728 891 sublata
746 864 840 898 esset,
862 858 948 891 unde
965 858 1017 891 dic

279 918 329 945 tae
359 912 512 946 Gamerae
545 911 584 945 de
617 911 845 955 subrogatione
869 912 1031 946 dictorum

279 966 368 999 mille
384 972 415 999 et
435 965 651 999 ducentorum
671 971 834 998 scutorum
856 966 936 999 loco*
953 965 1030 999 toti-

279 1019 353 1052 dem
374 1018 460 1052 dicto
484 1019 585 1052 monti
607 1019 861 1062 suppositorum,
883 1029 943 1052 nec
956 1018 1031 1052 inde

278 1083 338 1106 nec
358 1072 489 1106 aliunde
504 1073 688 1105 consultum
713 1077 767 1105 aut
785 1072 949 1116 provisum
978 1083 1030 1106 re-

277 1132 434 1166 maneret,
456 1125 607 1170 quoniam
629 1126 726 1159 fidem
742 1132 887 1159 nostram
903 1131 1031 1159 secutos

277 1180 421 1213 eiusdem
444 1179 564 1213 montis
583 1179 759 1213 creditores
778 1180 952 1224 praedictis
980 1181 1031 1213 vel

276 1232 346 1266 aliis
366 1233 626 1277 quibuscumque
639 1233 780 1277 opinatis
789 1234 837 1266 vel
853 1233 1030 1278 inopinatis

278 1287 395 1320 futuris
427 1287 554 1320 casibus
587 1288 677 1320 nullo
717 1288 814 1320 modo
848 1287 1028 1327 subiacere,

277 1351 337 1374 nec
357 1341 465 1373 minus
485 1341 614 1374 eosdem
628 1341 667 1374 ad
684 1341 888 1385 probandum
905 1341 954 1374 vel
971 1341 1029 1375 do-

278 1394 427 1433 cendum,
444 1394 477 1426 in
496 1394 617 1427 iudicio
637 1394 685 1427 vel
709 1400 808 1433 extra,
828 1394 982 1438 pecunias
996 1395 1030 1427 in

277 1447 363 1480 dicto
388 1454 496 1480 monte
517 1448 702 1489 collocatas,
728 1453 782 1481 aut
804 1448 932 1480 illarum
957 1459 1030 1492 par-

277 1506 342 1534 tem
367 1500 400 1534 in
420 1512 550 1535 causam
575 1502 725 1546 superius
758 1512 954 1545 expressam,
980 1503 1029 1535 vel

278 1554 311 1587 in
330 1554 425 1587 aliam
447 1555 550 1589 dictae
570 1555 660 1589 Sedis
679 1555 728 1589 vel
748 1555 901 1589 Gamerae
920 1566 1031 1589 neces-

276 1608 401 1642 sitatem
433 1609 480 1642 vel
518 1609 688 1642 utilitatem
724 1620 894 1643 conversas
931 1609 1028 1643 fuisse

276 1662 368 1695 nullo
387 1673 532 1706 unquam
544 1668 689 1706 tempore
702 1663 803 1696 teneri
817 1673 871 1696 seu
890 1674 1027 1706 quomo-

277 1715 398 1749 dolibet
417 1716 573 1759 obligatos
593 1727 661 1749 esse
681 1717 842 1757 volumus,
874 1717 928 1749 sed
959 1717 1030 1750 illos

275 1780 313 1803 ex
333 1780 419 1803 nunc
435 1781 453 1803 a
474 1770 658 1814 praemissis
679 1771 808 1813 penitus
820 1770 1027 1811 absolvimus,

276 1822 446 1856 eximimus
466 1828 496 1856 et
516 1823 703 1857 liberamus.

319 1877 334 1919 ξ
359 1876 411 1910 10.
434 1876 585 1916 Quinimo
614 1877 739 1910 etiamsi
764 1877 853 1910 nulla
881 1888 917 1911 ex
938 1888 1030 1922 prae-

277 1930 381 1963 missis
404 1930 525 1963 utilitas
545 1930 618 1964 Sedi
639 1931 686 1964 vel
715 1931 868 1965 Gamerae
892 1932 1029 1975 Aposto-

276 1983 356 2016 licae
376 1984 558 2024 resultaret,
585 1984 641 2017 sed
672 1984 871 2017 contrarium
901 1985 1030 2028 penitus

276 2047 432 2080 apparere
466 2037 533 2070 ullo
565 2048 709 2081 unquam
740 2043 887 2081 tempore
907 2043 1026 2082 posset,

277 2089 490 2124 nihilominus
508 2101 549 2124 ne
569 2091 740 2135 quisquam
760 2091 823 2124 side
844 2091 937 2124 nobis
958 2102 1029 2125 cre-

277 2143 342 2176 dita
377 2144 598 2185 defraudetur,
631 2145 686 2178 sed
711 2156 732 2178 e·
762 2150 874 2178 contra
903 2156 1030 2189 semper

277 2197 378 2230 laetus
411 2203 441 2231 et
470 2204 641 2232 contentus
672 2199 881 2243 acquiescere
914 2199 1026 2243 possit,

277 2259 390 2283 omnes
411 2257 442 2284 et
465 2252 609 2295 singulos
626 2252 701 2286 dicti
727 2253 842 2286 montis
861 2263 921 2297 pro
949 2258 1029 2286 tcm-

278 2314 356 2346 pore
372 2305 540 2338 existentes
551 2305 728 2339 creditores
747 2306 815 2339 sola
836 2312 865 2339 et
890 2305 1030 2350 simplici

278 2358 496 2400 praesentium
522 2360 703 2393 ostensione
725 2366 883 2404 perpetuo
898 2371 1030 2393 securos

280 2416 446 2440 remanere
464 2408 623 2448 volumus,
643 2408 762 2453 absque
781 2419 818 2442 eo
834 2409 921 2453 quod
942 2409 1030 2442 aliud

280 2453 415 2506 ulterius
436 2456 668 2496 demonstrare,
684 2468 840 2501 quaerere
864 2458 913 2491 vel
933 2458 1032 2491 intro-

282 2512 403 2544 spicere
425 2509 606 2545 teneantur,
629 2506 704 2549 quia
721 2507 762 2539 ita
779 2512 880 2548 motu,
898 2506 1032 2541 scientia

282 2556 311 2582 et
336 2553 526 2586 auctoritate
548 2556 719 2597 praedictis
739 2556 871 2589 omnino
883 2557 1031 2590 volumus

288 2604 318 2632 et
347 2600 530 2642 statuimus,
560 2608 655 2647 atque
679 2604 736 2637 lias
762 2611 886 2639 nostras
910 2605 1032 2639 litteras

879 217 1060 241 ant..tntt*.w
1083 216 1236 241 ROMANVM

1077 266 1139 299 vim
1153 267 1250 300 validi
1270 267 1450 303 etefficacis
1469 271 1748 306 contractusinter
1768 283 1826 307 nos

1077 331 1345 365 successoresque
1356 326 1495 362 nostros,
1511 322 1626 366 iusque
1645 330 1677 358 et
1696 336 1824 359 causam

1077 373 1116 406 ab
1142 373 1205 406 illis
1224 373 1398 407 habuerint.
1422 374 1610 409 solemniter
1628 377 1698 410 initi
1719 383 1748 411 et
1768 378 1824 412 sti-

1076 426 1177 471 pulati
1199 426 1355 468 obtinere,
1379 429 1593 472 eumdemque
1618 430 1657 463 ab
1677 432 1825 465 omnibus

1076 480 1239 513 observari
1272 480 1389 514 debere
1403 507 1411 521 ‚
1452 491 1558 525 neque
1595 482 1634 515 ab
1667 483 1723 516 illo
1765 486 1824 518 sub

1075 544 1283 578 quocumque
1311 535 1458 578 quaesito
1489 535 1597 568 colore
1616 536 1666 569 vel
1696 536 1824 581 ingenio

1075 587 1192 620 resiliri
1205 587 1316 631 possit,
1339 592 1395 621 aut
1406 587 1438 620 in
1450 588 1608 621 iudicium
1627 590 1675 622 vel
1695 595 1825 624 contro-

1074 641 1208 673 versiam
1233 641 1364 682 deduci,
1390 652 1530 682 necnon,
1565 642 1826 688 quibuscumque

1074 694 1334 738 oppositionibus
1367 705 1432 728 non
1457 696 1672 734 obstantibus,
1703 697 1824 730 dictum

1073 748 1312 781 thesaurarium
1340 749 1525 792 generalem
1545 760 1582 783 ac
1603 749 1700 783 etiam
1728 750 1826 794 depo-

1074 801 1221 834 sitarium
1241 803 1426 845 generalem
1450 808 1482 836 et
1500 813 1724 846 quoscumque
1757 804 1826 838 illo-

1073 866 1146 888 rum
1160 866 1364 889 successores
1376 857 1415 890 ad
1426 857 1652 901 praestandam
1664 868 1825 891 summam

1073 909 1282 952 praedictam,
1298 915 1333 943 ut
1353 911 1544 954 praefertur,
1560 912 1661 944 monti
1682 911 1824 955 assigna-

1074 968 1138 995 tam
1153 964 1277 997 statutis
1287 963 1489 1008 temporibus
1507 964 1609 998 libere
1629 971 1659 998 ct
1678 961 1825 1010 expedite

1073 1017 1174 1049 teneri
1196 1023 1227 1050 et
1246 1018 1404 1060 obligatos
1429 1029 1510 1059 esse,
1533 1024 1564 1051 et
1582 1018 1622 1051 ad
1642 1018 1675 1051 id
1694 1018 1775 1052 iuris
1794 1025 1826 1052 et

1073 1070 1147 1103 facti
1161 1070 1314 1104 remediis
1333 1071 1526 1115 opportunis
1537 1071 1608 1114 cogi
1629 1077 1659 1104 et
1673 1072 1824 1116 compelli
1852 1094 1854 1096 -

1072 1134 1187 1167 posse;
1209 1124 1361 1158 facultate
1373 1130 1481 1158 tamen
1502 1125 1681 1158 redimendi
1701 1125 1824 1159 dictum

1073 1183 1216 1210 montem
1237 1189 1296 1222 pro
1316 1179 1431 1217 eodem
1451 1179 1554 1223 pretio
1575 1180 1668 1213 nobis
1687 1185 1718 1213 et
1749 1190 1823 1213 suc-

1073 1231 1254 1265 cessoribus
1273 1233 1392 1265 nostris
1415 1238 1572 1276 perpetuo
1588 1238 1759 1267 reservata.

1116 1286 1131 1329 ἓ
1155 1285 1208 1318 tl.
1237 1286 1352 1329 Sicque
1385 1285 1418 1318 in
1450 1287 1602 1320 omnibus
1631 1292 1662 1320 et
1689 1287 1825 1331 singulis

1072 1339 1245 1383 praedictis
1264 1350 1322 1383 per
1341 1349 1563 1384 quoscumque
1574 1340 1709 1381 iudices,
1735 1341 1823 1374 ordi-

1072 1392 1180 1426 narios
1209 1397 1240 1426 et
1273 1393 1444 1435 delegatos,
1465 1393 1559 1426 etiam
1577 1393 1608 1426 S.
1631 1393 1667 1426 R.
1690 1393 1724 1426 E.
1753 1405 1824 1427 car-

1073 1447 1208 1487 dinales,
1235 1447 1267 1479 in
1288 1447 1399 1491 quavis
1418 1458 1515 1480 causa
1535 1453 1564 1480 et
1589 1447 1752 1488 instantia,
1769 1458 1824 1482 su-

1072 1500 1159 1534 blata
1179 1500 1224 1533 eis
1244 1507 1274 1534 ct
1293 1511 1407 1534 eorum
1437 1501 1567 1534 cuilibet
1601 1501 1712 1545 quavis
1730 1501 1824 1535 aliter

1072 1553 1237 1587 iudicandi
1275 1560 1306 1588 et
1342 1554 1575 1599 interpretandi
1610 1555 1761 1588 facultate
1795 1559 1826 1588 ct

1072 1609 1276 1649 auctoritate,
1311 1608 1448 1642 iudicari
1480 1614 1511 1641 et
1530 1608 1658 1641 definiri
1687 1604 1822 1643 debere:

1073 1673 1200 1696 necnon
1220 1662 1350 1696 irritum
1370 1668 1401 1695 et
1427 1662 1523 1695 inane
1543 1662 1703 1706 quidquid
1732 1673 1825 1696 secus

1074 1727 1172 1760 super
1191 1716 1240 1749 his
1260 1727 1278 1749 a
1297 1726 1476 1760 quoquam,
1495 1716 1605 1759 quavis
1620 1715 1824 1756 auctoritate,

1072 1770 1212 1803 scienter
1222 1770 1270 1803 vel
1281 1770 1467 1814 ignoranter
1478 1770 1649 1814 contigerit
1665 1770 1825 1811 attentari,

1072 1823 1277 1857 decernimus
1297 1828 1328 1856 et
1345 1823 1544 1856 ordinamus.

1117 1878 1132 1921 ἓ
1151 1877 1205 1910 1⁶2.
1232 1877 1380 1919 Domum,
1402 1883 1437 1910 ut
1453 1877 1562 1910 omnia
1581 1887 1641 1922 pro
1661 1877 1825 1911 executio-

1073 1941 1113 1964 ne
1134 1930 1388 1974 praemissorum
1415 1930 1596 1964 necessaria
1625 1931 1746 1964 rectius
1765 1942 1824 1965 suo

1073 1984 1185 2018 ordine
1201 1985 1389 2028 procedant,
1403 1985 1557 2018 dilectum
1569 1984 1673 2018 filium
1684 1985 1825 2019 Guidum

1074 2038 1246 2081 Pepulnm,
1268 2037 1507 2071 thesaurarium
1528 2043 1674 2071 nostrum
1694 2048 1827 2082 genera-

1073 2091 1149 2132 lem,
1173 2091 1380 2124 dictimontis
1399 2096 1617 2134 protectorem
1637 2096 1668 2125 et
1686 2091 1825 2124 admini-

1073 2149 1243 2178 stratorem
1264 2156 1336 2178 cum
1364 2144 1460 2188 plena
1485 2150 1515 2177 et
1541 2145 1650 2188 ampla
1676 2145 1826 2178 facultate

1074 2204 1102 2231 et
1125 2198 1272 2232 absoluta
1296 2198 1487 2232 auctoritate
1505 2198 1614 2232 onmia
1633 2205 1664 2232 et
1688 2198 1824 2243 singula,

1073 2262 1155 2295 quae
1192 2252 1231 2285 ad
1262 2252 1361 2296 ipsius
1386 2252 1505 2285 montis
1523 2263 1744 2297 progressum,
1767 2251 1824 2285 de-

1074 2306 1252 2339 fensionem
1280 2311 1311 2339 et
1346 2305 1516 2339 utilitatem
1541 2311 1687 2350 spectare
1714 2305 1826 2349 digno-

1075 2358 1175 2400 verit,‘
1192 2359 1337 2401 gerendi,
1360 2359 1619 2399 administrandi,
1642 2359 1777 2392 curandi
1793 2365 1825 2392 et

1075 2408 1264 2452 exequendi,
1276 2419 1312 2441 ac
1322 2408 1418 2442 etiam
1430 2408 1462 2441 in
1475 2409 1534 2441 hac
1543 2408 1649 2452 prima
1661 2408 1825 2441 erectione

1074 2457 1195 2490 litteras
1211 2462 1357 2501 patentes
1369 2457 1569 2502 emptoribus
1584 2457 1732 2491 locorum
1743 2457 1826 2490 eius-

1074 2507 1158 2547 dem,
1189 2507 1294 2541 donec
1329 2507 1503 2551 collegium
1537 2507 1621 2540 inter
1652 2517 1722 2540 sese
1749 2515 1823 2539 con-

1074 2553 1218 2597 stituant,
1241 2557 1301 2590 sub
1321 2557 1390 2590 eius
1410 2556 1541 2590 nominc
1561 2562 1592 2589 et
1617 2555 1720 2599 sigillo
1746 2563 1823 2587 con-

1075 2605 1210 2640 cedendi
1226 2611 1257 2640 et
1281 2605 1485 2650 expediendi,
1507 2609 1537 2638 et
1556 2603 1685 2637 interim
1705 2601 1825 2647 paritor

1841 220 1894 249 An.
1911 214 1944 250 (ΞΣ
1955 200 1994 251 ἰ.
2009 222 2013 234 ²

1870 1303 1988 1329 Praesen„

1839 1336 1988 1365 νεηκεῑιιιιιιΔ

1839 1365 1871 1386 dit
1893 1364 1948 1386 fimi
1983 1367 1988 1388 ἶ

2021 1590 2028 1787 ψκῌψὴ»

1866 1885 1918 1908 Novi
1943 1890 1964 1907 n
1978 1894 1989 1912 χ
2020 1893 2022 1903 :

1839 1919 1950 1944 protector
1975 1919 1988 1938 ξ
2022 1932 2025 1943 ,

1839 1948 1948 1969 aurarius

1839 1978 1940 2000 Gamerae
1969 1978 1997 2002 *js

1841 2010 1944 2031 sumitur.
1984 2028 1985 2032 ,
