2059 3228
414 205 477 239 152

368 266 545 305 constituti,
574 267 613 299 ad
635 277 670 298 ea
696 272 823 301 nostrae
847 267 1112 301 considerationis

367 319 468 351 aciem
490 319 626 352 libenter
645 318 827 362 dirigimus,
849 332 907 364 per
925 332 1017 364 quae,
1036 333 1110 365 pro-

365 372 494 404 visionis
524 377 652 404 nostrae
678 372 809 413 auxilio,
830 374 907 406 artis
931 375 1110 407 medicinae

365 424 580 457 ministerium
602 430 687 458 reete
707 430 738 458 et
750 426 890 460 fideliter
909 434 1107 469 exerceatur;

363 482 453 509 etue
476 476 508 509 in
539 487 578 510 eo
606 479 838 518 nonnullorum
869 480 1031 524 imperitia
1059 492 1109 514 cr-

362 539 451 562 rores
485 529 517 562 in
538 530 671 564 alterius
699 531 857 565 iacturam
886 533 975 573 fiant,
1006 533 1107 566 nostri

360 583 528 625 pastoralis
553 584 650 617 officii
671 590 777 628 partes
801 585 940 619 libenter
963 587 1107 629 imparti-

359 646 442 676 mur,
463 642 571 680 prout,
590 643 774 682 temporum
788 640 942 682 qualitate
961 647 1103 683 pensata,

360 689 392 722 id
412 690 627 734 perspicimus
646 691 820 725 salubriter
840 693 1002 736 expedire.

402 743 417 786 ἓ
441 743 472 776 1.
495 743 574 777 Cum
594 744 715 788 itaque,
743 746 822 778 sicut
845 746 1041 789 accepimus,
1071 747 1104 780 in

148 790 151 793 ¹
185 809 254 829 cmm
281 809 344 830 huius
357 795 441 829 Urbe
471 802 580 830 nostra
600 808 618 830 a
641 798 775 831 diversis
796 799 930 832 medicis
950 805 979 832 ct
1000 805 1102 832 artem

162 841 326 860 ⁰¹'“⁵¹¹¹⁰¹¹⁰”i⁵'
358 848 537 883 medicinae
568 851 809 891 exercentibus,
844 852 939 885 etiam
973 853 1100 895 publice

356 903 530 936 doctoratis
543 910 574 936 et
587 903 788 948 privilegium
803 905 989 938 doctoratus
1005 906 1101 939 etiam

355 966 372 987 a
391 955 529 998 publicis
549 961 579 989 et
599 957 803 999 generalibus
823 957 1011 990 Studiorum
1026 958 1102 991 Uni-

353 1008 557 1042 versitatibus
577 1010 784 1050 habentibus,
816 1011 1047 1053 quamplurimi
1069 1017 1101 1045 et

353 1062 531 1104 gravissimi
565 1073 707 1103 errores,
743 1063 901 1096 medendo
933 1069 963 1096 et
997 1070 1098 1098 artem

353 1114 533 1148 medicinae
548 1116 741 1155 exercendo,
764 1116 860 1156 etiam
882 1116 913 1148 in
928 1117 1098 1150 hominum

351 1168 529 1212 perniciem
550 1173 578 1201 ct
599 1179 693 1211 grave
709 1170 875 1209 daunium,
896 1170 1098 1203 committan-

350 1225 414 1261 tur,
436 1221 513 1254 dum
537 1231 654 1264 nempe
674 1222 749 1254 dicti
768 1223 883 1255 medici
904 1233 967 1256 uon
984 1224 1096 1257 admo-

350 1275 429 1306 dum
455 1273 575 1317 experti
611 1286 648 1308 ea
680 1276 821 1308 remedia
850 1281 880 1309 et
914 1277 1093 1319 praesidia,

350 1338 431 1370 quae
448 1338 512 1360 non
532 1328 740 1369 conveniunt,
762 1329 944 1372 quinimmo
965 1336 1094 1363 contra-

348 1380 396 1413 ria
415 1385 446 1413 et
465 1381 590 1413 diversa
615 1387 791 1424 utcumque
819 1383 1091 1425 praescribantur,

347 1433 523 1467 adhibeant
546 1439 577 1466 et
596 1435 778 1474 consulant,
808 1435 903 1468 ctiam
930 1436 1093 1469 interdum

346 1487 395 1519 vel
421 1487 550 1531 saepius
584 1487 812 1531 experientiam
847 1494 876 1521 et
908 1489 1092 1532 periculum

346 1538 451 1572 dictae
470 1539 547 1572 artis
567 1540 600 1572 in
621 1541 717 1573 rebus
738 1541 845 1573 dubiis
865 1546 896 1574 et
909 1541 987 1584 ipsis
1002 1542 1092 1575 inco-

345 1592 454 1635 gnitiS,
477 1603 552 1626 cum
573 1593 712 1626 maximo
728 1599 758 1626 et
770 1594 907 1627 evidenti
919 1595 1089 1628 hominum

345 1644 427 1677 vitae
447 1645 645 1687 discrimine,
668 1646 826 1679 faciendo.

389 1699 455 1742 §2
477 1699 550 1740 Nos,
584 1710 643 1743 pro
662 1700 763 1732 nostri
793 1701 963 1744 pastoralis
994 1701 1091 1734 officii

174 1766 288 1786 concessio
303 1766 332 1786 iu.
345 1752 471 1793 debito,
504 1752 579 1785 huie
599 1753 685 1795 gravi
706 1753 791 1786 malo
816 1763 986 1787 occurrere
1006 1760 1037 1787 et
1058 1755 1089 1787 in

149 1797 290 1853 [jffffi'ssffifr
305 1797 331 1817 ⁴¹³
343 1805 529 1849 praemissis
547 1811 729 1849 opportune
749 1806 917 1849 providere
937 1808 1088 1848 volentes,

343 1860 505 1892 dictorum
518 1859 661 1892 filiorum
677 1860 889 1903 protomedici
911 1867 942 1893 et
962 1862 1087 1904 collegii

341 1912 550 1956 physicorum
581 1912 686 1945 dictae
715 1913 808 1946 Urbis
839 1913 871 1945 iu
901 1914 960 1946 liae
997 1921 1087 1958 parte

341 1965 634 2009 supplicationibus
652 1966 811 2007 inclinati,
833 1967 952 2000 eisdem
976 1973 1087 2010 proto-

342 2019 469 2052 medico
504 2029 591 2052 nunc
619 2025 651 2052 et
675 2030 735 2064 pro
763 2025 909 2063 tempore
940 2021 1086 2054 existenti

341 2083 379 2105 ac
398 2072 536 2115 collegio
563 2072 769 2116 physicorum
795 2073 900 2106 dictae
927 2073 1030 2114 Urbis,
1054 2074 1087 2107 in

341 2125 453 2158 eadem
470 2125 556 2158 Urbe
575 2135 688 2159 ornnes
715 2131 747 2158 et
761 2125 913 2168 ‘singulos
932 2137 969 2159 ac
989 2137 1086 2169 quos-

342 2189 482 2221 cumque
522 2185 624 2212 artem
663 2178 843 2212 medicinae
882 2185 1082 2221 exercentes,

341 2231 437 2263 etiam
451 2231 594 2265 medicos
608 2231 739 2275 publice
751 2232 826 2265 etin
845 2232 984 2276 publicis
997 2244 1085 2276 gym-

340 2283 438 2316 nasiis
458 2285 505 2317 vel
531 2283 796 2318 Universitatibus
826 2285 1086 2329 quibuscumque

340 2336 523 2370 doctoratos
546 2344 578 2370 et
606 2342 784 2382 promotos,
810 2339 949 2382 exceptis
978 2345 1085 2371 tamen

339 2390 404 2423 illis
424 2391 556 2424 medicis
575 2393 643 2435 qui,
665 2393 763 2435 longo
789 2403 849 2426 usu
877 2397 943 2425 tam
967 2392 999 2424 in
1020 2399 1084 2425 sta-

340 2438 482 2471 tionibus
503 2441 701 2474 medicorum
719 2441 784 2474 sive
803 2440 947 2484 collegiis
966 2441 1084 2474 habitis

340 2498 437 2530 quam
459 2488 548 2529 alias,
571 2489 603 2521 in
624 2489 776 2523 exercitio
796 2489 975 2523 medicinae
991 2489 1083 2533 probi

339 2541 370 2567 et
389 2536 483 2578 periti
504 2538 719 2571 communiter
738 2538 970 2578 existimantur,
994 2537 1032 2570 ad
1050 2548 1082 2570 se

339 2585 478 2618 examini
497 2586 747 2628 subiiciendum‚
768 2592 799 2620 et
810 2597 868 2631 per
880 2586 1080 2621 interdictio-

167 214 218 240 An⁴
239 213 266 243 C.
290 215 354 243 ¹376

960 216 1138 241 mmmmm!
1158 216 1308 241 ROMANUM

1153 280 1226 301 nem
1246 268 1388 301 exercitii
1417 268 1595 312 medicinae
1627 268 1834 312 compellere,
1867 272 1898 300 et

1152 333 1210 365 per
1240 322 1345 365 ipsum
1378 322 1635 365 protomedicum
1654 327 1686 354 et
1716 321 1797 354 duos
1816 321 1897 354 alios

1151 374 1189 406 de
1209 374 1323 407 eodem
1352 374 1488 417 collegio
1519 374 1714 414 examinare,
1749 379 1781 407 et
1807 374 1893 415 illos,

1150 437 1230 470 quos
1249 427 1288 460 ad
1308 426 1502 460 medicinam
1521 427 1732 460 exercendam
1746 437 1813 460 non
1827 427 1896 460 ido-

1149 490 1226 512 neos
1245 490 1304 513 nec
1324 479 1518 513 sufficientes
1533 479 1723 524 repererint,
1741 479 1894 513 exercitio

1148 533 1326 567 medicinae
1345 532 1532 566 huiusmodi
1552 532 1585 565 in
1605 533 1673 577 ipsa
1699 533 1784 566 Urbe
1799 543 1893 576 pror-

1147 597 1200 619 sus
1217 586 1424 627 interdicere,
1446 597 1503 619 seu
1522 586 1562 619 ab
1581 586 1650 630 ipso
1671 585 1836 627 exercitio,
1852 585 1894 619 ad

1146 645 1273 683 tempus
1294 645 1324 673 et
1338 640 1441 677 donec
1461 636 1682 683 etquousque,
1702 639 1810 673 studio
1822 650 1892 673 me*

1145 692 1264 733 diante,
1282 693 1323 725 ad
1335 692 1450 726 melius
1459 692 1668 736 profecerint,
1680 692 1890 736 suspendere;

1144 750 1199 778 aut
1211 745 1268 785 eis,
1287 756 1327 778 ne
1342 745 1461 778 dictam
1477 750 1591 785 artem,
1617 744 1678 778 nisi
1699 755 1773 778 cum
1793 755 1890 789 prae*

1143 798 1245 831 sentia
1270 799 1318 832 vel
1348 798 1483 832 consilio
1512 798 1646 831 alterius
1672 798 1722 831 vel
1749 798 1890 831 aliorum

1144 850 1344 884 medicorum
1369 852 1573 891 idoneorum,
1603 856 1635 883 et
1661 861 1679 883 a
1699 849 1792 883 dictis
1811 861 1889 895 pro—

1143 905 1305 937 tomedico
1331 910 1362 938 et
1389 905 1516 938 duobus
1543 905 1581 937 de
1611 903 1747 946 collegio
1774 903 1888 937 huius*

1142 957 1229 990 modi
1260 958 1526 1001 approbatorum,
1559 957 1721 990 ullatenus
1739 967 1889 990 exercere

1141 1011 1280 1044 audeant
1303 1022 1363 1044 nec
1398 1011 1535 1044 debeant
1569 1010 1757 1054 prohibere.
1789 1010 1834 1043 Ac
1853 1009 1905 1055 in⁴

1140 1064 1406 1097 contrafacientes
1429 1069 1486 1097 aut
1509 1063 1767 1097 contradicentes
1786 1074 1885 1107 quos·
1930 1100 1935 1104 ‚

1139 1117 1217 1150 libet
1235 1117 1362 1161 quasvis
1381 1128 1502 1161 poenas
1520 1117 1579 1161 ipsi
1596 1117 1733 1159 collegio
1752 1115 1884 1150 benevi-⁴

1138 1181 1187 1203 sas
1207 1176 1238 1204 et
1256 1170 1390 1203 arbitrio
1410 1170 1554 1203 eiusdem
1579 1170 1706 1212 collegii
1725 1169 1787 1214 piis
1815 1169 1883 1203 usi-³

1138 1223 1197 1257 bus
1216 1224 1423 1267 applicandas
1445 1223 1603 1266 infligere,
1623 1223 1758 1267 illasque
1778 1223 1817 1257 ab
1837 1223 1883 1257 eis

1136 1277 1274 1319 exigere,
1292 1278 1465 1321 omniaque
1480 1283 1511 1310 et
1527 1277 1654 1320 singula
1666 1277 1728 1310 alia
1741 1277 1774 1309 in
1790 1288 1884 1320 prae-

1137 1326 1240 1360 missis
1260 1332 1291 1360 et
1305 1327 1391 1360 circa
1411 1338 1448 1359 ea
1466 1327 1648 1360 necessaria
1666 1337 1721 1359 seu
1743 1337 1882 1369 quomo-'-

1135 1375 1256 1408 delibet
1276 1381 1460 1419 opportuna
1480 1376 1639 1409 sacereet
1668 1385 1816 1408 exercere
1843 1375 1882 1408 lia

1134 1423 1209 1456 bere
1230 1429 1261 1456 et
1283 1424 1371 1457 licite
1396 1425 1523 1457 valeant
1550 1435 1587 1457 ac
1611 1424 1708 1457 etiam
1727 1422 1876 1466 debeant,-

1134 1473 1269 1515 apostol.
1283 1474 1490 1514 auctoritate,-
1517 1479 1625 1506 tenore
1643 1472 1878 1516 praesentium,

1134 1522 1342 1555 concedimus
1369 1521 1380 1545 1
1401 1549 1408 1561 ,
1439 1522 1550 1565 sicque
1587 1522 1684 1555 etiam
1720 1523 1878 1565 perpetuo

1133 1571 1303 1603 statuimus
1327 1577 1355 1604 et
1379 1571 1578 1604 ordinamus.
1610 1571 1741 1604 Necnon
1757 1570 1878 1604 eisdem

1132 1621 1356 1662 protomedico
1376 1627 1406 1654 et
1419 1621 1569 1663 collegio,
1587 1620 1620 1653 in
1630 1626 1661 1653 et
1671 1630 1772 1663 super
1782 1631 1877 1664 prae*

1132 1668 1235 1702 missis
1255 1669 1405 1702 omnibus
1425 1674 1456 1701 et
1471 1668 1617 1711 singulis,
1632 1669 1773 1712 plenam,
1794 1668 1877 1703 libe-³

1132 1728 1212 1757 ram,
1234 1719 1375 1762 amplam
1396 1724 1426 1751 et
1442 1718 1662 1751 omnimodam
1681 1717 1875 1760 facultatem,

1131 1767 1306 1807 licentiam,
1324 1773 1512 1811 potestatem
1529 1773 1560 1800 et
1575 1767 1801 1800 auctoritatem
1812 1768 1875 1801 im³

1131 1816 1301 1859 partimur.
2044 1855 2045 1859 Ἰ

1173 1865 1187 1907 ἓ
1206 1865 1237 1898 3.
1260 1868 1303 1898 Ac
1324 1865 1420 1898 ctiam
1440 1865 1700 1910 protomedicum
1726 1869 1758 1898 et
1773 1865 1874 1900 colle-⁷
1887 1873 1988 1900 inhibitio

1128 1913 1216 1954 gium
1238 1914 1424 1947 huiusmodi
1450 1924 1627 1957 eorumque
1656 1914 1825 1957 deputatos
1843 1915 1961 1948 et⁰¹⁰¹¹⁰⁵

1129 1963 1330 2006 deputandos
1349 1974 1447 2007 super
1466 1962 1651 2006 praemissis
1670 1962 1823 1996 omnibus
1843 1969 1875 1998 et

1128 2011 1262 2053 singulis
1277 2022 1313 2044 ac
1330 2011 1461 2045 illorum
1477 2011 1680 2051 executione,
1701 2022 1760 2055 per
1774 2022 1873 2056 quos-

1127 2070 1279 2104 cumque,
1306 2061 1417 2104 quavis
1444 2060 1635 2094 auctoritate
1663 2066 1695 2093 et
1713 2071 1872 2104 quocum-

1127 2120 1188 2152 que
1199 2109 1342 2152 quaesito
1356 2109 1476 2149 colore,
1491 2108 1622 2152 ingenio
1632 2109 1681 2142 vel
1693 2114 1871 2152 praetextu,

1127 2158 1372 2201 quomodolibet
1390 2157 1553 2191 molestari
1571 2156 1619 2190 rel
1637 2157 1787 2201 impediri
1806 2166 1873 2192 non

1126 2217 1218 2249 posse
1249 2206 1465 2240 decernimus.
1494 2206 1679 2239 Mandantes
1705 2212 1873 2249 praeterea

1126 2254 1219 2287 dictis
1251 2256 1395 2297 medicis,
1422 2255 1489 2299 qui,
1516 2261 1552 2288 ut
1580 2254 1774 2299 praefertur,
1805 2265 1871 2288 non

1126 2303 1234 2336 idonei
1245 2309 1305 2337 nec
1315 2303 1510 2337 sufficientes
1524 2313 1583 2346 pro
1594 2308 1740 2345 tempore
1750 2302 1870 2346 reperti

1126 2352 1257 2392 suerint,
1271 2359 1323 2393 ut,
1339 2353 1373 2385 in
1391 2352 1509 2385 virtute
1529 2357 1656 2384 sanctae
1676 2351 1869 2384 obedientiae

1125 2406 1156 2432 et
1179 2401 1277 2433 etiam
1304 2401 1365 2434 sibi
1385 2411 1444 2444 per
1472 2400 1644 2443 collegium
1666 2399 1867 2443 praedictum

1125 2447 1868 2492 comminandisetinfligendispoenis,eiusdem

1124 2497 1251 2540 collegii
1278 2498 1436 2531 mandatis
1457 2502 1591 2541 pareant
1608 2502 1639 2529 et
1657 2496 1820 2529 obediant.

1160 2597 1170 2622 1
1189 2595 1311 2624 Cherub.
1329 2596 1402 2624 addit
1417 2598 1440 2624 et
1456 2595 1616 2633 mumIamas
1635 2598 1672 2624 (tt.
1687 2594 1726 2625 T.)

1887 1941 1979 1963 dientes.
2025 1938 2027 1942 '
2042 1933 2045 1948 ³
