2059 3228
101 272 155 301 An.
173 272 201 302 C.
216 274 283 302 1586

115 736 224 762 Dei-agano
234 741 283 757 con-

109 773 220 789 ranorum.

344 258 407 293 736

299 321 458 366 quoslibet
477 316 653 352 etrebelles
668 324 705 347 ac
720 309 902 357 praemissis
912 319 977 343 non
988 318 1043 353 pa-

892 251 1071 279 BULLARIUM
1090 249 1239 276 ROMANUM

1421 303 1494 338 LVI.

299 385 416 419 rente&
438 373 691 422 pel'ffssnlssnliffi2
710 380 861 405 censuras
876 374 907 403 Οἱ
926 378 1046 413 poenas
1085 389 1274 422 Iurz'sdictio
1293 388 1326 422 S.
1350 388 1389 421 R.
1416 388 1457 421 E.
1480 387 1658 421 cardinalis
1679 392 1832 432 protecto-

299 436 531 471 ecclesiasticas
555 433 683 475 aliaque
708 434 891 475 opportuna
916 427 995 460 iuris
1016 431 1046 459 et

301 495 373 529 sacti
407 493 562 532 remedia,
607 489 822 534 appellatione
855 486 1043 531 postposita,

299 551 548 596 compescendo,
575 550 719 582 invocato
740 547 835 580 etiam
861 545 995 583 adhoc,
1021 543 1047 576 si

299 622 380 655 opus
400 610 506 649 fuerit,
527 608 646 642 auxilio
666 605 790 640 brachii
811 603 995 638 saecularis.

342 671 357 713 ἓ
381 669 435 703 lo.
462 668 530 701 Non
559 666 759 700 obstantibus
786 661 951 707 quibusvis
971 670 1048 694 con-

298 726 520 761 stitutionibus
531 731 559 758 et
572 722 833 757 ordinationibus
849 719 1044 765 apostolicis,

298 797 336 819 ac
373 785 509 818 aliarum
544 791 825 828 quarumcumque
859 778 1047 813 Studiorum

298 844 496 888 generalium
532 841 791 878 Universitatum,
827 838 924 872 etiam
959 837 1046 869 iura-

298 908 419 943 mento,
442 900 688 945 confirmatione
713 897 890 943 apostolica
906 896 954 929 vel
966 905 1046 938 qua-

301 960 342 993 vis
363 959 514 992 firmitate
535 957 596 991 alia
611 955 782 996 roboratis,
795 954 920 988 statutis
933 958 963 987 et
974 964 1048 986 con-

298 1018 543 1059 suetudinibus;
566 1015 740 1061 privilegiis
766 1024 909 1058 quoque,
939 1012 1047 1045 indul-

299 1076 337 1110 tis
362 1082 393 1110 et
421 1075 534 1109 litteris
567 1073 752 1119 apostolicis
780 1072 814 1105 in
847 1070 1046 1104 contrarium

299 1134 551 1179 praemissorum
590 1130 833 1176 quomodolibet
872 1127 1048 1167 concessis,

299 1191 495 1225 confirmatis
514 1197 545 1224 et
556 1189 726 1223 innovatis.
753 1187 876 1228 Quibus
898 1185 1049 1219 omnibus

300 1261 331 1284 et
357 1250 504 1293 singulis,
540 1247 676 1289 etiamsi,
712 1257 771 1291 pro
802 1245 933 1279 illorum
962 1242 1050 1276 sussi-

300 1309 396 1342 cienti
416 1307 635 1351 derogatione,
662 1306 701 1339 de
720 1305 784 1338 illis
804 1312 984 1345 eorumque
1004 1306 1050 1333 to-

300 1368 338 1401 tis
360 1367 527 1401 tenoribus
542 1364 701 1411 specialis,
718 1363 880 1409 specifica,
901 1371 1049 1404 expressa

301 1432 332 1460 et
356 1425 518 1459 individua
537 1435 574 1458 ac
594 1424 632 1457 de
652 1423 749 1456 verbo
769 1422 809 1455 ad
819 1421 968 1461 verbum,
984 1429 1049 1452 non

301 1490 409 1518 autem
429 1495 487 1528 per
506 1483 667 1517 clausulas
686 1480 852 1525 generales
882 1479 968 1512 idem
989 1478 1050 1511 im-

302 1548 481 1588 portantes,
512 1541 631 1575 mentio
663 1551 718 1574 seu
749 1538 879 1583 quaevis
906 1537 967 1570 alia
1001 1548 1052 1569 ex-

302 1601 424 1646 pressio
452 1600 612 1639 habenda,
639 1603 694 1631 aut
725 1597 832 1641 aliqua
856 1596 918 1629 alia
949 1596 1052 1628 forma

303 1661 342 1694 ad
361 1660 424 1694 hoc
444 1658 598 1693 servanda
625 1658 717 1698 soret,
743 1655 875 1689 illorum
904 1655 1051 1687 omnium

304 1725 430 1753 tenores
450 1716 673 1762 praesentibus
697 1725 756 1759 pro
776 1713 975 1748 sufficienter
999 1723 1052 1746 ex-

306 1776 423 1821 pressis
443 1781 474 1809 et
502 1775 631 1809 insertis
654 1774 819 1813 habentes,
840 1771 904 1805 illis
923 1771 1001 1804 alias
1022 1771 1054 1804 in

303 1846 362 1869 suo
382 1834 499 1868 robore
524 1832 757 1877 permansuris,
787 1831 848 1864 hac
871 1829 939 1863 vice
963 1830 1056 1862 dum-

305 1899 401 1934 taxat,
437 1893 554 1926 harum
587 1891 683 1932 serie,
718 1888 901 1934 specialiter
938 1893 969 1921 et
1002 1898 1055 1920 ex-

306 1962 416 1997 presse
435 1951 641 1993 derogamus,
667 1947 848 1991 ceterisque
887 1945 1056 1980 contrariis

307 2010 579 2053 quibuscumque.
601 2007 664 2040 Aut
682 2005 707 2038 si
720 2005 894 2049 aliquibus,
910 2013 1056 2037 commu-

307 2069 391 2102 niter
414 2069 462 2102 vel
482 2067 622 2107 divisim,
644 2066 683 2099 ab
707 2063 890 2109 Apostolica
915 2062 953 2095 sit
977 2062 1058 2095 Sede

308 2127 468 2160 indultum
490 2125 577 2170 quod
598 2123 759 2164 interdici,
782 2121 934 2166 suspendi
947 2120 992 2153 vel
1005 2131 1058 2152 ex-

310 2185 544 2219 communicari
564 2194 630 2217 non
654 2181 778 2227 possint
797 2190 855 2225 per
880 2179 1004 2212 litteras
1029 2188 1060 2210 a-

311 2243 484 2287 postolicas
515 2252 580 2275 non
609 2241 762 2274 facientes
794 2239 924 2283 plenam
957 2242 987 2269 et
1012 2247 1061 2270 ex-

314 2311 455 2344 pressam
467 2311 504 2334 ac
520 2300 557 2333 de
567 2299 663 2332 verbo
681 2298 720 2331 ad
736 2297 871 2331 verbum
884 2297 921 2328 de
937 2294 1061 2328 indulto

314 2359 500 2393 huiusmodi
522 2357 730 2392 mentionem.

359 2418 472 2451 Datum
493 2417 614 2450 Romae
630 2414 718 2459 apud
737 2413 891 2448 Sanctum
911 2411 1063 2450 Marcum,

318 2476 376 2508 sub
405 2475 525 2508 annulo
555 2471 747 2513 piscatoris,
780 2471 832 2504 die
864 2480 905 2503 xx
939 2467 1065 2512 augusti

320 2542 496 2574 nomam,
527 2531 732 2577 pontificatus
762 2528 862 2563 nostri
893 2537 977 2560 anno
1016 2536 1066 2560 se-

323 2591 439 2624 cundo.

392 2657 454 2689 Dat.
472 2657 518 2688 (lie
533 2657 571 2688 20
583 2666 651 2697 aug.
669 2655 757 2695 1586,
775 2657 857 2696 pont.
877 2662 954 2684 anno
969 2660 1001 2682 ιι.

1130 444 1176 475 ris
1196 447 1224 476 et
1257 443 1375 475 iudicis
1394 452 1564 474 causarum
1585 441 1706 484 colleyii
1725 446 1832 474 canto-

1130 508 1203 529 rum
1228 497 1490 540 cappellanorum
1523 496 1664 528 Romani
1691 496 1832 539 Pontifi-

1130 551 1187 589 cis,
1212 561 1285 582 cum
1307 550 1556 594 privileqiortcm
1587 553 1615 582 et
1649 549 1833 592 qratiarum

1131 604 1339 637 concessione.

1163 694 1259 722 Sixtus
1277 693 1432 729 episcopus,
1449 699 1546 723 servus
1557 699 1697 722 servorum
1709 691 1757 722 Dei

1234 748 1268 775 ad
1282 748 1444 784 perpetuam
1461 748 1505 777 tei
1522 747 1690 776 memoriam.

1131 820 1167 852 In
1191 829 1331 864 superna
1351 819 1519 852 militantis
1538 819 1700 852 Ecclesiae
1725 819 1834 852 cathe-

1088 874 1154 913 dra,
1190 873 1288 906 nullis
1320 872 1438 906 nostris
1467 872 1601 913 meritis,
1625 873 1679 906 sed
1700 873 1766 906 sola
1787 883 1836 906 re-

1088 927 1262 971 demptoris
1298 927 1399 960 nostri
1428 926 1624 969 benignitate
1658 926 1835 967 constituti,

1088 981 1126 1013 ad
1147 981 1296 1014 universa
1324 992 1382 1024 per
1402 980 1513 1013 orbem
1534 986 1694 1013 terrarum
1720 979 1837 1013 diffusa

1088 1035 1159 1067 loca
1178 1034 1279 1067 cultui
1301 1035 1403 1067 dicata
1423 1034 1544 1075 divino,
1567 1033 1756 1077 provisionis
1776 1044 1836 1067 no-

1089 1093 1172 1120 strae
1197 1087 1342 1121 remedia
1361 1093 1510 1121 tenemur
1530 1087 1723 1128 extendere;
1745 1097 1837 1130 prae-

1089 1140 1183 1184 cipue
1195 1151 1269 1173 vero
1284 1141 1370 1174 circa
1385 1141 1549 1184 cappellae
1569 1145 1698 1174 nostrae
1709 1140 1837 1184 pontifi-

1089 1193 1157 1235 ciae,
1169 1194 1261 1242 cuius
1278 1205 1356 1227 cura
1366 1193 1515 1227 strictiori
1527 1194 1598 1227 iure
1611 1193 1703 1226 nobis
1712 1194 1838 1227 incum-

1089 1247 1349 1292 bit‚prosperum
1369 1253 1485 1281 statum
1497 1252 1528 1281 et
1546 1247 1671 1281 felicem
1689 1247 1839 1280 directio·

1090 1311 1161 1334 nem
1174 1312 1232 1334 nos
1244 1300 1392 1335 convenit
1402 1301 1580 1342 intendere,
1592 1306 1622 1334 et
1631 1301 1838 1345 providenti-„e

1090 1360 1218 1388 nostrae
1239 1355 1380 1388 studium
1402 1355 1596 1399 propensius
1619 1354 1784 1394 adhibere,
1803 1360 1839 1387 ut

1090 1408 1124 1440 in
1144 1418 1179 1441 ea
1202 1408 1373 1441 missarum
1398 1408 1555 1442 solemnia
1584 1414 1614 1441 et
1642 1407 1705 1441 alia
1733 1407 1839 1440 divina

1091 1461 1199 1494 ofticia
1228 1462 1382 1495 continue
1419 1462 1652 1502 decantentur;
1688 1461 1838 1506 illiusque

1091 1521 1239 1549 cantores
1258 1516 1298 1549 ad
1315 1526 1389 1548 eum
1410 1525 1595 1556 numerum,
1618 1515 1673 1558 qui
1693 1515 1838 1548 eiusdem

1091 1570 1258 1613 cappellae
1278 1569 1388 1603 decori
1417 1575 1448 1602 et
1470 1568 1599 1602 servitio
1619 1569 1694 1602 satis
1714 1567 1765 1609 sit,
1786 1579 1839 1602 re-

1092 1623 1192 1665 ducti,
1223 1623 1374 1665 congruis
1403 1623 1612 1656 facultatibus
1640 1633 1699 1666 pro
1726 1632 1838 1656 eorum

1092 1676 1175 1709 vitae
1198 1675 1341 1710 subsidio
1360 1677 1487 1710 valeant
1505 1675 1712 1710 communiri.

1137 1730 1151 1774 g
1176 1730 1207 1763 1.
1230 1729 1400 1771 Quocirca,
1418 1730 1494 1764 huic
1513 1730 1560 1764 rei
1580 1730 1691 1763 sedulo
1711 1729 1838 1763 incum-
1881 1735 2021 1770 neauettoa'·

1854 1777 1906 1797 meri
1928 1778 2012 1796 canton
2024 1786 2026 1790 ·
2040 1797 2043 1809 =

1854 1807 2020 1835 cappellano&
2041 1829 2043 1839 Ι

1093 1837 1227 1870 scientia
1241 1842 1351 1870 nostra
1368 1848 1405 1870 ac
1419 1837 1458 1870 de
1474 1837 1669 1881 apostolicae
1678 1836 1842 1881 potestatis
1855 1837 1965 1891 3222}st
1986 1840 2025 1865 ΙΨ*

1093 1783 1168 1816 bere
1191 1784 1345 1825 volentes,
1376 1789 1466 1817 motu
1486 1783 1619 1828 proprio
1643 1789 1674 1817 et
1698 1794 1735 1817 ex
1754 1789 1842 1816 certa

1095 1890 1308 1934 plenitudine,
1328 1901 1501 1924 numerum
1523 1895 1691 1924 cantorum
1711 1891 1842 1934 cappel-

1095 1945 1243 1977 lanorum
1267 1945 1521 1989 praedictorum,
1547 1944 1603 1989 qui
1628 1945 1668 1978 ad
1693 1955 1844 1988 praesens

1097 1998 1349 2042 vigintiquatuor
1367 1997 1518 2038 existunt,
1540 1998 1579 2031 ad
1608 2009 1782 2032 numerum
1800 1998 1845 2030 vi-

1096 2051 1174 2095 ginti
1199 2052 1296 2085 unius
1315 2052 1490 2093 dumtaxat,
1509 2062 1649 2096 quorum
1669 2051 1800 2085 nomina
1814 2057 1846 2084 et

1097 2106 1289 2149 cognomina
1308 2106 1340 2139 in
1365 2106 1452 2140 calce
1478 2106 1696 2150 praesentium
1725 2105 1846 2139 descri-

1098 2160 1231 2200 buntur,
1253 2159 1430 2204 apostolica
1446 2160 1649 2199 auctoritate,
1661 2165 1774 2192 tenore
1793 2169 1847 2197 ea-

1099 2214 1247 2247 rumdem
1270 2213 1489 2258 praesentium
1517 2213 1702 2247 reducimus
1722 2219 1753 2246 et
1772 2223 1849 2246 con-

1100 2267 1256 2301 trahimus
1269 2279 1277 2309 ;
1291 2267 1433 2311 reliquos
1452 2277 1527 2300 vero
1539 2272 1604 2300 tres
1615 2272 1763 2300 cantores
1775 2277 1849 2309 cap-

1103 2322 1245 2365 pellanos
1269 2321 1388 2354 ibidem
1414 2331 1479 2353 non
1500 2319 1689 2364 descriptos,
1715 2319 1846 2352 illorum

1103 2375 1262 2408 rationem
1290 2374 1445 2407 aliorsum
1473 2373 1637 2414 habituri,
1677 2373 1716 2406 ab
1749 2372 1849 2416 ipsius

1103 2428 1267 2472 cappellae
1286 2427 1415 2461 servitio
1435 2432 1467 2460 et
1485 2426 1621 2460 canendi
1642 2436 1753 2467 onere,
1772 2435 1849 2459 can—

1105 2488 1275 2525 torumque
1295 2480 1561 2525 cappellanorum
1585 2478 1772 2513 huiusmodi
1792 2489 1850 2511 nu-

1107 2545 1194 2568 mero
1218 2540 1250 2568 et
1273 2534 1436 2569 consortio
1460 2532 1656 2567 absolvimus
1675 2538 1707 2567 et
1722 2542 1850 2566 amove·-

1108 2600 1190 2623 mus.

1151 2643 1166 2689 5
1190 2643 1221 2677 ⁶2.
1242 2643 1372 2679 Necnon
1390 2642 1422 2676 in
1443 2641 1553 2677 eadem
1574 2639 1731 2687 cappella,
1749 2649 1851 2675 unum
