2059 3228
134 221 191 254 Μ.
207 222 236 251 C.
255 224 323 253 1583

380 215 443 248 [430

334 287 400 310 non
419 287 541 317 causas,
564 276 635 310 lites
658 287 714 310 seu
752 278 984 312 controversias
1021 277 1080 310 hu-

334 330 472 364 iusmodi
497 329 633 363 ubilibet
656 335 687 364 et
709 341 819 364 coram
843 330 1007 374 quibusvis
1031 330 1080 363 iu-

333 383 458 417 dicibus
484 389 598 424 motas,
621 384 704 418 etin
734 384 898 429 quibusvis
922 383 1079 418 instantiis

334 437 490 471 indecisas
512 438 702 482 pendentes,
717 439 756 472 ab
777 438 897 472 eisdem
918 438 1079 471 iudicibus

332 491 449 525 harum
481 491 564 525 serie
597 491 637 524 ad
667 502 726 525 nos
763 492 963 532 advocantes,
995 491 1079 523 illas-

330 555 393 589 que
417 545 546 590 penitus
559 545 793 589 extinguentes,
809 545 992 587 eisdemque
1015 545 1078 576 fra-

331 599 433 633 tribus
452 598 707 632 Mendicantibus
725 609 762 632 ac
785 598 1002 632 confratribus
1025 608 1078 630 su-

322 654 388 698 ‘per
406 652 591 697 praemissis
610 657 804 697 perpetuum
830 651 995 685 silentium
1020 651 1079 684 im-

329 700 499 752 ponentes:

373 762 388 806 ἓ
408 760 439 795 3.
461 760 505 794 De
529 759 623 794 nobis
642 759 812 793 attributae
833 757 999 803 potestatis
1012 758 1078 802 ple-

144 817 314 840 Dlffinffiodiffe-
328 814 487 855 nitudine,
508 814 657 847 volumus
677 818 708 847 et
727 813 903 857 apostolica
936 811 1077 845 auctori-

129 851 213 870 renti-m

258 851 315 871 rit-ea

129 882 312 907 praet-adonium.
328 875 391 903 tate
416 868 620 902 decernimus
639 867 727 911 quod
748 867 945 910 quicumque
970 876 1007 899 ex
1032 865 1078 898 di-

328 923 386 956 ctis
406 922 557 956 fratribus
581 921 835 955 Mendicantibus
870 920 954 953 inter
980 930 1013 952 se
1038 919 1077 952 de

328 975 552 1021 praecedentia
576 974 763 1008 huiusmodi
793 973 1074 1012 contendentibus,

328 1035 384 1063 aut
414 1028 630 1063 confratribus
663 1027 964 1061 confraternitatum
985 1036 1078 1071 prae—

328 1083 499 1123 dictarum,
519 1083 603 1116 inter
617 1093 699 1126 quos
714 1081 785 1114 lites
801 1087 832 1114 et
847 1091 973 1121 causae,
985 1091 1078 1125 prae-

328 1137 500 1170 missorum
522 1135 703 1177 occasione,
730 1141 820 1168 ortae
844 1134 908 1167 iam
933 1133 996 1167 sint
1020 1144 1076 1166 seu

328 1189 406 1224 oriri
431 1188 599 1233 contigerit
621 1188 653 1221 in
678 1189 835 1229 futurum,
859 1186 915 1231 qui
936 1187 969 1220 in
985 1186 1075 1231 quasi

326 1242 528 1288 possessione
557 1241 803 1287 praecedentiae
823 1251 859 1274 ac
879 1240 959 1273 iuris
984 1250 1077 1284 prae-

328 1297 461 1332 cedendi
481 1302 568 1336 sunt,
590 1296 612 1329 ii
632 1296 905 1340 (quibuscumque
921 1295 1077 1328 reclama-

325 1352 479 1391 tionibus,
510 1349 807 1394 protestationibus,
847 1348 1075 1392 appellationi-

324 1406 387 1439 bus
407 1411 437 1438 ct
456 1404 528 1437 aliis
547 1402 755 1446 subterfugiis
775 1412 910 1446 prorsus
942 1401 1075 1435 remotis

326 1465 358 1493 ct
376 1457 575 1492 cessantibus
594 1462 625 1490 et
648 1455 852 1502 postpositis)
876 1454 910 1488 in
944 1466 1075 1500 proces-

326 1512 470 1546 sionibus
490 1517 554 1544 tam
575 1509 713 1555 publicis
728 1520 825 1552 quam
841 1509 969 1553 privatis
982 1520 1075 1553 prae-

326 1565 441 1600 cedere
460 1565 607 1598 debeant.
627 1563 760 1603 Quando
780 1573 855 1595 vero
875 1572 940 1595 non
960 1563 1077 1607 probe-

326 1625 380 1653 tur
416 1625 472 1652 aut
516 1629 581 1651 non
627 1622 751 1650 constet
791 1616 830 1649 de
875 1616 966 1659 quasi
1000 1628 1074 1660 pos-

325 1672 466 1707 sessione
491 1671 735 1716 praecedentiae
764 1669 965 1710 huiusmodi,
991 1670 1076 1703 inter

325 1727 439 1760 fratres
458 1725 589 1769 quidem
609 1723 836 1764 Mendicantcs,
865 1723 899 1762 ii,
921 1723 976 1767 qui
996 1724 1076 1756 anti-

326 1781 457 1824 quiores
477 1779 510 1811 in
530 1778 601 1811 loco
623 1776 871 1816 controversiae,
895 1775 980 1809 inter
1000 1787 1076 1810 con-

326 1819 440 1866 fratres
472 1842 547 1865 vero
572 1831 656 1864 inter
689 1840 722 1863 se
754 1829 928 1872 litigantes,
953 1829 985 1869 ii,
1020 1829 1074 1873 qui

326 1887 416 1931 prius
438 1885 540 1919 saccis
560 1884 609 1918 usi
634 1889 719 1924 sunt,
747 1883 780 1916 in
816 1882 1076 1927 processionibus

328 1946 392 1973 tam
412 1938 550 1984 publicis
582 1949 679 1983 quam
704 1937 846 1982 privatis,
881 1937 1076 1980 praecedere

329 1993 477 2027 debcant:
496 1993 539 2026 ita
558 1998 605 2034 ut,
631 1992 656 2026 si
677 1991 848 2034 contigerit
867 2001 947 2024 nova
966 2002 1077 2024 mona-

329 2048 425 2081 steria
444 2053 497 2081 aut
523 2047 638 2080 domus
671 2045 809 2079 alicuius
833 2042 960 2078 Ordinis
988 2045 1076 2078 Men-

329 2101 504 2135 ‹licautium
526 2101 559 2134 in
579 2101 663 2140 loco,
686 2100 719 2132 in
739 2110 803 2143 quo
831 2098 962 2132 alterius
982 2098 1076 2132 Ordi-

329 2155 377 2189 nis
397 2166 433 2188 ex
468 2155 562 2188 (lictis
592 2152 850 2187 Mendicantibus
882 2151 1076 2186 monasteria

329 2214 384 2241 aut
407 2203 523 2241 domus
543 2208 633 2252 prius
653 2212 760 2240 erecta
779 2210 811 2240 et
829 2205 974 2238 instituta
1000 2205 1074 2246 sint,

330 2262 383 2294 ille
414 2261 512 2302 Ordo,
545 2261 600 2305 qui
632 2260 722 2304 prius
757 2258 988 2293 monasterium
1020 2269 1077 2292 seu

329 2315 459 2348 domum
478 2315 510 2347 in
529 2315 601 2348 loco
622 2313 783 2354 habuerit,
805 2311 987 2356 praecedat.

375 2369 439 2410 gli.
466 2369 647 2404 Praeterea.
675 2367 751 2411 quia
782 2366 866 2399 inter
897 2364 1079 2409 praedictos

144 2429 262 2450 t-ctarauo
277 2426 313 2448 dit·
329 2417 462 2451 Ordines
482 2418 674 2460 plerumque
695 2415 757 2448 alia
773 2414 806 2448 in
819 2412 1080 2458 processionibus

130 2461 238 2481 nunionis.

329 2472 359 2500 et
384 2466 444 2499 alia
467 2467 497 2498 in
526 2466 672 2499 conciliis
705 2463 910 2508 generalibus
944 2467 976 2495 et
1008 2461 1080 2495 aliis

329 2514 451 2547 actibus·
473 2515 610 2558 publicis
630 2515 694 2547 sive
722 2512 853 2558 privatis
882 2511 963 2545 ratio
994 2510 1080 2544 circa

331 2564 462 2596 moduni
490 2563 704 2608 praecedendi
735 2567 892 2604 servatur,
927 2561 1080 2595 nolumus

331 2623 388 2656 per
424 2618 607 2656 praesentes
648 2611 881 2656 praerogativis
918 2610 1078 2645 dictorum

1095 2260 1100 2283 l

906 225 1082 250 BULLAnttju
1107 221 1256 247 nonnum

1121 274 1290 316 Ordinum,
1301 273 1407 318 quoad
1417 273 1658 318 praecedentias
1669 273 1867 317 huiusmodi,

1121 339 1201 371 quae
1221 327 1362 372 propriis
1381 327 1567 369 Ordinibus,
1587 333 1814 374 praeterquam
1832 328 1868 363 in

1121 381 1383 426 processionibus
1401 381 1790 426 praedictispdebentur,
1812 387 1868 417 aut

1122 435 1273 468 fratribus
1293 435 1507 480 Cappuccinis
1526 435 1732 479 nuncupatis,
1754 436 1810 480 qui
1832 436 1867 470 in

1121 489 1382 533 processionibus
1407 488 1544 533 publicis
1582 490 1641 523 sub
1666 490 1866 524 Conventua-

1121 542 1199 575 lium
1221 542 1329 576 Sancti
1359 543 1522 577 Francisci
1556 548 1612 576 aut
1643 543 1803 577 Minorum
1827 543 1867 578 de

1120 595 1328 629 Observantia
1348 597 1484 630 fratrum
1502 603 1766 640 nuncupatorum
1793 607 1866 631 cru-

1120 659 1168 689 ce,
1203 655 1238 682 ut
1265 650 1378 691 solent,
1398 650 1547 684 incedere
1581 651 1714 695 possint,
1734 651 1865 696 aliquod

1119 702 1357 746 praeiudicium
1377 703 1535 746 generari.

1163 756 1228 799 ἓ5.
1256 756 1375 800 Sicque
1400 768 1458 801 per
1488 768 1714 801 quoscumque
1742 757 1866 792 iudices

1120 815 1150 842 et
1170 810 1416 851 commissarios,
1434 811 1527 844 etiarn
1550 811 1581 844 S.
1603 811 1639 844 R.
1662 811 1697 844 E.
1720 811 1867 845 cardina-

1119 864 1175 904 les,
1205 863 1328 897 sublata
1353 865 1398 897 eis
1422 871 1452 898 et
1473 875 1585 898 eorum
1606 865 1737 899 cuilibet
1755 865 1866 909 quavis

1119 917 1212 950 aliter
1227 917 1390 951 iudicandi
1412 924 1441 951 et
1460 917 1693 963 interpretandi
1712 918 1864 953 facultate

1119 976 1150 1004 et
1169 972 1371 1012 auctoritate,
1394 972 1531 1006 iudicari
1552 978 1583 1006 et
1593 971 1721 1005 definiri
1732 972 1862 1014 debere3

1118 1035 1155 1058 ac
1175 1025 1330 1070 quicquid
1350 1036 1442 1060 secus
1461 1037 1559 1070 super
1577 1026 1628 1059 his
1647 1037 1666 1058 a
1685 1036 1862 1070 quoquam,

1118 1078 1228 1122 quavis
1247 1080 1448 1121 auctoritate,
1459 1079 1596 1114 scienter
1608 1080 1656 1113 vel
1667 1079 1865 1124 ignoranter,

1119 1132 1287 1175 contigerit
1311 1134 1471 1175 attentari,
1494 1133 1621 1167 irritum
1643 1139 1674 1167 et
1692 1133 1789 1168 inane
1807 1134 1866 1169 de-

1118 1186 1292 1220 cernimus.

1161 1240 1176 1284 g
1206 1240 1237 1273 6.
1263 1240 1332 1274 Non
1357 1241 1557 1280 obstantibus
1583 1242 1866 1278 constitutionibus

1118 1299 1148 1326 et
1161 1293 1419 1328 ordinationibus
1429 1295 1626 1339 apostolicis;
1639 1295 1864 1339 ecclesiarum,

1117 1347 1400 1386 monasteriorum,
1431 1348 1601 1389 Ordinum,
1641 1350 1866 1395 congregatio-

1117 1411 1206 1441 num,
1227 1401 1399 1435 domorum
1420 1413 1458 1435 ac
1473 1403 1774 1438 confraternitatum
1785 1415 1866 1450 quo-

1117 1464 1344 1498 rumcumque,
1365 1454 1460 1488 etiam
1481 1455 1676 1497 iuramento,
1694 1456 1866 1492 confirma-

1117 1507 1204 1541 tione
1223 1509 1399 1557 apostolica
1419 1510 1467 1543 vel
1487 1509 1599 1554 quavis
1623 1510 1775 1544 firmitate
1802 1510 1866 1545 alia

1117 1562 1293 1602 roboratis,
1331 1564 1457 1597 statutis
1494 1569 1523 1597 et
1562 1563 1863 1607 consuetudinibus;

1117 1615 1290 1659 privilegiis
1309 1627 1451 1660 quoque,
1465 1616 1600 1650 indultis
1615 1623 1646 1650 et
1660 1617 1775 1652 litteris
1785 1628 1864 1663 apo-

1117 1669 1249 1707 stolicis,
1271 1670 1335 1703 illis
1355 1681 1534 1714 eorumque
1575 1670 1798 1714 superioribus
1834 1677 1866 1706 et

1117 1724 1276 1766 personis,
1298 1724 1356 1757 sub
1386 1724 1646 1768 quibuscumque
1657 1725 1824 1759 tenoribus
1834 1731 1865 1759 et

1117 1776 1237 1818 formis,
1258 1788 1295 1810 ac
1315 1788 1389 1810 cum
1408 1776 1572 1821 quibusvis
1586 1777 1864 1821 derogator-iarum

1117 1831 1330 1874 derogatoriis
1350 1831 1488 1875 aliisque
1508 1830 1744 1865 efficacioribus
1767 1837 1798 1865 et
1816 1832 1866 1866 in-

1117 1885 1218 1918 solitis
1247 1885 1411 1925 clausulis,
1444 1884 1709 1928 irritantibusque
1738 1890 1770 1918 et
1793 1880 1865 1919 aliis

1118 1938 1267 1979 decretis,
1290 1938 1323 1971 in
1343 1949 1461 1982 genere
1487 1938 1535 1971 vel
1573 1938 1606 1971 in
1625 1938 1745 1982 specie,
1767 1938 1863 1972 etiam

1117 1997 1207 2026 motu
1232 1992 1377 2036 proprio,
1414 1997 1468 2024 aut
1505 1991 1584 2024 alias
1621 1991 1866 2034 quomodolibet

1118 2046 1288 2087 concessis,
1318 2057 1354 2079 ac
1390 2046 1486 2079 etiam
1520 2045 1642 2079 iteretis
1664 2045 1788 2079 vicibus
1805 2056 1864 2091 ap-

1117 2100 1261 2143 probatis
1285 2105 1316 2132 et
1351 2099 1519 2140 innovatis.
1542 2099 1665 2139 thus
1698 2098 1862 2141 omnibus,

1118 2153 1249 2186 illorum
1282 2158 1410 2186 tenores
1439 2152 1663 2195 praesentibus
1682 2162 1742 2196 pro
1775 2151 1864 2185 suffi-

1119 2206 1241 2240 cienter
1279 2206 1436 2250 expressis
1472 2206 1625 2239 habentes
1642 2232 1650 2246 ,
1686 2204 1750 2238 illis
1786 2205 1866 2239 alias

1119 2260 1152 2293 in
1184 2270 1243 2293 suo
1281 2260 1398 2293 robore
1435 2258 1672 2303 pet-mansuris,
1705 2258 1766 2292 hac
1796 2258 1866 2292 vice

1120 2314 1296 2354 dumtaxat,
1318 2312 1499 2357 specialiter
1523 2317 1554 2346 et
1586 2322 1734 2356 expresse
1769 2311 1865 2345 doro-

1119 2373 1232 2406 gamus
1250 2389 1258 2403 ,
1299 2361 1478 2406 ceterisque
1520 2360 1690 2395 contrariis
1730 2359 1866 2405 quibus·

1121 2422 1272 2456 cumque.

1164 2461 1179 2505 g
1205 2461 1236 2495 7.
1258 2460 1414 2493 Volumus
1446 2465 1554 2493 autem
1584 2463 1620 2492 ut
1647 2455 1866 2503 praesentium

1121 2510 1342 2553 transumptis,
1353 2519 1450 2542 manu
1463 2507 1602 2542 alicuius
1613 2506 1729 2541 notarii
1744 2505 1867 2550 publici
1881 2513 1926 2528 ¹¹¹⁰
1941 2499 1989 2531 Γ

1121 2559 1321 2603 subscriptis,
1340 2564 1370 2591 et
1389 2557 1494 2601 sigillo
1510 2556 1647 2591 alicuius
1664 2561 1821 2601 personae
1833 2553 1866 2587 in

1121 2608 1276 2651 dignitate
1292 2606 1510 2641 ecclesiastica
1517 2605 1708 2640 constitutae
1719 2603 1864 2644 munitis,

1879 797 1929 819 Ιιιι.

1959 2582 1992 2616 ‘²'

1971 2634 1987 2659 ’Υ

1968 2674 1986 2690 ,ι

1904 765 1954 789 cln-
2041 792 2043 796 v
