2059 3228
65 197 76 209 r
98 181 168 214 1587
567 206 570 209 .

52 249 61 256 ·
180 233 320 275 portune
334 227 503 274 providere
519 228 558 263 de
567 227 765 273 benignitate
776 227 928 272 apostoli-

180 293 218 317 ca
229 283 456 326 dignaremur.

224 337 240 381 ἓ
262 336 295 370 4.
322 336 385 370 Nos
404 336 514 380 igitur,
537 336 593 380 qui
614 336 737 370 dudum
758 336 843 370 inter
866 336 928 370 alia

59 405 67 413 ·⁴
108 405 166 428 μοι.-
179 388 343 423 voluimus
362 390 449 433 quod
465 390 590 424 litterae
601 401 699 434 super
719 390 929 434 indulgentiis

58 469 63 473 .
117 437 247 490 εἱζζζίιοιι
273 443 503 488 expedirentur
521 445 560 477 ad
587 444 697 485 instar,
719 444 779 478 nisi
800 444 928 488 specifi-

180 501 344 538 carentur‚
367 507 404 530 ac
427 498 610 533 animarum
640 498 777 531 salutem
811 497 929 531 nostris

168 549 383 594 ,potissimum
405 551 606 594 temporibus
617 551 751 585 sinceris
768 550 930 584 desidera-

180 613 253 637 mus
263 603 442 646 affectibuS,
456 604 626 638 Claudium
638 604 860 649 praepositum
873 615 929 637 seu

179 656 334 690 vicarium
350 658 552 701 praedictum
573 669 609 691 ac
629 668 742 691 eorum
754 656 931 702 quemlibet

179 720 197 743 a
216 709 384 754 quibusvis
408 710 763 752 excommunicationis,
794 721 929 755 suspen-

179 763 280 798 sionis
309 769 340 798 et
363 764 526 798 interdicti
546 765 682 809 aliisque
706 764 931 798 ecelesiasticis

119 810 139 842 ’·
179 817 360 858 sententiis,
383 819 528 852 censuris
552 824 583 852 et
607 818 729 863 poenis,
747 829 764 851 a
783 817 855 851 iure
883 818 931 852 vel

179 871 221 904 ab
231 870 377 912 homine,
392 872 504 916 quavis
519 872 689 906 occasione
703 868 751 905 vel
771 883 868 906 causa
883 872 930 906 la-

181 925 232 966 tis,
253 924 281 958 si
304 925 423 969 quibus
442 925 685 969 quomodolibet
704 926 878 959 innodatus
897 937 930 959 e-

180 978 278 1021 xistit,
299 979 340 1012 ad
355 979 508 1013 effectum
528 981 749 1023 praesentium
768 979 929 1013 dumtaxat

179 1030 458 1076 consequendum,
483 1033 600 1066 harum
626 1032 708 1066 serie
732 1033 931 1067 absolventes

183 1091 215 1119 et
242 1085 426 1120 ahsolutum
446 1087 516 1120 sore
542 1093 719 1127 censentes,
745 1086 932 1131 posteriori-

182 1140 244 1174 bus
265 1140 558 1184 supplicationibus
587 1141 648 1174 hac
673 1142 703 1173 in
726 1147 815 1185 parte
840 1140 933 1174 nobis

183 1194 343 1238 porrectis
367 1194 524 1235 inclinati,
551 1194 656 1228 eidem
681 1194 812 1228 Claudio
830 1201 858 1227 et
876 1205 933 1238 pro

183 1252 332 1292 tempore
352 1240 498 1281 existenti
523 1248 628 1282 dietae
652 1248 818 1282 Societatis
840 1259 933 1292 prae-

182 1300 288 1346 posito
313 1312 370 1334 seu
388 1301 508 1335 vicario
523 1302 680 1345 generali,
703 1308 735 1335 ut
752 1302 784 1335 in
804 1301 936 1345 quibus-

179 1354 227 1391 vis
245 1354 391 1389 eiusdem
414 1355 584 1389 Societatis
619 1355 762 1389 ecclesiis
792 1367 847 1389 seu
880 1357 937 1389 do-

183 1408 289 1442 mibus
300 1419 338 1442 ac
354 1409 510 1452 collegiis,
526 1416 589 1442 tam
602 1410 635 1442 in
646 1410 731 1443 dicta
738 1409 823 1443 Urbe
835 1420 932 1454 quam

182 1467 271 1496 extra
296 1473 378 1504 eam,
398 1474 458 1508 per
480 1463 665 1497 universum
696 1464 820 1504 orbem,
847 1474 935 1497 nunc

183 1521 216 1550 et
237 1527 297 1560 pro
320 1521 467 1560 tempore
491 1517 607 1550 erectis
635 1528 693 1550 seu
718 1517 879 1560 erigendis
907 1523 938 1551 et

182 1569 398 1611 instituendis,
414 1570 540 1614 quasxis
553 1571 643 1611 alias,
663 1570 726 1604 sive
738 1571 937 1604 scholarium

183 1628 324 1665 tantum,
345 1623 410 1658 site
430 1625 568 1657 aliorum
590 1624 847 1658 christifidelium
864 1631 935 1658 tan-

185 1682 268 1718 tum,
279 1676 345 1711 sive
361 1683 576 1722 ullorumque
596 1689 620 1711 si
614 1678 706 1718 mul,
728 1684 794 1711 tam
813 1678 872 1711 sub
885 1689 938 1712 eo-

188 1730 262 1764 dem
281 1730 387 1764 Beatae
400 1731 517 1765 Mariae
537 1732 730 1765 Annunciat
732 1743 748 1765 e
766 1742 864 1776 quain
876 1732 938 1766 alio

186 1784 300 1828 quovis
310 1784 403 1818 titulo
415 1790 447 1818 et
456 1785 670 1826 invocatione,
676 1786 941 1829 congregationes

143 1830 151 1838 ⁸
185 1848 244 1872 seu
269 1838 430 1879 sodalitia,
453 1850 555 1872 unum
580 1839 703 1872 scilicet
718 1840 767 1873 vel
786 1840 891 1883 plura,
907 1841 940 1873 in

185 1891 322 1935 singulis
357 1891 437 1926 locis
468 1893 516 1926 vel
545 1893 711 1933 ecclesiis,
738 1903 797 1938 pro
827 1904 940 1937 perso-

187 1955 305 1980 narum
324 1946 504 1990 frequentia
527 1958 583 1980 seu
603 1947 770 1991 qualitate,
797 1948 940 1981 auctori-

189 1990 252 2032 ta‘te
272 2005 395 2040 nostra,
408 2000 481 2034 sine
491 2001 629 2034 alicuius
640 2001 853 2045 praeiudicio,
868 2013 941 2045 per-

166 2057 289 2096 'petuo
303 2053 430 2096 erigere
450 2064 481 2086 et
500 2053 680 2087 instituere.

236 2105 252 2150 ἓ
273 2105 304 2140 5.
331 2096 462 2140 Necnon
483 2109 748 2150 congrecationts
773 2119 828 2142 seu
848 2110 942 2143 soda-

22 2312 24 2316 ,
51 2269 181 2326 ’22ξέῐῖ
193 2266 442 2310 gregationiseu
457 2237 614 2311 primario
634 2238 811 2309 sodalitio,
802 2271 944 2303 auctoii—

49 2331 70 2337 ·
95 2331 180 2353 Annun-
193 2325 258 2353 tate
268 2321 485 2363 apostolicaet
501 2322 610 2365 xio-oie
628 2323 846 2366 praesentium
863 2323 945 2357 litte-

22 2406 28 2411 4
56 2359 184 2420 *¹32⁶ss
196 2369 418 2410 1arun1‚etian1
429 2381 486 2413 per
490 2375 585 2414 petuo
592 2381 777 2413 ‘1-0re0‘11e
781 2372 825 2404 eis
829 2373 946 2415 quesic

22 2414 27 2440 ἶ
52 2424 183 2461 tuot-¹1-
197 2418 325 2459 erectis,
336 2418 489 2451 institutis
508 2425 537 2452 et
556 2430 627 2462 agg·
627 2420 734 2462 egatis
754 2422 944 2464 1505900111ῃο

32 2462 33 2472 ’
54 2497 76 2503 ,,
88 2455 182 2508 41⁰⁰*
198 2477 377 2510 eorumque
405 2468 580 2507 sodalibus,
607 2469 809 2502 scholaribus
828 2476 857 2503 et
883 2481 947 2503 non

31 2515 33 2519 “
55 2518 79 2526 “”
159 2508 163 2512 ’
198 2515 413 2557 scholaribus,
435 2527 546 2550 omnes
567 2517 825 2560 etsingulistam
840 2519 948 2562 plena-

188 2565 264 2610 rias
283 2576 382 2610 quarn
406 2565 485 2599 alias
506 2566 721 2610 indulgentias
750 2573 780 2600 et
801 2573 948 2611 peccato-

839 173 945 199 srst
963 173 983 198 V
1001 173 1050 198 PP-

1601 164 1666 199 829

967 237 1040 260 rum
1061 226 1266 261 remissiones
1285 238 1322 261 ac
1342 229 1565 271 relaxationes,
1588 241 1714 264 necnon

968 279 1199 323 exemptiones,
1217 281 1435 316 immunitates
1447 290 1635 328 ceterasque
1647 295 1717 328 gra-

969 333 1039 374 tias,
1066 333 1246 376 facultates,
1269 336 1392 370 indulta
1412 342 1443 371 et
1463 338 1640 381 privilegia,
1653 339 1716 383 spi-

969 386 1099 420 ritualia
1119 393 1149 421 et
1170 390 1374 433 temporalia,
1397 397 1459 424 tam
1481 392 1585 426 (lictae
1598 393 1717 437 prima-

971 439 1039 474 riae
1067 451 1164 484 quam
1191 442 1327 486 singulis
1345 444 1416 477 aliis
1437 445 1467 477 in
1488 447 1653 489 quibusvis
1673 448 1718 480 di-

971 498 1041 527 ctae
1061 494 1228 528 Societatis
1253 497 1395 540 collegiis
1420 500 1467 532 vel
1484 500 1645 536 domibus.
1667 513 1720 542 212:-

970 547 1110 591 gregatis
1133 549 1181 581 vel
1211 552 1432 594 aggregandis,
1464 553 1658 587 scholarium
1690 562 1719 588 vt

971 601 1109 634 aliorum
1145 605 1448 646 congregationibus
1477 618 1531 640 seu
1567 609 1719 643 sodalitiis·

972 654 1149 696 hactenus,
1181 661 1244 689 tam
1276 668 1333 701 per
1361 659 1482 692 dictum
1514 673 1609 705 quain
1641 663 1720 695 alios

971 718 1194 752 quoscumque
1214 710 1375 745 Romanos
1398 713 1568 747 Pontiticcs
1586 716 1720 759 praedo-

973 771 1114 795 cessores
1133 769 1273 804 nostros,
1298 776 1421 810 nosque
1446 773 1474 800 et
1501 768 1613 801 Sedent
1635 771 1720 814 Apo-

972 815 1131 858 stolicam‚
1154 828 1191 851 ac
1215 818 1310 851 etiam
1336 820 1423 863 regia
1444 828 1473 854 et
1490 822 1648 865 imperiali
1667 836 1722 857 au-

973 869 1138 911 ctoritate,
1177 881 1214 904 ac
1239 877 1303 905 tam
1331 883 1389 917 per
1416 874 1498 907 viam
1529 878 1723 912 extensionis

972 933 1069 965 quam
1094 924 1172 957 alias
1189 926 1432 968 quomodolibet
1453 935 1479 961 et
1502 930 1721 972 quandocum-

975 987 1038 1020 que
1058 987 1226 1011 concessas
1246 984 1275 1012 et
1294 990 1443 1014 concessa
1465 982 1619 1016 hactenus
1634 996 1669 1017 ac
1691 985 1723 1017 in

973 1035 1138 1074 posterum
1148 1033 1355 1066 concedenda
1367 1035 1628 1081 quibuscumque
1639 1038 1720 1078 aliis,

974 1083 1038 1116 sive
1063 1085 1262 1119 scholarium
1287 1088 1463 1129 dumtaxat,
1489 1090 1551 1123 sire
1585 1091 1722 1125 alioruin

976 1137 1239 1172 christifidelium
1261 1146 1396 1182 tantum,
1425 1143 1489 1176 sive
1510 1150 1724 1188 utrorumque

976 1191 1085 1232 simul,
1112 1203 1149 1226 ac
1174 1194 1311 1234 mixtim,
1338 1198 1644 1239 congregationibus
1669 1210 1724 1233 seu

976 1245 1145 1287 sodalitiis,
1169 1247 1201 1280 in
1222 1248 1421 1291 quibuslibet
1441 1251 1584 1295 collegiis
1604 1259 1658 1286 aut
1671 1254 1726 1287 do-

977 1299 1083 1333 mibus
1109 1301 1214 1335 dictae
1240 1302 1408 1337 Societatis
1438 1304 1606 1349 hucusque
1636 1307 1725 1340 insti-

975 1353 1052 1387 tutis
1089 1365 1126 1388 ac
1158 1355 1192 1387 in
1224 1362 1390 1399 posterum
1430 1358 1646 1401 instituendis,
1672 1372 1725 1394 eo-

977 1418 1115 1451 rumque
1162 1410 1337 1452 sodalibus,
1372 1412 1573 1446 scholaribus
1602 1420 1630 1447 ct
1662 1426 1724 1448 non

978 1462 1179 1496 scholaribus
1194 1490 1201 1503 ‚
1238 1465 1429 1499 auctoritate
1476 1468 1651 1510 apostolica
1698 1476 1726 1501 et

977 1516 1086 1560 vigore
1119 1518 1336 1560 praesentium
1378 1520 1564 1554 huiusmodi
1583 1548 1590 1562 ,
1632 1523 1726 1556 etiam

978 1575 1149 1613 perpetuo,
1183 1573 1436 1614 communicare,
1460 1574 1595 1618 illasque
1625 1582 1652 1608 ct
1676 1576 1729 1609 illa

979 1624 1016 1656 ad
1039 1624 1167 1658 easdem
1188 1635 1301 1660 omnes
1321 1629 1585 1671 congregationes
1605 1640 1659 1663 seu
1680 1641 1729 1663 so-

979 1677 1089 1711 dalitia
1109 1689 1288 1723 eorumque
1310 1681 1443 1721 sodales,
1456 1682 1550 1714 etiam
1563 1693 1625 1715 uon
1639 1684 1730 1716 scho-

980 1731 1075 1772 lares,
1096 1731 1320 1766 indifferenter
1340 1740 1369 1767 et
1390 1746 1493 1778 aeque
1506 1736 1731 1779 principaliter

981 1785 1163 1826 extendere,
1183 1797 1221 1820 ac
1243 1787 1337 1820 etiam
1358 1787 1420 1820 illis
1433 1781 1620 1822 ⁸concedere
1646 1796 1674 1822 et
1697 1801 1729 1823 e-

982 1838 1104 1882 largiri,
1135 1840 1236 1874 libere
1266 1847 1294 1873 et
1326 1841 1412 1874 licite
1438 1842 1550 1881 valeat,
1579 1842 1619 1875 ita
1647 1844 1732 1888 quod

982 1903 1069 1926 nunc
1093 1899 1121 1926 et
1151 1895 1422 1938 quandocumque
1450 1896 1481 1927 in
1504 1897 1649 1929 futurum
1670 1898 1731 1942 ipsi

983 1947 1119 1988 sodales,
1141 1949 1304 1981 scholares
1325 1955 1353 1981 et
1379 1960 1443 1982 non
1464 1950 1639 1992 scholares,
1662 1952 1732 1994 qui-

984 2011 1123 2044 cumque
1143 2002 1217 2042 sint,
1246 2002 1391 2036 faciendo
1417 2009 1447 2035 et.
1476 2004 1675 2037 observando
1697 2017 1733 2037 ca

983 2065 1066 2098 quae
1093 2056 1217 2088 sodales
1242 2056 1414 2100 primariae
1441 2063 1467 2089 e!
1491 2057 1627 2090 aliarum
1655 2068 1731 2091 con-

984 2109 1207 2151 gregationum
1227 2121 1280 2143 seu
1308 2110 1529 2143 sodalitiorum
1551 2111 1733 2154 praedicto-

985 2173 1070 2203 rum,
1092 2174 1151 2206 pro
1170 2163 1390 2206 indulgentiis,
1405 2170 1611 2207 peccatorum
1625 2165 1735 2198 retnis-

986 2216 1430 2256 sionibus?relaxationibus
1466 2223 1495 2250 et
1526 2217 1595 2250 aliis
1624 2218 1734 2261 gratiis

987 2270 1159 2313 praedictis
1179 2271 1412 2314 consequendis
1436 2272 1541 2304 facere
1566 2277 1595 2305 et
1621 2273 1734 2316 exequi

987 2329 1146 2363 tenentur,
1168 2324 1251 2368 ipsas
1272 2325 1447 2388 indulgenti
1453 2336 1486 2357 a>
1506 2325 1601 2358 etiam
1626 2326 1736 2370 plena-

988 2373 1051 2405 rias
1067 2379 1094 2406 et
1113 2373 1191 2405 alias
1211 2373 1432 2416 huirsuiodig
1439 2374 1534 2407 rzitias
1551 2374 1694 2415 plenarie
1706 2380 1735 2408 et

989 2422 1075 2464 intes·
1080 2433 1111 2454 te
1132 2422 1527 2465 ornsc-quantu1·‚acillis
1548 2423 1695 2456 linantur
1705 2429 1738 2457 et

989 2471 1164 2524 potiantur,
1195 2471 1260 2504 acsi
1286 2471 1359 2504 illae
1385 2471 1428 2504 015
1448 2471 1630 2515 psecialiter
1648 2478 1679 2506 et
1697 2473 1737 2506 ab

990 2519 1080 2551 initio
1097 2530 1267 2553 ‹oncessae
1282 2520 1426 2561 fuissent,
1449 2521 1639 2555 auctoritate
1659 2533 1738 2566 apo-

990 2567 1113 2609 stolica‚
1135 2575 1245 2602 tenete
1264 2547 1513 2612 praesentium,
1515 2576 1672 2616 perpetuo
1693 2571 1740 2604 in-

1730 180 1782 207 an.
1798 177 1827 204 C.
1848 176 1910 204 15⁸7
