2059 3228
113 217 156 246 An
184 217 212 245 C.
232 219 297 246 15⁸7

140 865 198 891 Quae
214 864 255 883 nisi
279 862 296 883 i-

114 902 151 923 pse
167 897 297 919 ‹·1tcret‚vo-

114 927 153 947 luit
167 929 187 947 ut
210 926 296 946 obser—

114 961 215 979 varentur
243 962 298 978 con-

114 989 298 1010 stitutionescom-

114 1019 194 1047 pilatae
215 1025 226 1039 a
244 1024 299 1045 per-

115 1052 174 1072 sonis
190 1051 224 1071 hie
240 1050 299 1071 desi-

115 1083 192 1109 gnatis.

145 1560 230 1583 Ceteris
238 1566 303 1588 prae-

120 1596 219 1617 mortuis,

121 1623 238 1644 liudovicns
257 1622 305 1643 Μο-

120 1658 171 1676 neta
186 1654 234 1676 illas
256 1654 306 1675 edi-

121 1686 158 1707 dit.

146 2463 314 2486 Fc·ic=·icust}or-

131 2504 151 2516 r·-
157 2502 217 2516 nurus
230 2496 314 2516 casdem

131 2528 258 2547 auctoritate
265 2532 315 2553 apo-

131 2558 208 2579 stolica
236 2558 313 2579 firmari

133 2589 195 2616 petit.

356 208 419 241 8:38

313 277 376 303 tam
402 270 433 302 in
454 269 593 312 antiquis
623 267 888 301 Borromciorum
909 276 1005 310 quam
1023 276 1057 298 a-

310 323 362 356 liis
391 323 535 361 aedibus,
558 331 737 364 earumque
757 320 832 361 situ,
859 320 898 353 de
929 319 1061 352 licentia

905 213 1083 238 mmmmm!
1103 213 1255 237 Romnum

1098 265 1174 308 legii
1189 264 1463 306 administratore,
1477 271 1616 308 rectore,
1625 266 1849 312 collegialihus

1100 323 1132 351 ct
1148 317 1220 351 aliis
1240 318 1281 351 ad
1300 328 1382 361 quos
1402 328 1462 361 pro
1480 323 1627 363 tempore
1645 318 1851 364 quomodoli-

311 375 399 407 sodis
418 375 621 418 Apostolicac
647 373 835 414 construxit,
859 373 1005 416 illudque
1021 372 1060 406 de
1099 372 1155 405 bet
1170 371 1341 415 spectabit,
1355 371 1578 412 observentur,
1597 378 1707 406 nostro
1727 373 1852 416 etApo-

310 428 455 461 eiusdem
477 428 568 461 Sedis
597 427 802 467 auctoritate,
824 426 911 459 iuxta
931 426 1062 459 ordina-

311 482 429 514 tionem
451 481 490 513 ab
515 481 584 524 ipso
615 481 729 513 Carolo
763 480 925 513 cardinale
950 480 998 513 vel
1023 477 1062 513 de

311 535 381 567 eius
395 536 556 567 voluntate
578 533 873 578 praescribendam,
893 534 993 566 erexit
1017 538 1063 566 at-

311 598 374 631 que
397 587 542 627 instituit,
568 593 727 620 reservata
746 592 852 620 tamen
879 586 940 619 sibi
960 586 1060 619 facul-

313 646 375 673 tate
396 641 554 674 condendi
575 645 694 673 statuta
715 645 745 673 ct
762 640 983 673 ordinationes
1003 650 1062 683 pro

311 694 413 738 ipsius
444 694 571 738 collegii
599 693 767 737 regimine,
790 704 827 727 ac
847 694 934 726 illius
958 693 1062 726 bono-

311 757 383 780 rum
406 747 698 781 administratione.

357 801 372 844 §
397 800 427 833 9,.
455 801 499 833 Ac
519 801 621 834 voluit
640 801 727 844 quod
747 800 773 834 si
793 800 873 844 ipse,
896 801 1004 844 aliqua
1024 800 1063 833 de

312 864 409 887 causa
444 854 662 898 praepeditus,
691 854 792 887 dictas
816 854 1065 887 constitutiones

312 907 407 940 edere
439 918 504 940 non
533 913 653 951 posset,
676 913 744 941 tum
765 907 1010 941 constitutiones
1035 913 1067 940 et

312 961 533 994 ordinationes
555 972 613 1004 per
637 961 800 1005 quondam
823 962 974 994 loannem
1006 962 1065 994 Ba-

311 1014 443 1059 ptistam
464 1014 664 1055 Castelliani,
688 1021 719 1048 et
738 1016 893 1048 Thomam
915 1015 1065 1049 Odescal-

312 1079 399 1110 cum,
422 1080 459 1102 ac
480 1069 634 1102 dilectum
656 1069 760 1102 filium
781 1069 978 1103 Ludox‘icum
1000 1070 1066 1102 Mo-

312 1128 399 1163 neta,
429 1123 652 1166 presbyterum
684 1123 966 1163 Mediolanensem,
992 1123 1068 1156 sub-

312 1176 451 1219 scriptae‚
466 1176 498 1209 in
509 1177 615 1209 lucem
626 1176 823 1220 proferendi,
837 1177 876 1209 ab
890 1176 991 1220 ipsius
1003 1177 1067 1210 col-

312 1229 388 1272 legii
418 1229 696 1270 administratore,
726 1235 863 1270 rectore,
895 1229 1068 1273 collegiati-

312 1283 394 1323 bus,
425 1282 644 1326 singularibus
669 1283 745 1316 dicti
772 1283 900 1326 collegii
921 1283 1068 1327 personis

314 1336 448 1369 omniuo
462 1342 680 1375 servarentur,
694 1347 731 1369 ac
744 1337 822 1369 alias
837 1343 933 1380 prout
952 1337 984 1369 iu
1005 1337 1068 1369 liu-

314 1390 455 1423 iusmodi
471 1390 662 1423 fundatione
683 1396 714 1423 et
733 1390 803 1423 aiiis
819 1390 987 1434 scripturis
999 1391 1068 1434 ple-

315 1443 389 1476 nius
409 1443 529 1477 dicitur
548 1444 720 1477 contineri.

361 1498 376 1541 ξ
401 1497 432 1531 3.
460 1497 538 1531 Cum
559 1503 679 1539 autem,
705 1498 787 1531 sicut
814 1499 925 1532 eadem
957 1498 1070 1542 petitio

317 1551 544 1594 subiungebat,
574 1551 667 1585 dictis
693 1552 979 1585 constitutionibus
1008 1552 1070 1584 mi-

245 1592 304 1612 solus
343 1605 348 1610 .

319 1616 406 1638 nime
426 1605 565 1638 extensis
585 1612 612 1639 et
632 1606 833 1650 subscriptis,
856 1606 991 1639 Ioannes
1014 1606 1072 1639 Ba-

320 1659 427 1703 ptista,
453 1665 485 1692 ct
511 1660 650 1692 Thomas
670 1659 839 1703 praedicti,
863 1660 930 1703 ipso
957 1660 1071 1694 Carolo

320 1713 488 1746 cardinale
503 1713 611 1747 adhuc
627 1719 705 1746 tunc
723 1714 755 1746 in
776 1714 925 1747 humanis
945 1721 1071 1757 agente,

319 1767 528 1807 decesserint,
546 1778 583 1800 ac
607 1768 724 1801 deinde
744 1768 829 1801 idem
847 1768 980 1802 Carolus
1000 1779 1072 1801 car-

320 1821 438 1854 dinalis
457 1821 554 1854 etiam
575 1820 614 1854 ab
635 1821 696 1854 hac
716 1822 788 1854 luce
805 1821 999 1865 migraverit,
1020 1832 1073 1855 so-

319 1874 435 1918 lusque
455 1874 636 1908 Ludovicus
656 1875 851 1919 praedictus,
874 1881 909 1908 ut
934 1876 1076 1919 praefer-

321 1933 387 1969 tur,
414 1939 499 1961 unus
525 1939 561 1961 ex
582 1928 686 1961 tribus
706 1939 765 1973 per
784 1929 988 1972 praedictum
1014 1929 1075 1963 Ca-

323 2045 402 2068 vens
426 2035 630 2077 1'en‘2anserit,
652 2036 709 2080 qui
733 2043 805 2080 post
824 2036 899 2069 dicti
926 2037 1076 2069 cardina-

322 2088 362 2122 lis
381 2089 506 2121 obitum
533 2090 783 2124 constitutiones
804 2097 836 2123 et
855 2090 1077 2124 ordinationes
1097 2096 1100 2098 ’

323 2152 384 2185 pro
404 2141 550 2175 eiusdem
571 2143 699 2186 collegii
720 2150 809 2176 recta
828 2143 1077 2177 administrandi

325 2194 594 2239 gubernandique
615 2196 751 2238 ratione,
771 2198 858 2230 iuxta
879 2197 955 2230 dicti
971 2197 1077 2231 Caroli

325 2248 498 2282 cardinalis
518 2256 659 2283 mentem
680 2256 711 2283 ct
739 2251 948 2291 voluntatem,
971 2251 1077 2284 cidem

1101 425 1232 459 stolicae
1262 424 1355 458 Sedis
1388 424 1568 458 munimine
1603 425 1760 467 roborari,
1791 437 1851 471 pro

1101 484 1193 523 parte
1216 478 1293 511 dicti
1313 477 1459 512 Federici
1478 478 1573 511 nobis
1600 478 1659 511 suit
1688 479 1852 514 humiliter

1102 531 1320 576 supplicatum
1342 538 1502 576 quatenus
1526 532 1626 566 dietas
1651 532 1852 567 constitutio-

1103 596 1160 619 nes
1180 591 1212 619 et
1228 585 1450 619 ordinationes
1470 585 1664 619 confirmare
1684 591 1716 619 et
1734 597 1853 629 appro-

1102 640 1179 673 bare
1189 639 1374 682 aliasquein
1388 639 1573 684 praemissis
1586 645 1770 684 opportune
1778 650 1853 684 pro-

1101 693 1209 727 videre
1234 693 1274 727 de
1293 693 1492 737 benignitate
1507 693 1687 738 apostolica
1706 692 1855 737 dignare-

1104 757 1190 780 mur.

1147 801 1162 843 ἓ
1187 801 1219 835 5.
1246 800 1309 834 Nos
1332 800 1445 844 igitur,
1472 801 1529 845 qui
1546 801 1647 846 ipsius
1667 800 1797 844 collegii
1816 801 1856 835 ab

1104 854 1217 887 eodem
1238 854 1353 888 Carolo
1369 854 1545 896 cardinale,
1567 855 1660 888 cuius
1684 855 1855 897 memoria,

1105 912 1140 939 ut.
1158 907 1211 951 pie
1231 908 1388 949 creditur,
1404 908 1439 941 in
1453 908 1678 942 benedictione
1689 915 1747 950 est,
1766 919 1857 953 prae-

1104 960 1201 1005 cipua
1220 973 1278 995 sua
1297 962 1416 1006 pietate
1441 968 1473 995 et
1500 962 1670 1002 charitate,
1698 963 1856 1008 quemad-

1105 1016 1238 1049 modum
1258 1016 1392 1060 insignis
1412 1016 1566 1050 laudibus
1577 1017 1796 1051 etimitatione
1806 1017 1856 1050 di-

1104 1079 1167 1111 gna
1186 1069 1257 1111 suit,
1279 1070 1379 1104 erecti
1401 1075 1432 1103 ct,
1451 1070 1588 1104 instituti
1608 1071 1790 1114 profectum
1810 1071 1856 1105 fe—

1104 1125 1214 1167 lixque
1233 1123 1379 1167 regimen
1395 1130 1423 1157 et
1434 1129 1643 1167 augmentum
1661 1124 1796 1158 sinceris
1805 1134 1858 1158 ex-

1105 1182 1256 1221 optamus
1275 1177 1455 1218 assecfibus,
1477 1188 1516 1211 ac
1535 1178 1802 1211 constitutionum
1826 1182 1858 1212 et

1106 1231 1347 1264 ordinationum
1376 1231 1618 1275 praedictarum
1648 1237 1788 1275 tenores,
1819 1231 1858 1265 de

1106 1285 1224 1328 quibus
1249 1296 1308 1329 per
1325 1285 1479 1318 dilectum
1500 1285 1605 1318 filium
1625 1290 1771 1319 nostrum
1791 1284 1858 1319 Sci-

1106 1338 1237 1382 pionem
1258 1338 1344 1371 tituli
1373 1338 1481 1372 Sancti
1504 1338 1664 1372 Simeonis
1696 1338 1861 1383 preshyte-

1086 1421 1088 1425 .
1107 1403 1180 1425 rum
1207 1392 1405 1425 cardinalem
1425 1393 1662 1426 Lancellottum
1688 1402 1859 1436 nuncupa-

1107 1452 1189 1487 tum,
1211 1446 1263 1480 cui
1284 1446 1414 1479 illarum
1434 1447 1626 1480 revisionem
1653 1445 1860 1480 demandavi-

1109 1510 1192 1541 mus,
1215 1499 1307 1533 nobis
1326 1500 1409 1533 sacta
1426 1499 1595 1541 relatione,
1608 1500 1648 1532 ad
1660 1500 1795 1544 plenum
1810 1499 1860 1532 in-

1108 1554 1237 1587 formati
1257 1565 1380 1595 sumuS,
1407 1565 1444 1588 ac
1464 1560 1584 1588 certam
1609 1554 1776 1588 scientiam
1801 1553 1860 1586 ha-

1109 1609 1234 1648 bemus,
1255 1608 1490 1652 praesentibus,
1517 1620 1555 1642 ae
1584 1608 1611 1641 si
1636 1608 1676 1642 de
1700 1607 1799 1641 verbo
1818 1607 1858 1640 ad

1089 1662 1258 1701 ⁴verbum,
1281 1662 1363 1695 nibil
1387 1662 1515 1706 penitus
1540 1662 1672 1702 omisso,
1699 1661 1862 1705 ipsorum-

1110 1727 1172 1759 que
1194 1715 1461 1748 constitutionum
1482 1721 1512 1748 et
1532 1715 1774 1748 ordinationum
1795 1714 1862 1748 sin-

1111 1770 1185 1812 gula
1203 1769 1344 1813 capitula
1363 1768 1483 1802 eisdem
1503 1768 1727 1812 praesentibus
1741 1767 1863 1801 inserta

1112 1822 1257 1863 tuissent,
1279 1833 1338 1866 pro
1359 1823 1518 1866 expressis
1537 1828 1569 1855 ct
1588 1821 1718 1855 insertis
1736 1822 1861 1855 hahen-

1113 1883 1171 1918 tes,
1194 1877 1364 1920 ipsumque
1384 1876 1574 1909 Federicum
1593 1886 1612 1908 a
1631 1875 1799 1919 quibusvis
1812 1885 1863 1908 ex-

1092 1968 1095 1980 ,
1113 1930 1429 1971 communicationis,
1451 1929 1671 1974 suspensionis
1686 1934 1717 1962 ct
1732 1927 1864 1962 interdi-

322 1981 431 2015 rolum
461 1982 659 2015 cardinalem
692 1983 878 2023 nominatis,
900 1983 1007 2016 adhuc
1032 1981 1094 2015 x·i-3

1114 1984 1155 2017 eti
1176 1984 1312 2028 aliisque
1339 1984 1565 2017 ecclesiasticis
1584 1982 1763 2023 sententiis,
1785 1991 1863 2016 cen-

1114 2037 1198 2071 suris
1218 2043 1248 2071 et
1281 2038 1404 2081 poenis,
1431 2049 1449 2070 a
1479 2037 1550 2070 iure
1574 2037 1625 2070 vel
1651 2036 1695 2069 ab
1716 2035 1861 2076 homine,

1115 2091 1224 2135 quavis
1252 2091 1420 2124 occasione
1450 2090 1499 2123 vel
1524 2101 1620 2123 causa
1639 2090 1723 2130 latis,
1745 2088 1864 2133 si-qui-

1095 2171 1096 2183 ,
1115 2145 1175 2178 bus
1190 2145 1435 2188 quomodolibet
1455 2143 1626 2178 innodatus
1638 2143 1752 2184 existit,
1766 2143 1806 2176 ad
1817 2142 1864 2176 ef-

1117 2200 1236 2232 l'ectum
1254 2198 1472 2242 praesentium
1492 2198 1865 2240 dumtaxatconsequen-

1117 2252 1204 2292 dum,
1226 2252 1340 2284 barum
1361 2251 1444 2284 serie
1465 2251 1663 2284 absolventes
1691 2257 1722 2283 et
1741 2249 1867 2283 absolu-

326 2300 487 2335 Ludovieo
504 2304 678 2346 cognitam,
696 2304 806 2345 edidit,
823 2310 1033 2348 extensusque
1047 2310 1078 2338 et
1096 2313 1098 2337 t
1119 2311 1186 2338 tum
1207 2306 1276 2338 sore
1295 2311 1473 2345 censenteS,
1493 2304 1680 2337 huiusmodi
1703 2303 1866 2347 supplica-

327 2364 426 2387 manu
447 2356 579 2399 propria
600 2358 799 2402 subscriptas
820 2359 1004 2401 publicavit.

1096 2343 1101 2411 l
1119 2359 1260 2392 tionibus
1280 2358 1438 2397 inclinati,
1458 2358 1704 2391 constitutiones
1728 2363 1758 2390 ct
1777 2355 1866 2390 ordi-

371 2403 386 2445 ,ξ
407 2403 439 2436 4.
463 2404 643 2449 Cupiatque
669 2407 774 2439 dictus
802 2406 976 2440 Federicus
1003 2414 1101 2457 con-1
1120 2407 1264 2441 nationes
1282 2408 1460 2451 praedictas
1476 2418 1534 2451 per
1550 2406 1746 2440 Ludovicum
1768 2404 1868 2438 editas

328 2451 512 2485 stitutiones
543 2460 573 2486 ct
601 2454 821 2489 ordinationes
842 2468 899 2499 per
928 2458 1077 2489 cuuidem

328 2499 524 2534 Ludovicum
553 2503 611 2543 sic,
644 2511 675 2537 ut
699 2506 894 2547 lnaesertur,
921 2505 1022 2537 editas
1048 2511 1078 2537 et

330 2548 539 2600 subscriptas,
568 2563 627 2594 pro
649 2553 777 2586 illarum
798 2554 1004 2587 subsistentia
1024 2555 1080 2586 lir-

331 2598 437 2640 mtori,
457 2610 494 2633 ac
514 2606 549 2634 ut
567 2601 796 2637 inviolabiliter
815 2603 854 2636 ab
883 2604 986 2648 ipsius
1013 2604 1080 2638 col·

1120 2464 1149 2491 ct
1183 2457 1393 2501 subscriptas,
1416 2463 1447 2490 et
1477 2457 1573 2490 etiam
1601 2467 1660 2500 per
1682 2455 1865 2499 Scipionem

1121 2507 1315 2540 cardinalem
1340 2506 1540 2551 praedictum
1571 2505 1753 2546 recognitas
1776 2514 1814 2537 ac.
1832 2514 1867 2537 e-

1122 2558 1196 2589 tiam
1214 2556 1422 2600 subscriptas,
1445 2556 1617 2599 omniaque
1637 2560 1667 2588 ct
1690 2553 1816 2596 singula
1834 2552 1868 2585 in

1123 2605 1168 2639 eis
1193 2611 1356 2646 contenta,
1384 2616 1442 2649 pro
1469 2605 1592 2649 optimo
1616 2603 1716 2648 ipsius
1740 2601 1868 2646 collegii

1896 789 1974 831 Baius
1985 812 1989 820 f
2012 790 2013 795 ’

1870 835 1939 857 firmat
1953 839 1955 844 ·
