2059 3228
24 250 150 287 .'.¹580

124 402 131 411 v
153 363 262 404 modi,
284 363 344 397 nisi
366 363 419 396 illa
438 363 641 407 possidentes
659 367 691 397 et
711 362 781 395 illas
805 361 911 406 perci-

162 415 286 460 pientes
306 416 387 450 insra
407 417 529 450 dictum
549 423 677 461 tempus
695 415 841 448 habitum
861 425 912 447 su-

162 469 343 513 sciperent,
383 476 414 504 et
456 470 687 515 professionem
729 469 911 512 regularem

162 522 264 567 ipsius
283 523 460 567 Religionis
479 524 677 564 emitterent,
700 522 797 566 lapsis
820 532 910 555 men-

162 575 248 609 sibus
262 576 350 620 ipsis,
361 583 522 618 vacarent,
538 588 574 610 ac
586 586 693 610 cassae
706 580 736 609 et
753 575 911 609 extinctae

161 635 267 663 essent
285 636 316 664 et
335 632 403 664 esse
423 637 633 665 censerentur
653 640 690 663 eo
711 629 792 673 ipso.

40 720 51 734 .
204 683 220 727 §
243 682 274 716 ἱ).
297 684 341 717 Ac
367 684 483 718 deinde
512 684 704 718 recolendae
734 682 911 716 memoriae

31 742 104 779 tantus
119 741 147 764 1¹¹
161 734 296 769 Paulum
316 737 435 781 Papam
447 738 497 779 111,
517 737 614 770 etiam
628 736 911 781 praedecessorem

32 774 149 834 '‘pssv'iffi'f}
161 794 319 831 nostrum,
339 795 376 824 ut
400 791 552 834 magister
575 795 606 824 et
629 789 747 833 singuli
772 789 909 833 priores,

29 833 150 890 „jssssdffi‘sss
161 843 304 885 baiulivi,
331 850 568 888 praeceptores,
602 844 720 877 milites
748 848 779 877 et
798 843 912 876 fratres

161 896 328 941 hospitalis
365 898 569 938 huiusmodi,
591 908 651 942 pro
671 908 786 931 eorum
805 896 908 938 libito,

161 951 365 995 parochiales
384 962 421 984 ac
441 951 536 985 etiam
562 952 629 984 sine
656 962 734 984 cura
759 950 912 985 ecclesias

160 1014 218 1038 seu
238 1015 350 1038 earum
369 1005 503 1038 vicarias
527 1016 585 1038 seu
605 1005 824 1049 cappellanias
840 1016 913 1049 per-

160 1062 284 1102 petum,
304 1063 359 1091 aut
379 1059 541 1102 cappellas
567 1059 613 1092 vel
635 1059 748 1092 altaria
773 1069 828 1091 scu
850 1058 912 1090 alia

161 1110 321 1145 beneficia
328 1111 500 1156 simplicia,
514 1112 553 1144 ad
566 1122 680 1145 eorum
690 1112 909 1151 collationem,

161 1164 464 1208 praesentationem,
481 1165 675 1199 electionem
696 1176 751 1198 seu
768 1165 912 1207 quamvis

162 1217 259 1251 aliam
278 1218 534 1263 dispositionem,
557 1219 680 1252 ratione
695 1219 910 1263 prioratuum,

161 1271 407 1314 baiulivatuum,
425 1273 735 1316 praeceptoriarum,
752 1273 848 1306 etiam
864 1283 914 1305 ca-

162 1335 328 1359 merarum
365 1326 597 1370 magistralium
636 1333 910 1370 nuncupatarum,

162 1378 384 1423 hospitalium,
406 1381 578 1414 domorum
600 1385 630 1413 et
648 1380 788 1413 aliorum
816 1380 915 1413 bene—

163 1431 314 1466 ficiorum
334 1433 411 1466 dicti
430 1433 598 1477 hospitalis
619 1444 677 1478 per
692 1444 747 1467 eos
763 1445 822 1478 pro
835 1439 914 1466 tem-

163 1495 243 1529 pore
267 1486 484 1527 obtentorum‚
506 1487 544 1520 de
570 1487 652 1528 iure,
679 1492 808 1528 statuto,
836 1497 914 1520 con-

164 1539 334 1572 suetudine
348 1566 356 1580 ,
377 1539 567 1572 fundatione
598 1546 654 1573 aut
678 1540 847 1584 privilegio
868 1540 915 1572 vel

165 1592 243 1626 alias
262 1593 504 1637 quomodolibet
525 1594 702 1637 spectantia
713 1599 743 1627 et
754 1594 916 1637 pertinen-

75 1691 77 1693 ι
166 1645 222 1687 tia,
243 1647 283 1679 ab
301 1646 380 1691 ipsis
393 1646 566 1687 baiuliviis,
588 1647 832 1691 praeceptoriis,
858 1648 915 1680 do-

56 1696 98 1746 ij.
165 1700 288 1741 mibus,
329 1696 549 1744 hospitalibus
572 1706 602 1733 et
641 1701 714 1734 aliis
749 1701 917 1734 beneficiis

76 1747 82 1752 ’
167 1753 382 1797 dependentia
395 1764 448 1787 seu
462 1754 524 1786 illis
536 1764 676 1794 annexa,
693 1765 777 1798 quae
792 1755 917 1787 dudum

167 1802 275 1840 forsan
282 1807 434 1844 fratribus
443 1807 554 1840 saltem
565 1808 763 1852 cappellanis
773 1808 917 1841 eiusdem

168 1860 347 1905 hospitaliS,
369 1866 400 1894 et
418 1861 457 1894 ab
482 1861 601 1894 eisdem
630 1861 796 1905 magistro,
829 1863 918 1906 prio-

169 1914 272 1954 ribus,
293 1914 439 1948 baiulivis
458 1926 496 1948 ac
513 1916 778 1960 praeceptoribus
799 1922 829 1949 et
850 1916 920 1949 aliis

171 1967 343 2011 praedictis
363 1968 621 2014 conferebantur,
641 1980 659 2002 a
672 1973 675 1976 ’
688 1970 784 2013 longo
812 1975 921 2002 tamen

172 2026 204 2054 et
231 2021 339 2055 forsan
364 2021 552 2065 longissimo
581 2027 728 2066 tempore
762 2023 854 2063 citra,
882 2023 921 2056 de

174 2073 266 2107 cuius
304 2074 395 2108 initio
426 2076 582 2108 memoria
610 2076 781 2109 hominum
815 2077 921 2109 forsan

173 2137 239 2160 non
258 2128 423 2170 existebat,
446 2140 504 2173 per
522 2129 608 2172 ipsos
619 2129 821 2172 magistrum,
833 2130 922 2173 prio-

175 2190 239 2222 res,
254 2197 257 2202 ·
270 2181 439 2220 baiulivos,
469 2189 708 2227 praeceptores,
743 2183 860 2216 milites
892 2189 924 2216 et

175 2234 302 2276 tratres,
323 2246 382 2279 per
395 2237 533 2270 abusum
549 2243 604 2269 aut
619 2248 656 2270 ex
671 2237 797 2269 defectu
814 2237 924 2269 huius—

173 2287 265 2321 modi
285 2289 550 2332 cappellanorum
569 2291 616 2324 vel
646 2291 781 2323 aliarum
812 2301 923 2333 perso-

176 2351 294 2374 narum
315 2341 460 2375 eiusdem
478 2343 646 2388 hospitalis
666 2344 705 2377 ad
735 2344 764 2376 id
794 2344 924 2376 idonea-

177 2405 263 2436 rum,
282 2394 408 2428 clericis
421 2405 476 2428 seu
496 2397 688 2441 preshyteris
706 2397 926 2430 saecularibus

179 2448 296 2482 collata
314 2454 370 2481 aut
389 2449 540 2489 conferri,
567 2456 595 2482 et
616 2461 674 2493 per
693 2450 778 2493 ipsos
799 2450 926 2494 presby-

179 2501 266 2531 teros
273 2498 323 2531 vel
335 2497 471 2531 clericos
482 2498 661 2531 saeculares
670 2499 807 2531 obtineri
821 2499 923 2539 solita,

181 2545 276 2580 etiam
286 2547 437 2580 fratribus
448 2547 645 2588 huiusmodi,
655 2547 844 2591 praesertim
851 2558 926 2591 cap-

182 2595 531 2640 pellanisnuncupatis,
539 2596 607 2639 qui,
618 2596 822 2637 utasseritur,
833 2607 928 2639 apre-

183 2643 314 2688 sbyteris
324 2656 379 2679 seu
388 2645 524 2686 clericis,
536 2645 596 2678 nisi
603 2645 706 2690 quoad
717 2645 926 2688 gestationem

263 2693 337 2725 Ball.
359 2694 436 2726 Rom.
458 2694 513 2724 1⁷01.
534 2694 606 2724 VIII.
773 2694 806 2723 41

767 249 1021 277 Gnaeoatusxm
1043 250 1090 274 ιη’.

163 314 228 350 tur,
249 309 393 354 alioquin
412 308 569 343 beneficia
580 313 609 342 ct
620 307 791 353 pensiones
801 306 913 340 huius·
957 304 1063 338 crucis
1075 304 1122 337 vel
1135 304 1261 337 habitus
1276 304 1352 339 dicti
1363 304 1531 350 hospitalis
1540 307 1580 340 ad
1588 315 1700 352 pectus

1586 231 1650 277 '3221

952 368 1017 392 non
1037 357 1238 398 differebant,
1260 359 1358 392 immo
1373 359 1547 404 privilegiis
1566 362 1699 397 clerico-

952 423 1025 446 rum
1063 411 1306 452 saeculariums
1327 413 1413 447 iuxta
1448 415 1553 449 forsan
1586 427 1700 451 eorum

952 465 1120 510 privilegia
1140 471 1171 498 ct
1187 468 1448 509 consuetudines,
1462 470 1604 511 gaudere
1620 472 1701 505 solc-

953 520 1041 561 bant,
1064 520 1089 552 si
1110 519 1149 552 ad
1170 520 1201 553 id
1222 521 1299 553 alias
1320 521 1426 554 idonei
1452 530 1482 556 et
1506 524 1628 557 habiles
1654 537 1701 558 re-

953 572 1149 616 perirentur,
1170 574 1329 614 conferre,
1350 586 1386 607 ac
1407 576 1483 609 alias
1503 577 1615 610 deillis
1630 590 1702 622 pro-

952 626 1059 660 videre
1073 632 1102 660 et
1117 627 1300 671 disponer03
1311 627 1435 671 ipsique
1450 630 1574 672 fratres,
1585 633 1702 675 quilius

952 679 1110 713 beneficia
1129 680 1314 714 huiusmodi
1337 683 1473 715 conferri
1489 685 1699 727 contingeret,

953 733 1026 774 illa,
1046 734 1071 767 si
1094 734 1154 767 sibi
1184 734 1263 767 alias
1289 736 1442 770 canonice
1466 740 1701 780 conterrentur,

953 791 1008 819 aut
1031 786 1092 830 ipsi
1113 787 1321 830 eligerentur,
1349 796 1630 832 praesentarentur
1654 793 1702 825 vel

953 840 1030 874 alias
1046 847 1290 875 assumerentur
1303 842 1342 874 ad
1354 842 1408 875 illa
1420 849 1450 876 et
1460 843 1703 879 instituerentur

953 894 985 926 in
1006 894 1063 935 eis,
1086 895 1245 939 recipere,
1264 900 1295 928 et
1312 895 1343 928 in
1355 896 1496 937 titulum,
1516 898 1609 931 etiam
1625 911 1702 942 quo-

953 947 993 980 ad
1017 946 1171 988 viverent,
1207 948 1359 989 retinere,
1395 950 1569 993 respective
1602 952 1702 985 libore

954 1005 984 1034 et
1002 1001 1090 1034 licite
1109 1002 1265 1043 valerent,
1285 1007 1402 1036 statuta
1426 1009 1457 1036 et
1483 1004 1702 1038 ordinationes

954 1055 1131 1088 extendisse
1148 1061 1178 1089 et
1197 1056 1412 1101 ampliavisse,
1435 1056 1543 1100 eisque
1564 1059 1703 1103 desuper

954 1109 1137 1143 indulsisse.

998 1163 1012 1206 ξ
1032 1162 1062 1196 3.
1081 1163 1169 1196 Idem
1190 1164 1263 1196 Pius
1282 1164 1329 1205 IV,
1354 1165 1576 1198 concessiones
1596 1172 1623 1199 et
1637 1167 1702 1209 pri-

954 1216 1068 1259 vilegia
1087 1218 1248 1251 dictorum
1269 1218 1556 1262 praedecessorum
1588 1220 1703 1253 contir-

956 1281 1057 1312 mans,
1080 1271 1166 1314 ipsos
1178 1272 1367 1315 magistrum
1379 1277 1409 1305 et
1420 1280 1614 1306 conventum
1628 1285 1704 1307 nec-

955 1334 1020 1356 non
1040 1324 1183 1368 priorem
1204 1325 1360 1359 ecclesiae
1375 1326 1520 1369 aliosque
1535 1327 1660 1370 priores
1676 1333 1706 1360 et

955 1384 1195 1422 praeceptores,
1213 1379 1295 1412 intra
1314 1379 1431 1414 limites
1448 1380 1707 1414 iurisdictionum

956 1436 987 1463 et
1023 1432 1354 1475 administrationum,
1380 1444 1471 1467 veros
1508 1434 1704 1475 ordinarios,

956 1484 1043 1517 iuxta
1076 1485 1213 1518 sormam
1251 1497 1384 1520 suorum
1416 1486 1708 1521 stabilimentorum

957 1545 988 1571 et
1006 1538 1250 1582 privilegiorum
1263 1567 1270 1580 ,
1290 1539 1424 1574 existere
1445 1546 1476 1573 et
1495 1551 1563 1573 esse
1584 1540 1707 1574 censeri

957 1591 1115 1633 decrevit3
1155 1603 1192 1626 ac
1222 1593 1381 1627 beneficia
1419 1594 1635 1628 ecclesiastica
1670 1594 1708 1627 ad

958 1647 1250 1688 praesentationem
1270 1658 1327 1681 seu
1357 1647 1563 1681 collationem
1596 1648 1710 1681 baiuli-

958 1709 1083 1740 vorum,
1106 1700 1253 1743 priorum
1274 1706 1305 1734 et
1327 1707 1575 1745 praeceptorum
1599 1701 1709 1745 hospi-

958 1752 1030 1786 talis
1040 1753 1227 1787 huiusmodi
1239 1755 1407 1797 suffragari
1421 1755 1551 1788 debere:
1566 1755 1609 1788 ita
1624 1756 1710 1799 quod

960 1807 1138 1851 presbyteri
1173 1808 1355 1841 saeculares
1382 1808 1437 1841 illa
1462 1814 1538 1841 tunc
1558 1809 1711 1852 temporis

960 1859 993 1892 in
1018 1861 1242 1895 commendam
1270 1872 1326 1895 seu
1359 1861 1438 1894 alias
1469 1861 1712 1904 quomodolibet

961 1914 1155 1956 obtinentes,
1171 1915 1363 1948 commenda
1376 1914 1563 1957 huiusmodi
1583 1914 1708 1956 cedere,

961 1972 1016 2000 aut
1036 1968 1090 2000 illa
1110 1969 1188 2001 alias
1209 1968 1369 2002 dimittere
1390 1977 1455 2002 non
1475 1973 1617 2012 possent,
1650 1967 1711 2000 nisi

962 2021 1001 2054 de
1019 2032 1178 2054 consensu
1197 2032 1324 2062 eorum,
1347 2022 1386 2054 ad
1403 2032 1483 2065 quos
1498 2021 1713 2064 praesentatio

963 2085 1020 2107 seu
1046 2075 1176 2108 collatio
1201 2081 1372 2119 spectaret,
1399 2080 1430 2107 et
1454 2074 1487 2107 in
1508 2075 1648 2107 favorem
1667 2074 1714 2107 di-

964 2129 1006 2161 cti
1021 2128 1188 2172 hospitalis
1208 2140 1264 2162 seu
1285 2139 1509 2172 personarum,
1526 2138 1609 2171 quae
1624 2128 1715 2161 habi-

966 2188 1031 2215 tum
1054 2193 1112 2226 per
1132 2183 1245 2216 fratres
1269 2182 1475 2226 cappellanos
1496 2182 1638 2214 eiusdem
1654 2182 1714 2215 ho-

965 2235 1088 2278 spitalis
1108 2236 1226 2269 deferri
1243 2236 1371 2268 solitum
1384 2235 1585 2278 susciperent
1596 2240 1627 2268 et
1641 2245 1716 2279 pro-

966 2289 1135 2322 fessionem
1159 2300 1217 2333 per
1237 2300 1291 2322 eos
1315 2288 1417 2321 emitti
1440 2288 1566 2321 solitam
1591 2288 1716 2322 emitte-

966 2348 1048 2383 rent,
1071 2354 1130 2375 nec
1147 2343 1201 2375 illa
1221 2342 1373 2385 deinceps
1394 2342 1466 2385 ipsi,
1484 2342 1545 2375 nisi
1561 2342 1644 2375 infra
1663 2352 1716 2376 sex

967 2407 1092 2429 menses
1116 2408 1134 2429 a
1159 2397 1210 2429 die
1229 2395 1438 2429 intimationis
1457 2396 1604 2429 habitum
1617 2395 1717 2440 ipsius

966 2449 1141 2493 Religionis
1162 2450 1378 2493 suscepissent
1397 2455 1427 2482 et
1446 2450 1628 2492 regularem
1643 2460 1717 2493 pro·

968 2499 1139 2532 sessionem
1163 2499 1245 2530 infra
1264 2498 1344 2531 alios
1364 2508 1418 2531 sex
1438 2509 1565 2532 menses
1592 2498 1717 2532 emisis-

968 2553 1048 2588 sent,
1069 2547 1234 2591 possidere
1249 2552 1394 2590 possent;
1418 2553 1449 2580 et
1466 2546 1493 2580 si
1506 2557 1598 2581 secus
1613 2546 1716 2585 fieret,

968 2602 1024 2629 aut
1043 2596 1223 2629 cessionem
1245 2606 1301 2628 seu
1330 2596 1578 2640 resignationem
1609 2596 1720 2629 huius-

970 2645 1055 2678 modi
1069 2651 1121 2677 aut
1134 2645 1174 2678 de
1188 2644 1263 2677 dicti
1278 2643 1406 2678 Ordinis
1420 2644 1600 2686 beneficiis,
1622 2645 1719 2679 etiam

1717 242 1767 272 Kn,
1786 243 1816 271 C.
1832 240 1880 269 ΠΝ

1753 1170 1801 1191 l'tus
1816 1170 1844 1192 tv
1861 1174 1893 1192 sta

1719 1203 1757 1221 tuit
1809 1203 1901 1222 ctera-os

1719 1232 1840 1253 saeculares
1856 1238 1899 1253 nou

1719 1270 1781 1290 pos-e
1820 1264 1899 1284 cedere

1720 1295 1837 1318 lienem-iis,
1861 1294 1902 1314 nisi

1720 1329 1778 1346 certo
1799 1326 1867 1346 modo.
