2059 3228
130 252 177 281 An.
195 256 222 282 C.
244 258 310 285 ¹57st

167 778 284 801 Exordium,

131 994 198 1017 Causa
220 993 315 1015 edendae

131 1026 297 1047 commilitonis.

373 244 429 276 19»ἑέ

366 302 578 336 sacerdotibus
605 297 740 342 captivis
768 295 934 329 licentiam
958 291 1063 334 bapti·
1083 292 1086 326 Ι

366 358 461 389 :ands
478 364 590 398 pueros
614 362 634 384 a
655 351 813 384 matribus
832 349 967 387 oblattm,
989 345 1064 378 clare

363 411 462 454 possit
477 413 534 441 cle.
556 406 582 439 ¹.

372 493 521 524 Venerabili
537 491 623 521 fratri
647 488 846 524 archiepiscopo
862 484 1014 522 ffispaleusi

531 545 678 581 Gregorius
695 545 767 579 Papa
783 542 852 571 thl.

322 624 489 655 Venerabilis
504 623 607 655 frater,
619 621 740 650 saintem
750 620 778 648 et
787 624 830 653 ap.
845 615 1066 645 benedictionem.

366 696 469 731 Officii
479 695 581 729 nostri
594 699 701 738 partes
712 689 901 733 exequimur
909 696 982 719 cum
994 694 1068 728 poe-

323 750 511 790 nitentibus,
534 747 601 792 qui,
623 746 740 779 misera
759 741 937 776 infidelium
972 736 1068 770 servi—

325 811 392 839 tute
417 802 575 848 oppressi,
610 812 628 834 a
648 799 711 832 fide
749 795 907 830 catholica
927 791 1069 825 descive-

326 864 411 899 runt,
434 857 521 890 illico
542 854 668 899 pietatis
689 852 818 884 ianuam
839 855 1032 881 reseramus.
1089 869 1092 896 ¹

372 913 386 956 ξ
406 912 437 945 ¹1.
460 911 569 955 Nuper
593 906 751 951 siquidem
776 901 891 946 exponi
913 898 1006 932 nobis
1025 899 1070 930 fe-
1090 900 1094 933 ῐ,

328 968 373 1002 cit
400 964 608 999 charissimus
647 961 679 993 in
703 958 826 992 Christo
851 955 936 987 lilius
964 958 1074 985 noster

329 1020 497 1064 Philippus
532 1014 760 1059 Hispaniarum
796 1021 850 1043 rex
881 1006 1071 1045 catholicus,

330 1074 429 1119 quod,
443 1078 612 1117 postquam
625 1067 771 1113 plerique
782 1065 889 1097 forsan
906 1060 1073 1102 utriusque

331 1138 424 1162 sexus
444 1123 623 1163 christiani,
659 1119 789 1153 diversis
821 1114 1022 1158 temporibus
1042 1112 1074 1144 in

328 1183 513 1216 Maurorum
548 1183 578 1211 et
613 1176 791 1209 Turcarum
812 1172 1000 1214 potestatem
1023 1176 1075 1198 re-

330 1235 427 1276 dacti,
445 1233 543 1267 fidem
557 1229 747 1264 catholicam
764 1225 975 1258 deseruerunt
991 1224 1019 1251 et
1037 1218 1075 1251 ab

330 1291 386 1324 illa
426 1288 657 1332 apostatarunt,
692 1278 840 1314 nonnulli
870 1275 965 1308 etiam
1008 1282 1076 1305 ma-

330 1342 413 1377 sculi
441 1352 473 1374 se
502 1335 689 1372 circumcidi
710 1332 794 1378 passi
822 1332 964 1367 suerunt,
984 1325 1077 1358 liabi-

331 1404 465 1439 tumque
490 1391 668 1426 infidelium
688 1386 838 1432 pubbliee
853 1380 1018 1426 gestando,
1032 1378 1078 1412 uti

331 1452 459 1485 Mauros
479 1453 509 1481 et
528 1444 671 1479 infideles
710 1452 742 1473 se
773 1441 957 1481 gesserunt3
979 1432 1077 1476 aliqui

333 1511 444 1538 autem
463 1512 496 1534 se
514 1500 643 1533 Mauros
662 1506 728 1528 esse
749 1493 982 1527 asseverarunt;
1002 1496 1080 1520 non-

333 1556 416 1592 nulli
429 1566 467 1589 ex
481 1553 538 1595 eis,
556 1551 633 1585 tacti
646 1549 756 1582 dolore
771 1543 875 1578 cordis
896 1541 1076 1579 intrisecus,

335 1621 450 1646 eorum
477 1605 600 1652 peccati
633 1599 846 1646 poenituisse,
876 1596 1081 1636 divinamque

336 1661 590 1700 misericordiam
601 1659 635 1691 in
646 1667 683 1690 eo
693 1654 893 1698 implorasse,
905 1651 988 1682 inter
1003 1657 1083 1690 quos

337 1718 437 1762 aliqui
448 1717 488 1750 ad
501 1712 689 1748 christianos
708 1706 890 1740 sacerdotes
905 1702 993 1736 eisin
1005 1700 1084 1733 locis

337 1773 372 1806 in
389 1771 502 1805 eadem
522 1765 700 1811 captivitate
720 1764 941 1800 retentos,pr0
955 1754 1084 1787 absolu-

337 1825 436 1860 tionis
453 1820 613 1856 heneficio
633 1813 820 1853 obtinendo,
843 1822 879 1844 ac
898 1815 934 1842 ut
957 1813 1083 1841 sanctae

339 1871 673 1913 RomanaeEcclesiae
691 1873 722 1902 et
736 1867 822 1900 illius
836 1863 958 1907 gremio
974 1870 1086 1894 recon-

343 1932 506 1967 cilientur,
531 1927 752 1960 recurrerunt3
767 1919 822 1952 alii
838 1923 945 1950 autem
956 1914 1087 1962 publice

344 1997 377 2019 se
397 1984 589 2018 christianos
607 1989 674 2013 esse
684 1974 883 2021 profitenteS,
904 1970 1089 2003 Maurorum

345 2038 458 2072 habitu
477 2036 583 2080 palam
608 2031 773 2069 derelicto,
789 2034 960 2068 nunquam
986 2023 1090 2055 inten-

347 2092 444 2126 tionis
464 2098 578 2123 eorum
598 2086 696 2119 fuisse
706 2080 886 2116 infidelium
907 2083 1025 2110 sectam
1042 2086 1091 2107 se-

349 2146 405 2189 qui
421 2145 581 2181 dixerunt;
602 2140 633 2173 id
660 2147 739 2171 'vero
763 2133 850 2179 quod
871 2143 908 2165 eo
927 2140 1029 2173 usque
1054 2129 1093 2161 ab

352 2199 396 2232 eis
406 2197 602 2231 extrinsecus
612 2193 864 2226 demonstratum
880 2184 987 2223 fuerit,
999 2193 1095 2216 causa

352 2251 520 2296 pellendae
534 2246 690 2282 libertatis
700 2244 820 2277 factum
830 2239 924 2273 fuisse
934 2238 1093 2275 dixerunt,

353 2311 390 2338 ut
408 2303 580 2346 aliquando
613 2300 653 2334 ad
684 2295 932 2332 christianorum
952 2292 1023 2324 loca
1042 2300 1096 2322 ac-

356 2357 483 2396 cedere,
502 2361 532 2389 et
549 2367 580 2388 se
601 2355 634 2387 in
652 2351 831 2386 libertatem
855 2355 1004 2380 revocare
1023 2353 1097 2388 pos-

356 2415 438 2447 sent,
455 2419 593 2452 quorum
607 2415 755 2440 sermone
766 2401 911 2436 infideles
930 2396 1097 2439 indignati,

356 2469 392 2497 ut
413 2463 523 2495 sci-reis
539 2460 700 2494 manubiis
720 2465 750 2492 et
768 2453 977 2498 compedibus
994 2449 1100 2484 revin-

359 2523 437 2555 ctos,
461 2516 492 2548 in
511 2523 609 2548 tetros
640 2511 817 2547 detrudunt
836 2516 982 2543 carceres
1000 2502 1101 2549 pessi-

360 2580 477 2615 meque
497 2570 537 2602 ast

400 2639 411 2663 ¹
428 2635 470 2664 Ex
489 2635 600 2670 Regem.
622 2633 651 2661 in
670 2634 774 2661 Set-ret,
794 2629 937 2659 Brevium.

910 236 1087 266 nummum
1106 234 1256 261 uomitum

1107 288 1214 320 unitate
1231 290 1261 317 ct
1279 282 1415 316 articulo
1430 281 1540 314 mortis
1561 276 1736 317 constituti,
1754 274 1852 309 corde

1105 339 1296 373 christianos
1312 347 1344 369 se
1360 336 1457 368 fuisse
1473 339 1504 366 et
1523 344 1591 366 esse
1607 331 1778 370 affirmant,
1796 339 1853 361 ne-

1104 403 1166 437 que
1180 400 1335 434 umquam
1348 388 1455 422 animo
1467 397 1486 420 a
1506 386 1569 419 fide
1589 383 1746 417 catholica
1762 391 1853 415 aver-

1106 447 1178 479 tisse
1199 450 1254 477 aut
1273 444 1311 476 de
1328 453 1363 475 ea
1384 441 1467 473 male
1487 438 1621 472 sensisse
1640 437 1762 470 dicunt.

1149 498 1164 541 ξ
1184 497 1215 531 2.
1237 496 1354 530 Omnes
1369 494 1468 537 igitur
1480 490 1634 536 praedicti
1652 488 1854 533 poenitentes
1894 496 1896 498 ·

1106 552 1139 584 in
1159 550 1338 594 captivitate
1358 545 1530 589 redempti,
1545 555 1604 588 per
1613 542 1795 587 praedictos
1804 551 1854 573 sa-

1107 605 1254 638 cerdotes
1286 606 1414 636 sanetae
1434 597 1530 632 matri
1566 596 1739 635 Ecclesiae,
1767 599 1856 627 extra

1108 668 1204 701 quani
1224 657 1314 689 nulla
1337 655 1435 693 salus,
1457 650 1672 690 reconciliari,
1695 654 1726 682 et
1745 647 1783 681 ab
1808 657 1859 680 ex-

1109 711 1251 744 cessibus
1277 715 1308 742 et
1326 707 1450 741 delictis
1471 706 1510 739 ab
1539 704 1586 738 eis
1605 701 1794 741 commissis,
1819 701 1858 734 de

1109 764 1226 808 quibus
1246 762 1343 795 corde
1363 759 1504 794 contrito
1536 762 1567 790 et
1586 767 1642 789 ore
1672 754 1791 788 eisdem
1811 764 1861 787 sa·

1111 816 1293 851 cerdotihus
1317 813 1452 848 confessi
1487 812 1629 849 fuerunt,
1651 818 1710 852 per
1733 807 1860 840 confes-

1111 870 1208 903 sionis
1228 875 1259 902 et
1273 867 1487 912 poenitentiae
1508 867 1746 897 sacramentum
1765 860 1860 893 abso-

1113 924 1180 963 luti,
1201 930 1232 956 et
1263 922 1303 955 ad
1339 919 1556 954 sanctissimae
1588 913 1806 949 Eucharistiae
1828 917 1862 946 et

1113 978 1250 1011 aliorum
1275 974 1437 1008 Ecclesiae
1461 975 1737 1006 sacramentorum
1759 966 1860 1011 parti-

1114 1031 1306 1075 cipationem
1333 1027 1458 1061 restitui
1492 1026 1648 1058 instanter
1684 1021 1860 1067 postulant3

1114 1084 1163 1117 his
1183 1082 1397 1125 acceditquod
1417 1079 1592 1115 nonnullae
1603 1075 1766 1115 mulieres,
1779 1081 1864 1117 quae

1115 1138 1224 1172 animo
1248 1142 1280 1169 et
1303 1135 1400 1169 corde
1424 1132 1544 1166 Christi
1562 1131 1660 1167 fidem
1681 1129 1788 1162 colere
1812 1125 1864 1159 di-

1116 1197 1205 1231 eunt,
1245 1195 1338 1223 natos
1375 1198 1450 1220 suos
1487 1185 1606 1219 eisdem
1645 1180 1866 1216 sacerdotibus

1115 1243 1323 1288 baptizandos
1351 1241 1503 1280 offerunt,
1532 1241 1713 1279 curantque
1734 1234 1865 1267 eosdem

1117 1304 1209 1331 natos
1245 1296 1284 1330 ab
1319 1295 1439 1328 eisdem
1476 1290 1699 1326 sacerdotibus
1741 1285 1866 1330 baptis-

1119 1350 1212 1384 matis
1236 1359 1336 1393 aqua,
1372 1356 1461 1380 more
1494 1345 1658 1378 Romanae
1685 1338 1864 1378 Ecclesiae,

1119 1403 1218 1437 ablui.
1245 1402 1349 1441 Quare
1374 1399 1480 1433 dictus
1502 1397 1670 1439 Philippus
1699 1404 1755 1426 rex
1772 1390 1868 1425 nobis

1120 1455 1287 1489 humiliter
1310 1452 1486 1497 supplicari
1506 1450 1579 1483 fecit
1600 1453 1635 1481 ut
1659 1447 1691 1480 in
1715 1436 1869 1490 praemis-

1122 1510 1164 1543 sis
1183 1520 1220 1542 ac
1239 1508 1310 1541 aliis
1330 1506 1455 1539 casibus
1475 1503 1643 1542 similibuS,
1663 1500 1719 1543 qui
1735 1499 1796 1532 iam
1814 1507 1867 1530 ae-

1123 1563 1282 1602 ciderunt,
1303 1561 1351 1593 vel
1372 1560 1405 1592 in
1424 1563 1603 1603 posterum,
1621 1555 1725 1587 donec
1742 1551 1868 1592 vixerit,

1123 1615 1248 1649 evenire
1267 1619 1432 1658 poterunt,
1454 1620 1566 1645 eorum
1583 1607 1782 1652 captivorum
1800 1603 1871 1636 ani-

1124 1679 1251 1701 marum
1271 1667 1365 1700 saluti
1395 1662 1636 1709 prospiciendo,
1663 1670 1700 1693 ex
1717 1661 1873 1691 consueta

1125 1721 1214 1755 Sedis
1234 1719 1436 1765 Apostolicae
1465 1715 1660 1759 benignitate
1690 1715 1874 1755 opportune

1127 1775 1294 1820 providere
1311 1774 1529 1817 dignaremur.

1169 1829 1185 1872 ξ
1203 1828 1235 1861 3.
1257 1828 1319 1860 Nos
1339 1826 1448 1869 igitur,
1459 1819 1644 1857 huiusmodi
1665 1815 1874 1862 supplicatio-

1128 1883 1223 1915 nibus
1243 1879 1400 1919 inclinati,
1421 1888 1458 1911 ac
1483 1876 1579 1910 etiam
1612 1871 1799 1906 eorumdem
1820 1878 1873 1902 ea-

1129 1937 1291 1981 ptivorum
1309 1931 1456 1966 miseriae
1476 1936 1507 1963 et
1525 1924 1704 1961 infirmitati
1725 1932 1816 1956 more
1830 1921 1876 1965 pii

1130 1990 1231 2033 patris
1251 1984 1511 2030 compatiendum
1532 1990 1601 2014 esse
1621 1981 1800 2017 censentes,
1816 1975 1880 2008 fra-

1133 2041 1273 2077 ternitati
1293 2047 1377 2079 tuae,
1397 2038 1435 2071 de
1455 2035 1546 2069 cuius
1565 2031 1739 2078 prudentia
1758 2035 1790 2063 et
1801 2038 1880 2073 pro-

1134 2097 1230 2129 hitate
1249 2093 1427 2138 plurimum
1458 2089 1491 2121 in
1517 2086 1648 2120 domino
1673 2082 1879 2121 confidimus,

1135 2155 1165 2182 et
1184 2147 1276 2181 cuius
1290 2144 1438 2179 eximiam
1450 2142 1544 2174 sulem
1552 2145 1648 2182 atque
1666 2135 1882 2179 integritatem

1135 2202 1257 2246 op=ime
1276 2199 1438 2241 cognitam
1463 2195 1638 2230 habemus,
1659 2195 1696 2223 ut
1717 2194 1882 2231 tamquam

1136 2256 1198 2289 luci
1218 2251 1414 2290 ordinarius,
1432 2247 1539 2293 quoad
1559 2255 1653 2279 casus
1670 2250 1736 2276 tam
1757 2251 1885 2285 expres-

1138 2320 1189 2343 sos
1208 2317 1303 2352 quam
1314 2304 1369 2348 qui
1383 2301 1588 2347 postmodum
1596 2296 1769 2335 evenerint,
1785 2294 1825 2327 ad
1834 2303 1885 2326 or-

1139 2360 1254 2396 dinarii
1273 2357 1527 2392 iurisdietionem
1540 2356 1717 2396 spectantes
1737 2353 1768 2381 et
1785 2346 1885 2391 perti-

1141 2419 1265 2454 nentes3
1286 2422 1350 2456 quo
1369 2420 1444 2443 vero
1474 2408 1512 2440 ad
1538 2416 1629 2440 casus
1658 2402 1713 2447 qui
1736 2399 1885 2434 Officium

1142 2466 1173 2499 S.
1184 2461 1400 2506 inquisitionis
1414 2456 1602 2502 respiciunt,
1620 2450 1770 2487 adhibitis
1795 2458 1888 2492 prae-

1143 2513 1288 2547 sentibus
1308 2517 1339 2543 et
1368 2509 1423 2553 qui
1448 2516 1507 2550 pro
1526 2510 1671 2546 tempore
1691 2498 1812 2533 fuerint
1842 2495 1891 2528 in-

541 2568 661 2607 iciunt;
683 2567 815 2599 (leffium
835 2561 936 2606 aliqui
955 2560 988 2592 in
1011 2557 1102 2590 isssss'·
1122 2584 1127 2611 ἰ
1144 2560 1354 2606 quisitoribus
1387 2556 1531 2590 eiusdem
1571 2548 1865 2591 archiepiscopatus
1878 2570 1888 2584 ,

1122 2612 1130 2658 l
1146 2613 1287 2648 cosdem,
1300 2607 1431 2651 quitum
1446 2601 1626 2648 praedictos
1638 2606 1777 2636 errores,
1789 2601 1894 2628 exces—

1936 490 1998 518 Ap,
2019 470 2020 476 ἵ

1867 522 1968 550 poeniten
1985 525 1998 538 s
2019 515 2022 549 l

1869 553 1943 581 quihus
1991 566 2004 577 ,Δ

1869 583 1940 605 vendi.
1988 593 2011 741 ἒ

1886 1822 2040 1849 Facultatum

1887 1859 1961 1875 cessae,
1981 1851 2039 1871 ord

1888 1886 1920 1906 riu
1963 1883 2020 1908 [lisp
2039 1894 2043 1897 -

1889 1922 1927 1943 pro
1964 1912 2031 1941 lapsis

1890 1947 1939 1973 ace,
