2059 3228
55 209 97 236 An
122 208 151 237 C.
169 208 234 237 1587

79 800 190 827 Suspectix
209 800 234 822 de

52 831 108 857 luga,

84 1183 233 1210 Appen-atione

52 1218 74 1236 et
87 1219 183 1239 recursu,

79 1604 149 1624 tudine
166 1603 236 1629 depu-

49 1639 83 1656 ’Δία
100 1643 112 1656 a
129 1635 237 1662 gubeina-

50 1673 95 1693 ore,

84 2448 197 2477 Sportulis‚
205 2447 240 2468 ha-

59 2482 169 2503 bitatione.
183 2479 241 2499 sala—-

58 2514 90 2536 tio
112 2516 134 2533 et
155 2510 242 2533 eutula-

60 2545 143 2571 mentis,

293 197 356 230 06⁶2

252 270 323 291 nem
342 256 565 300 producantur
584 254 729 291 cedulae,
752 252 822 284 iura
833 258 861 284 ct
880 251 999 284 instru-
1019 251 1022 272 ¹
1041 249 1142 282 felicis
1161 247 1395 282 recordationis
1414 248 1459 282 Pii
1485 249 1588 293 Papae
1612 250 1662 291 1V;
1683 249 1715 284 in
1736 260 1788 284 ce-

251 316 359 343 menta
374 308 606 351 obligationum
628 305 850 342 traineralium,
870 314 935 337 non
948 314 999 337 re-

250 365 331 396 laxet
348 362 495 395 mandata
515 359 678 394 executiva
692 358 731 401 (si
751 364 900 402 respectu
911 368 999 390 sum-

251 427 321 449 mae
341 416 388 449 vel
412 414 529 447 valoris
553 413 613 452 rei,
628 413 666 445 de
682 422 746 456 qua
765 411 883 454 agitur,
897 411 1000 444 dictae

250 479 365 502 causae
385 468 448 500 sint
464 465 699 510 appeHabiles),
726 465 787 498 nisi
811 464 928 508 elapsis
942 464 998 497 de-

250 522 468 555 “afficiebas
504 520 586 553 datis
612 519 651 552 ad
681 519 933 563 appellandum,
970 523 1000 550 et

249 575 380 608 servatis
399 574 500 607 solitis
525 572 671 607 terminis
693 572 733 605 ad
757 571 940 605 docendum
961 571 1000 603 de

250 629 392 669 legitima
408 627 625 672 appellatione
638 631 667 659 et
689 626 758 658 eius
773 625 916 669 legitima
928 634 1001 668 pro-

249 683 427 722 secutione,
443 687 473 715 et
493 681 630 714 constito
649 679 709 713 sibi
729 680 767 713 de
788 690 822 712 ¹e
842 679 997 712 iudicata.

294 736 308 779 ᾗ
329 736 360 768 8.
388 735 564 779 Suspectus
584 739 655 778 post
679 733 768 766 litem
789 737 1000 765 contestatam

248 790 296 821 vel
317 799 376 833 pro
401 793 578 821 contestata
599 787 754 826 habitam,
774 785 907 829 allegari
935 795 1000 818 non

249 842 362 886 possit,
385 841 446 874 nisi
463 853 481 874 a
500 839 804 885 principalibusmet
818 839 868 872 vel
888 848 1000 872 eorum

249 895 516 939 procuratoribus
537 894 577 927 ad
602 893 633 926 id
653 893 792 937 speciale
812 892 1000 925 mandatum

248 948 454 989 habentibus,
477 953 508 981 et
528 958 565 980 ex
585 953 671 980 certa
689 957 784 979 causa
804 956 863 989 per
891 956 945 979 eos
969 945 1001 977 in

246 1002 326 1036 actis
349 1002 535 1047 specificata
555 1007 586 1034 et
609 1001 728 1041 iurata,
751 1011 769 1033 a
783 1000 1001 1043 gubernatore

247 1066 308 1099 pro
328 1055 470 1099 legitima
491 1055 681 1099 approbata.

293 1110 307 1153 ξ
333 1109 364 1143 9.
388 1109 434 1142 Ab
455 1109 525 1142 eius
544 1108 713 1142 sententiis
741 1106 916 1141 definitivis
944 1116 1001 1150 ap-

248 1164 388 1207 pelletur
408 1163 447 1195 ad
468 1163 714 1196 Sanctissimum
732 1162 765 1194 in
777 1161 882 1194 causis
893 1160 1003 1204 appel-

248 1217 418 1257 labilibus,
440 1217 472 1249 in
493 1216 562 1249 aliis
573 1226 647 1249 vero
658 1225 723 1248 non
742 1213 1001 1259 appellabilibus,

248 1276 278 1303 et
302 1270 334 1303 in
355 1270 476 1314 quibus
495 1269 535 1303 de
554 1270 624 1302 iure
645 1279 798 1302 recursus
821 1268 927 1308 datur,
951 1277 1002 1300 re-

249 1330 401 1357 curratur
434 1324 474 1356 ad
507 1324 772 1366 gubernatorem,
803 1321 859 1366 qui
892 1331 1003 1354 causas

249 1378 437 1411 huiusmodi
447 1388 609 1418 recursus,
620 1388 678 1421 per
689 1376 830 1420 seipsum
842 1376 891 1408 vel
903 1375 1002 1408 alium

248 1431 288 1463 ab
312 1442 350 1464 eo
371 1431 607 1476 deputandum,
634 1430 721 1464 iuxta
745 1440 819 1463 suas
835 1429 1004 1462 facultates

249 1485 410 1528 expediat.

293 1539 309 1581 ξ
326 1538 380 1572 Ἰθ.
403 1538 463 1577 Qui
476 1538 680 1582 deputandus
697 1543 762 1570 tam
775 1537 809 1570 in
828 1536 906 1580 ipsis
926 1547 1002 1569 cau-

249 1591 291 1624 sis
312 1601 476 1631 recursus,
499 1601 597 1634 quam
626 1591 659 1623 in
680 1591 743 1623 illis
772 1591 806 1623 in
826 1590 946 1633 quibus
971 1588 1001 1621 in

251 1645 359 1677 locum
379 1644 504 1677 domini
520 1643 782 1685 locunitenentis,
803 1643 850 1676 uti
863 1642 1003 1687 suspecti

251 1698 402 1738 recusati,
424 1709 442 1730 a
472 1698 688 1740 gubernatore
723 1696 951 1741 deputabitur;
974 1701 1002 1729 et

251 1751 284 1784 in
304 1751 409 1784 causis
429 1762 561 1795 quoque
580 1750 823 1790 commissariis,
841 1750 874 1782 in
887 1749 1005 1793 quibus

250 1815 286 1837 ex
321 1804 478 1848 rescripto
516 1804 701 1847 signaturae
739 1814 757 1836 a
787 1802 1004 1846 gubernatore

250 1857 398 1891 similiter
421 1857 642 1901 deputabitur,
664 1868 702 1890 ea
726 1857 891 1890 dumtaxat
915 1866 1004 1890 emo·
1044 1879 1045 1883 ,

250 1911 395 1944 lumenta
419 1911 567 1955 recipiat,
585 1921 682 1954 quae,
703 1915 740 1943 ut
758 1920 832 1943 mox
865 1909 1003 1949 dicetur,

251 1963 404 1997 dominus
428 1965 653 1997 locumtenens
668 1963 813 2007 recipere
832 1963 960 2007 poterit,
975 1968 1003 1995 et

252 2017 329 2050 nihil
344 2017 474 2062 penitus
486 2018 583 2058 ultra,
598 2017 657 2050 sub
669 2017 782 2060 poenis
793 2016 838 2049 eis
862 2016 1002 2049 indictis.

264 2070 425 2111 lceursus,
447 2077 483 2103 ut
511 2081 622 2115 supra,
655 2070 694 2103 ad
713 2070 965 2113 gubernatorem
988 2080 1006 2102 a

252 2123 502 2157 locumtenentis
531 2123 670 2156 decretis
697 2129 729 2156 et
757 2123 926 2156 sententiis
949 2133 1006 2167 pe-

254 2177 355 2218 tendi,
389 2177 472 2210 infra
501 2177 614 2210 decem
648 2176 717 2209 dies
747 2176 914 2209 dumtaxat
941 2176 1007 2220 peti

255 2230 404 2271 debeant,
427 2236 457 2263 et
477 2236 555 2263 tunc
580 2230 805 2263 executionem
819 2240 886 2263 non
905 2235 1007 2263 retar-

256 2284 352 2324 dent,
387 2294 559 2327 usquequo
588 2284 787 2327 gubernator
820 2283 1008 2317 huiusmodi

260 2347 410 2369 recursus
428 2347 492 2370 non
517 2336 695 2370 admiserit.

299 2386 313 2428 g
333 2385 387 2418 ί11.
413 2386 581 2429 Sportulas
598 2386 683 2419 dom.
706 2386 932 2419 locumtenens
943 2395 1007 2418 non

256 2434 392 2477 recipiat
410 2435 470 2467 nisi
492 2434 524 2466 in
551 2435 614 2467 illis
645 2435 748 2468 causis
780 2434 1010 2468 commissariis

256 2488 380 2515 tantum
403 2493 484 2526 quae
496 2483 686 2516 auctoritate
706 2483 871 2516 ordinaria
890 2494 907 2516 a
922 2483 1011 2526 prin-

256 2531 341 2574 cipio
361 2531 400 2563 ab
424 2542 462 2564 co
491 2532 640 2573 cognosci
667 2543 731 2565 non
753 2532 951 2576 potuissent;
978 2532 1009 2564 in

256 2580 372 2625 quibus
402 2580 488 2615 circa
518 2581 732 2630 quantitatem
765 2587 868 2615 servet
904 2586 1008 2614 taxam

837 199 852 221 P·
858 197 1015 221 t'LLMtIUM
1039 196 1189 220 norttANUM

1041 302 1116 335 teris
1135 312 1210 335 vero
1242 301 1347 335 causis
1366 301 1626 346 quibuscumque
1658 309 1788 348 sportu-

1043 356 1086 388 las
1106 356 1196 388 nullo
1218 355 1313 389 modo
1339 355 1489 400 accipiat,
1516 355 1612 389 etiam
1631 367 1650 389 a
1674 363 1788 401 sponte

1041 408 1200 449 dantibus,
1225 409 1280 442 sed
1299 419 1412 442 earum
1432 410 1517 450 loco,
1539 408 1624 442 ultra
1644 420 1788 444 commo-

1041 463 1112 494 dam
1133 462 1378 503 habitationem,
1400 473 1497 506 quam
1518 462 1551 495 in
1570 461 1656 495 dicto
1671 463 1790 506 palatio

1041 525 1099 557 pro
1115 525 1147 548 sc
1167 515 1297 559 suisque
1308 515 1521 548 servientibus
1531 515 1652 548 habere
1663 515 1788 558 debeat,

1041 574 1068 601 et
1085 569 1168 601 ultra
1179 574 1269 602 scuta
1279 569 1350 602 auri
1370 569 1403 601 in
1414 579 1494 602 auro
1506 569 1661 612 quinque,
1678 579 1695 602 a
1711 579 1792 612 quo-

1041 621 1117 654 libet
1129 632 1166 655 ex
1177 622 1305 655 duobus
1315 621 1451 655 notariis
1466 632 1639 655 causarum
1650 621 1791 655 civilium

1037 675 1138 708 huius
1157 675 1284 716 Curiae,
1299 675 1360 719 ipsi
1380 681 1503 709 tantum
1521 675 1655 709 domino
1668 676 1794 709 locum-

1039 729 1159 762 tenenti
1180 729 1328 772 quolibet
1338 739 1460 769 mense,
1476 728 1510 762 in
1526 729 1596 762 eius
1615 728 1790 773 principio,

1040 782 1202 823 solvenda,
1224 783 1394 827 percipere
1422 782 1524 826 possit
1543 781 1658 815 iulium
1688 792 1792 816 unum

1040 846 1098 879 pro
1119 835 1252 878 singulis
1272 835 1486 880 infrascriptis
1518 835 1790 880 expeditionibus;

1039 889 1198 929 videlicet,
1218 900 1277 933 pro
1297 889 1442 932 quolibet
1453 889 1604 922 mandato
1615 889 1792 930 executivo,

1041 952 1106 975 non
1122 948 1231 975 tamen
1246 942 1279 975 in
1299 942 1550 983 contumaciam,
1569 953 1628 986 pro
1648 942 1794 987 quolibet

1040 1002 1163 1030 arresto
1178 996 1211 1029 in
1231 997 1429 1038 carceribus,
1451 996 1604 1030 mandato
1624 996 1663 1029 de
1683 1006 1794 1030 excar-

1042 1050 1196 1090 cerando,
1217 1049 1452 1093 significatione
1481 1049 1590 1090 dotali,
1615 1054 1670 1082 aut
1685 1049 1793 1092 vigore

1040 1102 1182 1144 termini,
1205 1108 1260 1136 aut
1280 1103 1313 1136 in
1332 1103 1395 1135 vim
1426 1102 1490 1136 litis
1504 1102 1712 1146 pendentiae,
1738 1107 1795 1136 aut

1040 1156 1106 1189 litis
1130 1157 1250 1196 finitae,
1272 1162 1327 1190 aut
1346 1161 1449 1189 stante
1469 1156 1614 1200 deposito
1628 1155 1679 1189 vel
1697 1146 1801 1200 nega-'

1042 1210 1140 1250 tione,
1162 1215 1217 1243 aut
1241 1210 1314 1243 data
1333 1210 1482 1243 cautione
1507 1210 1547 1243 de
1576 1209 1689 1243 stando
1714 1209 1791 1248 iuri,

1041 1269 1072 1296 et
1091 1263 1269 1297 iudicatum
1288 1263 1440 1297 solvendo
1457 1273 1626 1303 concessa,
1646 1268 1677 1296 et
1695 1263 1793 1297 etiam

1042 1327 1100 1361 pro
1120 1317 1264 1361 qualibet
1284 1316 1434 1350 citatione
1453 1317 1501 1349 vel
1522 1316 1728 1357 inhibitione,
1747 1315 1794 1349 vi-

1042 1380 1119 1414 gore
1139 1369 1388 1411 commissionis,
1410 1375 1466 1403 aut
1485 1375 1573 1403 extra
1592 1370 1718 1403 curiam
1740 1369 1795 1403 de-

1042 1429 1148 1457 creta:
1167 1423 1345 1457 dummodo
1362 1423 1396 1456 in
1414 1423 1559 1466 quolibet
1579 1423 1723 1467 ipsorum
1742 1434 1795 1457 ca-

1042 1488 1138 1510 suum
1149 1483 1263 1521 agatur
1278 1477 1318 1510 de
1338 1487 1372 1510 re
1396 1477 1443 1509 vel
1463 1487 1590 1509 summa
1627 1482 1793 1511 scutorum

1043 1531 1114 1565 auri
1134 1536 1268 1576 septem,
1301 1530 1357 1575 qui
1377 1533 1578 1564 constituunt
1596 1531 1692 1564 iulios
1720 1542 1795 1576 sep-

1044 1585 1189 1628 tuaginta
1208 1589 1343 1629 septem.

1087 1640 1102 1683 ἓ
1138 1638 1193 1672 12.
1233 1638 1384 1682 Alioquin
1416 1637 1601 1682 praedictus
1643 1638 1795 1672 dominus

1045 1693 1140 1726 inlex
1174 1702 1295 1736 poenas
1327 1693 1361 1725 in
1383 1692 1430 1724 Pii
1463 1692 1568 1735 Papae
1604 1692 1641 1725 IV
1679 1691 1796 1726 consti-

1046 1747 1169 1780 tutione
1179 1747 1219 1780 de
1237 1746 1468 1780 reformatione
1483 1745 1696 1779 tribunalium
1717 1756 1795 1779 con-

1045 1805 1158 1841 tentas,
1184 1800 1341 1834 incurrat.

1089 1853 1178 1898 ξ’13.
1211 1853 1334 1887 Notarii
1361 1858 1500 1893 teneant,
1529 1853 1616 1886 intus
1634 1853 1684 1887 vel
1709 1853 1797 1886 iuxta
1844 1861 1954 1900 nonnat-

1046 1908 1168 1941 dictum
1192 1907 1362 1951 palatium,
1385 1916 1499 1940 eorum
1519 1906 1626 1940 officia
1650 1913 1798 1951 separata
1807 1894 1870 1916 ¹⁰⁰³·
1907 1913 1912 1919 '

1046 1968 1075 1994 et
1089 1962 1121 1994 in
1133 1961 1213 1995 locis
1228 1961 1271 1994 ita
1280 1960 1486 2001 distantibus,
1498 1966 1535 1994 ut
1549 1960 1797 2004 collitigantium

1048 2015 1207 2048 tumultus
1235 2015 1362 2048 nullum
1386 2013 1502 2047 afferre
1530 2014 1631 2058 possit
1659 2013 1798 2057 impedi-

1048 2073 1204 2101 mentum.
1966 2110 1971 2113 .

1091 2123 1106 2166 g
1130 2121 1183 2155 14.
1197 2122 1232 2155 In
1243 2121 1350 2155 causis
1361 2121 1544 2161 tribunalis,
1564 2132 1670 2165 neque
1689 2121 1798 2155 officio
1850 2131 1970 2155 menna·

1049 2175 1269 2220 procuratoris
1286 2176 1335 2208 vel
1364 2174 1581 2208 sollicitatoris
1607 2175 1796 2218 fungantur,
1809 2163 1932 2217 ῗζξξῗξηῗι*
1964 2174 1982 2183 ’”

1049 2240 1154 2274 neque
1173 2229 1236 2263 alio
1256 2228 1367 2273 quovis
1391 2228 1488 2261 modo
1518 2238 1552 2261 se
1571 2227 1796 2262 intromittant.
1967 2260 1971 2262 .

1093 2284 1108 2327 ξ
1128 2283 1182 2317 15.
1204 2283 1239 2316 In
1258 2292 1372 2316 eorum
1386 2280 1590 2315 mercedibus
1604 2281 1799 2325 recipiendis
1825 2292 1894 2314 rme
1915 2291 1976 2314 otu·
2026 2303 2027 2306 =

1051 2342 1178 2370 servent
1212 2336 1345 2369 omnino
1377 2340 1482 2368 taxam
1519 2334 1565 2367 Pii
1596 2335 1701 2378 Papae
1738 2327 1889 2375 1V;'·¹¹‘¹⁸‘

1051 2385 1128 2429 quia
1147 2385 1180 2418 in
1200 2395 1237 2418 ea
1257 2384 1395 2418 omissus
1415 2389 1462 2416 est
1476 2394 1568 2417 casus
1583 2383 1737 2417 examinis
1755 2389 1800 2417 te-

1052 2435 1148 2468 stium
1167 2444 1265 2478 super
1288 2433 1432 2466 articulis
1451 2432 1571 2476 absque
1590 2432 1800 2475 interrogato-

1052 2484 1119 2523 riis,
1140 2483 1211 2516 ideo
1232 2482 1286 2515 tali
1306 2493 1382 2516 casu
1410 2481 1526 2514 notarii
1556 2481 1713 2525 recipiant
1739 2490 1798 2524 pro

1051 2532 1236 2565 huiusmodi
1263 2531 1408 2564 examine
1428 2530 1600 2563 cuiuslibet
1622 2529 1720 2569 testis,
1743 2529 1799 2562 bo-

1052 2591 1198 2615 nonenos
1223 2586 1296 2614 octo
1323 2590 1425 2624 usque
1449 2579 1489 2612 ad
1516 2584 1604 2614 scuta
1623 2579 1747 2618 decem,
1768 2582 1799 2611 et

1833 1657 1966 1680 Lucanicus

1806 1690 1834 1711 tis
1847 1693 1962 1711 connum
1969 1689 1984 1718 ’ζ

1807 1721 1864 1743 enus
1878 1721 1963 1749 poenit,
2012 1743 2014 1745 ,
