2059 3228
390 254 454 288 332

341 317 415 350 visis
438 322 469 350 et
493 317 653 360 sigillatim
681 317 867 351 examinatis
900 325 1090 363 matureque

341 370 503 410 discussis,
529 370 591 402 alia
612 370 875 412 emendaverunt,
902 372 965 405 alia
984 373 1090 417 expla-

926 266 1106 292 nummatum
1123 267 1275 291 Romamn
1895 304 1897 307 Α

1132 320 1200 364 ipsa
1222 320 1304 353 Urbe
1324 319 1477 363 illiusque
1497 319 1655 360 districtu,
1667 317 1878 362 ubiparticu-

1131 373 1210 406 laria
1230 378 1359 414 statuta,
1386 373 1425 407 de
1444 373 1565 407 eisdem
1585 372 1690 406 causis
1709 378 1740 406 et
1764 382 1876 405 earum

148 262 198 289 An.
214 261 328 291 c.1580

164 967 256 994 Antiqua
272 969 313 995 igi-

130 1001 165 1018 tur
178 1002 257 1019 statuta
274 1001 299 1020 ab

129 1032 188 1055 rogat
210 1029 244 1051 hic
255 1030 312 1052 Pou-

129 1060 188 1087 tisex;

116 1592 242 1622 urtumque
253 1601 303 1618 con-

122 1621 198 1652 §mm

143 1869 259 1892 observari
276 1877 300 1893 e-

118 1901 166 1921 tiam
194 1903 297 1929 praecipit

116 1931 137 1951 in
161 1932 222 1953 Curia
236 1932 299 1960 Capi-

117 1962 183 1983 tolina
211 1970 300 1990 genera-

115 1995 173 2020 liter,
184 1998 204 2016 et
216 1997 234 2016 in
251 1997 297 2017 aliis

116 2027 181 2046 curiis
197 2026 257 2047 Urbis
276 2032 297 2048 et

116 2057 222 2078 districtus
230 2060 296 2086 quoad

115 2088 222 2109 decisoria
249 2093 296 2110 tau-

115 2120 166 2144 ιυηη

339 429 506 464 naverunt,
528 424 687 457 nonnulla
706 425 911 467 addiderunt,
946 427 1087 460 nonnul-

339 479 433 521 laque
453 478 548 511 ctiam
575 479 787 512 sustulerunt.
817 480 962 524 Denique
986 482 1087 515 Iulius

336 531 494 564 Antonius
530 537 561 564 et
589 533 786 574 Alexander,
820 534 1017 576 cardinales,
1049 546 1086 568 ac

321 585 549 630 ‚Hieronymus
584 586 773 631 episcopus,
809 598 936 621 necnon
968 589 1086 622 Marius

334 637 515 672 Gabrielius
557 645 588 672 et
623 640 725 673 Lucas
759 641 874 674 Paetus
907 642 1083 685 praedicti,

333 692 523 725 eorumdem
548 697 741 726 statutorum
775 694 949 728 relectione
974 700 1004 728 et
1030 707 1083 729 re-

332 745 514 789 cognitione
538 747 627 780 omni
651 747 756 780 studio
787 754 816 781 et
850 749 1016 792 diligentia
1043 750 1083 783 ab

329 799 407 844 ipsis
427 801 467 834 de
484 802 635 835 mandato
649 808 758 836 nostro
773 803 864 843 sacta,
884 809 1081 848 postremam

328 853 392 886 illis
413 864 545 887 manum
569 855 802 890 adhibuerunt.

373 907 439 951 §4
467 909 541 948 Nos,
561 909 705 943 volentes
733 921 782 950 ea,
809 921 891 953 quae
920 916 1008 945 tanto
1036 913 1081 945 la-

326 960 406 993 bore
430 967 462 994 ct
481 961 666 996 maturitate
677 963 717 996 ad
731 964 894 1007 publicam
910 965 1079 999 utilitatem

328 1013 450 1057 digesta
469 1019 556 1056 sunt,
565 1015 794 1049 inviolabiliter
805 1017 978 1057 observari,
988 1025 1078 1052 motu

327 1067 462 1110 proprio
481 1073 511 1100 et
525 1078 562 1101 ex
573 1074 660 1101 certa
680 1069 813 1102 scientia
830 1076 950 1111 nostra,
973 1071 1077 1115 deque

326 1121 523 1163 apostolicae
543 1122 709 1165 potestatis
734 1123 946 1167 plenitudine,
969 1125 1077 1158 onmia

325 1179 356 1206 et
376 1185 603 1218 quaecumque
617 1176 752 1220 antiqua
770 1177 865 1210 Urbis
890 1183 1018 1219 statuta,
1041 1190 1074 1212 e-

324 1227 401 1260 tiam
421 1229 595 1262 reformata
611 1234 641 1262 et
659 1230 820 1270 innovata,
843 1242 880 1264 ac
908 1233 1074 1275 quibusvis

321 1281 612 1324 approbationibus
632 1288 661 1316 et
678 1284 978 1318 confirmationibus
998 1297 1075 1330 apo-

321 1333 441 1367 stolicis
464 1335 627 1376 roborata,
650 1337 868 1380 praesentium
882 1339 1073 1373 auctoritate

319 1387 525 1431 abrogamus,
543 1389 687 1423 tollimus
705 1395 735 1423 et
751 1391 880 1434 penitus
889 1392 1069 1434 abolemus,

317 1441 549 1486 neminemque
567 1443 607 1475 ad
619 1443 673 1476 illa
693 1443 847 1487 deinceps
868 1445 1004 1488 obligari
1015 1458 1070 1480 vo-

317 1488 440 1523 lumus.

361 1538 376 1582 ἓ
401 1538 432 1572 5.
454 1539 630 1574 Novissime
648 1551 723 1574 vero
753 1543 925 1587 compilata
952 1549 1069 1578 statuta

316 1592 493 1636 praedicta,
507 1594 613 1634 etiam,
630 1595 725 1628 certis
735 1595 768 1628 in
784 1596 830 1629 eis
847 1597 1003 1640 expressis
1018 1608 1069 1631 ca-

316 1645 414 1685 sibus,
435 1646 609 1681 iuramenti
618 1648 815 1682 validitatem
827 1650 1064 1693 restringentia,

315 1698 411 1732 sicuti
431 1700 604 1743 praedictis
624 1701 727 1734 tribus
739 1701 830 1736 libris
849 1703 970 1747 digesta
981 1710 1065 1746 sunt,

314 1752 534 1796 approbamus
559 1759 590 1787 et
614 1754 856 1789 confirmamus.

359 1806 374 1849 ξ,
399 1805 429 1839 6.
457 1806 495 1839 Et
513 1811 549 1840 ut
568 1809 759 1852 approbatio
789 1810 974 1844 huiusmodi
995 1822 1064 1845 am-

313 1859 399 1902 plius
420 1859 610 1902 innotescat,
633 1862 690 1894 has
706 1869 891 1905 praesentes
916 1865 947 1897 in
972 1866 1064 1908 prin-

314 1914 399 1957 cipio
431 1914 578 1947 omnium
603 1915 762 1949 librorum
791 1919 979 1952 eorumdem
1008 1931 1063 1954 vo-

313 1966 488 2007 luminum,
514 1978 597 2011 quae
614 1969 662 2001 vel
683 1980 780 2002 manu
810 1972 995 2006 scribentur
1013 1975 1062 2008 vel

312 2019 552 2063 imprimentur‚
584 2022 717 2055 omnino
738 2023 877 2057 describi
905 2026 1059 2067 volentes,

311 2073 481 2107 statuimus
499 2080 529 2107 et
548 2076 724 2118 apostolica
748 2078 936 2113 auctoritate
948 2080 1061 2113 decer-

311 2126 431 2167 nimus,
452 2133 487 2160 ut
506 2128 545 2161 de
565 2134 684 2170 cetero,
708 2135 779 2173 post
798 2131 927 2174 triginta
955 2133 1023 2166 dies
1043 2145 1061 2167 a

310 2179 531 2221 publicatione
547 2183 780 2224 praesentium,
802 2185 891 2218 nulla
915 2186 976 2219 alia
996 2192 1059 2220 sta-

311 2237 378 2264 tuta
395 2244 491 2276 quam
503 2234 583 2267 haec
598 2245 678 2268 nova
690 2237 729 2269 ad
747 2237 930 2271 futurarum
947 2250 1058 2273 causa-

309 2295 383 2317 rum
403 2286 600 2321 decisionem
627 2299 664 2322 ac
693 2290 902 2333 negociorum
928 2293 1059 2336 expedi-

308 2337 429 2370 tionem
441 2340 572 2383 allegari
592 2343 726 2385 possint,
743 2354 802 2377 nec
819 2345 990 2389 quisquam
1004 2345 1058 2379 illa

308 2390 462 2432 allegans,
485 2394 589 2427 audiri
615 2395 745 2436 debeat,
773 2398 826 2430 sed
852 2403 976 2431 tantum
1008 2410 1056 2432 se-

309 2444 451 2477 cundum
486 2448 651 2489 praedicta
671 2460 763 2490 nova,
786 2461 803 2483 a
822 2451 916 2485 nobis
937 2453 1056 2485 confir-

307 2497 404 2532 mata,
428 2494 459 2526 in
484 2495 580 2528 Curia
613 2496 790 2540 Capitolina
810 2505 841 2532 ot
866 2501 950 2544 apud
985 2511 1055 2534 eam

307 2540 338 2572 in
360 2542 476 2575 suturis
496 2544 646 2577 omnibus
667 2547 783 2588 causis,
816 2549 847 2581 in
868 2549 935 2592 ipsa
960 2549 1056 2583 Curia

307 2588 485 2631 Capitolina
502 2592 661 2631 videlicut,
685 2597 779 2628 ctiam
811 2598 917 2640 quoad
942 2608 1054 2631 causa-

306 2647 378 2671 rum
402 2648 588 2683 processum
605 2649 653 2681 μὲι
667 2646 772 2686 quoad
785 2645 864 2687 alia,
880 2645 1001 2690 ubique
1021 2646 1053 2681 in

1130 426 1256 460 casibus
1276 427 1490 471 disponentia,
1512 437 1578 460 non
1600 426 1773 466 hahentur,
1801 421 1878 469 qua-

1128 479 1173 512 vis
1193 480 1254 512 alia
1274 480 1413 521 sinistra,
1441 481 1552 513 dolosa
1581 480 1629 513 vel
1654 479 1796 524 captiosa
1825 479 1875 512 in-

1128 533 1357 576 terpretatione
1377 534 1514 574 sublata,
1537 533 1570 566 in
1602 542 1809 576 quacumque
1826 531 1877 578 in-

1127 586 1241 619 stantia
1252 586 1400 620 inviolate
1421 597 1458 619 ac
1477 590 1633 630 perpetuo
1654 586 1874 626 observentur,

1126 649 1163 672 ac
1183 639 1269 672 iuxta
1290 640 1345 673 illa
1367 640 1440 673 lites
1460 646 1490 673 et
1506 639 1742 679 controversiae
1761 649 1875 672 omnes

1125 692 1158 724 in
1173 693 1318 726 futurum
1329 693 1468 727 iudicari
1481 721 1489 735 ,
1507 692 1613 726 decidi
1633 698 1664 726 et
1673 691 1802 726 definiri
1815 692 1872 726 de-

1123 746 1231 779 beant⁴

1167 799 1182 842 g
1202 799 1231 833 7.
1254 800 1318 833 Nec
1339 800 1414 840 illis,
1436 799 1497 833 nisi
1516 810 1574 844 per
1593 799 1870 843 signaturam'no-
1960 826 1969 847 ⁴-
2001 824 2004 830 ,
2022 846 2023 851 ¹

1122 856 1220 885 stram
1240 859 1270 886 et
1294 863 1354 897 pro
1384 858 1530 897 tempore
1550 852 1713 886 existentis
1731 851 1869 886 Romani
1881 845 1978 901 ῗᾷῗ
1999 883 2000 886 ,

1121 905 1285 939 Pontificis
1311 917 1410 940 manu
1440 907 1568 947 factam,
1607 910 1746 949 nequeat
1773 906 1868 940 dero·
1881 908 1976 934 ⁵⁰¹⁷·

1120 959 1200 1002 gari.
1214 959 1325 1003 Sitque
1340 960 1470 993 irritum
1491 965 1522 993 et
1540 959 1636 993 inane
1651 959 1807 1004 quicquid
1819 970 1869 993 se-
1966 967 1967 971 ’

1120 1024 1177 1046 cus
1197 1024 1295 1057 super
1313 1013 1363 1047 his
1384 1024 1402 1046 a
1420 1024 1598 1058 quoquam,
1625 1013 1735 1058 quavis
1758 1018 1868 1054 aucto-

1119 1065 1221 1108 ritate,
1244 1066 1380 1101 scienter
1399 1068 1447 1100 vel
1467 1068 1670 1110 ignoranter,
1697 1066 1867 1111 contigerit

1118 1121 1278 1154 attentari.

1161 1175 1176 1218 ξ
1201 1175 1232 1208 8.
1273 1175 1344 1208 Non
1376 1175 1578 1208 obstantibus
1612 1175 1796 1220 praemissis
1826 1186 1864 1210 ac

1116 1227 1400 1273 constitutionibus
1417 1234 1447 1261 et
1466 1228 1723 1262 ordinationibus
1735 1239 1862 1263 necnon

1115 1281 1294 1325 privilegiis
1314 1287 1345 1314 et
1364 1281 1498 1315 indultis
1510 1282 1708 1325 apostolicis,
1718 1283 1777 1316 sub
1792 1282 1863 1327 qui-

1113 1335 1320 1378 buscumque
1340 1335 1507 1368 tenoribus
1524 1341 1555 1368 et
1577 1335 1701 1376 formis,
1721 1346 1758 1369 ac
1785 1346 1862 1370 cum

1113 1388 1280 1432 quibusvis
1325 1389 1489 1430 clausulis,
1531 1389 1797 1434 irritantibusque
1829 1395 1862 1424 et

1112 1442 1182 1475 aliis
1193 1442 1342 1481 decretis,
1362 1443 1535 1484 concessis,
1558 1443 1755 1477 confirmatis
1769 1443 1861 1478 etin-

1111 1496 1246 1536 novatis,
1285 1507 1568 1540 quorumcumque
1606 1502 1755 1530 tenorum
1793 1497 1859 1530 exi-

1111 1554 1206 1589 stant,
1226 1560 1285 1593 per
1304 1560 1400 1593 quae,
1421 1549 1645 1593 praesentibus
1655 1560 1721 1584 non
1730 1560 1859 1594 expres-

1109 1612 1143 1635 sa
1159 1608 1214 1635 aut
1239 1603 1371 1636 omnino
1396 1613 1462 1636 non
1486 1602 1616 1642 inserta,
1647 1603 1780 1637 effectus
1802 1615 1856 1638 ea-

1108 1666 1181 1689 rum
1199 1656 1349 1700 impediri
1361 1657 1463 1689 valeat
1474 1656 1718 1700 quomodolibet
1731 1658 1780 1691 vel
1794 1658 1856 1691 dif-

1107 1709 1197 1750 ferri,
1220 1715 1251 1743 et
1279 1710 1319 1743 de
1342 1710 1459 1754 quibus
1489 1720 1697 1754 quorumque
1715 1710 1790 1744 totis
1807 1717 1856 1745 te-

1107 1762 1243 1796 noribus
1261 1762 1302 1796 ad
1318 1763 1452 1796 verbum
1472 1763 1621 1797 habenda
1640 1763 1726 1797 sitin
1739 1765 1857 1798 nostris

1106 1815 1221 1849 litteris
1245 1815 1367 1849 mentio
1391 1816 1551 1860 specialis,
1573 1817 1753 1861 ceterisque
1776 1828 1854 1852 con-

1105 1869 1212 1902 trariis
1232 1869 1504 1914 quibuscumque.

1148 1923 1210 1966 gt).
1249 1923 1404 1957 Volumus
1432 1930 1540 1957 autem
1569 1929 1605 1958 ut
1632 1925 1852 1969 praesentium

1104 1979 1326 2021 transumptis,
1346 1981 1402 2010 etc.

1146 2030 1261 2063 Datum
1284 2031 1405 2064 Romae
1425 2031 1512 2075 apud
1535 2031 1690 2064 Sanctum
1709 2032 1852 2074 Petrum,

1102 2093 1186 2116 anno
1206 2084 1439 2117 Incarnationis
1466 2084 1647 2118 dominicae
1679 2085 1851 2120 millesimo

1102 2136 1360 2180 quingentesimo
1393 2137 1589 2180 octogesimo
1604 2165 1611 2178 ,
1648 2144 1759 2172 octavo
1795 2140 1850 2173 ka-

1101 2185 1211 2218 lendas
1230 2185 1322 2226 iunii,
1350 2186 1557 2230 pontificatus
1576 2187 1677 2220 nostri
1702 2198 1785 2221 anno
1804 2198 1846 2221 1x.

1149 2239 1211 2269 Dat.
1229 2239 1275 2268 die
1288 2239 1326 2269 ⁶25
1345 2240 1415 2269 maii
1431 2239 1520 2277 «1580,
1537 2240 1640 2280 pontis.
1660 2250 1738 2271 anno
1760 2250 1800 2271 ix.

1099 2319 1252 2362 Sequitur
1267 2322 1480 2363 reinleyratio
1500 2322 1738 2355 iurisdictionis
1754 2327 1783 2355 et
1794 2323 1847 2356 in-

1143 2368 1305 2402 dultorum
1320 2371 1572 2404 universitatum
1596 2371 1720 2404 artium
1743 2371 1846 2412 Urbis,

1139 2423 1349 2460 praeservata
1380 2420 1608 2462 superioritate
1623 2419 1847 2463 yubcrmeloris

1142 2471 1172 2499 et
1187 2467 1327 2500 aliorum
1342 2469 1498 2502 iudicum.

1097 2536 1243 2572 Gregorius
1253 2539 1322 2574 rapa
1331 2539 1399 2572 xm,
1411 2540 1445 2568 ad
1453 2540 1613 2576 perpetuam
1623 2540 1664 2568 rei
1674 2540 1843 2568 memoriam.

1140 2599 1264 2632 Almam
1311 2600 1428 2633 Urbem
1467 2606 1609 2634 nostram
1646 2600 1842 2644 dilectosque
1882 2611 2003 2649 caan·

1097 2646 1179 2681 filios
1203 2649 1289 2681 illius
1313 2649 1396 2683 cives
1416 2655 1446 2683 ct
1464 2649 1597 2691 incolas,
1621 2658 1675 2683 eos
1699 2660 1843 2695 praescr·
1856 2647 1923 2666 ⁶⁰¹¹⁵²¹
