2059 3228
185 297 271 322 anno
295 288 528 324 incarnationis
553 290 734 324 ‹laminir-ae
763 291 932 325 millesimo

184 340 443 387 quingentesimo
463 345 681 387 octuagesimo
693 344 797 385 tertio,
829 355 848 377 v
875 345 931 378 ka·

183 394 296 429 tendas
307 396 430 439 aprilis,
449 398 654 440 pontificatus
668 398 767 432 nostri
785 409 870 432 anno
886 408 927 432 xl.

222 447 286 480 Dat.
303 449 351 480 die
366 450 404 481 28
420 451 518 481 martii
535 451 620 489 1583,
638 452 742 491 pontis.
756 461 833 482 anno
849 460 889 483 xi.

484 572 621 607 CXLVII.

55 641 57 644 '
74 673 76 675 ,
179 636 485 673 Excommunieutio
505 644 534 673 et
549 640 840 674 anathematizatio
856 653 929 686 quo-

125 690 128 693 ’
222 700 431 737 rumoremque
450 693 683 726 haereticorum
699 705 822 727 necnon
847 696 927 728 (ιΙίο-

220 754 296 778 rum
306 746 464 786 omnium,
478 747 534 790 ῒμιῐ
544 748 702 780 contentis
716 748 751 780 in
767 748 827 781 hac
840 749 927 782 bulla

223 796 347 832 Coenae
366 798 502 833 Domini
524 801 783 834 contraveniunt.

220 870 369 906 Gregorius
387 872 528 908 episcopus
545 878 639 901 servus
657 878 799 901 servorum
821 872 876 906 Dei.

321 925 356 954 ad
373 926 535 961 perpetuam
553 927 595 954 rei
612 927 780 955 memoriam.

218 985 459 1021 consueverunt
478 988 614 1021 Romani
634 989 805 1023 Pontifices
830 999 923 1033 prae·

172 1039 360 1073 decessores
384 1040 498 1079 nostri,
529 1042 567 1075 ad
599 1043 801 1076 retinendam
836 1043 924 1088 puri-

172 1097 271 1126 tatem
305 1093 473 1137 religionis
520 1095 714 1129 christianae
754 1102 784 1129 et
824 1096 922 1141 ipsius

170 1145 339 1188 unitatem,
355 1158 439 1191 quae
460 1148 493 1181 in
514 1148 741 1183 coniunctione
757 1151 920 1183 membro·

170 1209 243 1232 rum
263 1200 303 1233 ad
322 1210 425 1234 unum
446 1207 555 1245 caput,
581 1201 744 1235 Christum
773 1203 919 1236 videlicet

169 1251 304 1296 eiusque
324 1253 490 1294 vicarium,
512 1254 734 1299 principaliter
762 1257 917 1298 consistit,

169 1310 202 1340 et
219 1311 362 1340 sanctam
384 1307 528 1341 fidelium
553 1309 737 1342 societatem
758 1311 797 1343 ab
817 1311 919 1344 offen-

169 1358 260 1393 sione
283 1360 484 1402 servandam,
508 1372 597 1395 arma
617 1362 756 1397 iustitiae
781 1374 839 1408 per
858 1364 919 1397 mi-

167 1412 340 1447 nisterium
363 1415 562 1458 apostolatus
589 1415 623 1448 in
654 1417 816 1461 praesenti
837 1419 919 1452 cele-

168 1466 286 1501 britate
309 1478 470 1502 exercere.

212 1519 228 1563 ἓ
252 1519 284 1553 t.
315 1520 378 1555 Nos
398 1521 508 1565 igitur,
527 1528 686 1556 vetustum
700 1525 916 1559 etsolemnem

48 1564 255 1616 ‘'yos-hunc
284 1584 409 1608 morem
444 1582 625 1619 sequentes,
662 1579 918 1613 excommunica-

46 1624 61 1664 7
88 1611 154 1664 '’‘ffli
167 1637 239 1660 mus
263 1633 296 1661 et
329 1628 647 1671 anathematizamus,
677 1642 714 1664 ex
748 1638 837 1676 parte
861 1633 915 1666 Dei

34 1682 37 1689 “
60 1673 154 1728 „2122
167 1680 399 1725 omnipotentis
434 1682 535 1716 Patris
559 1689 589 1717 et
613 1684 684 1717 Filii
710 1691 739 1718 et
778 1686 917 1729 Spiritus

44 1757 62 1765 .»,
81 1737 153 1789 ...1ξῄ
167 1734 276 1768 Sancti
294 1762 302 1776 ,
343 1737 533 1770 auctoritate
576 1748 708 1782 quoque
747 1739 915 1773 beatorum

80 1805 82 1812 ι
109 1797 151 1834 nq-
165 1788 386 1832 apostolorum
420 1790 505 1823 Petri
531 1797 562 1824 et
596 1792 686 1825 Pauli
721 1804 758 1826 ac
793 1799 912 1834 nostra,

89 1829 151 1875 ‘im
163 1852 389 1886 quoscumque
419 1844 551 1885 Ussitas,
589 1845 759 1887 Viclefitas,
799 1848 915 1881 Lutlie-

163 1905 272 1936 ranos,
293 1896 512 1941 Zuinglianos,
545 1898 743 1941 Calvinistas,
771 1900 913 1943 L‘gonot-

134 1987 138 1993 ,
164 1953 224 1990 tos,
245 1949 480 1994 Anabaptistas‚
518 1952 708 1986 Trinitarios
733 1964 769 1987 ac
803 1964 913 1988 ornnes

162 2007 194 2036 et
227 2003 372 2046 singulos
408 2005 600 2046 haereticos,
623 2017 828 2051 quocumque
852 2019 911 2042 no-

163 2055 251 2089 mine
270 2065 514 2102 nuncupentur,
536 2065 565 2092 et
587 2061 821 2105 cuiuscumque
842 2073 911 2096 sec-

52 2094 76 2145 {l
104 2108 108 2113 ’
163 2113 212 2142 tae
230 2109 378 2151 existant,
409 2117 440 2145 et
469 2122 581 2145 eornm
618 2114 797 2155 credentes,
828 2115 912 2159 ipso-

162 2172 302 2206 rumque
322 2170 541 2208 receptatores
562 2172 591 2199 et
614 2167 766 2208 fautores,
797 2174 828 2201 et
859 2180 911 2211 ge-

162 2215 487 2260 neraliterquosiibet
510 2220 708 2261 defensores,
728 2232 764 2254 ac
784 2232 912 2255 eorum-

162 2268 236 2302 dem
257 2269 358 2303 li'nros
377 2271 538 2304 haeresim
559 2274 762 2308 continentes
791 2275 838 2308 rel
871 2276 910 2309 de

161 2321 318 2366 religione
330 2328 514 2366 tractantes,
526 2326 594 2359 sine
604 2328 910 2362 auctoritatenostra

161 2380 194 2409 et
231 2375 322 2410 Sedis
345 2377 560 2421 Apostolicae,
596 2380 736 2414 scienter
770 2382 911 2425 legentes

161 2435 219 2462 aut
247 2434 406 2470 tenentes,
440 2430 663 2474 imprimentes
686 2445 743 2467 seu
772 2445 909 2477 quomo-

161 2475 283 2512 dolibet
302 2478 520 2520 defendentes,
548 2491 584 2513 ex
605 2482 714 2524 quavis
728 2493 836 2523 causa,
852 2495 911 2527 pu-

161 2525 245 2561 blice
264 2527 312 2561 vel
333 2528 470 2568 occulte,
491 2529 601 2572 quovis
626 2530 754 2573 ingenio
786 2532 833 2565 vel
854 2543 908 2566 co-

161 2573 241 2615 lore,
270 2585 399 2609 necnon
420 2576 641 2610 schismaticos
661 2585 692 2611 et
711 2589 778 2619 eos,
801 2580 855 2623 qui
876 2592 909 2615 se

161 2631 180 2658 a
198 2629 307 2657 nostra
331 2631 361 2658 et
384 2624 520 2659 Romani
546 2626 709 2660 Pontiticis
744 2638 803 2670 pro
828 2634 908 2661 tcm-

792 238 968 264 nmzcontrs
990 238 1045 262 xni
1069 238 1116 262 rr.

973 301 1051 334 pore
1062 290 1224 324 existentis
1235 290 1419 325 obedientia
1429 291 1638 335 pertinaciter
1648 290 1723 324 sub-

1615 228 1679 262 413

974 343 1105 377 trahunt
1127 345 1173 377 vel
1195 345 1360 378 recedunt.

1017 397 1032 441 g
1061 396 1091 430 Ξ).
1133 398 1211 431 Item
1240 399 1558 433 excommunicamus
1588 405 1618 433 et
1641 410 1719 434 ana-

972 450 1216 484 thematizamus
1242 462 1353 485 omnes
1373 459 1405 486 et
1424 453 1580 497 singulos
1610 455 1718 488 cuius-

972 514 1112 548 cumque
1137 510 1248 546 status,
1288 507 1404 549 gradus
1433 518 1489 541 seu
1525 508 1719 543 conditionis

970 558 1111 598 suerint,
1152 564 1183 592 et
1220 559 1444 594 interdicimus
1482 561 1716 604 universitates,

970 611 1107 654 collegia
1131 617 1161 645 et
1186 613 1338 656 capitula,
1361 625 1566 658 quocumque
1587 616 1718 650 nomine

968 672 1212 710 nuncupentur,
1234 667 1274 699 ab
1295 667 1562 710 ordinationibus,
1589 676 1718 704 sentcn-

968 718 1019 751 tiis
1043 730 1099 752 seu
1121 719 1280 752 mandatis
1301 721 1418 754 nostris
1442 733 1478 754 ac
1495 723 1716 757 Romanorum

968 771 1160 806 Pontificum
1187 783 1245 816 pro
1270 779 1414 817 tempore
1442 776 1654 818 existentium,
1677 777 1715 810 ad

968 825 1147 859 universale
1177 826 1323 860 futurum
1348 828 1526 861 Concilium
1551 831 1715 874 appellan-

967 883 1026 918 tes,
1047 888 1176 913 necnon
1196 890 1260 921 eos,
1282 891 1421 924 quorum
1447 883 1565 916 auxilio
1599 884 1646 917 rel
1672 885 1715 917 sa-

965 942 1041 965 vore
1061 934 1260 976 appellatum
1281 934 1390 968 suerit.

1009 986 1024 1029 ξ
1044 986 1075 1019 3.
1103 987 1179 1020 item
1201 989 1521 1023 excommunicamus
1539 997 1567 1024 et
1584 992 1714 1025 anatlie-

965 1040 1153 1073 matizamus
1191 1052 1303 1075 onmes
1340 1042 1471 1086 piratas,
1515 1045 1713 1079 latrunculos

966 1094 1153 1134 maritimos,
1175 1101 1204 1128 et
1230 1095 1303 1128 illos
1327 1096 1502 1141 praecipuo
1527 1099 1594 1141 qui,
1625 1109 1712 1132 mare

963 1153 1110 1180 nostrum
1135 1159 1153 1181 a
1178 1148 1282 1182 Monte
1320 1150 1510 1192 Argentario
1548 1163 1648 1196 usque
1673 1153 1712 1186 ad

963 1201 1169 1234 Terracinam
1195 1202 1423 1242 discurrentes,
1446 1214 1511 1243 eos,
1538 1205 1593 1248 qui
1614 1205 1711 1239 inillo

962 1254 1124 1298 navigant,
1147 1255 1398 1299 depraedantur,
1419 1258 1578 1299 mutilant,
1611 1258 1710 1293 inter-

961 1307 1087 1350 ficiunt,
1114 1308 1248 1345 rebusve
1277 1315 1308 1342 et
1340 1310 1434 1345 honis
1463 1311 1527 1344 suis
1558 1312 1708 1356 spoliant,

961 1372 1139 1406 omnesque
1164 1369 1382 1407 receptatores
1402 1365 1600 1406 eorumdem,
1617 1372 1647 1399 et
1664 1367 1710 1400 eis

961 1415 1116 1448 auxilium
1137 1416 1278 1450 scienter
1301 1417 1413 1451 dantes
1437 1419 1484 1451 vel
1510 1419 1660 1453 favorem.

1004 1470 1019 1513 ἓ
1038 1469 1069 1502 4.
1093 1470 1171 1503 Item
1193 1471 1512 1505 excommunicamus
1529 1478 1560 1506 et
1579 1474 1708 1507 anatlie-

960 1523 1148 1556 matizamus
1168 1534 1280 1558 omnes
1305 1530 1336 1558 et
1355 1525 1511 1568 singulos,
1533 1526 1599 1570 qui,
1625 1527 1708 1560 cliri-

959 1577 1137 1610 stianorum
1158 1589 1442 1623 quorumcumque
1468 1580 1601 1614 naribus
1629 1587 1706 1614 tem-

959 1637 1080 1674 pestate
1095 1632 1128 1664 in
1153 1638 1383 1673 transversum,
1407 1639 1442 1666 ut
1454 1634 1517 1667 dici
1538 1635 1630 1675 solet,
1645 1635 1707 1669 iac-

958 1685 1040 1725 tatis,
1063 1686 1266 1730 naufragium
1288 1686 1398 1731 passis,
1423 1692 1479 1720 aut
1507 1688 1602 1721 etiam
1632 1689 1706 1722 suh-

957 1739 1084 1781 mersis,
1106 1740 1169 1773 sive
1194 1741 1227 1772 in
1252 1740 1329 1785 ipsis
1355 1740 1487 1774 navibus
1520 1741 1583 1775 sire
1603 1752 1640 1774 ex
1660 1742 1705 1776 eis

956 1792 1087 1836 delapsa
1107 1799 1138 1826 et
1158 1794 1191 1826 in
1208 1794 1288 1827 mari
1308 1794 1356 1827 vel
1377 1794 1482 1827 littore
1498 1794 1623 1828 inventa
1650 1807 1703 1828 cu-

956 1845 1147 1890 iuscumque
1178 1847 1305 1891 generis
1328 1848 1424 1888 bona,
1450 1854 1513 1881 tam
1548 1848 1579 1880 in
1604 1848 1703 1881 nostri

955 1899 1110 1944 Tyrrheni
1130 1905 1161 1934 et
1184 1900 1350 1941 Adriatici,
1373 1912 1468 1945 quam
1506 1901 1537 1934 in
1571 1902 1702 1945 quibus-

955 1963 1095 1997 cumque
1116 1954 1186 1987 aliis
1212 1954 1447 1997 cuiuscumque
1474 1954 1569 1987 maris
1600 1955 1702 1997 regio-

954 2007 1049 2040 nibus
1069 2014 1100 2040 et
1119 2007 1282 2041 littoribus
1302 2008 1480 2051 rapuerint,
1498 2014 1552 2041 aut
1565 2008 1702 2042 scienter

953 2059 1014 2103 ipsi
1035 2060 1095 2093 sibi
1115 2061 1311 2104 acceperint,
1333 2067 1386 2094 aut
1405 2061 1444 2093 ab
1459 2061 1530 2094 aliis
1544 2068 1635 2105 rapta
1646 2073 1701 2095 seu

952 2119 1085 2157 accepia
1111 2114 1250 2147 scienter
1274 2114 1469 2158 receperint,
1504 2115 1547 2147 ita
1581 2120 1616 2147 ut
1642 2126 1701 2149 nec

953 2166 1049 2199 etiam
1071 2166 1110 2199 ob
1131 2167 1361 2212 quodcumque
1382 2167 1596 2210 privilegium,
1629 2179 1702 2202 con-

952 2220 1157 2253 suetudinem
1178 2226 1232 2253 ant
1252 2220 1442 2264 longissimi,
1465 2222 1559 2254 etiam
1586 2221 1702 2256 imme-

952 2274 1130 2313 morabilis,
1171 2273 1324 2317 temporis
1371 2273 1604 2318 possessionem
1644 2286 1701 2308 seu

952 2326 1051 2360 alium
1072 2338 1311 2371 quemcumque
1331 2334 1531 2370 praetextum
1556 2329 1700 2362 excusari

951 2381 1083 2425 possint.

995 2435 1009 2477 ξ
1030 2433 1061 2466 5.
1085 2434 1160 2466 Item
1183 2434 1503 2468 excommunicamus
1519 2440 1550 2469 et
1566 2436 1698 2470 anatlie-

951 2483 1139 2515 matizamus
1159 2493 1283 2523 omnes,
1307 2483 1362 2526 qui
1381 2483 1414 2516 in
1436 2484 1528 2517 terris
1538 2485 1603 2518 suis
1619 2495 1698 2519 nora

951 2532 1084 2574 pedagia
1106 2542 1162 2564 seu
1188 2532 1341 2575 gabellas,
1372 2533 1412 2566 ad
1443 2533 1475 2566 id
1509 2540 1694 2577 potestatem

951 2590 1016 2614 non
1040 2582 1206 2621 habentes,
1228 2581 1400 2624 imponunt
1419 2582 1465 2615 vel
1486 2590 1615 2625 augent,
1642 2589 1696 2616 :ent

953 2630 1074 2673 iniponi
1095 2630 1141 2663 rel
1168 2630 1276 2673 augeri
1298 2631 1460 2675 prohibita
1485 2631 1624 2676 exigunt.

1737 237 1789 266 An.
1807 237 1835 266 C.
1852 237 1918 268 ¹58³

1777 412 1918 439 Appennino·

1734 449 1745 463 n
1760 442 1816 470 Papa
1839 444 1864 464 ad
1883 445 1918 465 lu-

1733 477 1801 495 tnrum
1841 475 1917 495 eonci-

1733 505 1781 526 tium
1806 509 1915 527 eteorum

1731 535 1834 563 {autorem

1775 997 1859 1020 Piratae
1875 1000 1908 1023 εἰς

1727 1029 1826 1050 auxilium
1858 1029 1909 1051 dan·

1727 1063 1767 1086 Ιθες

1754 1475 1903 1503 Νῡῑιίωςοηιυὶ

1720 1507 1775 1529 bona
1809 1508 1903 1530 scienter

1721 1540 1836 1566 rapientes,
1867 1542 1903 1561 aut

1721 1571 1745 1591 ab
1774 1572 1819 1591 alii-
1842 1574 1903 1598 rapta

1720 1602 1859 1629 accipiente55

1727 2446 1816 2474 Pedagia
1829 2454 1896 2475 nora,

1713 2478 1791 2505 absque
1831 2484 1894 2506 pote<

1712 2513 1774 2535 State,
1783 2512 1896 2538 imponen-

1712 2543 1752 2567 1855
