<?xml version="1.0" encoding="UTF-8"?>
<!DOCTYPE html PUBLIC "-//W3C//DTD XHTML 1.0 Transitional//EN"
    "http://www.w3.org/TR/xhtml1/DTD/xhtml1-transitional.dtd">
<html xmlns="http://www.w3.org/1999/xhtml" xml:lang="en" lang="en">
 <head>
  <title>
</title>
<meta http-equiv="Content-Type" content="text/html;charset=utf-8" />
  <meta name='ocr-system' content='tesseract 3.04.00' />
  <meta name='ocr-capabilities' content='ocr_page ocr_carea ocr_par ocr_line ocrx_word'/>
</head>
<body>
  <div class='ocr_page' id='page_1' title='image "./bullarumdiplomat08cath_0880.png"; bbox 0 0 2059 3228; ppageno 0'>
   <div class='ocr_carea' id='block_1_1' title="bbox 102 230 407 274">
    <p class='ocr_par' dir='ltr' id='par_1_1' title="bbox 102 230 407 274">
     <span class='ocr_line' id='line_1_1' title="bbox 102 230 407 274; baseline -0.036 0"><span class='ocrx_word' id='word_1_1' title='bbox 102 245 155 274; x_wconf 63' lang='lat' dir='ltr'>An.</span> <span class='ocrx_word' id='word_1_2' title='bbox 172 244 200 273; x_wconf 93' lang='lat' dir='ltr'>c.</span> <span class='ocrx_word' id='word_1_3' title='bbox 220 243 284 271; x_wconf 79' lang='lat'>1587</span> <span class='ocrx_word' id='word_1_4' title='bbox 343 230 407 263; x_wconf 62' lang='lat'>864</span> 
     </span>
    </p>
   </div>
   <div class='ocr_carea' id='block_1_2' title="bbox 887 218 1245 250">
    <p class='ocr_par' dir='ltr' id='par_1_2' title="bbox 887 218 1245 250">
     <span class='ocr_line' id='line_1_2' title="bbox 887 218 1245 250; baseline -0.028 0"><span class='ocrx_word' id='word_1_5' title='bbox 887 221 1069 250; x_wconf 72' lang='lat' dir='ltr'>BULLARmM</span> <span class='ocrx_word' id='word_1_6' title='bbox 1091 218 1245 244; x_wconf 41' lang='lat' dir='ltr'>nontswmt</span> 
     </span>
    </p>
   </div>
   <div class='ocr_carea' id='block_1_3' title="bbox 299 266 1839 329">
    <p class='ocr_par' dir='ltr' id='par_1_3' title="bbox 299 266 1839 329">
     <span class='ocr_line' id='line_1_3' title="bbox 299 266 1839 329; baseline -0.003 -24"><span class='ocrx_word' id='word_1_7' title='bbox 299 292 391 325; x_wconf 75' lang='lat' dir='ltr'>dictis</span> <span class='ocrx_word' id='word_1_8' title='bbox 411 294 539 322; x_wconf 48' lang='lat' dir='ltr'>nostrae</span> <span class='ocrx_word' id='word_1_9' title='bbox 550 284 715 329; x_wconf 58' lang='lat' dir='ltr'>cappeuae</span> <span class='ocrx_word' id='word_1_10' title='bbox 730 279 926 326; x_wconf 75' lang='lat' dir='ltr'>praeposito,</span> <span class='ocrx_word' id='word_1_11' title='bbox 949 276 1048 310; x_wconf 87' lang='lat' dir='ltr'>colle·</span> <span class='ocrx_word' id='word_1_12' title='bbox 1089 271 1128 304; x_wconf 87' lang='lat' dir='ltr'>ab</span> <span class='ocrx_word' id='word_1_13' title='bbox 1158 269 1247 303; x_wconf 84' lang='lat' dir='ltr'>omni</span> <span class='ocrx_word' id='word_1_14' title='bbox 1277 267 1510 305; x_wconf 80' lang='lat' dir='ltr'>iurisdictione,</span> <span class='ocrx_word' id='word_1_15' title='bbox 1532 267 1746 308; x_wconf 75' lang='lat' dir='ltr'>correctione,</span> <span class='ocrx_word' id='word_1_16' title='bbox 1767 266 1839 300; x_wconf 79' lang='lat' dir='ltr'>visi-</span> 
     </span>
    </p>
   </div>
   <div class='ocr_carea' id='block_1_4' title="bbox 299 329 1054 644">
    <p class='ocr_par' dir='ltr' id='par_1_4' title="bbox 299 329 1054 644">
     <span class='ocr_line' id='line_1_4' title="bbox 299 329 1046 389; baseline -0.023 -11"><span class='ocrx_word' id='word_1_17' title='bbox 299 346 362 389; x_wconf 74' lang='lat' dir='ltr'>gio,</span> <span class='ocrx_word' id='word_1_18' title='bbox 385 341 546 380; x_wconf 71' lang='lat' dir='ltr'>sacristae,</span> <span class='ocrx_word' id='word_1_19' title='bbox 569 335 768 381; x_wconf 87' lang='lat' dir='ltr'>cappellanis</span> <span class='ocrx_word' id='word_1_20' title='bbox 787 339 818 367; x_wconf 90' lang='lat' dir='ltr'>et</span> <span class='ocrx_word' id='word_1_21' title='bbox 835 329 1046 368; x_wconf 83' lang='lat' dir='ltr'>beneficiatis,</span> 
     </span>
     <span class='ocr_line' id='line_1_5' title="bbox 300 384 1047 435; baseline -0.021 -4"><span class='ocrx_word' id='word_1_22' title='bbox 300 396 427 431; x_wconf 77' lang='lat' dir='ltr'>clericis</span> <span class='ocrx_word' id='word_1_23' title='bbox 459 390 666 435; x_wconf 87' lang='lat' dir='ltr'>nuncupatis,</span> <span class='ocrx_word' id='word_1_24' title='bbox 705 394 735 422; x_wconf 91' lang='lat' dir='ltr'>et</span> <span class='ocrx_word' id='word_1_25' title='bbox 761 397 873 421; x_wconf 89' lang='lat' dir='ltr'>eorum</span> <span class='ocrx_word' id='word_1_26' title='bbox 902 384 1047 421; x_wconf 77' lang='lat' dir='ltr'>cuilibet,</span> 
     </span>
     <span class='ocr_line' id='line_1_6' title="bbox 300 439 1052 487; baseline -0.021 -3"><span class='ocrx_word' id='word_1_27' title='bbox 300 449 490 484; x_wconf 86' lang='lat' dir='ltr'>auctoritate</span> <span class='ocrx_word' id='word_1_28' title='bbox 501 452 531 480; x_wconf 86' lang='lat' dir='ltr'>ct</span> <span class='ocrx_word' id='word_1_29' title='bbox 551 452 661 478; x_wconf 89' lang='lat' dir='ltr'>tenore</span> <span class='ocrx_word' id='word_1_30' title='bbox 674 441 856 487; x_wconf 87' lang='lat' dir='ltr'>praedictis,</span> <span class='ocrx_word' id='word_1_31' title='bbox 866 439 1052 472; x_wconf 81' lang='lat' dir='ltr'>inhibemus</span> 
     </span>
     <span class='ocr_line' id='line_1_7' title="bbox 300 495 1052 547; baseline -0.021 -9"><span class='ocrx_word' id='word_1_32' title='bbox 300 515 340 538; x_wconf 87' lang='lat' dir='ltr'>ne</span> <span class='ocrx_word' id='word_1_33' title='bbox 361 502 420 547; x_wconf 92' lang='lat' dir='ltr'>ipsi</span> <span class='ocrx_word' id='word_1_34' title='bbox 441 509 593 534; x_wconf 77' lang='lat' dir='ltr'>eorumve</span> <span class='ocrx_word' id='word_1_35' title='bbox 614 496 742 541; x_wconf 88' lang='lat' dir='ltr'>aliquis,</span> <span class='ocrx_word' id='word_1_36' title='bbox 764 495 828 528; x_wconf 78' lang='lat' dir='ltr'>sive</span> <span class='ocrx_word' id='word_1_37' title='bbox 847 497 981 538; x_wconf 87' lang='lat' dir='ltr'>propter</span> <span class='ocrx_word' id='word_1_38' title='bbox 995 500 1052 523; x_wconf 91' lang='lat' dir='ltr'>eo-</span> 
     </span>
     <span class='ocr_line' id='line_1_8' title="bbox 301 543 1052 600; baseline -0.02 -9"><span class='ocrx_word' id='word_1_39' title='bbox 301 568 373 590; x_wconf 88' lang='lat' dir='ltr'>rum</span> <span class='ocrx_word' id='word_1_40' title='bbox 386 553 615 600; x_wconf 89' lang='lat' dir='ltr'>praesentiam,</span> <span class='ocrx_word' id='word_1_41' title='bbox 638 548 893 584; x_wconf 86' lang='lat' dir='ltr'>interessentiam</span> <span class='ocrx_word' id='word_1_42' title='bbox 914 552 945 579; x_wconf 93' lang='lat' dir='ltr'>et</span> <span class='ocrx_word' id='word_1_43' title='bbox 972 543 1052 578; x_wconf 90' lang='lat' dir='ltr'>assi-</span> 
     </span>
     <span class='ocr_line' id='line_1_9' title="bbox 301 597 1054 644; baseline -0.019 0"><span class='ocrx_word' id='word_1_44' title='bbox 301 610 448 644; x_wconf 86' lang='lat' dir='ltr'>stentiam</span> <span class='ocrx_word' id='word_1_45' title='bbox 461 608 492 641; x_wconf 94' lang='lat' dir='ltr'>in</span> <span class='ocrx_word' id='word_1_46' title='bbox 515 607 616 640; x_wconf 87' lang='lat' dir='ltr'>choro</span> <span class='ocrx_word' id='word_1_47' title='bbox 626 604 716 637; x_wconf 88' lang='lat' dir='ltr'>horis</span> <span class='ocrx_word' id='word_1_48' title='bbox 732 601 909 641; x_wconf 86' lang='lat' dir='ltr'>canonicis,</span> <span class='ocrx_word' id='word_1_49' title='bbox 927 597 1054 632; x_wconf 91' lang='lat' dir='ltr'>diurnis</span> 
     </span>
    </p>
   </div>
   <div class='ocr_carea' id='block_1_5' title="bbox 302 652 1847 740">
    <p class='ocr_par' dir='ltr' id='par_1_5' title="bbox 302 652 1847 740">
     <span class='ocr_line' id='line_1_10' title="bbox 302 652 1076 700; baseline -0.019 -2"><span class='ocrx_word' id='word_1_50' title='bbox 302 670 332 698; x_wconf 90' lang='lat' dir='ltr'>et</span> <span class='ocrx_word' id='word_1_51' title='bbox 362 661 541 700; x_wconf 86' lang='lat' dir='ltr'>nocturnis,</span> <span class='ocrx_word' id='word_1_52' title='bbox 573 658 691 697; x_wconf 88' lang='lat' dir='ltr'>missis,</span> <span class='ocrx_word' id='word_1_53' title='bbox 724 656 821 690; x_wconf 87' lang='lat' dir='ltr'>etiam</span> <span class='ocrx_word' id='word_1_54' title='bbox 841 652 1076 695; x_wconf 71' lang='lat' dir='ltr'>solemnibus,1</span> 
     </span>
     <span class='ocr_line' id='line_1_11' title="bbox 906 692 1847 740; baseline -0.006 -8"><span class='ocrx_word' id='word_1_55' title='bbox 906 706 1056 740; x_wconf 57' lang='lat' dir='ltr'>segsn-ita-</span> <span class='ocrx_word' id='word_1_56' title='bbox 1072 697 1076 728; x_wconf 90' lang='grc' dir='ltr'>Ι</span> <span class='ocrx_word' id='word_1_57' title='bbox 1095 707 1166 729; x_wconf 88' lang='lat' dir='ltr'>mus</span> <span class='ocrx_word' id='word_1_58' title='bbox 1186 702 1215 729; x_wconf 93' lang='lat' dir='ltr'>et</span> <span class='ocrx_word' id='word_1_59' title='bbox 1240 695 1429 735; x_wconf 77' lang='lat' dir='ltr'>liberamus,</span> <span class='ocrx_word' id='word_1_60' title='bbox 1452 704 1489 726; x_wconf 88' lang='lat' dir='ltr'>ac</span> <span class='ocrx_word' id='word_1_61' title='bbox 1509 693 1568 726; x_wconf 91' lang='lat' dir='ltr'>sub</span> <span class='ocrx_word' id='word_1_62' title='bbox 1591 692 1678 726; x_wconf 88' lang='lat' dir='ltr'>Beati</span> <span class='ocrx_word' id='word_1_63' title='bbox 1698 692 1785 726; x_wconf 89' lang='lat' dir='ltr'>Petri</span> <span class='ocrx_word' id='word_1_64' title='bbox 1815 698 1847 727; x_wconf 87' lang='lat' dir='ltr'>et.</span> 
     </span>
    </p>
   </div>
   <div class='ocr_carea' id='block_1_6' title="bbox 303 709 1056 808">
    <p class='ocr_par' dir='ltr' id='par_1_6' title="bbox 303 709 1056 808">
     <span class='ocr_line' id='line_1_12' title="bbox 303 709 882 752; baseline -0.019 0"><span class='ocrx_word' id='word_1_65' title='bbox 303 725 332 752; x_wconf 88' lang='lat' dir='ltr'>ct</span> <span class='ocrx_word' id='word_1_66' title='bbox 354 717 426 751; x_wconf 89' lang='lat' dir='ltr'>aliis</span> <span class='ocrx_word' id='word_1_67' title='bbox 445 715 559 749; x_wconf 80' lang='lat' dir='ltr'>divinis</span> <span class='ocrx_word' id='word_1_68' title='bbox 578 712 704 751; x_wconf 83' lang='lat' dir='ltr'>officiis,</span> <span class='ocrx_word' id='word_1_69' title='bbox 732 710 828 744; x_wconf 89' lang='lat' dir='ltr'>etiam</span> <span class='ocrx_word' id='word_1_70' title='bbox 849 709 882 741; x_wconf 92' lang='lat' dir='ltr'>in</span> 
     </span>
     <span class='ocr_line' id='line_1_13' title="bbox 303 760 1056 808; baseline -0.017 -3"><span class='ocrx_word' id='word_1_71' title='bbox 303 772 389 805; x_wconf 90' lang='lat' dir='ltr'>tibus</span> <span class='ocrx_word' id='word_1_72' title='bbox 408 769 598 808; x_wconf 88' lang='lat' dir='ltr'>maioribus,</span> <span class='ocrx_word' id='word_1_73' title='bbox 611 771 641 800; x_wconf 89' lang='lat' dir='ltr'>et</span> <span class='ocrx_word' id='word_1_74' title='bbox 657 772 866 808; x_wconf 89' lang='lat' dir='ltr'>quocumque</span> <span class='ocrx_word' id='word_1_75' title='bbox 879 760 956 794; x_wconf 90' lang='lat' dir='ltr'>anni</span> <span class='ocrx_word' id='word_1_76' title='bbox 976 766 1056 793; x_wconf 88' lang='lat' dir='ltr'>tem-</span> 
     </span>
    </p>
   </div>
   <div class='ocr_carea' id='block_1_7' title="bbox 1068 320 1839 364">
    <p class='ocr_par' dir='ltr' id='par_1_7' title="bbox 1068 320 1839 364">
     <span class='ocr_line' id='line_1_14' title="bbox 1068 320 1839 364; baseline -0.005 -6"><span class='ocrx_word' id='word_1_77' title='bbox 1068 325 1221 362; x_wconf 71' lang='lat' dir='ltr'>›tatione‚</span> <span class='ocrx_word' id='word_1_78' title='bbox 1254 320 1410 360; x_wconf 86' lang='lat' dir='ltr'>dominio,</span> <span class='ocrx_word' id='word_1_79' title='bbox 1444 320 1668 362; x_wconf 87' lang='lat' dir='ltr'>superioritate</span> <span class='ocrx_word' id='word_1_80' title='bbox 1687 326 1719 354; x_wconf 91' lang='lat' dir='ltr'>et</span> <span class='ocrx_word' id='word_1_81' title='bbox 1746 325 1839 364; x_wconf 87' lang='lat' dir='ltr'>pote-</span> 
     </span>
    </p>
   </div>
   <div class='ocr_carea' id='block_1_8' title="bbox 1090 371 1846 683">
    <p class='ocr_par' dir='ltr' id='par_1_8' title="bbox 1090 371 1846 683">
     <span class='ocr_line' id='line_1_15' title="bbox 1090 371 1840 419; baseline -0.005 -8"><span class='ocrx_word' id='word_1_82' title='bbox 1090 383 1170 411; x_wconf 81' lang='lat' dir='ltr'>state</span> <span class='ocrx_word' id='word_1_83' title='bbox 1189 385 1276 409; x_wconf 87' lang='lat' dir='ltr'>nunc</span> <span class='ocrx_word' id='word_1_84' title='bbox 1291 380 1321 408; x_wconf 86' lang='lat' dir='ltr'>et</span> <span class='ocrx_word' id='word_1_85' title='bbox 1333 384 1392 419; x_wconf 90' lang='lat' dir='ltr'>pro</span> <span class='ocrx_word' id='word_1_86' title='bbox 1408 378 1555 417; x_wconf 84' lang='lat' dir='ltr'>tempore</span> <span class='ocrx_word' id='word_1_87' title='bbox 1570 371 1732 407; x_wconf 81' lang='lat' dir='ltr'>existentis</span> <span class='ocrx_word' id='word_1_88' title='bbox 1745 373 1840 408; x_wconf 82' lang='lat' dir='ltr'>Urbis</span> 
     </span>
     <span class='ocr_line' id='line_1_16' title="bbox 1090 425 1838 471; baseline -0.003 -8"><span class='ocrx_word' id='word_1_89' title='bbox 1090 430 1218 464; x_wconf 69' lang='lat' dir='ltr'>vicariis</span> <span class='ocrx_word' id='word_1_90' title='bbox 1229 439 1266 462; x_wconf 89' lang='lat' dir='ltr'>ac</span> <span class='ocrx_word' id='word_1_91' title='bbox 1281 426 1550 471; x_wconf 63' lang='lat' dir='ltr'>archipresbyteri</span> <span class='ocrx_word' id='word_1_92' title='bbox 1562 425 1665 459; x_wconf 86' lang='lat' dir='ltr'>dictae</span> <span class='ocrx_word' id='word_1_93' title='bbox 1674 426 1838 469; x_wconf 82' lang='lat' dir='ltr'>basilicae,</span> 
     </span>
     <span class='ocr_line' id='line_1_17' title="bbox 1091 478 1843 526; baseline -0.004 -9"><span class='ocrx_word' id='word_1_94' title='bbox 1091 484 1226 526; x_wconf 90' lang='lat' dir='ltr'>eiusque</span> <span class='ocrx_word' id='word_1_95' title='bbox 1246 481 1357 514; x_wconf 78' lang='lat' dir='ltr'>vicarii</span> <span class='ocrx_word' id='word_1_96' title='bbox 1377 490 1407 513; x_wconf 83' lang='lat' dir='ltr'>et</span> <span class='ocrx_word' id='word_1_97' title='bbox 1427 478 1572 523; x_wconf 87' lang='lat' dir='ltr'>capituli,</span> <span class='ocrx_word' id='word_1_98' title='bbox 1587 485 1618 511; x_wconf 88' lang='lat' dir='ltr'>et</span> <span class='ocrx_word' id='word_1_99' title='bbox 1637 479 1777 513; x_wconf 79' lang='lat' dir='ltr'>cuiusvis</span> <span class='ocrx_word' id='word_1_100' title='bbox 1790 490 1843 514; x_wconf 86' lang='lat' dir='ltr'>or-</span> 
     </span>
     <span class='ocr_line' id='line_1_18' title="bbox 1092 533 1843 577; baseline -0.004 -7"><span class='ocrx_word' id='word_1_101' title='bbox 1092 536 1209 570; x_wconf 88' lang='lat' dir='ltr'>dinarii</span> <span class='ocrx_word' id='word_1_102' title='bbox 1226 535 1289 568; x_wconf 78' lang='lat' dir='ltr'>loci</span> <span class='ocrx_word' id='word_1_103' title='bbox 1305 534 1484 567; x_wconf 79' lang='lat' dir='ltr'>aliorumve</span> <span class='ocrx_word' id='word_1_104' title='bbox 1498 543 1782 577; x_wconf 86' lang='lat' dir='ltr'>quorumcumque</span> <span class='ocrx_word' id='word_1_105' title='bbox 1791 533 1843 567; x_wconf 88' lang='lat' dir='ltr'>iu-</span> 
     </span>
     <span class='ocr_line' id='line_1_19' title="bbox 1093 586 1844 630; baseline -0.004 -7"><span class='ocrx_word' id='word_1_106' title='bbox 1093 590 1202 624; x_wconf 86' lang='lat' dir='ltr'>dicum</span> <span class='ocrx_word' id='word_1_107' title='bbox 1223 594 1253 622; x_wconf 90' lang='lat' dir='ltr'>et</span> <span class='ocrx_word' id='word_1_108' title='bbox 1263 587 1466 627; x_wconf 84' lang='lat' dir='ltr'>officialium,</span> <span class='ocrx_word' id='word_1_109' title='bbox 1485 587 1516 619; x_wconf 90' lang='lat' dir='ltr'>in</span> <span class='ocrx_word' id='word_1_110' title='bbox 1529 586 1596 630; x_wconf 85' lang='lat' dir='ltr'>ipsa</span> <span class='ocrx_word' id='word_1_111' title='bbox 1604 586 1688 619; x_wconf 85' lang='lat' dir='ltr'>Urbe</span> <span class='ocrx_word' id='word_1_112' title='bbox 1704 587 1753 619; x_wconf 79' lang='lat' dir='ltr'>vel</span> <span class='ocrx_word' id='word_1_113' title='bbox 1765 586 1844 620; x_wconf 85' lang='lat' dir='ltr'>alias</span> 
     </span>
     <span class='ocr_line' id='line_1_20' title="bbox 1093 639 1846 683; baseline -0.005 -7"><span class='ocrx_word' id='word_1_114' title='bbox 1093 642 1231 676; x_wconf 86' lang='lat' dir='ltr'>ubilibet</span> <span class='ocrx_word' id='word_1_115' title='bbox 1261 641 1525 680; x_wconf 85' lang='lat' dir='ltr'>constitutorum,</span> <span class='ocrx_word' id='word_1_116' title='bbox 1557 645 1715 683; x_wconf 85' lang='lat' dir='ltr'>perpetuo</span> <span class='ocrx_word' id='word_1_117' title='bbox 1734 639 1846 673; x_wconf 82' lang='lat' dir='ltr'>eximi-</span> 
     </span>
    </p>
   </div>
   <div class='ocr_carea' id='block_1_9' title="bbox 1096 746 1845 792">
    <p class='ocr_par' dir='ltr' id='par_1_9' title="bbox 1096 746 1845 792">
     <span class='ocr_line' id='line_1_21' title="bbox 1096 746 1845 792; baseline -0.005 -8"><span class='ocrx_word' id='word_1_118' title='bbox 1096 750 1186 784; x_wconf 87' lang='lat' dir='ltr'>Sedis</span> <span class='ocrx_word' id='word_1_119' title='bbox 1196 748 1399 792; x_wconf 79' lang='lat' dir='ltr'>Apostolicae</span> <span class='ocrx_word' id='word_1_120' title='bbox 1411 753 1508 790; x_wconf 87' lang='lat' dir='ltr'>atque</span> <span class='ocrx_word' id='word_1_121' title='bbox 1519 751 1629 780; x_wconf 83' lang='lat' dir='ltr'>nostra</span> <span class='ocrx_word' id='word_1_122' title='bbox 1643 746 1845 790; x_wconf 87' lang='lat' dir='ltr'>protectione</span> 
     </span>
    </p>
   </div>
   <div class='ocr_carea' id='block_1_10' title="bbox 304 800 1847 880">
    <p class='ocr_par' dir='ltr' id='par_1_10' title="bbox 304 800 1847 880">
     <span class='ocr_line' id='line_1_22' title="bbox 304 800 1847 870; baseline -0.017 -11"><span class='ocrx_word' id='word_1_123' title='bbox 304 835 396 870; x_wconf 89' lang='lat' dir='ltr'>pore,</span> <span class='ocrx_word' id='word_1_124' title='bbox 418 829 472 856; x_wconf 84' lang='lat' dir='ltr'>aut</span> <span class='ocrx_word' id='word_1_125' title='bbox 489 818 752 866; x_wconf 74' lang='lat' dir='ltr'>processionibus</span> <span class='ocrx_word' id='word_1_126' title='bbox 766 817 816 850; x_wconf 74' lang='lat' dir='ltr'>vel</span> <span class='ocrx_word' id='word_1_127' title='bbox 831 813 1056 848; x_wconf 81' lang='lat' dir='ltr'>anniversariis</span> <span class='ocrx_word' id='word_1_128' title='bbox 1096 802 1303 846; x_wconf 68' lang='lat' dir='ltr'>SUSCiPlfflUS,</span> <span class='ocrx_word' id='word_1_129' title='bbox 1326 801 1484 844; x_wconf 72' lang='lat' dir='ltr'>HObiSque</span> <span class='ocrx_word' id='word_1_130' title='bbox 1511 806 1543 833; x_wconf 73' lang='lat' dir='ltr'>et</span> <span class='ocrx_word' id='word_1_131' title='bbox 1567 800 1672 834; x_wconf 78' lang='lat' dir='ltr'>dictae</span> <span class='ocrx_word' id='word_1_132' title='bbox 1691 800 1767 834; x_wconf 85' lang='lat' dir='ltr'>Sedi</span> <span class='ocrx_word' id='word_1_133' title='bbox 1785 800 1847 834; x_wconf 90' lang='lat' dir='ltr'>im-</span> 
     </span>
     <span class='ocr_line' id='line_1_23' title="bbox 328 867 343 880; baseline 0 0"><span class='ocrx_word' id='word_1_134' title='bbox 328 867 343 880; x_wconf 73' lang='grc'><strong>.</strong></span> 
     </span>
    </p>
   </div>
   <div class='ocr_carea' id='block_1_11' title="bbox 305 869 1058 974">
    <p class='ocr_par' dir='ltr' id='par_1_11' title="bbox 305 869 1058 974">
     <span class='ocr_line' id='line_1_24' title="bbox 305 869 1057 916; baseline -0.017 -5"><span class='ocrx_word' id='word_1_135' title='bbox 305 883 523 915; x_wconf 85' lang='lat' dir='ltr'>mortuorum,</span> <span class='ocrx_word' id='word_1_136' title='bbox 558 874 622 908; x_wconf 80' lang='lat' dir='ltr'>sive</span> <span class='ocrx_word' id='word_1_137' title='bbox 652 877 787 916; x_wconf 89' lang='lat' dir='ltr'>propter</span> <span class='ocrx_word' id='word_1_138' title='bbox 816 869 912 903; x_wconf 91' lang='lat' dir='ltr'>aliam</span> <span class='ocrx_word' id='word_1_139' title='bbox 944 877 1057 911; x_wconf 91' lang='lat' dir='ltr'>quam-</span> 
     </span>
     <span class='ocr_line' id='line_1_25' title="bbox 307 919 1058 974; baseline -0.017 -10"><span class='ocrx_word' id='word_1_140' title='bbox 307 940 445 974; x_wconf 86' lang='lat' dir='ltr'>cumque</span> <span class='ocrx_word' id='word_1_141' title='bbox 476 937 606 962; x_wconf 88' lang='lat' dir='ltr'>causam</span> <span class='ocrx_word' id='word_1_142' title='bbox 635 926 685 958; x_wconf 76' lang='lat' dir='ltr'>vel</span> <span class='ocrx_word' id='word_1_143' title='bbox 718 922 931 961; x_wconf 82' lang='lat' dir='ltr'>occasionem,</span> <span class='ocrx_word' id='word_1_144' title='bbox 961 919 1058 964; x_wconf 91' lang='lat' dir='ltr'>quip-</span> 
     </span>
    </p>
   </div>
   <div class='ocr_carea' id='block_1_12' title="bbox 1097 855 1453 889">
    <p class='ocr_par' dir='ltr' id='par_1_12' title="bbox 1097 855 1453 889">
     <span class='ocr_line' id='line_1_26' title="bbox 1097 855 1453 889; baseline -0.006 0"><span class='ocrx_word' id='word_1_145' title='bbox 1097 856 1235 889; x_wconf 89' lang='lat' dir='ltr'>mediate</span> <span class='ocrx_word' id='word_1_146' title='bbox 1251 855 1453 888; x_wconf 88' lang='lat' dir='ltr'>subiicimus.</span> 
     </span>
    </p>
   </div>
   <div class='ocr_carea' id='block_1_13' title="bbox 1141 907 1874 959">
    <p class='ocr_par' dir='ltr' id='par_1_13' title="bbox 1141 907 1874 959">
     <span class='ocr_line' id='line_1_27' title="bbox 1141 907 1874 959; baseline 0 -17"><span class='ocrx_word' id='word_1_147' title='bbox 1141 909 1228 954; x_wconf 62' lang='lat' dir='ltr'>§2ss</span> <span class='ocrx_word' id='word_1_148' title='bbox 1250 909 1297 942; x_wconf 87' lang='lat' dir='ltr'>Ad</span> <span class='ocrx_word' id='word_1_149' title='bbox 1328 910 1424 949; x_wconf 89' lang='lat' dir='ltr'>haec,</span> <span class='ocrx_word' id='word_1_150' title='bbox 1454 908 1654 952; x_wconf 88' lang='lat' dir='ltr'>praeposito,</span> <span class='ocrx_word' id='word_1_151' title='bbox 1683 907 1874 959; x_wconf 41' lang='lat' dir='ltr'>sacri-&lt;taem</span> 
     </span>
    </p>
   </div>
   <div class='ocr_carea' id='block_1_14' title="bbox 1850 202 2003 235">
    <p class='ocr_par' dir='ltr' id='par_1_14' title="bbox 1850 202 2003 259">
     <span class='ocr_line' id='line_1_28' title="bbox 1850 202 2003 235; baseline -0.02 0"><span class='ocrx_word' id='word_1_152' title='bbox 1850 202 2003 235; x_wconf 69' lang='lat' dir='ltr'>Am&#39;</span> 
     </span>
    </p>
   </div>
   <div class='ocr_carea' id='block_1_15' title="bbox 1932 0 2059 990">
    <p class='ocr_par' dir='ltr' id='par_1_15' title="bbox 1932 0 2059 990">
     <span class='ocr_line' id='line_1_29' title="bbox 1932 0 2059 990; baseline 0 -96"><span class='ocrx_word' id='word_1_153' title='bbox 1932 0 2059 990; x_wconf 95' lang='lat' dir='ltr'>    </span> 
     </span>
    </p>
   </div>
   <div class='ocr_carea' id='block_1_16' title="bbox 1875 887 2014 959">
    <p class='ocr_par' dir='ltr' id='par_1_16' title="bbox 1875 887 2014 959">
     <span class='ocr_line' id='line_1_30' title="bbox 1886 887 2014 928; baseline -0.008 -34"><span class='ocrx_word' id='word_1_154' title='bbox 1886 893 1962 928; x_wconf 61' lang='lat' dir='ltr'>m,</span> <span class='ocrx_word' id='word_1_155' title='bbox 2010 887 2014 893; x_wconf 94' lang='lat'>.</span> 
     </span>
     <span class='ocr_line' id='line_1_31' title="bbox 1875 937 1955 959; baseline 0.013 -1"><span class='ocrx_word' id='word_1_156' title='bbox 1875 937 1955 959; x_wconf 68' lang='lat' dir='ltr'>nisi·</span> 
     </span>
    </p>
   </div>
   <div class='ocr_carea' id='block_1_17' title="bbox 306 951 2022 1029">
    <p class='ocr_par' dir='ltr' id='par_1_17' title="bbox 306 951 2022 1029">
     <span class='ocr_line' id='line_1_32' title="bbox 306 951 2022 1029; baseline -0.004 -27"><span class='ocrx_word' id='word_1_157' title='bbox 306 984 406 1029; x_wconf 59' lang='lat' dir='ltr'>piam,</span> <span class='ocrx_word' id='word_1_158' title='bbox 433 992 567 1027; x_wconf 55' lang='lat' dir='ltr'>parvum</span> <span class='ocrx_word' id='word_1_159' title='bbox 589 986 644 1014; x_wconf 65' lang='lat' dir='ltr'>aut</span> <span class='ocrx_word' id='word_1_160' title='bbox 676 987 844 1022; x_wconf 54' lang='lat' dir='ltr'>magnum,</span> <span class='ocrx_word' id='word_1_161' title='bbox 876 975 972 1008; x_wconf 64' lang='lat' dir='ltr'>etjam</span> <span class='ocrx_word' id='word_1_162' title='bbox 997 982 1057 1017; x_wconf 71' lang='lat' dir='ltr'>pro</span> <span class='ocrx_word' id='word_1_163' title='bbox 1098 963 1298 1008; x_wconf 86' lang='lat' dir='ltr'>cappellanis</span> <span class='ocrx_word' id='word_1_164' title='bbox 1317 969 1348 996; x_wconf 90' lang='lat' dir='ltr'>et</span> <span class='ocrx_word' id='word_1_165' title='bbox 1367 962 1578 1003; x_wconf 84' lang='lat' dir='ltr'>beneficiatis,</span> <span class='ocrx_word' id='word_1_166' title='bbox 1610 962 1739 995; x_wconf 86' lang='lat' dir='ltr'>clericis</span> <span class='ocrx_word' id='word_1_167' title='bbox 1764 969 1900 996; x_wconf 66' lang='lat' dir='ltr'>nun-¹³³⁸</span> <span class='ocrx_word' id='word_1_168' title='bbox 1931 970 1962 985; x_wconf 52' lang='lat'>¹⁴·</span> <span class='ocrx_word' id='word_1_169' title='bbox 2007 951 2022 967; x_wconf 59' lang='lat'><strong><em>⁵</em></strong></span> 
     </span>
    </p>
   </div>
   <div class='ocr_carea' id='block_1_18' title="bbox 306 1026 1059 1134">
    <p class='ocr_par' dir='ltr' id='par_1_18' title="bbox 306 1026 1059 1134">
     <span class='ocr_line' id='line_1_33' title="bbox 307 1026 1058 1079; baseline -0.017 -8"><span class='ocrx_word' id='word_1_170' title='bbox 307 1048 421 1071; x_wconf 87' lang='lat' dir='ltr'>eorum</span> <span class='ocrx_word' id='word_1_171' title='bbox 445 1042 525 1076; x_wconf 84' lang='lat' dir='ltr'>rata,</span> <span class='ocrx_word' id='word_1_172' title='bbox 548 1039 602 1068; x_wconf 89' lang='lat' dir='ltr'>aut</span> <span class='ocrx_word' id='word_1_173' title='bbox 618 1043 678 1078; x_wconf 88' lang='lat' dir='ltr'>pro</span> <span class='ocrx_word' id='word_1_174' title='bbox 697 1031 783 1064; x_wconf 78' lang='lat' dir='ltr'>virili</span> <span class='ocrx_word' id='word_1_175' title='bbox 807 1030 847 1063; x_wconf 91' lang='lat' dir='ltr'>de</span> <span class='ocrx_word' id='word_1_176' title='bbox 875 1027 982 1079; x_wconf 55' lang='lat' dir='ltr'>ipsius·</span> <span class='ocrx_word' id='word_1_177' title='bbox 1000 1026 1058 1058; x_wconf 87' lang='lat' dir='ltr'>ba-</span> 
     </span>
     <span class='ocr_line' id='line_1_34' title="bbox 306 1079 1059 1134; baseline -0.019 -9"><span class='ocrx_word' id='word_1_178' title='bbox 306 1091 416 1124; x_wconf 84' lang='lat' dir='ltr'>silicae</span> <span class='ocrx_word' id='word_1_179' title='bbox 436 1088 570 1134; x_wconf 87' lang='lat' dir='ltr'>capituli</span> <span class='ocrx_word' id='word_1_180' title='bbox 588 1085 857 1120; x_wconf 86' lang='lat' dir='ltr'>beneficiatorum</span> <span class='ocrx_word' id='word_1_181' title='bbox 876 1087 905 1114; x_wconf 90' lang='lat' dir='ltr'>et</span> <span class='ocrx_word' id='word_1_182' title='bbox 921 1079 1059 1113; x_wconf 88' lang='lat' dir='ltr'>clerico-</span> 
     </span>
    </p>
   </div>
   <div class='ocr_carea' id='block_1_19' title="bbox 120 1241 1084 2310">
    <p class='ocr_par' dir='ltr' id='par_1_19' title="bbox 308 1241 1066 1552">
     <span class='ocr_line' id='line_1_35' title="bbox 308 1241 1062 1287; baseline -0.019 -2"><span class='ocrx_word' id='word_1_183' title='bbox 308 1253 357 1285; x_wconf 76' lang='lat' dir='ltr'>vel</span> <span class='ocrx_word' id='word_1_184' title='bbox 381 1248 655 1287; x_wconf 78' lang='lat' dir='ltr'>extraordinariis,</span> <span class='ocrx_word' id='word_1_185' title='bbox 688 1246 785 1279; x_wconf 88' lang='lat' dir='ltr'>etiam</span> <span class='ocrx_word' id='word_1_186' title='bbox 804 1241 949 1281; x_wconf 88' lang='lat' dir='ltr'>incertis,</span> <span class='ocrx_word' id='word_1_187' title='bbox 976 1246 1005 1273; x_wconf 84' lang='lat' dir='ltr'>et</span> <span class='ocrx_word' id='word_1_188' title='bbox 1026 1244 1062 1272; x_wconf 91' lang='lat' dir='ltr'>ut</span> 
     </span>
     <span class='ocr_line' id='line_1_36' title="bbox 310 1292 1063 1350; baseline -0.021 -10"><span class='ocrx_word' id='word_1_189' title='bbox 310 1305 511 1350; x_wconf 81' lang='lat' dir='ltr'>praefertur,</span> <span class='ocrx_word' id='word_1_190' title='bbox 550 1299 764 1346; x_wconf 81' lang='lat' dir='ltr'>personaliter</span> <span class='ocrx_word' id='word_1_191' title='bbox 797 1292 1063 1329; x_wconf 86' lang='lat' dir='ltr'>interessentibus</span> 
     </span>
     <span class='ocr_line' id='line_1_37' title="bbox 312 1349 1064 1393; baseline -0.02 -1"><span class='ocrx_word' id='word_1_192' title='bbox 312 1364 436 1392; x_wconf 89' lang='lat' dir='ltr'>tantum</span> <span class='ocrx_word' id='word_1_193' title='bbox 456 1355 526 1390; x_wconf 86' lang='lat' dir='ltr'>dari</span> <span class='ocrx_word' id='word_1_194' title='bbox 547 1352 658 1393; x_wconf 89' lang='lat' dir='ltr'>solitis,</span> <span class='ocrx_word' id='word_1_195' title='bbox 680 1352 747 1385; x_wconf 91' lang='lat' dir='ltr'>ullo</span> <span class='ocrx_word' id='word_1_196' title='bbox 768 1349 864 1382; x_wconf 89' lang='lat' dir='ltr'>modo</span> <span class='ocrx_word' id='word_1_197' title='bbox 898 1352 954 1380; x_wconf 82' lang='lat' dir='ltr'>aut</span> <span class='ocrx_word' id='word_1_198' title='bbox 978 1356 1064 1390; x_wconf 60' lang='lat' dir='ltr'>qure-</span> 
     </span>
     <span class='ocr_line' id='line_1_38' title="bbox 311 1403 1065 1451; baseline -0.019 -6"><span class='ocrx_word' id='word_1_199' title='bbox 311 1412 372 1445; x_wconf 90' lang='lat' dir='ltr'>sito</span> <span class='ocrx_word' id='word_1_200' title='bbox 383 1411 493 1444; x_wconf 89' lang='lat' dir='ltr'>colore</span> <span class='ocrx_word' id='word_1_201' title='bbox 510 1409 559 1442; x_wconf 75' lang='lat' dir='ltr'>vel</span> <span class='ocrx_word' id='word_1_202' title='bbox 573 1406 717 1451; x_wconf 80' lang='lat' dir='ltr'>ingenio,</span> <span class='ocrx_word' id='word_1_203' title='bbox 735 1403 904 1449; x_wconf 84' lang='lat' dir='ltr'>percipere</span> <span class='ocrx_word' id='word_1_204' title='bbox 918 1406 970 1434; x_wconf 91' lang='lat' dir='ltr'>aut</span> <span class='ocrx_word' id='word_1_205' title='bbox 983 1409 1065 1443; x_wconf 92' lang='lat' dir='ltr'>quo-</span> 
     </span>
     <span class='ocr_line' id='line_1_39' title="bbox 314 1455 1066 1507; baseline -0.019 -8"><span class='ocrx_word' id='word_1_206' title='bbox 314 1464 491 1498; x_wconf 88' lang='lat' dir='ltr'>modolibet</span> <span class='ocrx_word' id='word_1_207' title='bbox 505 1460 718 1507; x_wconf 82' lang='lat' dir='ltr'>praetendere</span> <span class='ocrx_word' id='word_1_208' title='bbox 733 1457 886 1497; x_wconf 86' lang='lat' dir='ltr'>audeant,</span> <span class='ocrx_word' id='word_1_209' title='bbox 904 1455 954 1488; x_wconf 78' lang='lat' dir='ltr'>vel</span> <span class='ocrx_word' id='word_1_210' title='bbox 974 1463 1066 1498; x_wconf 90' lang='lat' dir='ltr'>prae-</span> 
     </span>
     <span class='ocr_line' id='line_1_40' title="bbox 315 1523 457 1552; baseline -0.014 0"><span class='ocrx_word' id='word_1_211' title='bbox 315 1523 457 1552; x_wconf 88' lang='lat' dir='ltr'>sumant.</span> 
     </span>
    </p>

    <p class='ocr_par' dir='ltr' id='par_1_20' title="bbox 120 1563 1072 1826">
     <span class='ocr_line' id='line_1_41' title="bbox 360 1563 1068 1616; baseline -0.017 -11"><span class='ocrx_word' id='word_1_212' title='bbox 360 1573 375 1616; x_wconf 63' lang='grc' dir='ltr'>ξ</span> <span class='ocrx_word' id='word_1_213' title='bbox 395 1570 449 1604; x_wconf 70' lang='grc'>18.</span> <span class='ocrx_word' id='word_1_214' title='bbox 471 1569 592 1603; x_wconf 88' lang='lat' dir='ltr'>Deinde</span> <span class='ocrx_word' id='word_1_215' title='bbox 607 1578 647 1601; x_wconf 93' lang='lat' dir='ltr'>ne</span> <span class='ocrx_word' id='word_1_216' title='bbox 667 1567 700 1599; x_wconf 90' lang='lat' dir='ltr'>in</span> <span class='ocrx_word' id='word_1_217' title='bbox 714 1566 785 1610; x_wconf 87' lang='lat' dir='ltr'>ipsa</span> <span class='ocrx_word' id='word_1_218' title='bbox 795 1563 942 1609; x_wconf 89' lang='lat' dir='ltr'>cappella</span> <span class='ocrx_word' id='word_1_219' title='bbox 957 1566 1068 1595; x_wconf 89' lang='lat' dir='ltr'>nostra</span> 
     </span>
     <span class='ocr_line' id='line_1_42' title="bbox 134 1614 1069 1674; baseline -0.028 -1"><span class='ocrx_word' id='word_1_220' title='bbox 134 1647 156 1668; x_wconf 84' lang='lat' dir='ltr'>ln</span> <span class='ocrx_word' id='word_1_221' title='bbox 172 1646 271 1674; x_wconf 53' lang='lat' dir='ltr'>tappetia</span> <span class='ocrx_word' id='word_1_222' title='bbox 285 1652 307 1665; x_wconf 68' lang='lat' dir='ltr'>a.</span> <span class='ocrx_word' id='word_1_223' title='bbox 317 1626 470 1668; x_wconf 87' lang='lat' dir='ltr'>illiusque</span> <span class='ocrx_word' id='word_1_224' title='bbox 489 1624 552 1656; x_wconf 89' lang='lat' dir='ltr'>situ</span> <span class='ocrx_word' id='word_1_225' title='bbox 573 1632 630 1655; x_wconf 92' lang='lat' dir='ltr'>seu</span> <span class='ocrx_word' id='word_1_226' title='bbox 649 1620 784 1659; x_wconf 87' lang='lat' dir='ltr'>ambitu,</span> <span class='ocrx_word' id='word_1_227' title='bbox 805 1618 874 1651; x_wconf 89' lang='lat' dir='ltr'>solo</span> <span class='ocrx_word' id='word_1_228' title='bbox 893 1621 948 1650; x_wconf 87' lang='lat' dir='ltr'>aut</span> <span class='ocrx_word' id='word_1_229' title='bbox 980 1614 1069 1659; x_wconf 72' lang='lat' dir='ltr'>pavi-</span> 
     </span>
     <span class='ocr_line' id='line_1_43' title="bbox 120 1669 1070 1730; baseline -0.015 -16"><span class='ocrx_word' id='word_1_230' title='bbox 120 1677 306 1730; x_wconf 36' lang='grc' dir='ltr'>ξζξεθῆἶζζὶζζζζ</span> <span class='ocrx_word' id='word_1_231' title='bbox 319 1683 440 1718; x_wconf 80' lang='lat' dir='ltr'>mento,</span> <span class='ocrx_word' id='word_1_232' title='bbox 453 1676 565 1716; x_wconf 85' lang='lat' dir='ltr'>muris,</span> <span class='ocrx_word' id='word_1_233' title='bbox 577 1673 747 1708; x_wconf 83' lang='lat' dir='ltr'>structuris</span> <span class='ocrx_word' id='word_1_234' title='bbox 758 1678 789 1706; x_wconf 89' lang='lat' dir='ltr'>et</span> <span class='ocrx_word' id='word_1_235' title='bbox 805 1669 973 1709; x_wconf 72' lang='lat' dir='ltr'>aedificiis,</span> <span class='ocrx_word' id='word_1_236' title='bbox 986 1678 1070 1713; x_wconf 67' lang='lat' dir='ltr'>prze-</span> 
     </span>
     <span class='ocr_line' id='line_1_44' title="bbox 123 1721 1071 1776; baseline -0.015 -9"><span class='ocrx_word' id='word_1_237' title='bbox 123 1740 242 1776; x_wconf 51' lang='lat' dir='ltr'>rroquffiif</span> <span class='ocrx_word' id='word_1_238' title='bbox 257 1744 307 1765; x_wconf 68' lang='lat'>1³2¹-</span> <span class='ocrx_word' id='word_1_239' title='bbox 320 1738 369 1765; x_wconf 93' lang='lat' dir='ltr'>ter</span> <span class='ocrx_word' id='word_1_240' title='bbox 387 1730 573 1774; x_wconf 85' lang='lat' dir='ltr'>supradicta</span> <span class='ocrx_word' id='word_1_241' title='bbox 592 1731 816 1765; x_wconf 85' lang='lat' dir='ltr'>monumenta,</span> <span class='ocrx_word' id='word_1_242' title='bbox 847 1723 937 1757; x_wconf 89' lang='lat' dir='ltr'>aliud</span> <span class='ocrx_word' id='word_1_243' title='bbox 961 1721 1071 1765; x_wconf 90' lang='lat' dir='ltr'>sepul-</span> 
     </span>
     <span class='ocr_line' id='line_1_45' title="bbox 124 1773 1072 1826; baseline -0.017 -3"><span class='ocrx_word' id='word_1_244' title='bbox 124 1773 236 1823; x_wconf 56' lang='grc' dir='ltr'>ἷιῗζζι.“““</span> <span class='ocrx_word' id='word_1_245' title='bbox 256 1776 308 1797; x_wconf 55' lang='lat'>⁹¹⁰—</span> <span class='ocrx_word' id='word_1_246' title='bbox 321 1785 436 1818; x_wconf 77' lang='lat' dir='ltr'>chrum</span> <span class='ocrx_word' id='word_1_247' title='bbox 457 1789 512 1816; x_wconf 86' lang='lat' dir='ltr'>aut</span> <span class='ocrx_word' id='word_1_248' title='bbox 527 1782 713 1826; x_wconf 88' lang='lat' dir='ltr'>sepulturae</span> <span class='ocrx_word' id='word_1_249' title='bbox 732 1780 824 1813; x_wconf 89' lang='lat' dir='ltr'>locus</span> <span class='ocrx_word' id='word_1_250' title='bbox 843 1788 901 1811; x_wconf 91' lang='lat' dir='ltr'>seu</span> <span class='ocrx_word' id='word_1_251' title='bbox 915 1776 1072 1815; x_wconf 89' lang='lat' dir='ltr'>tumulus,</span> 
     </span>
    </p>

    <p class='ocr_par' dir='ltr' id='par_1_21' title="bbox 321 1834 1078 2147">
     <span class='ocr_line' id='line_1_46' title="bbox 321 1834 1075 1880; baseline -0.015 -9"><span class='ocrx_word' id='word_1_252' title='bbox 321 1837 414 1871; x_wconf 86' lang='lat' dir='ltr'>alteri</span> <span class='ocrx_word' id='word_1_253' title='bbox 438 1846 609 1880; x_wconf 84' lang='lat' dir='ltr'>personae,</span> <span class='ocrx_word' id='word_1_254' title='bbox 622 1834 859 1874; x_wconf 85' lang='lat' dir='ltr'>cuiuscumque</span> <span class='ocrx_word' id='word_1_255' title='bbox 878 1835 991 1869; x_wconf 85' lang='lat' dir='ltr'>status,</span> <span class='ocrx_word' id='word_1_256' title='bbox 1004 1839 1075 1871; x_wconf 77' lang='lat' dir='ltr'>gra-</span> 
     </span>
     <span class='ocr_line' id='line_1_47' title="bbox 323 1883 1075 1935; baseline -0.013 -11"><span class='ocrx_word' id='word_1_257' title='bbox 323 1892 394 1931; x_wconf 89' lang='lat' dir='ltr'>dus,</span> <span class='ocrx_word' id='word_1_258' title='bbox 415 1889 580 1935; x_wconf 82' lang='lat' dir='ltr'>qualitatis</span> <span class='ocrx_word' id='word_1_259' title='bbox 600 1894 630 1921; x_wconf 91' lang='lat' dir='ltr'>et</span> <span class='ocrx_word' id='word_1_260' title='bbox 652 1885 845 1920; x_wconf 89' lang='lat' dir='ltr'>conditionis</span> <span class='ocrx_word' id='word_1_261' title='bbox 874 1883 984 1924; x_wconf 84' lang='lat' dir='ltr'>fuerit,</span> <span class='ocrx_word' id='word_1_262' title='bbox 1011 1883 1075 1915; x_wconf 77' lang='lat' dir='ltr'>sive</span> 
     </span>
     <span class='ocr_line' id='line_1_48' title="bbox 325 1936 1076 1989; baseline -0.015 -10"><span class='ocrx_word' id='word_1_263' title='bbox 325 1956 383 1989; x_wconf 92' lang='lat' dir='ltr'>per</span> <span class='ocrx_word' id='word_1_264' title='bbox 405 1945 488 1977; x_wconf 70' lang='lat' dir='ltr'>viam</span> <span class='ocrx_word' id='word_1_265' title='bbox 509 1942 657 1986; x_wconf 85' lang='lat' dir='ltr'>depositi,</span> <span class='ocrx_word' id='word_1_266' title='bbox 686 1941 751 1973; x_wconf 75' lang='lat' dir='ltr'>sive</span> <span class='ocrx_word' id='word_1_267' title='bbox 781 1939 861 1972; x_wconf 86' lang='lat' dir='ltr'>alias</span> <span class='ocrx_word' id='word_1_268' title='bbox 893 1936 1076 1980; x_wconf 89' lang='lat' dir='ltr'>quomodo-</span> 
     </span>
     <span class='ocr_line' id='line_1_49' title="bbox 326 1989 1077 2037; baseline -0.013 -6"><span class='ocrx_word' id='word_1_269' title='bbox 326 1999 403 2031; x_wconf 86' lang='lat' dir='ltr'>libet</span> <span class='ocrx_word' id='word_1_270' title='bbox 422 1996 556 2031; x_wconf 87' lang='lat' dir='ltr'>concedi</span> <span class='ocrx_word' id='word_1_271' title='bbox 576 1996 626 2028; x_wconf 75' lang='lat' dir='ltr'>vel</span> <span class='ocrx_word' id='word_1_272' title='bbox 647 1992 802 2037; x_wconf 77' lang='lat' dir='ltr'>assignari</span> <span class='ocrx_word' id='word_1_273' title='bbox 821 1991 922 2036; x_wconf 88' lang='lat' dir='ltr'>possit</span> <span class='ocrx_word' id='word_1_274' title='bbox 946 1996 1000 2023; x_wconf 92' lang='lat' dir='ltr'>aut</span> <span class='ocrx_word' id='word_1_275' title='bbox 1020 1989 1077 2022; x_wconf 90' lang='lat' dir='ltr'>de-</span> 
     </span>
     <span class='ocr_line' id='line_1_50' title="bbox 327 2041 1078 2091; baseline -0.015 -7"><span class='ocrx_word' id='word_1_276' title='bbox 327 2052 410 2091; x_wconf 86' lang='lat' dir='ltr'>beat,</span> <span class='ocrx_word' id='word_1_277' title='bbox 441 2049 585 2083; x_wconf 87' lang='lat' dir='ltr'>districte</span> <span class='ocrx_word' id='word_1_278' title='bbox 609 2047 845 2085; x_wconf 85' lang='lat' dir='ltr'>interdicimus,</span> <span class='ocrx_word' id='word_1_279' title='bbox 881 2050 912 2077; x_wconf 90' lang='lat' dir='ltr'>et</span> <span class='ocrx_word' id='word_1_280' title='bbox 945 2041 1078 2076; x_wconf 90' lang='lat' dir='ltr'>omnino</span> 
     </span>
     <span class='ocr_line' id='line_1_51' title="bbox 329 2100 825 2147; baseline -0.012 -10"><span class='ocrx_word' id='word_1_281' title='bbox 329 2105 361 2136; x_wconf 86' lang='lat' dir='ltr'>in</span> <span class='ocrx_word' id='word_1_282' title='bbox 381 2108 576 2147; x_wconf 88' lang='lat' dir='ltr'>perpetuum</span> <span class='ocrx_word' id='word_1_283' title='bbox 601 2100 825 2145; x_wconf 84' lang='lat' dir='ltr'>prohibemus.</span> 
     </span>
    </p>

    <p class='ocr_par' dir='ltr' id='par_1_22' title="bbox 137 2149 1084 2310">
     <span class='ocr_line' id='line_1_52' title="bbox 374 2149 1081 2200; baseline -0.014 -10"><span class='ocrx_word' id='word_1_284' title='bbox 374 2158 389 2200; x_wconf 61' lang='grc' dir='ltr'>ξ</span> <span class='ocrx_word' id='word_1_285' title='bbox 421 2156 474 2190; x_wconf 75' lang='lat' dir='ltr'>tt).</span> <span class='ocrx_word' id='word_1_286' title='bbox 511 2156 681 2188; x_wconf 88' lang='lat' dir='ltr'>Praeterea</span> <span class='ocrx_word' id='word_1_287' title='bbox 716 2152 863 2186; x_wconf 86' lang='lat' dir='ltr'>eamdem</span> <span class='ocrx_word' id='word_1_288' title='bbox 901 2149 1081 2194; x_wconf 85' lang='lat' dir='ltr'>cappellam</span> 
     </span>
     <span class='ocr_line' id='line_1_53' title="bbox 150 2203 1080 2256; baseline -0.01 -13"><span class='ocrx_word' id='word_1_289' title='bbox 150 2222 270 2256; x_wconf 50' lang='lat' dir='ltr'>cappulam</span> <span class='ocrx_word' id='word_1_290' title='bbox 287 2222 319 2248; x_wconf 82' lang='lat' dir='ltr'>ip·</span> <span class='ocrx_word' id='word_1_291' title='bbox 333 2217 486 2250; x_wconf 72' lang='lat' dir='ltr'>nostram,</span> <span class='ocrx_word' id='word_1_292' title='bbox 499 2209 649 2252; x_wconf 88' lang='lat' dir='ltr'>illiusque</span> <span class='ocrx_word' id='word_1_293' title='bbox 670 2207 825 2240; x_wconf 77' lang='lat' dir='ltr'>fabricam</span> <span class='ocrx_word' id='word_1_294' title='bbox 839 2211 870 2237; x_wconf 91' lang='lat' dir='ltr'>et</span> <span class='ocrx_word' id='word_1_295' title='bbox 889 2203 1080 2241; x_wconf 78' lang='lat' dir='ltr'>sacristiam,</span> 
     </span>
     <span class='ocr_line' id='line_1_54' title="bbox 137 2256 1084 2310; baseline -0.012 -11"><span class='ocrx_word' id='word_1_296' title='bbox 137 2257 320 2310; x_wconf 49' lang='grc' dir='ltr'>ἶῖζζξῑῖᾉῗωξξξζ</span> <span class='ocrx_word' id='word_1_297' title='bbox 334 2274 458 2296; x_wconf 78' lang='lat' dir='ltr'>necnon</span> <span class='ocrx_word' id='word_1_298' title='bbox 485 2261 704 2305; x_wconf 84' lang='lat' dir='ltr'>praepositum</span> <span class='ocrx_word' id='word_1_299' title='bbox 718 2287 726 2301; x_wconf 94' lang='lat'>,</span> <span class='ocrx_word' id='word_1_300' title='bbox 755 2259 934 2298; x_wconf 84' lang='lat' dir='ltr'>sacristam,</span> <span class='ocrx_word' id='word_1_301' title='bbox 956 2256 1084 2300; x_wconf 87' lang='lat' dir='ltr'>cappel-</span> 
     </span>
    </p>
   </div>
   <div class='ocr_carea' id='block_1_20' title="bbox 139 2312 1082 2372">
    <p class='ocr_par' dir='ltr' id='par_1_23' title="bbox 139 2312 1082 2372">
     <span class='ocr_line' id='line_1_55' title="bbox 139 2312 1082 2372; baseline -0.01 -22"><span class='ocrx_word' id='word_1_302' title='bbox 139 2316 240 2370; x_wconf 43' lang='lat'>{23:232</span> <span class='ocrx_word' id='word_1_303' title='bbox 266 2320 323 2372; x_wconf 47' lang='lat'>“⁵5¹2</span> <span class='ocrx_word' id='word_1_304' title='bbox 337 2318 424 2349; x_wconf 85' lang='lat' dir='ltr'>lanos</span> <span class='ocrx_word' id='word_1_305' title='bbox 437 2322 466 2348; x_wconf 85' lang='lat' dir='ltr'>ct</span> <span class='ocrx_word' id='word_1_306' title='bbox 484 2315 702 2354; x_wconf 49' lang='lat' dir='ltr'>beneficiatos</span> <span class='ocrx_word' id='word_1_307' title='bbox 718 2312 853 2346; x_wconf 76' lang='lat' dir='ltr'>cleric-os</span> <span class='ocrx_word' id='word_1_308' title='bbox 865 2315 1082 2354; x_wconf 88' lang='lat' dir='ltr'>nuncupatos,</span> 
     </span>
    </p>
   </div>
   <div class='ocr_carea' id='block_1_21' title="bbox 141 2362 1089 2464">
    <p class='ocr_par' dir='ltr' id='par_1_24' title="bbox 141 2362 1089 2464">
     <span class='ocr_line' id='line_1_56' title="bbox 141 2362 1086 2413; baseline -0.007 -11"><span class='ocrx_word' id='word_1_309' title='bbox 141 2377 268 2411; x_wconf 55' lang='lat' dir='ltr'>puna-lom</span> <span class='ocrx_word' id='word_1_310' title='bbox 282 2377 396 2413; x_wconf 65' lang='lat' dir='ltr'>eie-pro</span> <span class='ocrx_word' id='word_1_311' title='bbox 415 2375 559 2412; x_wconf 83' lang='lat' dir='ltr'>tempore</span> <span class='ocrx_word' id='word_1_312' title='bbox 580 2367 761 2407; x_wconf 83' lang='lat' dir='ltr'>existentes,</span> <span class='ocrx_word' id='word_1_313' title='bbox 788 2366 961 2409; x_wconf 85' lang='lat' dir='ltr'>ipsumque</span> <span class='ocrx_word' id='word_1_314' title='bbox 987 2362 1086 2396; x_wconf 85' lang='lat' dir='ltr'>colle-</span> 
     </span>
     <span class='ocr_line' id='line_1_57' title="bbox 143 2411 1089 2464; baseline -0.007 -14"><span class='ocrx_word' id='word_1_315' title='bbox 143 2412 438 2464; x_wconf 50' lang='lat' dir='ltr'>11¹J‡⁵&#39;.,0{‘,³f⁰¹¹,¹1]giiiiii,</span> <span class='ocrx_word' id='word_1_316' title='bbox 469 2428 505 2450; x_wconf 88' lang='lat' dir='ltr'>ac</span> <span class='ocrx_word' id='word_1_317' title='bbox 533 2416 694 2460; x_wconf 85' lang='lat' dir='ltr'>praedicta</span> <span class='ocrx_word' id='word_1_318' title='bbox 719 2420 891 2457; x_wconf 77' lang='lat' dir='ltr'>ceteraque</span> <span class='ocrx_word' id='word_1_319' title='bbox 916 2411 1026 2446; x_wconf 87' lang='lat' dir='ltr'>omnia</span> <span class='ocrx_word' id='word_1_320' title='bbox 1058 2417 1089 2444; x_wconf 87' lang='lat' dir='ltr'>ct</span> 
     </span>
    </p>
   </div>
   <div class='ocr_carea' id='block_1_22' title="bbox 143 2463 1091 2604">
    <p class='ocr_par' dir='ltr' id='par_1_25' title="bbox 143 2463 1091 2604">
     <span class='ocr_line' id='line_1_58' title="bbox 143 2463 1090 2519; baseline -0.008 -19"><span class='ocrx_word' id='word_1_321' title='bbox 143 2469 239 2519; x_wconf 45' lang='lat'>2:233</span> <span class='ocrx_word' id='word_1_322' title='bbox 262 2467 564 2518; x_wconf 44' lang='lat' dir='ltr'>*uflssquaccunique</span> <span class='ocrx_word' id='word_1_323' title='bbox 586 2465 671 2497; x_wconf 83' lang='lat' dir='ltr'>illius</span> <span class='ocrx_word' id='word_1_324' title='bbox 691 2470 722 2497; x_wconf 84' lang='lat' dir='ltr'>et</span> <span class='ocrx_word' id='word_1_325' title='bbox 752 2473 867 2496; x_wconf 78' lang='lat' dir='ltr'>eorum</span> <span class='ocrx_word' id='word_1_326' title='bbox 890 2463 988 2501; x_wconf 81' lang='lat' dir='ltr'>bona,</span> <span class='ocrx_word' id='word_1_327' title='bbox 1023 2470 1090 2493; x_wconf 83' lang='lat' dir='ltr'>mo-</span> 
     </span>
     <span class='ocr_line' id='line_1_59' title="bbox 145 2508 1091 2554; baseline -0.011 -4"><span class='ocrx_word' id='word_1_328' title='bbox 145 2531 190 2550; x_wconf 68' lang='lat' dir='ltr'>nn.</span> <span class='ocrx_word' id='word_1_329' title='bbox 343 2516 418 2546; x_wconf 83' lang='lat' dir='ltr'>bilia</span> <span class='ocrx_word' id='word_1_330' title='bbox 434 2521 462 2547; x_wconf 83' lang='lat' dir='ltr'>ct</span> <span class='ocrx_word' id='word_1_331' title='bbox 476 2513 664 2552; x_wconf 83' lang='lat' dir='ltr'>immobilia,</span> <span class='ocrx_word' id='word_1_332' title='bbox 678 2512 912 2554; x_wconf 88' lang='lat' dir='ltr'>cuiuscumque</span> <span class='ocrx_word' id='word_1_333' title='bbox 928 2508 1091 2553; x_wconf 83' lang='lat' dir='ltr'>qualitatis</span> 
     </span>
     <span class='ocr_line' id='line_1_60' title="bbox 344 2557 1091 2604; baseline -0.008 -9"><span class='ocrx_word' id='word_1_334' title='bbox 344 2569 372 2595; x_wconf 84' lang='lat' dir='ltr'>ct</span> <span class='ocrx_word' id='word_1_335' title='bbox 393 2562 587 2604; x_wconf 74' lang='lat' dir='ltr'>quantitatis,</span> <span class='ocrx_word' id='word_1_336' title='bbox 611 2561 642 2593; x_wconf 90' lang='lat' dir='ltr'>in</span> <span class='ocrx_word' id='word_1_337' title='bbox 675 2560 761 2593; x_wconf 85' lang='lat' dir='ltr'>dicta</span> <span class='ocrx_word' id='word_1_338' title='bbox 789 2559 872 2592; x_wconf 84' lang='lat' dir='ltr'>Urbe</span> <span class='ocrx_word' id='word_1_339' title='bbox 907 2564 937 2591; x_wconf 92' lang='lat' dir='ltr'>et</span> <span class='ocrx_word' id='word_1_340' title='bbox 962 2557 1042 2590; x_wconf 87' lang='lat' dir='ltr'>locis</span> <span class='ocrx_word' id='word_1_341' title='bbox 1061 2562 1091 2590; x_wconf 90' lang='lat' dir='ltr'>et</span> 
     </span>
    </p>
   </div>
   <div class='ocr_carea' id='block_1_23' title="bbox 345 2605 1092 2652">
    <p class='ocr_par' dir='ltr' id='par_1_26' title="bbox 345 2605 1092 2652">
     <span class='ocr_line' id='line_1_61' title="bbox 345 2605 1092 2652; baseline -0.005 -10"><span class='ocrx_word' id='word_1_342' title='bbox 345 2616 432 2643; x_wconf 69' lang='lat' dir='ltr'>extra</span> <span class='ocrx_word' id='word_1_343' title='bbox 445 2620 479 2642; x_wconf 81' lang='lat' dir='ltr'>ac</span> <span class='ocrx_word' id='word_1_344' title='bbox 492 2609 569 2642; x_wconf 87' lang='lat' dir='ltr'>alias</span> <span class='ocrx_word' id='word_1_345' title='bbox 580 2609 699 2652; x_wconf 86' lang='lat' dir='ltr'>ubique</span> <span class='ocrx_word' id='word_1_346' title='bbox 712 2609 857 2641; x_wconf 86' lang='lat' dir='ltr'>locorum</span> <span class='ocrx_word' id='word_1_347' title='bbox 870 2605 1092 2646; x_wconf 81' lang='lat' dir='ltr'>consistentia,</span> 
     </span>
    </p>
   </div>
   <div class='ocr_carea' id='block_1_24' title="bbox 1890 1000 1961 1021">
    <p class='ocr_par' dir='ltr' id='par_1_27' title="bbox 1890 1000 1961 1021">
     <span class='ocr_line' id='line_1_62' title="bbox 1890 1000 1961 1021; baseline -0.028 0"><span class='ocrx_word' id='word_1_348' title='bbox 1890 1000 1961 1021; x_wconf 65' lang='lat' dir='ltr'>ium</span> 
     </span>
    </p>
   </div>
   <div class='ocr_carea' id='block_1_25' title="bbox 1956 990 2059 1031">
    <p class='ocr_par' dir='ltr' id='par_1_28' title="bbox 1956 990 2059 1031">
     <span class='ocr_line' id='line_1_63' title="bbox 1956 990 2059 1031; baseline 0 2197"><span class='ocrx_word' id='word_1_349' title='bbox 1956 990 2059 1031; x_wconf 95' lang='lat' dir='ltr'> </span> 
     </span>
    </p>
   </div>
   <div class='ocr_carea' id='block_1_26' title="bbox 1099 1005 2021 1061">
    <p class='ocr_par' dir='ltr' id='par_1_29' title="bbox 1099 1005 2021 1061">
     <span class='ocr_line' id='line_1_64' title="bbox 1099 1005 2021 1061; baseline -0.003 -11"><span class='ocrx_word' id='word_1_350' title='bbox 1099 1017 1236 1061; x_wconf 69' lang='lat' dir='ltr'>cupafis,</span> <span class='ocrx_word' id='word_1_351' title='bbox 1270 1016 1456 1061; x_wconf 87' lang='lat' dir='ltr'>praedictis,</span> <span class='ocrx_word' id='word_1_352' title='bbox 1485 1016 1682 1059; x_wconf 89' lang='lat' dir='ltr'>illorumque</span> <span class='ocrx_word' id='word_1_353' title='bbox 1702 1005 1919 1059; x_wconf 57' lang='lat' dir='ltr'>collegimffffi</span> <span class='ocrx_word' id='word_1_354' title='bbox 2015 1012 2021 1015; x_wconf 48' lang='lat'>&#39;⁷</span> 
     </span>
    </p>
   </div>
   <div class='ocr_carea' id='block_1_27' title="bbox 307 1068 1949 1238">
    <p class='ocr_par' dir='ltr' id='par_1_30' title="bbox 307 1068 1949 1238">
     <span class='ocr_line' id='line_1_65' title="bbox 1077 1068 1852 1112; baseline -0.003 -9"><span class='ocrx_word' id='word_1_355' title='bbox 1077 1083 1080 1112; x_wconf 65' lang='grc' dir='ltr'><strong>ς</strong></span> <span class='ocrx_word' id='word_1_356' title='bbox 1099 1076 1133 1103; x_wconf 89' lang='lat' dir='ltr'>ut</span> <span class='ocrx_word' id='word_1_357' title='bbox 1154 1069 1305 1103; x_wconf 87' lang='lat' dir='ltr'>omnibus</span> <span class='ocrx_word' id='word_1_358' title='bbox 1325 1075 1357 1102; x_wconf 89' lang='lat' dir='ltr'>et</span> <span class='ocrx_word' id='word_1_359' title='bbox 1375 1069 1510 1112; x_wconf 76' lang='lat' dir='ltr'>singulis</span> <span class='ocrx_word' id='word_1_360' title='bbox 1529 1068 1719 1112; x_wconf 79' lang='lat' dir='ltr'>privilegiis,</span> <span class='ocrx_word' id='word_1_361' title='bbox 1732 1068 1852 1102; x_wconf 61' lang='lat' dir='ltr'>immu÷</span> 
     </span>
     <span class='ocr_line' id='line_1_66' title="bbox 307 1122 1949 1188; baseline -0.016 -9"><span class='ocrx_word' id='word_1_362' title='bbox 307 1156 380 1178; x_wconf 93' lang='lat' dir='ltr'>rum</span> <span class='ocrx_word' id='word_1_363' title='bbox 401 1142 643 1188; x_wconf 87' lang='lat' dir='ltr'>praedictorum</span> <span class='ocrx_word' id='word_1_364' title='bbox 663 1148 786 1177; x_wconf 86' lang='lat' dir='ltr'>mensa,</span> <span class='ocrx_word' id='word_1_365' title='bbox 811 1145 925 1173; x_wconf 88' lang='lat' dir='ltr'>massa,</span> <span class='ocrx_word' id='word_1_366' title='bbox 951 1131 1059 1166; x_wconf 88' lang='lat' dir='ltr'>distri·</span> <span class='ocrx_word' id='word_1_367' title='bbox 1099 1122 1949 1166; x_wconf 55' lang='lat' dir='ltr'>nitatibus,exemptionibus,limitamus,prae-¹³³-st</span> 
     </span>
     <span class='ocr_line' id='line_1_67' title="bbox 307 1186 1083 1238; baseline -0.019 -6"><span class='ocrx_word' id='word_1_368' title='bbox 307 1197 496 1231; x_wconf 87' lang='lat' dir='ltr'>butionibus</span> <span class='ocrx_word' id='word_1_369' title='bbox 513 1201 567 1228; x_wconf 89' lang='lat' dir='ltr'>aut</span> <span class='ocrx_word' id='word_1_370' title='bbox 601 1189 840 1231; x_wconf 84' lang='lat' dir='ltr'>emolumentis,</span> <span class='ocrx_word' id='word_1_371' title='bbox 869 1186 1058 1225; x_wconf 78' lang='lat' dir='ltr'>ordinariis,</span> <span class='ocrx_word' id='word_1_372' title='bbox 1080 1209 1083 1238; x_wconf 52' lang='grc' dir='ltr'>Ι</span> 
     </span>
    </p>
   </div>
   <div class='ocr_carea' id='block_1_28' title="bbox 1101 1175 1862 1593">
    <p class='ocr_par' dir='ltr' id='par_1_31' title="bbox 1101 1175 1862 1593">
     <span class='ocr_line' id='line_1_68' title="bbox 1101 1175 1855 1220; baseline 0 -11"><span class='ocrx_word' id='word_1_373' title='bbox 1101 1176 1297 1217; x_wconf 89' lang='lat' dir='ltr'>eminentiis,</span> <span class='ocrx_word' id='word_1_374' title='bbox 1314 1175 1544 1220; x_wconf 72' lang='lat' dir='ltr'>praerogativis,</span> <span class='ocrx_word' id='word_1_375' title='bbox 1565 1175 1740 1218; x_wconf 74' lang='lat' dir='ltr'>favoribus,</span> <span class='ocrx_word' id='word_1_376' title='bbox 1754 1175 1855 1209; x_wconf 83' lang='lat' dir='ltr'>sacul-</span> 
     </span>
     <span class='ocr_line' id='line_1_69' title="bbox 1102 1228 1856 1274; baseline -0.003 -11"><span class='ocrx_word' id='word_1_377' title='bbox 1102 1231 1232 1271; x_wconf 88' lang='lat' dir='ltr'>tatibus‚</span> <span class='ocrx_word' id='word_1_378' title='bbox 1254 1229 1388 1263; x_wconf 89' lang='lat' dir='ltr'>indultis</span> <span class='ocrx_word' id='word_1_379' title='bbox 1405 1235 1437 1262; x_wconf 90' lang='lat' dir='ltr'>et</span> <span class='ocrx_word' id='word_1_380' title='bbox 1463 1229 1534 1262; x_wconf 81' lang='lat' dir='ltr'>aliis</span> <span class='ocrx_word' id='word_1_381' title='bbox 1554 1228 1676 1272; x_wconf 85' lang='lat' dir='ltr'>gratiis,</span> <span class='ocrx_word' id='word_1_382' title='bbox 1701 1234 1768 1262; x_wconf 86' lang='lat' dir='ltr'>tam</span> <span class='ocrx_word' id='word_1_383' title='bbox 1791 1229 1856 1274; x_wconf 82' lang='lat' dir='ltr'>spi-</span> 
     </span>
     <span class='ocr_line' id='line_1_70' title="bbox 1103 1281 1857 1327; baseline -0.004 -10"><span class='ocrx_word' id='word_1_384' title='bbox 1103 1283 1277 1317; x_wconf 89' lang='lat' dir='ltr'>ritualibus</span> <span class='ocrx_word' id='word_1_385' title='bbox 1293 1293 1391 1327; x_wconf 87' lang='lat' dir='ltr'>quam</span> <span class='ocrx_word' id='word_1_386' title='bbox 1414 1281 1657 1326; x_wconf 81' lang='lat' dir='ltr'>temporalibus,</span> <span class='ocrx_word' id='word_1_387' title='bbox 1670 1282 1789 1325; x_wconf 87' lang='lat' dir='ltr'>quibus</span> <span class='ocrx_word' id='word_1_388' title='bbox 1801 1281 1857 1316; x_wconf 86' lang='lat' dir='ltr'>alii</span> 
     </span>
     <span class='ocr_line' id='line_1_71' title="bbox 1105 1335 1858 1380; baseline -0.001 -10"><span class='ocrx_word' id='word_1_389' title='bbox 1105 1337 1288 1380; x_wconf 82' lang='lat' dir='ltr'>dignitates,</span> <span class='ocrx_word' id='word_1_390' title='bbox 1311 1336 1529 1380; x_wconf 88' lang='lat' dir='ltr'>cappellanias</span> <span class='ocrx_word' id='word_1_391' title='bbox 1554 1342 1585 1369; x_wconf 90' lang='lat' dir='ltr'>et</span> <span class='ocrx_word' id='word_1_392' title='bbox 1604 1335 1667 1369; x_wconf 87' lang='lat' dir='ltr'>alia</span> <span class='ocrx_word' id='word_1_393' title='bbox 1699 1335 1858 1370; x_wconf 87' lang='lat' dir='ltr'>beneficia</span> 
     </span>
     <span class='ocr_line' id='line_1_72' title="bbox 1106 1388 1859 1423; baseline -0.001 0"><span class='ocrx_word' id='word_1_394' title='bbox 1106 1391 1140 1423; x_wconf 89' lang='lat' dir='ltr'>in</span> <span class='ocrx_word' id='word_1_395' title='bbox 1159 1391 1265 1423; x_wconf 87' lang='lat' dir='ltr'>dictae</span> <span class='ocrx_word' id='word_1_396' title='bbox 1284 1389 1419 1423; x_wconf 84' lang='lat' dir='ltr'>Sanctae</span> <span class='ocrx_word' id='word_1_397' title='bbox 1444 1389 1560 1422; x_wconf 84' lang='lat' dir='ltr'>Mariae</span> <span class='ocrx_word' id='word_1_398' title='bbox 1587 1388 1714 1422; x_wconf 82' lang='lat' dir='ltr'>Maioris</span> <span class='ocrx_word' id='word_1_399' title='bbox 1732 1394 1765 1423; x_wconf 87' lang='lat' dir='ltr'>et</span> <span class='ocrx_word' id='word_1_400' title='bbox 1786 1389 1859 1422; x_wconf 86' lang='lat' dir='ltr'>aliis</span> 
     </span>
     <span class='ocr_line' id='line_1_73' title="bbox 1107 1442 1860 1487; baseline -0.003 -9"><span class='ocrx_word' id='word_1_401' title='bbox 1107 1445 1252 1478; x_wconf 88' lang='lat' dir='ltr'>eiusdem</span> <span class='ocrx_word' id='word_1_402' title='bbox 1272 1442 1366 1477; x_wconf 85' lang='lat' dir='ltr'>Urbis</span> <span class='ocrx_word' id='word_1_403' title='bbox 1389 1442 1529 1476; x_wconf 86' lang='lat' dir='ltr'>basilicis</span> <span class='ocrx_word' id='word_1_404' title='bbox 1557 1448 1588 1476; x_wconf 90' lang='lat' dir='ltr'>et</span> <span class='ocrx_word' id='word_1_405' title='bbox 1616 1442 1772 1484; x_wconf 87' lang='lat' dir='ltr'>ecelesiis,</span> <span class='ocrx_word' id='word_1_406' title='bbox 1798 1453 1860 1487; x_wconf 90' lang='lat' dir='ltr'>pro</span> 
     </span>
     <span class='ocr_line' id='line_1_74' title="bbox 1108 1495 1861 1542; baseline -0.003 -11"><span class='ocrx_word' id='word_1_407' title='bbox 1108 1504 1256 1542; x_wconf 89' lang='lat' dir='ltr'>tempore</span> <span class='ocrx_word' id='word_1_408' title='bbox 1271 1497 1453 1531; x_wconf 85' lang='lat' dir='ltr'>obtinentes</span> <span class='ocrx_word' id='word_1_409' title='bbox 1465 1506 1645 1539; x_wconf 88' lang='lat' dir='ltr'>eorumque</span> <span class='ocrx_word' id='word_1_410' title='bbox 1657 1496 1808 1540; x_wconf 79' lang='lat' dir='ltr'>collegia,</span> <span class='ocrx_word' id='word_1_411' title='bbox 1821 1495 1861 1529; x_wconf 88' lang='lat' dir='ltr'>de</span> 
     </span>
     <span class='ocr_line' id='line_1_75' title="bbox 1109 1548 1862 1593; baseline -0.004 -8"><span class='ocrx_word' id='word_1_412' title='bbox 1109 1552 1180 1585; x_wconf 91' lang='lat' dir='ltr'>iure</span> <span class='ocrx_word' id='word_1_413' title='bbox 1198 1552 1249 1584; x_wconf 83' lang='lat' dir='ltr'>vel</span> <span class='ocrx_word' id='word_1_414' title='bbox 1269 1549 1502 1584; x_wconf 85' lang='lat' dir='ltr'>consuetudine</span> <span class='ocrx_word' id='word_1_415' title='bbox 1537 1555 1592 1582; x_wconf 87' lang='lat' dir='ltr'>aut</span> <span class='ocrx_word' id='word_1_416' title='bbox 1619 1560 1658 1582; x_wconf 78' lang='lat' dir='ltr'>ex</span> <span class='ocrx_word' id='word_1_417' title='bbox 1691 1548 1862 1593; x_wconf 82' lang='lat' dir='ltr'>privilegio</span> 
     </span>
    </p>
   </div>
   <div class='ocr_carea' id='block_1_29' title="bbox 1109 1602 1911 1649">
    <p class='ocr_par' dir='ltr' id='par_1_32' title="bbox 1109 1580 1971 1649">
     <span class='ocr_line' id='line_1_76' title="bbox 1109 1602 1911 1649; baseline -0.003 -11"><span class='ocrx_word' id='word_1_418' title='bbox 1109 1606 1158 1639; x_wconf 71' lang='lat' dir='ltr'>vel</span> <span class='ocrx_word' id='word_1_419' title='bbox 1170 1605 1249 1638; x_wconf 88' lang='lat' dir='ltr'>alias</span> <span class='ocrx_word' id='word_1_420' title='bbox 1268 1603 1513 1649; x_wconf 87' lang='lat' dir='ltr'>quomodolibet</span> <span class='ocrx_word' id='word_1_421' title='bbox 1528 1607 1678 1645; x_wconf 88' lang='lat' dir='ltr'>utuntur,</span> <span class='ocrx_word' id='word_1_422' title='bbox 1693 1602 1864 1647; x_wconf 89' lang='lat' dir='ltr'>potiuntur</span> <span class='ocrx_word' id='word_1_423' title='bbox 1910 1611 1911 1614; x_wconf 72' lang='grc'>’</span> 
     </span>
    </p>
   </div>
   <div class='ocr_carea' id='block_1_30' title="bbox 1111 1657 1871 2078">
    <p class='ocr_par' dir='ltr' id='par_1_33' title="bbox 1111 1657 1869 2025">
     <span class='ocr_line' id='line_1_77' title="bbox 1111 1657 1863 1703; baseline -0.005 -10"><span class='ocrx_word' id='word_1_424' title='bbox 1111 1666 1141 1693; x_wconf 90' lang='lat' dir='ltr'>et</span> <span class='ocrx_word' id='word_1_425' title='bbox 1157 1659 1312 1703; x_wconf 79' lang='lat' dir='ltr'>gaudent,</span> <span class='ocrx_word' id='word_1_426' title='bbox 1324 1669 1360 1691; x_wconf 82' lang='lat' dir='ltr'>ac</span> <span class='ocrx_word' id='word_1_427' title='bbox 1380 1658 1440 1698; x_wconf 91' lang='lat' dir='ltr'>uti,</span> <span class='ocrx_word' id='word_1_428' title='bbox 1461 1657 1559 1701; x_wconf 89' lang='lat' dir='ltr'>potiri</span> <span class='ocrx_word' id='word_1_429' title='bbox 1579 1662 1610 1690; x_wconf 89' lang='lat' dir='ltr'>et</span> <span class='ocrx_word' id='word_1_430' title='bbox 1626 1657 1769 1700; x_wconf 76' lang='lat' dir='ltr'>gaudere</span> <span class='ocrx_word' id='word_1_431' title='bbox 1788 1666 1863 1700; x_wconf 88' lang='lat' dir='ltr'>pos-</span> 
     </span>
     <span class='ocr_line' id='line_1_78' title="bbox 1112 1710 1865 1757; baseline -0.005 -11"><span class='ocrx_word' id='word_1_432' title='bbox 1112 1719 1186 1746; x_wconf 90' lang='lat' dir='ltr'>sunt</span> <span class='ocrx_word' id='word_1_433' title='bbox 1198 1718 1227 1746; x_wconf 87' lang='lat' dir='ltr'>et</span> <span class='ocrx_word' id='word_1_434' title='bbox 1239 1717 1392 1757; x_wconf 79' lang='lat' dir='ltr'>potemnt</span> <span class='ocrx_word' id='word_1_435' title='bbox 1405 1710 1649 1755; x_wconf 83' lang='lat' dir='ltr'>quomodolibet</span> <span class='ocrx_word' id='word_1_436' title='bbox 1661 1710 1695 1742; x_wconf 90' lang='lat' dir='ltr'>in</span> <span class='ocrx_word' id='word_1_437' title='bbox 1706 1710 1865 1750; x_wconf 89' lang='lat' dir='ltr'>futurum,</span> 
     </span>
     <span class='ocr_line' id='line_1_79' title="bbox 1113 1763 1866 1806; baseline -0.005 -6"><span class='ocrx_word' id='word_1_438' title='bbox 1113 1777 1179 1800; x_wconf 92' lang='lat' dir='ltr'>non</span> <span class='ocrx_word' id='word_1_439' title='bbox 1203 1766 1309 1799; x_wconf 88' lang='lat' dir='ltr'>solum</span> <span class='ocrx_word' id='word_1_440' title='bbox 1329 1764 1368 1798; x_wconf 87' lang='lat' dir='ltr'>ad</span> <span class='ocrx_word' id='word_1_441' title='bbox 1393 1774 1507 1797; x_wconf 88' lang='lat' dir='ltr'>eorum</span> <span class='ocrx_word' id='word_1_442' title='bbox 1535 1763 1647 1805; x_wconf 88' lang='lat' dir='ltr'>instar,</span> <span class='ocrx_word' id='word_1_443' title='bbox 1673 1763 1730 1797; x_wconf 89' lang='lat' dir='ltr'>sed</span> <span class='ocrx_word' id='word_1_444' title='bbox 1762 1773 1866 1806; x_wconf 85' lang='lat' dir='ltr'>aeque</span> 
     </span>
     <span class='ocr_line' id='line_1_80' title="bbox 1114 1816 1867 1865; baseline -0.007 -11"><span class='ocrx_word' id='word_1_445' title='bbox 1114 1819 1338 1865; x_wconf 88' lang='lat' dir='ltr'>principaliter</span> <span class='ocrx_word' id='word_1_446' title='bbox 1357 1823 1388 1851; x_wconf 89' lang='lat' dir='ltr'>et</span> <span class='ocrx_word' id='word_1_447' title='bbox 1407 1817 1639 1862; x_wconf 83' lang='lat' dir='ltr'>pariformiter,</span> <span class='ocrx_word' id='word_1_448' title='bbox 1661 1816 1695 1849; x_wconf 92' lang='lat' dir='ltr'>in</span> <span class='ocrx_word' id='word_1_449' title='bbox 1715 1816 1867 1850; x_wconf 90' lang='lat' dir='ltr'>omnibus</span> 
     </span>
     <span class='ocr_line' id='line_1_81' title="bbox 1116 1869 1868 1917; baseline -0.007 -10"><span class='ocrx_word' id='word_1_450' title='bbox 1116 1880 1147 1908; x_wconf 88' lang='lat' dir='ltr'>et</span> <span class='ocrx_word' id='word_1_451' title='bbox 1158 1884 1216 1917; x_wconf 90' lang='lat' dir='ltr'>per</span> <span class='ocrx_word' id='word_1_452' title='bbox 1232 1872 1353 1912; x_wconf 86' lang='lat' dir='ltr'>omnia,</span> <span class='ocrx_word' id='word_1_453' title='bbox 1371 1871 1430 1912; x_wconf 93' lang='lat' dir='ltr'>uti,</span> <span class='ocrx_word' id='word_1_454' title='bbox 1448 1870 1545 1915; x_wconf 89' lang='lat' dir='ltr'>potiri</span> <span class='ocrx_word' id='word_1_455' title='bbox 1561 1875 1592 1903; x_wconf 91' lang='lat' dir='ltr'>et</span> <span class='ocrx_word' id='word_1_456' title='bbox 1608 1869 1750 1913; x_wconf 81' lang='lat' dir='ltr'>gaudere</span> <span class='ocrx_word' id='word_1_457' title='bbox 1766 1869 1868 1903; x_wconf 89' lang='lat' dir='ltr'>libere</span> 
     </span>
     <span class='ocr_line' id='line_1_82' title="bbox 1117 1923 1869 1965; baseline -0.007 -5"><span class='ocrx_word' id='word_1_458' title='bbox 1117 1933 1149 1960; x_wconf 91' lang='lat' dir='ltr'>et</span> <span class='ocrx_word' id='word_1_459' title='bbox 1181 1926 1269 1959; x_wconf 87' lang='lat' dir='ltr'>licite</span> <span class='ocrx_word' id='word_1_460' title='bbox 1302 1926 1439 1965; x_wconf 79' lang='lat' dir='ltr'>valeant,</span> <span class='ocrx_word' id='word_1_461' title='bbox 1479 1923 1670 1957; x_wconf 88' lang='lat' dir='ltr'>auctoritate</span> <span class='ocrx_word' id='word_1_462' title='bbox 1693 1928 1724 1956; x_wconf 88' lang='lat' dir='ltr'>et</span> <span class='ocrx_word' id='word_1_463' title='bbox 1756 1928 1869 1956; x_wconf 87' lang='lat' dir='ltr'>tenore</span> 
     </span>
     <span class='ocr_line' id='line_1_83' title="bbox 1119 1979 1545 2025; baseline -0.009 -11"><span class='ocrx_word' id='word_1_464' title='bbox 1119 1980 1302 2025; x_wconf 82' lang='lat' dir='ltr'>praedictis,</span> <span class='ocrx_word' id='word_1_465' title='bbox 1327 1979 1545 2021; x_wconf 78' lang='lat' dir='ltr'>indulgemus.</span> 
     </span>
    </p>

    <p class='ocr_par' dir='ltr' id='par_1_34' title="bbox 1164 2030 1871 2078">
     <span class='ocr_line' id='line_1_84' title="bbox 1164 2030 1871 2078; baseline -0.003 -12"><span class='ocrx_word' id='word_1_466' title='bbox 1164 2035 1180 2078; x_wconf 62' lang='grc' dir='ltr'><strong>ἓ</strong></span> <span class='ocrx_word' id='word_1_467' title='bbox 1203 2033 1256 2066; x_wconf 69' lang='grc' dir='ltr'>ΕΗ.</span> <span class='ocrx_word' id='word_1_468' title='bbox 1278 2033 1410 2066; x_wconf 81' lang='lat' dir='ltr'>Necnon</span> <span class='ocrx_word' id='word_1_469' title='bbox 1439 2037 1504 2065; x_wconf 89' lang='lat' dir='ltr'>tam</span> <span class='ocrx_word' id='word_1_470' title='bbox 1530 2030 1706 2076; x_wconf 86' lang='lat' dir='ltr'>praedictis</span> <span class='ocrx_word' id='word_1_471' title='bbox 1733 2030 1768 2064; x_wconf 89' lang='lat' dir='ltr'>in</span> <span class='ocrx_word' id='word_1_472' title='bbox 1785 2030 1871 2064; x_wconf 90' lang='lat' dir='ltr'>Urbe</span> 
     </span>
    </p>
   </div>
   <div class='ocr_carea' id='block_1_31' title="bbox 1120 2084 1887 2130">
    <p class='ocr_par' dir='ltr' id='par_1_35' title="bbox 1120 2084 1887 2130">
     <span class='ocr_line' id='line_1_85' title="bbox 1120 2084 1887 2130; baseline -0.007 -9"><span class='ocrx_word' id='word_1_473' title='bbox 1120 2088 1254 2128; x_wconf 78' lang='lat' dir='ltr'>vicario,</span> <span class='ocrx_word' id='word_1_474' title='bbox 1271 2085 1551 2130; x_wconf 60' lang='lat' dir='ltr'>archipresbytero</span> <span class='ocrx_word' id='word_1_475' title='bbox 1568 2084 1701 2127; x_wconf 87' lang='lat' dir='ltr'>eiusque</span> <span class='ocrx_word' id='word_1_476' title='bbox 1712 2084 1832 2118; x_wconf 75' lang='lat' dir='ltr'>vicario</span> <span class='ocrx_word' id='word_1_477' title='bbox 1840 2089 1887 2117; x_wconf 79' lang='lat' dir='ltr'>et..</span> 
     </span>
    </p>
   </div>
   <div class='ocr_carea' id='block_1_32' title="bbox 1123 2137 1881 2644">
    <p class='ocr_par' dir='ltr' id='par_1_36' title="bbox 1123 2137 1881 2644">
     <span class='ocr_line' id='line_1_86' title="bbox 1123 2137 1874 2186; baseline -0.007 -11"><span class='ocrx_word' id='word_1_478' title='bbox 1123 2141 1278 2186; x_wconf 88' lang='lat' dir='ltr'>capitulo,</span> <span class='ocrx_word' id='word_1_479' title='bbox 1297 2141 1444 2174; x_wconf 87' lang='lat' dir='ltr'>locorum</span> <span class='ocrx_word' id='word_1_480' title='bbox 1475 2138 1659 2179; x_wconf 83' lang='lat' dir='ltr'>ordinariis,</span> <span class='ocrx_word' id='word_1_481' title='bbox 1679 2148 1776 2182; x_wconf 87' lang='lat' dir='ltr'>quam</span> <span class='ocrx_word' id='word_1_482' title='bbox 1803 2137 1874 2171; x_wconf 84' lang='lat' dir='ltr'>aliis</span> 
     </span>
     <span class='ocr_line' id='line_1_87' title="bbox 1124 2191 1874 2239; baseline -0.005 -11"><span class='ocrx_word' id='word_1_483' title='bbox 1124 2195 1386 2239; x_wconf 84' lang='lat' dir='ltr'>quibuscumque</span> <span class='ocrx_word' id='word_1_484' title='bbox 1409 2193 1569 2237; x_wconf 83' lang='lat' dir='ltr'>personis,</span> <span class='ocrx_word' id='word_1_485' title='bbox 1595 2191 1706 2236; x_wconf 85' lang='lat' dir='ltr'>quavis</span> <span class='ocrx_word' id='word_1_486' title='bbox 1731 2191 1874 2225; x_wconf 88' lang='lat' dir='ltr'>auctori-</span> 
     </span>
     <span class='ocr_line' id='line_1_88' title="bbox 1126 2250 1875 2296; baseline -0.007 -9"><span class='ocrx_word' id='word_1_487' title='bbox 1126 2260 1188 2287; x_wconf 84' lang='lat' dir='ltr'>tate</span> <span class='ocrx_word' id='word_1_488' title='bbox 1201 2259 1233 2287; x_wconf 87' lang='lat' dir='ltr'>et</span> <span class='ocrx_word' id='word_1_489' title='bbox 1252 2252 1406 2296; x_wconf 80' lang='lat' dir='ltr'>dignitate</span> <span class='ocrx_word' id='word_1_490' title='bbox 1425 2250 1633 2295; x_wconf 81' lang='lat' dir='ltr'>fulgentibus,</span> <span class='ocrx_word' id='word_1_491' title='bbox 1655 2261 1695 2283; x_wconf 89' lang='lat' dir='ltr'>ne</span> <span class='ocrx_word' id='word_1_492' title='bbox 1720 2259 1875 2294; x_wconf 84' lang='lat' dir='ltr'>quarum-</span> 
     </span>
     <span class='ocr_line' id='line_1_89' title="bbox 1127 2308 1877 2355; baseline -0.007 -10"><span class='ocrx_word' id='word_1_493' title='bbox 1127 2321 1268 2355; x_wconf 90' lang='lat' dir='ltr'>cumque</span> <span class='ocrx_word' id='word_1_494' title='bbox 1305 2311 1504 2351; x_wconf 81' lang='lat' dir='ltr'>facultatum,</span> <span class='ocrx_word' id='word_1_495' title='bbox 1545 2308 1790 2353; x_wconf 77' lang='lat' dir='ltr'>privilegiorum</span> <span class='ocrx_word' id='word_1_496' title='bbox 1820 2312 1877 2340; x_wconf 90' lang='lat' dir='ltr'>aut</span> 
     </span>
     <span class='ocr_line' id='line_1_90' title="bbox 1128 2356 1877 2411; baseline -0.005 -9"><span class='ocrx_word' id='word_1_497' title='bbox 1128 2370 1308 2403; x_wconf 88' lang='lat' dir='ltr'>litterarum</span> <span class='ocrx_word' id='word_1_498' title='bbox 1341 2368 1387 2402; x_wconf 89' lang='lat' dir='ltr'>eis</span> <span class='ocrx_word' id='word_1_499' title='bbox 1411 2368 1471 2401; x_wconf 84' lang='lat' dir='ltr'>sub</span> <span class='ocrx_word' id='word_1_500' title='bbox 1499 2356 1759 2411; x_wconf 82' lang='lat' dir='ltr'>quibuscumque</span> <span class='ocrx_word' id='word_1_501' title='bbox 1783 2371 1877 2399; x_wconf 88' lang='lat' dir='ltr'>teno-</span> 
     </span>
     <span class='ocr_line' id='line_1_91' title="bbox 1129 2427 1876 2470; baseline -0.007 -8"><span class='ocrx_word' id='word_1_502' title='bbox 1129 2429 1219 2462; x_wconf 87' lang='lat' dir='ltr'>ribus</span> <span class='ocrx_word' id='word_1_503' title='bbox 1238 2434 1269 2461; x_wconf 90' lang='lat' dir='ltr'>et</span> <span class='ocrx_word' id='word_1_504' title='bbox 1293 2427 1405 2461; x_wconf 83' lang='lat' dir='ltr'>formis</span> <span class='ocrx_word' id='word_1_505' title='bbox 1435 2436 1664 2461; x_wconf 84' lang='lat' dir='ltr'>concessorum</span> <span class='ocrx_word' id='word_1_506' title='bbox 1696 2429 1876 2470; x_wconf 79' lang='lat' dir='ltr'>praetextu,</span> 
     </span>
     <span class='ocr_line' id='line_1_92' title="bbox 1131 2485 1880 2532; baseline -0.008 -11"><span class='ocrx_word' id='word_1_507' title='bbox 1131 2487 1349 2532; x_wconf 85' lang='lat' dir='ltr'>praepositum</span> <span class='ocrx_word' id='word_1_508' title='bbox 1362 2513 1370 2527; x_wconf 95' lang='lat'>,</span> <span class='ocrx_word' id='word_1_509' title='bbox 1396 2486 1579 2527; x_wconf 82' lang='lat' dir='ltr'>sacristam,</span> <span class='ocrx_word' id='word_1_510' title='bbox 1595 2485 1802 2529; x_wconf 85' lang='lat' dir='ltr'>cappellanos</span> <span class='ocrx_word' id='word_1_511' title='bbox 1823 2487 1880 2516; x_wconf 88' lang='lat' dir='ltr'>aut</span> 
     </span>
     <span class='ocr_line' id='line_1_93' title="bbox 1132 2543 1879 2587; baseline -0.005 -9"><span class='ocrx_word' id='word_1_512' title='bbox 1132 2544 1350 2585; x_wconf 79' lang='lat' dir='ltr'>beneficiatos,</span> <span class='ocrx_word' id='word_1_513' title='bbox 1372 2544 1427 2587; x_wconf 91' lang='lat' dir='ltr'>qui</span> <span class='ocrx_word' id='word_1_514' title='bbox 1439 2543 1551 2577; x_wconf 86' lang='lat' dir='ltr'>clerici</span> <span class='ocrx_word' id='word_1_515' title='bbox 1561 2543 1777 2587; x_wconf 86' lang='lat' dir='ltr'>appellantur,</span> <span class='ocrx_word' id='word_1_516' title='bbox 1798 2550 1879 2585; x_wconf 80' lang='lat' dir='ltr'>prae-</span> 
     </span>
     <span class='ocr_line' id='line_1_94' title="bbox 1134 2595 1881 2644; baseline -0.008 -8"><span class='ocrx_word' id='word_1_517' title='bbox 1134 2603 1247 2644; x_wconf 86' lang='lat' dir='ltr'>dictos,</span> <span class='ocrx_word' id='word_1_518' title='bbox 1268 2602 1333 2636; x_wconf 75' lang='lat' dir='ltr'>sive</span> <span class='ocrx_word' id='word_1_519' title='bbox 1353 2612 1466 2635; x_wconf 84' lang='lat' dir='ltr'>eorum</span> <span class='ocrx_word' id='word_1_520' title='bbox 1486 2601 1626 2643; x_wconf 88' lang='lat' dir='ltr'>aliquem</span> <span class='ocrx_word' id='word_1_521' title='bbox 1647 2599 1679 2632; x_wconf 91' lang='lat' dir='ltr'>in</span> <span class='ocrx_word' id='word_1_522' title='bbox 1695 2595 1881 2643; x_wconf 84' lang='lat' dir='ltr'>praemissis</span> 
     </span>
    </p>
   </div>
   <div class='ocr_carea' id='block_1_33' title="bbox 1932 1031 2059 3228">
    <p class='ocr_par' dir='ltr' id='par_1_37' title="bbox 1932 1031 2059 3228">
     <span class='ocr_line' id='line_1_95' title="bbox 1932 1031 2059 3228; baseline 0 -2151"><span class='ocrx_word' id='word_1_523' title='bbox 1932 1031 2059 3228; x_wconf 95' lang='lat' dir='ltr'>     </span> 
     </span>
    </p>
   </div>
   <div class='ocr_carea' id='block_1_34' title="bbox 1862 1051 1976 1120">
    <p class='ocr_par' dir='ltr' id='par_1_38' title="bbox 1862 1051 1976 1120">
     <span class='ocr_line' id='line_1_96' title="bbox 1863 1051 1976 1083; baseline 0.009 -1"><span class='ocrx_word' id='word_1_524' title='bbox 1863 1061 1920 1083; x_wconf 71' lang='lat' dir='ltr'>titius</span> <span class='ocrx_word' id='word_1_525' title='bbox 1947 1051 1976 1076; x_wconf 43' lang='grc' dir='ltr'>»ἶ</span> 
     </span>
     <span class='ocr_line' id='line_1_97' title="bbox 1862 1091 1974 1120; baseline 0 -7"><span class='ocrx_word' id='word_1_526' title='bbox 1862 1091 1937 1120; x_wconf 69' lang='lat' dir='ltr'>praedi</span> <span class='ocrx_word' id='word_1_527' title='bbox 1945 1104 1952 1108; x_wconf 66' lang='lat'><em>„</em></span> <span class='ocrx_word' id='word_1_528' title='bbox 1962 1095 1974 1097; x_wconf 72' lang='grc'><em>”</em></span> 
     </span>
    </p>
   </div>
  </div>
 </body>
</html>
