2059 3228
151 253 200 279 An.
218 252 246 279 C.
265 251 332 278 1579

413 251 475 284 ⁵20ss

367 312 509 344 clavibus
543 309 701 346 obserata,
722 303 984 343 includebantur,
1006 310 1032 336 et
1056 314 1108 336 ea·
1129 308 1132 313 ¹

367 365 515 396 runtdem
547 361 684 395 clavium
703 368 767 392 una
797 368 892 401 penes
919 356 1059 400 priorem
1080 361 1110 388 et

366 422 559 449 votiventum
575 414 691 447 domus
705 411 902 449 huiusmodi,
920 410 1019 443 altera
1034 419 1108 441 voro

367 480 462 512 penes
473 473 576 500 certos
586 466 696 505 laicos,
709 463 883 498 sanctesios
894 468 1108 505 nuncupatos,

363 521 542 560 annuatim,
565 519 630 553 sive
649 518 728 552 alias
747 528 765 550 a
789 515 1019 550 communitate
1045 515 1107 547 sive

367 574 503 606 consilio
517 573 620 606 dictae
634 570 770 605 civitatis
780 571 910 607 electos,
926 568 1109 601 retineban-

364 632 434 663 tur;
455 625 596 669 dictique
616 624 689 657 laici
715 621 1026 656 administrationem
1051 620 1109 652 bu-

364 679 512 718 iusmodi,
526 679 610 711 iuxta
621 678 761 721 ipsarum
773 676 954 708 litterarum
963 679 1106 706 tenorem

363 732 425 765 illis
445 732 659 771 interdictam,
681 741 718 763 ac.
739 740 793 762 eos
817 729 855 761 ad
877 728 981 760 claves
1005 726 1107 759 dictae

362 796 476 829 capsae
485 785 589 819 eidem
600 784 699 829 priori
710 789 740 816 et
752 781 922 816 conventui
934 779 1107 813 restituen-

361 839 439 872 dum
464 844 495 872 ct
515 837 770 881 consignandum
788 835 932 867 astrictos
945 833 1042 866 tuisse
1057 843 1109 865 ac-

361 903 418 935 gre
448 893 603 932 serebant,
631 902 667 924 ac
687 892 793 923 forsan
818 887 995 920 clausulam
1019 864 1131 947 illam‘i

361 945 456 978 dictis
467 945 582 978 litteris
592 944 786 983 adiunctam,
801 952 840 974 ne
852 940 972 974 scilicet
986 944 1108 972 tutores
1125 952 1130 988 3

360 1004 415 1031 aut
439 1005 604 1031 curatores
635 1008 690 1029 scu
721 1000 947 1040 procuratores
981 998 1012 1026 et
1044 991 1107 1025 alio

359 1051 490 1085 nomine
514 1050 661 1084 sanctesii
679 1057 733 1082 aut
752 1048 830 1081 alias
849 1046 1027 1090 nuncupati
1047 1045 1105 1078 soli

360 1105 399 1137 de
419 1104 540 1137 eisdem
557 1103 649 1136 bonis
667 1101 831 1135 ullomodo
851 1100 1022 1144 disponere
1035 1109 1108 1142 pos-

359 1164 442 1197 sent,
453 1163 565 1191 contra
586 1161 726 1189 mentem
743 1154 844 1198 ipsius
856 1153 900 1186 Pii
917 1153 1106 1196 praedeces-

359 1211 452 1251 soris,
476 1210 600 1242 sinistre
626 1207 936 1252 interpretabantur,
964 1216 1002 1238 ac
1030 1205 1107 1249 ipsis

358 1263 544 1296 huiusmodi
568 1260 879 1295 administrationem
896 1269 961 1292 non
982 1258 1106 1302 simpli—

360 1316 438 1348 citer
451 1314 666 1354 interdictam,
686 1313 740 1346 sed
757 1323 797 1345 ne
814 1312 873 1356 ipsi
890 1311 949 1344 soli
969 1310 1106 1343 admini-
1124 1314 1128 1377 Ἰ

359 1375 497 1402 strarent
522 1368 691 1400 limitatam
716 1366 812 1399 fuisse
839 1364 1104 1409 praetendebant,
1124 1387 1127 1401 ι

959 239 1136 275 mnan-u
1157 251 1306 275 anit-mint

1150 307 1273 340 ctuum,
1287 302 1470 336 reddituum
1484 307 1514 337 et
1528 308 1754 347 proventuum,
1768 313 1895 338 necnon

1149 365 1428 398 quarumcumque
1449 356 1646 389 oblationum
1668 361 1698 389 et
1722 356 1896 401 eleemosy-

1149 417 1265 439 narum
1290 406 1336 440 eis
1355 407 1388 440 in
1407 414 1572 451 posterum
1593 408 1827 447 faciendarum,
1854 409 1894 442 li-

1149 461 1257 493 beram
1278 466 1309 493 et
1327 461 1547 495 omnimodam
1566 461 1891 503 administrationem,

1149 512 1418 555 distributionem,
1441 514 1645 558 fabricaeque
1665 515 1768 548 dictae
1788 516 1894 549 eccle-

1148 566 1213 599 siae
1238 577 1349 599 curam
1383 572 1414 600 et
1450 567 1612 610 regimen,
1640 568 1684 601 ita
1715 568 1801 610 quod
1833 567 1894 612 ipsi

1148 619 1238 662 prior
1267 624 1297 652 et
1316 620 1441 661 fratres,
1464 620 1594 653 semotis
1619 626 1651 654 et
1669 621 1805 654 exclusis
1823 631 1895 654 san-

1148 672 1255 705 ctesiis
1287 683 1344 706 seu
1372 673 1565 706 officialibus
1597 673 1802 714 huiusmodi,
1837 674 1892 718 qui

1149 724 1341 759 intervenire
1361 731 1605 767 consueverant,
1634 726 1673 760 de
1688 726 1765 770 ipsis
1780 727 1892 760 fructi-

1146 779 1218 819 bus,
1240 779 1462 822 proventibuS‚
1484 779 1694 824 eleemosynis
1708 786 1740 813 et
1757 780 1894 813 oblatio-

1146 829 1241 864 nibus
1264 832 1448 875 disponere,
1469 831 1605 875 illosque
1625 831 1658 865 in
1682 832 1837 866 ecclesiae
1863 839 1894 866 et

1146 890 1320 918 conventus
1345 885 1585 929 praedictorum
1619 885 1789 926 utilitatem
1809 885 1894 930 ipso-

1146 947 1285 982 rumque
1315 939 1581 972 sustentationem
1619 944 1820 981 convertere,
1861 945 1894 972 et

1146 990 1223 1023 alias
1245 991 1333 1024 iuxta
1359 991 1501 1035 ipsarum
1522 992 1702 1025 litterarum
1727 992 1803 1034 vim,
1825 992 1891 1026 for-

1146 1054 1231 1076 mam
1255 1049 1286 1078 et
1309 1050 1455 1079 tenorem
1480 1045 1582 1078 libere
1602 1051 1733 1089 possent
1755 1051 1786 1079 et
1808 1046 1892 1079 vale-

1146 1102 1228 1137 rent,
1250 1097 1416 1139 concessit,
1442 1098 1578 1131 irritanti
1603 1099 1732 1132 decreto
1752 1098 1892 1144 desuper

1145 1150 1305 1194 apposito,
1336 1157 1432 1195 prout
1457 1151 1489 1184 in
1523 1152 1655 1185 diversis
1687 1152 1889 1196 singulorum

1145 1204 1428 1247 praedecessorum
1449 1205 1687 1248 praedictorum
1707 1206 1820 1239 litteris
1832 1206 1889 1240 de-

1144 1267 1241 1300 super
1265 1256 1418 1290 confectis
1438 1258 1566 1301 plenius
1586 1259 1780 1292 continetur.

1984 1153 2002 1199 ὲ

1189 1309 1204 1352 ἓ
1221 1308 1253 1343 8.
1272 1310 1334 1343 Nos
1355 1310 1465 1353 igitur,
1484 1312 1667 1344 ‘ecclesiam
1696 1317 1728 1345 et
1755 1312 1886 1345 domum
1901 1206 2011 1384 confir}

1901 1359 1972 1377 toi-aru
1978 1378 1988 1382 μ

1145 1362 1330 1396 huiusmodi
1348 1374 1413 1396 non
1431 1363 1549 1396 minori
1574 1375 1672 1408 quam
1694 1364 1770 1398 dicti
1791 1375 1886 1409 prae-

1908 249 1950 278 An
1995 272 2002 280 .

360 1427 455 1465 atque
474 1421 546 1454 inde
558 1431 591 1453 se
612 1420 750 1463 desuper
764 1419 905 1462 priorem
922 1423 953 1450 et
970 1427 1107 1450 conven-
1124 1412 1128 1459 l
1144 1415 1320 1449 decessoris
1331 1416 1430 1449 nostri
1444 1417 1546 1459 gratia
1559 1417 1790 1451 etliberalitate
1801 1428 1888 1452 corn-

359 1480 429 1507 tum
448 1474 627 1517 praedictos
647 1473 816 1505 molestare
840 1472 920 1504 velle
934 1471 1104 1511 iactabant,
1123 1462 1128 1503 l
1145 1469 1241 1512 plecti
1260 1480 1298 1503 ac
1317 1470 1350 1502 in
1369 1470 1434 1503 suis
1452 1470 1627 1514 privilegiis
1646 1476 1676 1504 et
1698 1471 1887 1505 immunita-

361 1527 627 1569 occasionemque
642 1524 1105 1567 controvertendiquic-rebant,
1124 1519 1125 1528 ¹
1146 1523 1231 1556 tibus
1249 1523 1422 1556 confovere
1438 1524 1598 1563 volentes,
1620 1524 1770 1568 ipsosque
1798 1525 1888 1569 prio-

360 1581 447 1614 idem
481 1580 554 1612 Pius
584 1579 714 1622 quintus
736 1578 966 1621 praedecessor
985 1577 1107 1610 litteras
1144 1587 1212 1609 rem
1230 1580 1261 1609 et
1280 1576 1394 1609 fratres
1417 1587 1454 1610 ac
1474 1587 1586 1610 eorum
1611 1577 1755 1620 singulos
1773 1588 1792 1610 a
1813 1578 1895 1621 qui<

360 1633 551 1678 praedictas,
572 1642 645 1664 cum
666 1631 816 1664 omnibus
840 1630 873 1663 in
892 1630 954 1663 illis
973 1635 1106 1663 conten-
1124 1672 1127 1700 ι
1144 1629 1253 1662 husvis
1284 1629 1645 1668 excommunicationis,
1671 1631 1887 1674 suspensionis

360 1686 401 1719 tis
421 1685 584 1725 clausulis,
607 1684 795 1717 auctoritate
816 1683 990 1727 praedicta,
1018 1687 1107 1715 motu
1125 1701 1126 1705 =

360 1740 494 1785 proprio
519 1746 549 1772 et
570 1750 606 1772 ex
627 1744 714 1772 certa
738 1738 806 1771 eius
833 1738 967 1771 scientia
987 1737 1106 1770 confir-
1125 1783 1127 1786 Ι

361 1794 469 1834 mavit,
497 1804 545 1833 ac,
568 1803 625 1836 pro
657 1792 775 1836 potiori
806 1792 942 1831 cautela,
964 1791 1107 1824 officium

361 1854 392 1881 et
406 1848 622 1880 interventum
643 1846 873 1878 sanctesiorum
891 1856 946 1878 seu
970 1845 1033 1878 alio
1050 1855 1107 1878 no-
1125 1869 1126 1872 η

362 1901 450 1934 mine
463 1904 722 1943 nuncupatorum
738 1898 893 1931 laicorum
905 1898 1107 1931 administra-

360 1960 468 1987 torum
504 1952 690 1986 huiusmodi
723 1951 756 1984 in
788 1951 863 1994 ipsis
887 1957 1046 1984 conventu
1077 1957 1108 1984 et

361 2005 510 2046 ecclesia,
530 2016 567 2038 ac
595 2005 726 2038 illorum
751 2014 869 2037 nomen
898 2009 929 2036 et
958 2003 1126 2045 denomi-;

359 2059 526 2093 nationem
546 2057 732 2102 suppressit,
761 2056 903 2096 extinxit,
926 2056 1060 2089 cassavit
1075 2061 1127 2106 et5

360 2111 538 2145 annullavit
551 2123 558 2152 3
573 2121 700 2144 necnon
721 2109 954 2149 communitati,
973 2109 1106 2142 consilio

360 2171 391 2198 et
406 2165 597 2199 officialibus
614 2163 748 2197 civitatis
767 2163 951 2195 huiusmodi
973 2173 1009 2195 ac
1036 2162 1105 2205 qui-

360 2218 561 2261 buscumque
581 2217 663 2258 aliis,
686 2217 724 2249 ad
745 2226 825 2260 quos
849 2215 961 2248 similis
992 2176 1125 2261 electio'

1145 1688 1174 1715 et
1192 1682 1353 1716 interdicti
1372 1682 1507 1726 aliisque
1525 1682 1751 1716 ecclesiasticis
1765 1689 1890 1717 senten-

1146 1735 1208 1776 tiis,
1231 1735 1376 1769 censuris
1392 1742 1423 1769 et
1441 1735 1565 1780 poeniS‚
1588 1747 1606 1769 a
1623 1736 1694 1769 iure
1709 1737 1758 1769 vel
1774 1737 1814 1770 ab
1834 1737 1890 1770 ho-

1144 1789 1243 1830 mine,
1265 1789 1378 1833 quavis
1403 1789 1571 1823 occasione
1596 1790 1645 1822 vel
1665 1800 1773 1831 causa,
1798 1790 1888 1830 latis,

1125 1850 1126 1853 ’
1144 1842 1299 1885 siquibus
1315 1842 1558 1886 quomodolibet
1575 1842 1719 1876 innodati
1736 1843 1887 1884 existunt,

1124 1896 1184 1929 {ad
1203 1895 1354 1928 effectum
1379 1893 1598 1939 praesentium
1624 1896 1790 1929 dumtaxat
1809 1907 1888 1930 con-

1143 1948 1354 1991 sequendum,
1376 1948 1597 1981 harumserie
1628 1948 1827 1982 absolventes
1857 1953 1890 1982 et

1143 2001 1306 2034 absolutos
1323 2001 1391 2034 sore
1424 2005 1600 2041 censentes,
1625 1999 1752 2034 necnon
1780 2001 1889 2045 singu-

1124 2049 1249 2087 {larum
1286 2054 1467 2087 litterarum
1491 2054 1733 2098 praedictarum
1759 2060 1888 2089 tenores

1143 2107 1366 2152 praesentibus
1410 2117 1466 2151 pro
1507 2107 1663 2151 expressis
1703 2108 1858 2142 babentes
1877 2130 1917 2149 ,-

1144 2166 1234 2193 motu
1264 2160 1410 2204 proprio,
1437 2170 1501 2193 non
1525 2160 1567 2193 ad
1596 2160 1741 2204 ipsorum
1770 2161 1888 2204 prioris

1144 2219 1174 2246 ct
1206 2214 1342 2246 fratrum
1367 2213 1416 2246 vel
1449 2214 1586 2246 alicuius
1617 2224 1729 2246 eorum
1757 2224 1817 2257 pro
1843 2214 1889 2248 cis

360 2277 391 2304 et
419 2271 582 2315 deputatio
617 2271 656 2304 de
684 2270 756 2303 iure
792 2269 840 2302 vel
873 2267 1234 2308 consuetudinemobis
1258 2276 1355 2310 super
1388 2267 1450 2300 hoc
1481 2267 1607 2300 oblatae
1640 2267 1803 2311 petitionis
1840 2267 1889 2300 in-

360 2329 482 2366 spectat
508 2329 538 2357 et
566 2323 724 2368 pertinet,
754 2333 794 2356 ne
821 2323 854 2355 in
879 2327 1041 2366 posterum
1072 2321 1104 2352 in
1123 2323 1125 2329 ’
1143 2319 1302 2360 stantiam,
1323 2320 1377 2353 sed
1405 2320 1444 2353 de
1466 2331 1554 2353 mera
1584 2320 1774 2361 liberalitate
1798 2326 1829 2354 et
1850 2331 1888 2353 ex

361 2377 547 2409 huiusmodi
578 2377 700 2418 officio,
733 2376 889 2410 electione
917 2386 973 2408 scu
1001 2374 1102 2406 admi-
1123 2378 1230 2405 zcerta
1269 2373 1401 2406 scientia
1442 2373 1561 2406 nostris
1588 2373 1729 2416 singulas
1765 2373 1887 2407 litteras

360 2429 550 2463 nis-tratione
580 2440 613 2462 se
643 2429 895 2463 intromitterent
929 2427 1105 2461 districtius
1122 2420 1126 2444 -2
1143 2426 1418 2469 praedictas,cum
1432 2425 1691 2466 inhibitionibus,
1714 2425 1884 2465 mandatis,

362 2477 518 2518 inhibuit3
549 2490 586 2512 ac
614 2479 716 2512 eidem
746 2478 848 2522 priori
877 2483 909 2510 et
939 2476 1101 2515 fratribus,
1120 2456 1126 2490 ὁ
1143 2474 1279 2514 statutis,
1299 2475 1446 2515 decretis,
1463 2473 1736 2517 derogationibus,
1759 2473 1887 2517 privile-

360 2532 438 2559 tunc
463 2532 493 2560 et
517 2538 576 2571 pro
603 2533 747 2572 tempore
776 2525 983 2560 existentibus
1008 2525 1102 2557 simul
1143 2524 1214 2566 giis,
1240 2523 1383 2564 indultis,
1409 2523 1675 2567 exemptionibus,
1699 2522 1907 2576 immunita3

359 2580 392 2607 et
421 2575 454 2607 in
486 2575 625 2609 solidum
656 2576 800 2609 omnium
829 2581 860 2609 et
898 2574 1100 2617 singulorum
1144 2573 1240 2612 ithus,
1263 2571 1373 2616 gratiis
1390 2582 1427 2605 ac
1443 2572 1593 2606 omnibus
1612 2576 1643 2605 et
1658 2571 1794 2614 singulis
1815 2571 1886 2604 aliis

361 2622 467 2657 dictae
504 2624 619 2657 domus
651 2625 811 2659 bonorum
846 2635 882 2658 ac
919 2623 1004 2657 illius
1034 2623 1101 2656 l'ru-
1143 2620 1395 2656 clausulisineis
1412 2620 1582 2662 contentis,
1594 2618 1783 2653 auctoritate
1796 2629 1886 2663 prae-

1963 602 1998 955 -ffvw-w'svmfflob
1976 533 1990 583 m·
1971 494 1990 522 ‘m

1987 1128 2001 1138 ι·
1989 1109 1998 1115 ι
1982 968 2000 1099 ·“4>''.'

1900 1382 2002 1421 etatum-'25

1992 1428 2002 1447 ἶ

1987 1467 2002 1492 =·.'

1984 1975 2006 2129 νΊόνῐι-*ΛᾸΊ
1992 1902 2008 1958 ,φ’-π
1997 1814 2004 1870 „1⁴

1992 2546 1999 2554 V
1990 2495 2002 2531 ψ·-
1983 2181 2009 2461 -·ΘΜὸὖέ<-Ὶῆ“ἓ’νό;ηνὲνν
1990 2137 2004 2162 ¹2·

1990 2618 2003 2634 ae
