2059 3228
328 201 390 234 8⁶30

281 261 442 294 vatoribus
467 266 495 294 et
522 258 723 301 magistratui
751 255 972 291 commisimus
1002 257 1033 287 et

283 312 504 346 mandavimus
523 317 557 345 ut
582 311 619 343 ad
647 309 864 342 moderandos
883 311 1033 350 sumptus

282 365 467 399 huiusmodi
483 369 684 408 opportunas
703 361 903 395 conficerent
926 360 1030 394 refor-

281 419 449 452 mationes.

325 474 339 513 ,Ε
365 472 394 504 ’1.
426 471 508 511 Qui,
537 470 689 504 mandato
717 474 830 502 nostro
857 472 1028 512 parentes,

86 540 119 559 nu
134 530 187 559 {mu
203 539 255 561 rer...
281 536 343 558 una
367 535 441 558 cum
462 524 609 557 civilibus
628 522 751 566 aliquot
777 533 814 554 ex
833 531 1029 564 unaquaque

86 570 381 625 ξ’ζζῗζζῗξζζςξζζζάἰυιῑω
401 578 495 611 Urbis
518 576 652 620 regione
668 576 707 609 ad
727 575 758 608 id
779 574 954 618 deputatis,
977 584 1030 606 eas

86 630 224 683 Efflffljflflffl
234 633 269 653 ⁶⁰·
279 631 499 676 praesentium
520 636 705 674 temporum
727 627 904 662 conditioni
920 632 1030 660 etmo-

281 686 370 719 ribus
401 684 663 719 accommodatas
691 686 959 727 composuerunt,
992 691 1029 713 ae

279 744 399 784 postea,
414 744 479 772 tam
499 749 517 771 a
536 737 725 780 magistratu
746 745 842 780 quam
859 745 877 767 a
892 735 1027 778 deputa-

277 792 318 826 tis
336 792 512 837 praedictis
531 791 742 834 subscriptas,
763 789 857 822 nobis
877 798 1028 832 praesen-

280 852 400 880 tarunt.

322 900 337 944 ξ
361 900 394 933 9.
419 900 483 933 Nos
511 909 599 937 vero,
628 897 798 941 cupientes
823 907 892 930 rem
922 896 1026 940 ipsam

111 967 263 988 marat-1³1·-
281 959 429 987 ieeurate
459 958 490 986 et
524 952 631 985 debita
660 949 953 994 circumspectione
973 949 1028 981 ab·

84 998 366 1050 {24:¹³‘„33,5„.‘2}÷01v1,
395 1006 522 1039 ditet-ns
551 1005 626 1038 tatis
650 1004 768 1038 nostris
788 1003 868 1036 tutio
888 1001 1026 1035 Antonio

83 1061 265 1113 {gfffjgimmfflss}
280 1061 307 1093 ἶ.
333 1059 571 1093 Bartholomaei
602 1059 633 1091 in
654 1057 761 1091 Insula
781 1056 813 1089 S.
839 1055 1024 1095 Severinae,

83 1122 229 1148 periet-erunt.
276 1124 403 1147 necnon
422 1111 566 1155 Scipioni
587 1112 618 1145 S.
641 1110 801 1144 Simeonis
814 1109 1025 1147 Lancellotto‚

275 1177 312 1200 ae
331 1166 471 1200 Henrico
491 1166 522 1199 S.
538 1165 759 1198 Pudentianae
772 1164 921 1202 Caetano,
938 1172 1024 1201 mox,

276 1221 344 1254 istis
363 1221 491 1253 duobus
503 1220 618 1252 ultimo
630 1218 726 1251 dietis
737 1216 936 1256 absentibus,
950 1215 1027 1258 Hip-

274 1274 383 1318 polyto
403 1273 436 1307 S.
458 1271 618 1305 Pancratii
637 1269 894 1309 Aldobrandino,
913 1280 949 1302 ae
970 1279 1027 1302 no-

274 1328 403 1360 vissime
427 1326 566 1359 Antonio
582 1325 688 1358 Mari-te
709 1324 849 1358 Salviato
860 1323 891 1356 S.
909 1323 1026 1356 Mariae

276 1381 308 1413 in
325 1380 459 1424 Aquiro,
487 1379 654 1413 titulorum
673 1377 869 1421 presbyteris
882 1376 1027 1410 cardina—

275 1434 361 1467 libus
393 1432 608 1477 nuneupatis‚
640 1432 788 1465 dedimus
808 1431 841 1464 in
866 1430 1026 1464 mandatis

276 1493 313 1521 ut
332 1487 461 1521 easdem
481 1486 728 1520 reformationes
754 1484 924 1527 diligenter
943 1484 1025 1518 revi-

275 1542 388 1574 derent
411 1546 444 1574 et
467 1539 706 1579 examinarent3
728 1538 784 1581 qui
804 1537 1024 1582 postmodum,

275 1593 459 1627 convocatis
501 1593 589 1626 dicto
628 1592 838 1635 magistratu,
887 1597 1027 1634 quatuor

277 1646 427 1690 praelatis
447 1646 616 1689 utriusque
633 1646 814 1688 signaturae
830 1651 959 1678 nostrae
974 1655 1026 1678 re-

277 1699 467 1733 ferendariis
492 1699 657 1739 Romanis,
681 1705 711 1731 et
732 1703 855 1741 septem
876 1709 912 1731 ex
933 1697 1026 1732 dictis

277 1764 334 1796 per
356 1752 499 1796 singulas
526 1753 674 1795 regiones
698 1751 871 1796 deputatis,
898 1751 1026 1795 saepius

278 1806 408 1838 insimul
429 1806 488 1838 hae
509 1806 547 1838 de
568 1815 665 1837 eausa
692 1807 867 1848 respective
893 1815 1028 1848 congre-

278 1860 354 1900 gati,
386 1859 506 1893 eisdem
539 1859 824 1892 reformationibus
857 1858 1028 1901 diiigenter

278 1913 416 1946 excussis
440 1924 478 1945 ac
498 1912 660 1955 sigillatim
682 1912 884 1950 examinatis,
911 1912 972 1945 alia
993 1924 1025 1945 e-

279 1967 484 2006 mendarunt,
507 1965 567 1998 alia
584 1966 849 2009 explanaverunt,
870 1967 1026 1999 nonnulla

278 2020 483 2060 addiderunt,
505 2030 623 2063 easque
644 2019 675 2052 in
694 2019 860 2052 meliorem
878 2020 1026 2053 ordinem

279 2074 424 2107 redactas
453 2073 547 2107 nobis
576 2073 805 2107 exhibuerunt.
832 2074 875 2106 A«
896 2074 1026 2106 demum

278 2138 352 2160 cum
386 2126 573 2160 huiusmodi
605 2127 864 2168 reformationes,
900 2128 932 2160 in
966 2128 1029 2171 pri-

278 2186 349 2214 vato
384 2180 581 2225 publicoque
622 2180 756 2214 consilio
789 2181 932 2214 eiusdem
970 2192 1027 2224 po-

279 2234 347 2277 puli
378 2235 563 2278 propositae
593 2245 700 2279 nuper
719 2240 749 2267 ct
776 2235 937 2278 perlectae
961 2236 1029 2267 fue-

281 2293 368 2320 runt.

324 2340 338 2384 ξ
357 2340 388 2374 3.
415 2341 490 2382 Nos,
513 2342 681 2385 cupientes
702 2342 774 2374 illas
802 2341 954 2374 inviolate
975 2342 1030 2374 ob-

88 2393 269 2444 dfiofflrnssaffij
281 2389 417 2442 sot-vari,
439 2396 528 2443 motu
555 2395 613 2423 etc.
636 2390 731 2444 simili
753 2396 781 2423 et
803 2402 839 2423 ex
861 2396 950 2423 certa
970 2401 1029 2423 no-

88 2453 121 2473 ,ει
137 2455 213 2473 ΜΠ,
232 2442 346 2473 ,μευ-ιι
374 2444 518 2479 scientia,
544 2440 793 2472 reformationes
813 2439 909 2483 ipsas,
931 2445 1030 2483 prout

87 2483 233 2505 '⁰¹¹²‘²¹³⁰¹¹‘³'·¹
283 2483 417 2517 inferius
437 2486 617 2530 descriptae
633 2493 720 2527 sunt,
739 2499 813 2521 cum
831 2488 983 2521 omnibus
998 2493 1031 2520 et

282 2533 540 2577 quibuscumque
562 2535 593 2568 in
619 2536 664 2569 eis
689 2537 859 2577 contentis,
891 2536 1031 2569 auctori-

283 2586 346 2614 tate
368 2583 557 2625 apostolica,
583 2591 740 2628 perpetuo
761 2586 981 2629 approbamus
1000 2591 1031 2620 et

87 205 140 234 Au.
157 214 176 235 ι.
200 209 267 238 1586

875 204 1055 229 mtttttmt'at
1078 203 1228 229 ROMANI'M

1073 253 1317 294 confirmamus,
1339 254 1468 298 illisque
1486 260 1660 298 perpetuae
1681 260 1712 288 et
1722 253 1821 287 invio-

1072 305 1179 339 labilis
1197 306 1362 340 firmitatis
1380 307 1482 339 robur
1501 306 1680 347 adiieimuS,
1702 316 1820 350 easque

1072 359 1241 402 praesentis
1250 359 1359 404 scripti
1374 358 1554 403 patrocinio
1571 359 1820 400 communimus,

1071 422 1250 455 omnesque
1270 417 1300 445 et
1316 412 1459 455 singulos
1478 412 1571 452 iuris,
1592 412 1666 446 faeti
1685 418 1716 445 et
1737 412 1819 445 sole-

1073 464 1255 506 mnitatum,
1284 465 1381 498 etiam
1405 465 1678 505 substantialium,
1709 465 1742 498 in
1775 465 1820 498 eis

1071 517 1179 551 forsan
1208 518 1400 552 emissarum
1427 518 1582 560 defectus,
1611 518 1695 561 siqui
1720 517 1822 551 inter-

1070 571 1226 611 venerint,
1240 572 1442 616 supplemus,
1465 576 1496 604 et
1516 582 1575 616 pro
1595 571 1725 604 illarum
1745 571 1821 604 suh-

1070 623 1212 657 sistentia
1229 624 1378 665 firmiori,
1397 623 1624 668 quaecumque
1639 624 1673 657 in
1692 623 1820 668 praedi-

1069 677 1128 710 ctis
1143 678 1428 712 reformationibus
1447 678 1665 718 eontinentur,
1680 677 1719 711 de
1738 687 1820 711 novo

1069 732 1181 765 eadem
1206 732 1401 766 auctoritate
1420 737 1579 776 perpetuo
1597 731 1769 765 statuimus
1787 736 1821 764 et

1068 785 1269 827 ordinamus,
1289 797 1326 819 ae
1346 796 1459 819 omnes
1471 791 1819 829 etquaseumqueper-

1067 850 1163 873 sonas
1194 840 1365 884 utriusque
1394 850 1499 880 sexus,
1534 837 1675 872 euiusi'is
1703 843 1817 879 status,

1068 893 1198 935 gradus,
1221 893 1416 926 conditionis
1429 898 1459 925 et
1474 891 1740 936 przeeminentiae
1752 892 1819 926 fue·-

1068 946 1143 987 rint,
1163 946 1195 979 in
1217 947 1328 980 eadem
1348 946 1434 980 Urbe
1447 946 1640 986 habitantes,
1657 945 1819 983 etiamad-

1067 1010 1163 1033 renas
1187 1006 1218 1034 et.
1247 1000 1398 1040 curiales,
1427 1000 1467 1033 ad
1496 999 1684 1032 earumdem
1713 998 1816 1031 refor-

1067 1053 1246 1087 tnationum
1272 1053 1528 1087 observationem
1554 1052 1670 1094 teneri,
1700 1058 1731 1086 et
1753 1052 1817 1085 illis
1847 1084 1850 1086 ,

1068 1107 1201 1141 omnino
1225 1107 1362 1151 obligari
1391 1106 1597 1140 decernimus
1619 1112 1653 1140 et
1671 1106 1816 1140 deelara-

1066 1172 1150 1195 ntus.

1111 1216 1126 1259 g
1149 1215 1181 1248 4.
1204 1215 1335 1249 Necnon
1356 1215 1481 1249 dilectis
1504 1215 1580 1248 siliis
1600 1210 1742 1249 eiusdem
1759 1215 1818 1248 Ur-

1044 1286 1048 1344 Ι
1066 1269 1115 1302 bis
1134 1269 1346 1312 gubernatori
1371 1275 1401 1302 et
1420 1268 1560 1302 senatori
1580 1279 1616 1302 ac
1643 1278 1815 1302 conserva·
1827 1289 1896 1314 μω,
1911 1280 1940 1309 ,ι’
2022 1296 2025 1305 ,

1045 1346 1048 1355 .
1068 1322 1192 1355 toribus

1044 1356 1048 1378 1
1215 1322 1398 1366 praedietis,
1420 1332 1509 1356 nune
1529 1327 1560 1355 et
1582 1332 1643 1366 pro
1668 1328 1815 1366 tempore

1067 1376 1287 1418 existentibus,
1309 1376 1342 1409 in
1361 1376 1502 1409 solidum
1521 1375 1665 1409 districte
1688 1375 1815 1420 praeci-

1066 1430 1186 1475 piendo
1214 1431 1406 1464 mandamus
1424 1435 1460 1463 ut
1482 1434 1548 1462 tam
1567 1429 1766 1473 gubernator
1783 1436 1815 1463 et

1067 1489 1198 1517 senator
1211 1483 1368 1527 praedicti
1379 1489 1411 1528 et
1427 1493 1541 1517 eorum
1553 1482 1703 1526 quilibet,
1716 1493 1813 1527 quam

1067 1537 1164 1570 etiam
1180 1537 1240 1581 ipsi
1261 1541 1502 1570 conservatores
1518 1541 1634 1570 curent
1647 1540 1678 1569 et
1697 1536 1816 1570 saciant

1067 1591 1315 1624 reformationes
1333 1589 1519 1623 huiusmodi
1538 1594 1698 1633 perpetuo
1717 1594 1749 1623 et
1765 1588 1814 1622 in·-

1066 1645 1261 1678 violabiliter
1285 1643 1460 1683 observari,
1487 1647 1518 1676 et
1537 1642 1575 1675 ad
1593 1642 1723 1675 illarum
1740 1652 1814 1676 exe·
1851 1679 1854 1681 ,

1068 1699 1244 1739 cntionem,
1264 1697 1361 1731 etiam
1381 1696 1488 1741 quoad
1511 1706 1641 1740 poenas
1660 1695 1730 1729 sine
1748 1696 1814 1729 ulla

1067 1763 1123 1796 spe
1143 1751 1353 1791 remissionis,
1370 1749 1514 1795 procedi.
1538 1749 1686 1783 volentes
1697 1748 1816 1782 nihilo-

1067 1805 1175 1839 minus
1194 1810 1229 1838 ut
1248 1804 1390 1838 cuiusvis
1417 1803 1525 1837 euriae
1553 1808 1610 1836 aut
1646 1802 1817 1836 tribunalis

1067 1859 1171 1893 dietae
1197 1859 1291 1892 Urbis
1314 1863 1510 1898 executores,
1535 1866 1756 1901 quascumque
1776 1867 1815 1889 u-

1067 1913 1212 1956 triusque
1230 1923 1325 1946 sexus
1343 1922 1508 1956 personas,
1531 1921 1611 1954 quas
1629 1909 1816 1944 huiusmodi

1045 1955 1049 1995 l
1067 1966 1353 2000 reformationibus
1362 1964 1582 1998 contravenire
1593 1963 1816 2007 deprehende-

1067 2021 1145 2059 rint,
1172 2027 1295 2060 notare,
1327 2030 1364 2052 ae
1389 2017 1481 2051 dictis
1504 2016 1667 2051 iudicibus
1690 2017 1816 2051 deferre

1068 2080 1097 2108 et
1115 2073 1325 2107 denunciare.

1113 2129 1127 2169 ,ξ
1151 2127 1182 2160 5.
1210 2126 1340 2159 Necnon
1359 2123 1564 2158 decernimus
1587 2124 1675 2168 quod
1706 2123 1818 2158 huius-

1047 2185 1050 2219 ἤ
1069 2181 1155 2213 modi
1178 2179 1279 2213 nostri
1299 2185 1406 2212 motus
1424 2177 1550 2222 proprii
1569 2178 1638 2211 sola
1653 2176 1818 2221 signatura

1047 2223 1050 2265 l
1069 2234 1218 2273 suttieiat,
1240 2233 1343 2276 isque,
1370 2232 1467 2265 etiam
1490 2241 1557 2264 non
1573 2230 1817 2274 registratus,in

1047 2271 1051 2345 Ι
1070 2287 1192 2320 iudicio
1210 2292 1237 2320 et
1256 2292 1344 2320 extra
1359 2285 1440 2318 illud
1453 2285 1582 2330 plenam
1594 2284 1691 2318 fidem
1711 2284 1817 2326 faeiat,

1047 2342 1181 2382 ¹regula
1202 2340 1364 2374 contraria
1387 2350 1453 2372 non
1477 2339 1634 2372 obstante.
1668 2338 1707 2371 Et
1729 2337 1817 2382 quod

1048 2369 1052 2429 Ι
1071 2390 1206 2423 inferius
1243 2389 1411 2433 descriptis
1451 2386 1735 2421 reformationibus
1781 2397 1819 2420 ae

1048 2432 1052 2464 Ι
1070 2439 1230 2483 praesenti
1253 2445 1362 2471 nostro
1379 2438 1479 2471 motui
1499 2437 1632 2481 proprio
1652 2447 1689 2469 ac
1708 2436 1818 2480 dispo-

1071 2488 1178 2521 sitioni
1198 2488 1293 2521 etiam
1315 2498 1374 2532 per
1392 2497 1451 2520 nos
1479 2492 1509 2520 et
1533 2496 1736 2520 successores
1762 2495 1819 2518 no-

1070 2543 1152 2571 stt-os
1190 2547 1365 2580 numquam
1401 2535 1598 2568 sufficienter
1629 2535 1816 2576 derogatum

1071 2592 1254 2628 censeatur,
1276 2585 1337 2619 nisi
1361 2585 1450 2629 prius
1470 2584 1644 2618 accedente
1667 2590 1817 2626 expresso

1836 196 1889 226 An.
1905 193 1955 224 G
1966 212 1977 237 ἦ
1988 194 1993 232 j
2005 212 2008 223 κ

1843 1224 1913 1247 Rutu
1928 1226 1931 1227 ⁷
1943 1228 1946 1229 ⁷

1829 1255 1928 1278 tom-tio
1942 1259 1964 1276 r>

1830 1312 1954 1341 nieutona-¹2
1965 1322 1981 1349 ζ

1829 1350 1878 1372 dem
1890 1355 1954 1371 con-

1830 2124 1977 2156 chasuit-sp?
2026 2122 2032 2127 ⁹

1829 2161 1948 2183 servatius
1960 2176 1967 2191 5
1977 2163 1979 2165 '

1830 2190 1900 2218 9⁰³1ss
