2059 3228
101 216 159 249 ‘Vn-
175 212 204 243 C.
219 214 289 244 1584

125 1238 240 1260 rrtvttwta
250 1238 284 1259 ei-

101 1269 147 1295 {pm
170 1274 282 1290 concessa.

346 203 410 239 494

911 205 963 230 ’ΝΠ
974 203 1090 228 [ANUM
1113 200 1262 226 ROMANUM

301 277 377 301 suos
397 269 589 302 remeantes,
612 271 707 306 quam
726 259 864 294 maximo
885 259 930 292 eis
954 259 1048 291 adiu-
1089 255 1221 294 liberos,
1256 253 1418 285 immunes
1441 256 1473 285 et
1495 255 1659 296 exemptos
1689 249 1835 286 declara-

303 325 409 354 mento
430 324 461 352 et
481 315 692 351 consolationi
713 313 933 358 spiritualibus
953 313 985 345 in
997 323 1048 345 re·
1090 319 1174 341 mus.

300 375 361 407 bus
379 383 445 406 esse
458 371 591 415 possint.
608 368 809 412 lileoque,ad
819 366 1048 411 omnipotentis

301 427 355 459 Dei
381 425 516 468 gloriam
546 429 740 465 sanctaeque
771 421 846 454 fidei
872 420 1049 453 catholicae.

302 480 553 517 incrementum,
577 475 740 519 totiusque
751 473 1050 508 Armenicaenatio-

302 533 351 566 nis
370 533 541 570 honorem,
564 529 770 563 commodum
800 534 830 561 et
861 527 1047 565 utilitatem,

302 591 391 619 motu
411 585 545 630 proprio
563 588 636 624 eto„
649 582 825 627 apostolica
847 580 1047 619 auctoritate,

300 646 414 674 tenore
429 638 660 683 praesentium,
683 636 856 679 collegium
865 645 966 668 unum
977 634 1051 666 ado-

300 700 447 729 scentum
468 692 710 731 Armeniorum,
728 691 767 724 de
789 690 904 723 eodem
918 688 1050 721 nomine

299 747 568 791 nuncupandum,
590 745 624 778 in
652 745 714 778 hac
732 745 817 776 alma
837 743 920 776 Urbe
940 746 1051 774 nostra

300 807 331 836 et
349 802 382 835 in
399 802 472 834 loco
491 811 550 845 per
570 800 653 832 infra
672 797 886 832 nominandos
902 795 1050 829 cardina-

299 856 346 889 les
365 859 564 898 protectores
589 853 747 896 eligendo,
776 851 929 893 erigimus
949 854 981 882 et
1004 849 1052 881 in-

300 909 474 949 stituimus,
498 908 551 941 cui
569 912 717 950 sumptus
739 904 950 944 necessarios,
973 912 1052 945 quo-

299 973 403 1007 usque
423 962 515 996 aliter
542 961 571 994 ei
596 960 760 1005 provisum
793 959 901 995 suerit,
930 969 966 991 ex
995 967 1052 989 no-

300 1017 373 1050 stris
406 1022 435 1050 et
470 1015 623 1049 Gamerae
660 1013 863 1057 Apostolicae
905 1009 1052 1055 pecuniis

300 1069 540 1104 subministrari
564 1068 697 1101 omnino
717 1067 865 1100 volumus
884 1070 979 1108 atque
1000 1064 1051 1096 iu-

298 1124 424 1158 bemus.

343 1178 358 1221 ἓ
382 1177 414 1210 4.
441 1176 596 1210 Volumus
620 1174 717 1208 etiam
736 1173 800 1206 hoc
824 1173 931 1216 ipsum
951 1171 1050 1204 colle-

298 1231 400 1276 gium,
417 1230 568 1272 illiusque
583 1233 734 1266 rectores
752 1236 960 1266 oeconomos,
983 1235 1051 1257 ma-

299 1285 426 1329 gistros,
449 1288 677 1328 praeceptores
689 1286 785 1324 atque
801 1280 964 1313 scholares
993 1290 1052 1323 pro

297 1345 444 1382 tempore
464 1338 498 1370 in
518 1348 556 1371 eo
577 1336 761 1376 existentes,
793 1344 973 1377 eorumque
994 1334 1052 1366 do-

299 1393 448 1426 mesticos
467 1397 499 1425 et
519 1390 672 1424 officiales
697 1400 734 1422 ac
767 1388 944 1426 ministros,
975 1397 1051 1420 nec-

299 1457 364 1481 non
382 1445 509 1488 collegii
516 1449 546 1478 et
558 1444 689 1477 illorum
698 1444 784 1476 bona
793 1452 845 1475 mo
851 1441 1051 1481 bilia,cuius-

298 1501 377 1534 libet
396 1499 560 1544 qualitatis
581 1503 612 1531 et
649 1496 851 1541 quantitatis,
891 1496 925 1528 in
967 1495 1053 1528 dicta

299 1554 384 1588 Urbe
405 1558 436 1586 et
460 1557 548 1585 extra
568 1561 637 1584 eam
659 1550 782 1594 ubique
802 1550 951 1582 locorum
973 1558 1052 1581 con-

299 1606 456 1647 sistentia,
479 1610 627 1648 exempta
648 1614 715 1637 esse
742 1603 782 1636 ab
807 1601 895 1636 omni
922 1601 1051 1634 iurisdi-

300 1662 419 1702 ctione,
447 1658 638 1697 visitatione,
652 1657 808 1697 dominio,
826 1655 1051 1700 superioritate

301 1720 331 1748 et
350 1719 508 1758 potestate
532 1723 591 1757 pro
611 1717 757 1755 tempore
778 1710 942 1744 existentis
962 1720 1052 1742 sena-

299 1768 389 1808 toris,
424 1771 687 1800 conservatorum
729 1774 766 1797 ac
803 1764 1052 1796 reformatorum

301 1818 406 1850 dictae
425 1816 531 1856 Urbis,
553 1825 681 1848 necnon
693 1813 826 1846 rectoris
841 1812 944 1845 Studii
957 1823 1054 1854 gene-

301 1867 378 1899 ralis
395 1871 426 1899 et
439 1864 551 1898 vicarii
568 1864 672 1903 Urbis,
698 1874 735 1895 ac
761 1861 916 1894 ordinarii
943 1860 1052 1893 cuius-

301 1916 347 1948 vis
372 1916 532 1952 locorum,
564 1913 741 1946 aliorumve
769 1921 1053 1955 quorumcumque

302 1964 447 1998 iudicum
468 1968 498 1996 et
521 1962 710 1996 officialium
739 1961 773 1993 in
807 1961 876 2003 ipsa
900 1960 984 1993 Urbe
1004 1961 1053 1993 vel

302 2014 381 2047 alias
409 2012 544 2045 ubilibet
577 2010 847 2049 constitutorum,
882 2009 1054 2052 ipsumque

303 2062 476 2106 collegium
497 2067 527 2094 et
539 2071 605 2099 eos,
624 2060 656 2093 in
675 2059 817 2103 propriis
833 2069 947 2091 eorum
958 2059 1055 2091 rebus

303 2117 334 2146 et
352 2111 458 2151 bonis,
481 2122 517 2143 ac
537 2110 617 2142 alios
638 2119 711 2142 cum
729 2108 807 2152 ipsis
827 2107 1055 2140 contrahentes

303 2172 319 2193 a
342 2161 500 2194 solutione
521 2164 552 2191 et
572 2158 737 2191 exactione
757 2156 903 2190 omnium
925 2162 956 2189 et
976 2167 1056 2199 quo-

303 2219 532 2253 rumcumque,
554 2212 725 2247 invocant,
741 2205 881 2250 pedagii,
899 2206 1054 2249 gabellae,

305 2258 462 2298 bolletini,
484 2258 683 2291 decimarum
704 2262 735 2289 et
750 2255 890 2288 cuiusvis
909 2254 1055 2295 alterius,

307 2315 368 2340 tam
391 2306 547 2340 ordinarii
567 2316 665 2349 quam
683 2303 946 2343 extraordinarii,
979 2313 1055 2336 one-

307 2367 370 2395 ris,
402 2368 437 2389 ex
467 2365 673 2399 quacumque
704 2364 799 2386 causa
829 2358 1056 2396 impositorum

308 2411 337 2437 ct
367 2405 659 2448 imponendorut'n,
699 2402 870 2435 eximimus
901 2408 933 2435 et
968 2412 1059 2445 pror-

308 2465 361 2485 sus
378 2454 564 2491 lilieiamus,
592 2464 626 2485 ac
649 2452 708 2484 sub
732 2451 817 2484 beati
841 2451 926 2484 Petri
951 2450 1058 2484 Sedis-

309 2512 370 2544 que
404 2501 603 2544 Apostolicac
641 2511 678 2533 ac
714 2506 824 2533 nostra
859 2500 1059 2543 protectione

310 2550 504 2594 suscipimus
535 2555 565 2583 et
598 2550 808 2589 collocamus,
839 2549 997 2592 nobisque
1027 2553 1060 2581 et

311 2599 415 2632 dictae
447 2599 521 2632 Sedi
561 2599 747 2632 immediate
784 2598 986 2640 subiicimus,
1021 2607 1058 2631 ac

1134 362 1149 405 ξ
1173 360 1203 395 5.
1231 359 1342 393 Eidem
1361 367 1493 402 quoque
1522 357 1671 401 collegio,
1701 357 1837 392 rectori·
1863 353 1972 389 offici-i

1091 416 1161 455 bus,
1192 412 1405 453 scholaribus,
1438 411 1714 455 praeceptoribus,
1733 412 1835 456 magi-
1851 395 1955 455 23:³³2*ss

1090 469 1185 508 stris,
1212 466 1417 506 oeconomis,
1448 464 1640 498 officialibus
1670 469 1701 498 et
1727 465 1836 499 minis-
1850 459 1999 516 ξρξιζέζιῦκἼ

1090 523 1159 563 tris,
1186 527 1222 555 ut
1241 521 1503 565 quibuscumque
1521 518 1714 562 privilegiis,
1728 529 1834 558 exem·
1850 516 1973 574 {iuqimj

1091 575 1266 620 ptionibus,
1289 573 1504 612 libertatibus,
1523 571 1729 605 facultatibus
1742 578 1774 606 et
1786 571 1837 606 in-
1852 552 1967 605 «1352,

1091 629 1200 669 dultis,
1236 627 1355 672 quibus
1382 625 1531 660 Studium
1558 626 1717 669 generale.
1734 625 1839 659 almae

1091 683 1196 723 Urbis,
1223 688 1256 716 et
1275 681 1361 714 illius
1381 685 1500 720 rector,
1523 679 1739 723 doctoresque
1749 679 1838 719 ineo

1092 737 1187 769 etiam
1208 743 1285 769 actu
1312 736 1454 778 legentes
1483 733 1595 777 quovis
1623 728 1720 766 modo
1739 727 1839 768 utun(-

1092 795 1144 823 tur
1172 790 1341 834 potiuntur
1370 794 1401 821 et
1426 787 1577 831 gaudent,
1600 797 1637 820 ac
1655 786 1715 828 uti,
1741 786 1839 831 potiri

1092 849 1122 877 et
1141 844 1280 886 gaudere
1293 846 1445 887 poterunt
1455 839 1700 885 quomodolibet
1709 840 1742 873 in
1749 841 1839 875 futu-

1092 908 1178 937 rum,
1205 897 1244 929 ad
1265 907 1379 930 eorum
1405 896 1505 928 instar
1523 900 1554 928 et
1572 894 1643 939 pari
1660 895 1758 929 modo
1776 895 1836 938 uti,

1092 951 1189 994 potiri
1210 957 1241 984 et
1259 950 1400 993 gaudere
1429 950 1556 983 valeant
1578 948 1611 982 in
1640 950 1790 984 omnibus
1807 955 1840 986 et
1879 954 1882 957 ’

1092 1005 1265 1048 peromuia
1274 1003 1482 1038 concedimus
1499 1009 1529 1036 et
1544 993 1840 1046 indulgemusfilla?

1092 1069 1155 1102 que
1176 1059 1220 1091 eis
1240 1057 1530 1091 communicamus.
1552 1057 1722 1090 Praeterea
1747 1068 1839 1091 sena·

1093 1112 1166 1152 tori,
1189 1111 1481 1151 conservatoribus,
1499 1110 1839 1148 reformat01·ibus,re-

1093 1166 1238 1209 ctorique
1259 1170 1290 1199 et
1309 1164 1757 1205 aliisiudicibus,officialibus
1765 1175 1840 1210 per-

1093 1220 1245 1263 sonisque
1262 1218 1446 1263 praedietis‚
1469 1228 1506 1251 ac
1525 1228 1584 1262 pro
1603 1223 1750 1262 tempore
1774 1217 1842 1253 exi-

1092 1273 1235 1306 stentiS.
1261 1272 1298 1306 R.
1320 1272 1355 1305 E.
1379 1271 1558 1305 camerario
1568 1271 1844 1315 praesidentibus!

1093 1338 1156 1371 que
1177 1333 1208 1360 et
1227 1326 1352 1360 clericis
1376 1326 1530 1359 Gamerae
1562 1325 1779 1369 Apostolicae‚
1804 1337 1843 1361 ac

1092 1381 1257 1426 quibusvis
1295 1379 1525 1413 commissariis
1563 1379 1604 1412 ad
1642 1379 1842 1414 exactionem

1093 1435 1293 1469 decimarum
1314 1440 1346 1467 et
1364 1434 1503 1467 aliorum
1519 1443 1655 1466 onerum
1681 1433 1842 1477 praefato-

1093 1499 1164 1521 rum
1191 1498 1249 1532 pro
1274 1493 1421 1532 tempore
1440 1486 1612 1531 deputatis,
1634 1496 1675 1520 ne
1685 1497 1842 1529 quarum-

1092 1542 1137 1575 vis
1149 1542 1344 1580 litterarum,
1355 1541 1401 1574 eis
1412 1540 1471 1573 sub
1482 1540 1742 1584 quibuscumque
1752 1546 1842 1573 teno-

1094 1596 1182 1629 ribus
1209 1601 1239 1628 et
1268 1594 1380 1628 formis
1407 1604 1644 1634 concessarum,
1659 1598 1840 1637 praetextu,

1093 1649 1278 1693 collegium,
1300 1653 1454 1689 rectoreS,
1482 1648 1655 1689 scholares,
1688 1658 1843 1693 praecep-

1093 1709 1190 1743 tores,
1213 1702 1392 1746 magistros,
1413 1711 1621 1741 oeconomos,
1638 1700 1792 1735 officiales
1811 1707 1842 1735 et

1093 1757 1258 1790 ministros
1277 1755 1460 1800 praedictos
1488 1765 1545 1789 seu
1566 1765 1680 1788 eorum
1700 1754 1842 1799 aliquem

1093 1810 1125 1843 in
1145 1809 1332 1854 praemissis
1351 1808 1463 1853 quovis
1479 1808 1575 1841 modo
1595 1808 1768 1842 molestent
1784 1818 1842 1841 seu

1094 1863 1258 1897 molestari
1283 1862 1480 1907 permittant,
1499 1861 1685 1895 districtius
1711 1860 1840 1895 inhibe-

1094 1929 1177 1951 mus.

1138 1977 1152 2020 ἓ
1176 1975 1208 2009 6.
1235 1975 1272 2008 Et
1292 1974 1409 2008 deinde
1429 1972 1614 2017 regentibus
1634 1984 1671 2007 ac
1691 1974 1840 2018 superio·
1853 1971 1896 2025 αξξ
2010 2011 2013 2012 ⁷

1095 2030 1185 2062 ribus
1204 2029 1279 2062 dieti
1301 2027 1440 2071 collegii,
1458 2038 1531 2060 cum
1544 2027 1723 2060 assistentia
1733 2032 1841 2063 tamen
1853 2037 1945 2059 universi
1959 2021 1984 2064 ss}
2002 2020 2016 2041 's

1095 2083 1308 2117 cardinalium
1334 2087 1567 2127 protectorum,
1599 2081 1655 2125 qui
1682 2091 1742 2126 pro
1761 2086 1843 2115 tem·
1970 2078 1980 2114 ζ

1096 2148 1174 2181 pore
1199 2137 1330 2177 suerint,
1350 2147 1406 2169 seu
1426 2135 1565 2169 alicuius
1589 2146 1715 2176 eorum,
1741 2135 1792 2169 vel
1803 2135 1843 2169 de

1097 2192 1241 2235 ipsorum
1268 2189 1403 2223 consilio
1430 2195 1462 2222 et
1492 2199 1641 2232 expresso
1671 2187 1849 2230 consensu,

1097 2245 1181 2286 illos,
1208 2254 1290 2287 quos
1309 2243 1342 2276 iu
1362 2243 1447 2276 dicto
1468 2243 1604 2286 collegio
1629 2247 1659 2276 et
1682 2242 1759 2285 alibi
1785 2252 1845 2286 per

1097 2298 1242 2332 debitum
1262 2303 1389 2341 ternpus
1409 2296 1586 2337 studuisse,
1609 2307 1645 2340 ac
1664 2295 1845 2329 litterarum
1882 2321 1883 2324 η
1932 2321 1940 2332 .

1097 2352 1230 2385 scientia
1254 2356 1285 2385 et
1304 2350 1449 2384 moribus
1469 2350 1602 2383 idoneos
1626 2359 1695 2382 esse
1714 2358 1844 2392 repere-

1098 2401 1174 2441 rint,
1217 2401 1256 2433 ad
1306 2399 1588 2438 baccalaureatus‚
1622 2397 1845 2431 licentiaturae

1099 2451 1351 2493 doctoratusque
1371 2455 1402 2481 et
1428 2446 1603 2494 magisterii
1627 2447 1756 2490 gradus,
1780 2455 1846 2478 ser-
1881 2442 1885 2446 ’
1966 2479 1970 2482 ,

1098 2505 1169 2532 vata
1185 2499 1288 2532 forma
1299 2497 1429 2531 concilii
1448 2495 1648 2536 Viennensis,
1670 2495 1756 2528 iuxta
1768 2493 1844 2526 Uni·
1966 2524 1977 2531 „
2045 2513 2047 2527 2

1099 2547 1256 2582 versitatis
1276 2546 1419 2581 eiusdem
1439 2546 1533 2579 Urbis
1562 2542 1844 2582 consuetudinem,
1870 2575 1877 2584 ,

1101 2608 1157 2631 seu
1176 2597 1254 2631 alias
1274 2594 1496 2641 promovendi,
1527 2599 1559 2628 et
1595 2593 1741 2638 ipsorum
1775 2601 1847 2634 gra-

1992 537 2014 579 *j
