2059 3228
24 266 42 288 ιι
65 253 177 288 c.15'88

53 2132 134 2151 mim
145 2127 177 2148 ir-

54 2163 72 2179 ι.

849 260 952 285 stxrt's
971 260 989 283 V
1009 259 1055 284 1¹9.

189 310 338 355 adeptam
377 313 556 354 retinendo,
584 313 647 347 sive
688 314 931 358 recuperando,

190 373 367 408 omnesque
399 373 490 399 actus
518 367 731 411 possessorios
758 368 807 401 vel
843 367 932 411 quasi

189 417 433 460 quomodolibet
459 420 569 460 factm,
591 430 718 453 necnon
749 430 848 465 super
873 421 935 453 illis·

190 469 336 503 confecta
356 471 580 512 instrumenta,
596 473 718 516 rogitus
734 479 766 506 et
784 473 844 506 ulia
856 480 934 511 acta,

189 527 221 554 et
244 521 318 556 inde
333 530 443 557 secuta
459 535 696 568 quaecumque,
715 527 933 565 annullamus,

190 573 355 609 irritamus
378 581 408 609 ct
428 577 549 610 viribus
574 588 777 618 evacuamus,
810 576 935 611 necnbn

1591 245 1675 279 1003
1733 234 1831 280 injfiss
1850 251 1914 279 ¹52⁸

975 317 1006 345 et
1036 309 1292 344 ordinationibus
1311 308 1506 353 apostolicis.
1526 308 1717 350 statutisque
1758 317 1916 338 cumn-„ae-

975 369 1005 398 et
1024 362 1312 397 consuetudinibus
1331 361 1515 406 quarumvis
1543 360 1718 404 provincia·
1731 350 1862 375 ‘⁰⁸¹¹⁰‘¹⁸⁰'

975 428 1060 453 rum,
1095 416 1272 455 civitatum,
1309 415 1515 459 oppidorum,
1550 420 1718 453 terrarum,

976 475 1154 503 castrorum
1169 474 1199 501 ct
1214 469 1373 508 locorum,
1387 478 1512 501 necnon
1533 466 1718 511 privilegiis,

978 523 1109 556 indultis
1128 528 1157 555 ct
1183 522 1295 555 litteris
1322 521 1517 565 apostolicis,
1539 532 1574 553 ac
1596 519 1720 552 investi-

976 576 1056 609 turis
1077 581 1107 608 ct
1124 575 1384 608 concessionibus
1404 573 1575 618 praedictis
1589 583 1720 616 quoquo

191 628 320 670 penitus
340 638 503 663 cassamus
518 635 549 663 et
568 630 746 671 abolemus,
768 642 803 664 ac
825 642 882 674 pro
895 631 956 674 nul
977 629 1072 662 modo
1093 628 1193 668 tiu-tis,
1230 628 1400 667 concessis,
1422 627 1604 671 approbatis
1623 632 1654 659 et
1673 627 1721 658 in-

192 679 271 721 ritis,
293 681 392 715 nullis
416 688 447 716 et
467 683 592 717 infectis
616 689 646 716 et
665 694 752 717 mere
776 685 937 718 attentatis

190 732 350 774 habenda,
363 735 549 779 nulliusque
569 737 694 770 roboris
714 737 762 770 vei
782 738 936 770 momenti

190 793 272 826 esse,
289 797 326 819 ac
345 788 471 821 nullum
490 789 564 822 inde
578 789 627 822 ius
642 790 830 833 nullamque
840 791 936 824 actio-

189 848 265 871 nem
285 839 437 883 cuiquam
457 841 496 874 de
516 852 597 875 novo
615 842 752 885 acquiri,
774 843 861 876 nasci
882 849 935 876 aut

190 898 388 936 competere,
410 904 515 937 neque
536 896 740 939 postmodum
754 896 844 940 lapsu
858 902 937 930 tem-

191 944 281 988 poris
301 945 396 979 etiam
413 947 593 990 longissimi
614 959 649 980 ex
669 948 853 982 huiusmodi
866 960 937 993 pos-

190 997 332 1032 sessione
356 999 396 1032 ab
417 1000 521 1040 initio,
543 1006 579 1033 ut
596 1002 787 1045 praefertur,
809 1002 933 1041 vitiosa,

192 1050 292 1084 ullam
305 1053 595 1096 praescriptionem
606 1053 709 1097 sequi,
719 1060 773 1086 aut
784 1055 935 1097 cuiquam

191 1103 259 1137 ullo
278 1109 426 1148 tempore
445 1105 614 1149 suffragari
628 1117 731 1150 posse.
753 1107 936 1146 Quinimmo

189 1156 364 1201 praedictis
393 1158 655 1202 delinquentibus
674 1160 788 1193 amotis
820 1166 848 1193 et
879 1172 935 1193 ex-

190 1209 308 1253 pulsis,
329 1209 473 1255 pridrem
493 1222 708 1256 possessorem
730 1213 762 1246 in
783 1213 894 1257 primis
907 1219 937 1247 et

190 1268 266 1296 ante
285 1263 393 1297 omnia
410 1264 444 1297 in
463 1275 553 1298 suam
574 1265 740 1309 pristinam
766 1267 936 1309 possessio-

190 1325 278 1357 nem,
294 1327 350 1350 seu
361 1317 465 1361 quasi,
490 1318 722 1352 restituendum
743 1325 774 1352 et.
793 1320 936 1363 plenarie

190 1368 467 1413 reintegrandum,
493 1377 522 1404 et
539 1371 641 1405 donec
660 1378 690 1405 et
707 1383 874 1416 quousque
885 1374 934 1406 cui

190 1421 248 1455 illa
257 1422 297 1456 de
317 1422 387 1457 iure
400 1430 562 1467 competat
572 1425 714 1467 legitime
730 1426 933 1467 decer-natur,

191 1477 465 1511 manutenendum
504 1488 584 1517 esse;
610 1479 805 1522 eosdemque
834 1479 936 1511 delin-

188 1535 326 1572 quentes
344 1530 385 1563 ad
404 1531 533 1570 damna,
555 1541 709 1575 expensas
728 1539 758 1564 et
782 1532 936 1575 quicquid

190 1581 324 1616 interest
349 1583 432 1627 parti
457 1584 561 1617 laesae
580 1584 754 1617 reficienda
778 1593 808 1618 et
832 1596 936 1619 resar-

190 1633 304 1668 cienda
328 1637 429 1670 teneri
454 1642 485 1670 et
504 1637 675 1670 efficaciter
687 1637 843 1681 obligatos
858 1639 938 1672 exis-

187 1692 270 1729 tere,
293 1699 330 1722 ac
357 1689 397 1723 ati
432 1689 462 1723 id
494 1690 564 1733 cogi
589 1696 621 1723 et
639 1691 799 1734 compelli.
832 1691 936 1735 Super

188 1741 374 1785 praemissis
392 1753 467 1776 vero
491 1743 642 1776 omnibus
667 1749 698 1776 et
721 1743 854 1786 singulis
879 1749 938 1788 per

189 1797 440 1837 accusationem,
467 1796 674 1836 delationem,
697 1796 935 1840 inquisitionem

189 1853 223 1882 et
240 1848 355 1892 quovis
373 1849 437 1882 alio
448 1850 574 1883 meliori
594 1850 702 1889 modo,
725 1855 788 1882 tarn
807 1850 847 1883 ad
862 1861 937 1894 par-

189 1900 230 1933 tis
249 1907 281 1934 et
298 1900 368 1935 fisci
387 1902 583 1942 instantiam,
602 1913 699 1946 quam
720 1913 754 1935 cx
781 1913 871 1937 mero
890 1903 935 1936 ds-

190 1954 264 1988 flcio
294 1955 441 1996 civiliter,
479 1955 691 1989 criminaliter
727 1962 781 1988 aut
814 1956 936 1988 mixtim

189 2008 324 2051 procedi
343 2019 450 2052 posse.

233 2060 300 2104 §4-
327 2061 447 2106 Sicque
475 2073 534 2106 per
553 2072 774 2106 quoscumque
802 2062 936 2101 iudices

188 2113 372 2149 ordinarios
381 2121 413 2149 et
423 2116 595 2159 delegatus,
617 2116 728 2159 quavis
747 2115 937 2149 aucteritate

190 2166 371 2211 fungentes,
384 2169 480 2202 etiam
495 2179 665 2202 causarum
680 2168 791 2201 Palatii
801 2169 936 2212 Aposto-

186 2219 245 2254 tici
268 2221 432 2255 auditores
451 2228 481 2255 et
498 2223 529 2256 S.
554 2223 590 2255 R.
612 2222 648 2255 E.
671 2221 862 2260 cardinales,
883 2232 937 2254 su-

190 2273 278 2307 blata
299 2274 347 2308 eis
369 2280 401 2308 et
427 2286 542 2309 eorum
573 2274 706 2308 cuilibet
734 2275 830 2307 aliter
852 2274 937 2307 iudi-

191 2327 285 2360 candi
306 2332 339 2361 et
356 2327 588 2372 interpretandi
610 2329 758 2361 facultate
778 2333 808 2360 et
825 2333 937 2360 aucto-

191 2380 297 2420 ritate,
318 2380 439 2425 ubique
457 2381 591 2414 iudicari
612 2387 644 2414 et
659 2380 786 2413 deliniri
805 2380 934 2420 debe1·e;

189 2439 228 2462 ac
246 2429 403 2473 quicquid
426 2441 519 2463 secus
539 2441 637 2474 super
653 2430 702 2462 his
722 2440 739 2461 a
760 2439 935 2472 quoquam,

189 2477 303 2520 quavis
312 2478 514 2517 auctoritate,
529 2479 667 2511 scienter
677 2478 723 2510 vel
737 2478 934 2519 ignoranter,

190 2525 340 2558 attentari
360 2527 540 2570 contigerit,
562 2527 687 2559 irritum
709 2531 739 2559 et
758 2526 853 2558 inane
880 2536 936 2566 pa-

193 2573 270 2606 ritet·
289 2573 492 2608 decernimus
504 2581 529 2607 ct
547 2575 759 2607 ‹tettae-amus.

235 2621 301 2665 §a
325 2622 392 2655 Non
422 2623 621 2657 obstantibus
654 2621 937 2655 constitutionibus

976 681 1110 715 novatis.
1132 680 1253 719 Quibus
1272 680 1433 719 omnibus,
1460 690 1572 712 eorum
1594 685 1720 712 tenores

976 735 1199 779 praesentibus
1234 744 1292 778 pro
1327 733 1522 766 sufficienter
1563 732 1720 775 expressis

976 787 1142 826 habentes,
1169 786 1232 819 illis
1266 786 1343 819 alias
1363 786 1394 818 in
1429 796 1487 818 suo
1507 786 1622 818 robore
1647 795 1720 828 pei·-

977 840 1148 879 mansnris,
1169 840 1229 872 hac
1256 839 1324 872 vice
1344 839 1518 879 dumtaxat,
1540 838 1722 882 specialiter

977 900 1007 926 et
1030 903 1179 936 expresse
1207 892 1410 936 derogamus,
1438 891 1616 935 ceterisque
1641 901 1719 923 ‹Aon-

977 946 1081 980 trariis
1101 945 1372 989 quibuscumque.

1020 1000 1035 1043 ξ
1059 999 1089 1032 6.
1113 999 1267 1031 Volumus
1290 1003 1396 1031 autem
1426 1004 1460 1030 nt
1485 998 1604 1031 eaedem
1627 986 1928 1045 prae-fflgssssmffuffissss'j

977 1059 1080 1086 sentes
1096 1052 1135 1084 ad
1154 1052 1257 1085 valvas
1268 1051 1500 1091 Lateranensis,
1517 1057 1547 1083 et
1564 1051 1720 1095 Principis
1733 1049 1917 1102 gffgfflfimofflss

977 1106 1203 1149 Apostolorum
1228 1105 1267 1138 de
1286 1105 1369 1137 Urbe
1388 1104 1606 1144 basilicarum,
1629 1110 1660 1137 et
1687 1104 1720 1137 in
1893 1094 1899 1101 ⁸

976 1159 1045 1192 acie
1064 1158 1174 1202 Campi
1194 1158 1307 1191 Florae
1326 1158 1365 1191 de
1385 1159 1474 1190 riiore
1495 1158 1675 1200 alligantur,
1690 1163 1721 1190 et

977 1212 1039 1245 illis
1077 1211 1240 1251 detractis,
1276 1212 1475 1254 transumpta
1514 1210 1591 1243 inibi
1629 1211 1722 1243 affixa

977 1265 1213 1308 relinquantur,
1235 1265 1383 1307 factaque
1408 1263 1593 1296 huiusmodi
1613 1259 1733 1307 publi-‘

977 1318 1113 1357 catione,
1142 1317 1194 1350 hic
1218 1317 1250 1349 in
1271 1316 1355 1349 Urbe
1376 1321 1405 1349 ct
1430 1316 1462 1348 in
1483 1316 1552 1348 eius
1571 1316 1721 1349 districtu

977 1377 1048 1414 post
1067 1370 1264 1414 quindecim,
1291 1369 1365 1402 alibi
1395 1380 1468 1402 vero
1496 1374 1566 1412 post
1590 1369 1732 1412 triginta·

977 1424 1055 1463 dies,
1075 1433 1298 1467 quoscumque
1316 1423 1582 1466 perindearctent
1601 1428 1632 1456 et
1651 1423 1721 1455 affi-

977 1477 1073 1510 ciant.
1087 1487 1123 1510 ac
1139 1476 1163 1509 si
1184 1475 1484 1519 eorumnnicuique
1505 1475 1720 1519 personaliter

977 1529 1140 1562 intimatae
1159 1529 1303 1562 fuissent.
1325 1529 1387 1562 Sed
1399 1535 1501 1572 etquo
1515 1528 1640 1562 facilius
1651 1536 1723 1572 pos·

977 1582 1041 1615 sint
1059 1582 1098 1614 ad
1118 1582 1340 1615 universorum
1366 1581 1510 1614 notitiam
1539 1581 1719 1625 pervenire,

977 1636 1167 1668 mandamus
1177 1635 1326 1668 omnibus
1339 1640 1368 1667 ct
1384 1634 1518 1677 singulis
1530 1634 1721 1677 vicelegatis,

978 1687 1232 1731 praesidentibus
1252 1693 1281 1720 et
1306 1686 1579 1729 gubernatoribus
1594 1687 1722 1730 provin.-

977 1741 1100 1774 ciarum
1120 1767 1129 1781 ,
1167 1746 1198 1773 et
1234 1740 1398 1773 civitatum
1440 1736 1721 1783 quarumcumque

977 1793 1081 1826 dietae
1103 1803 1230 1827 nostrae
1256 1792 1385 1825 ditionis
1409 1792 1654 1832 ecclesiasticae,
1688 1798 1724 1825 ut

977 1847 1010 1879 in
1046 1857 1103 1880 sua
1139 1846 1276 1890 quisque
1312 1845 1496 1884 residentia,
1527 1845 1721 1885 civitatibus,

977 1899 1113 1943 oppidis,
1151 1899 1244 1932 terris
1269 1904 1299 1931 et
1323 1899 1434 1931 castris
1470 1898 1530 1931 sibi
1565 1898 1723 1931 benevisis

977 1958 1092 1987 curent
1126 1953 1254 1986 easdem
1282 1953 1407 1985 ndstras
1444 1951 1565 1984 litteras
1590 1951 1623 1984 in
1643 1952 1721 1985 locis

978 2006 1138 2040 consuetis
1154 2006 1192 2039 de
1210 2016 1299 2038 more
1322 2004 1493 2048 publicari.

1021 2059 1035 2102 ᾖ
1052 2059 1083 2092 7.
1108 2058 1145 2092 Et
1163 2058 1238 2101 quia
1263 2057 1393 2090 difficile
1417 2057 1498 2090 soret
1518 2057 1587 2090 ilias
1605 2057 1644 2089 ad
1665 2067 1720 2090 eo·
1734 2057 1919 2109 musnflgfflvmji·

977 2123 1050 2145 rum
1087 2111 1264 2156 quemlibet
1291 2115 1321 2143 et
1353 2111 1393 2143 ad
1422 2109 1547 2153 singula
1571 2111 1642 2143 loca
1666 2109 1719 2143 ubi
1735 2120 1819 2154 sqancuu
1834 2103 1917 2146 „00⁰3-

978 2175 1060 2210 opus
1073 2164 1134 2198 erit
1145 2164 1282 2203 deferre,
1297 2162 1500 2196 decernimus
1511 2163 1721 2207 transumptis
1736 2149 1769 2171 ¹¹⁵'

978 2218 1066 2263 ipsis,
1078 2216 1357 2260 etiamimpressiS,
1366 2216 1480 2249 notarii
1494 2216 1721 2260 publicimanu

978 2271 1180 2314 subscriptis,
1210 2276 1241 2304 et
1272 2270 1378 2312 sigillo
1406 2269 1543 2302 alicuius
1566 2280 1723 2312 personae

978 2325 1011 2358 in
1030 2324 1182 2367 dignitate
1202 2323 1416 2357 ecclesiastica
1436 2323 1628 2356 constitutae
1649 2333 1721 2356 mu-

978 2378 1065 2417 nitis,
1098 2377 1131 2410 in
1166 2377 1288 2410 iudicio
1317 2382 1347 2409 et
1377 2382 1465 2409 extra
1489 2375 1579 2414 illud,
1603 2375 1722 2418 ubique

979 2427 1124 2460 eamdem
1154 2426 1249 2458 fidem
1288 2424 1499 2457 adhibendam
1530 2435 1610 2464 esse,
1640 2435 1722 2466 quac

978 2475 1055 2519 ipsis
1084 2474 1295 2517 originalibus
1327 2473 1546 2513 adhiberetur,
1569 2472 1593 2505 si
1618 2478 1723 2505 essent

979 2522 1134 2556 exhibitae
1153 2522 1198 2554 vel
1215 2528 1371 2555 ostensae.

1021 2571 1105 2604 Nulli
1145 2581 1221 2613 ergo
1256 2571 1387 2603 omnino
1423 2569 1588 2602 hominum
1627 2569 1722 2603 liceat

978 2620 1059 2653 hanc
1078 2620 1239 2664 paginam.
1263 2624 1318 2651 cle.

1762 2572 1845 2593 Sam-iia
1859 2579 1917 2599 po·—

1736 2605 1799 2625 nvn.
