2059 3228
128 226 182 257 Δι.
199 227 309 257 01585

134 1620 184 1642 {deo
196 1620 242 1641 etus
249 1618 303 1640 Prae*

117 1651 247 1672 scotationis
271 1650 304 1671 te-

116 1685 174 1709 Ξειιιῐῐι
199 1681 303 1703 celebrari

121 1713 210 1734 mundat.

160 2051 218 2072 ussto
240 2050 307 2077 publi-

125 2083 186 2104 cnudi
202 2085 222 2103 et
237 2082 307 2103 obser·

126 2114 195 2134 nudi.

370 213 432 250 53⁶2

326 275 443 310 sanctis
473 270 622 306 Patribus
640 269 673 302 in
700 260 768 302 eius
789 266 948 301 honorem
981 264 1069 298 insti-

327 335 392 362 tuta
415 328 557 365 suerunt,
588 328 717 357 nostrae
749 319 979 354 imbecillitatis
1007 329 1067 362 ope

326 380 408 415 tueri
428 385 522 424 atque
533 387 664 420 augere,
680 380 721 417 et,
738 375 764 407 si
775 374 852 418 quid
867 373 963 407 suerit
978 383 1069 416 prae-

325 434 527 473 termissum,
563 431 633 475 Ipsa
662 429 831 463 adiuvante
864 438 946 472 quae
971 436 1068 469 supra

326 489 441 521 choros
472 486 562 519 sedet
595 484 798 526 angelorum,
820 491 973 514 renovare
1004 484 1069 511 stu-

325 542 448 581 demus,
476 544 512 572 ut
536 536 754 582 spiritualium
782 534 974 579 gaudiorum
1001 543 1068 566 cre-

324 594 439 627 britate
458 593 569 626 devota
597 590 766 624 nobiscum
794 588 885 632 plebs
917 588 1065 626 laetetur;

324 652 355 680 et
375 646 469 679 cuius
487 644 693 689 splendorem
713 640 851 685 angelici
882 645 992 673 coetus
1011 638 1067 671 ad-

324 700 483 733 mirantur
502 698 534 731 in
554 697 664 738 coelis,
683 696 753 729 eius
773 695 805 727 in
824 694 918 727 terris
938 703 996 737 pcr
1021 703 1068 725 sa-

323 764 393 788 cras
425 752 609 787 festivitates
646 749 849 787 recolendae,
887 746 1068 780 laudandae

322 813 418 850 atque
436 805 634 839 invocandae
650 803 701 847 pia
721 800 878 835 memoria
894 810 959 832 non
976 809 1068 843 prae-

323 860 527 894 termittatur.
539 857 614 891 Aliis
630 857 727 900 igitur
743 853 983 888 celebritatibus
996 863 1067 896 per-

322 920 436 959 petuae
455 912 589 956 Virgini,
611 921 692 955 quae
712 910 750 942 ab
775 914 904 941 aeterno
930 917 1068 951 praepa-

320 974 400 1009 rata,
419 972 449 1001 et
461 965 661 1011 propheticis
677 962 956 997 testificationibus
975 970 1068 1004 prae-

320 1021 483 1061 nunciata,
502 1020 643 1053 nondum
675 1024 780 1050 tamen
803 1017 899 1049 Mater
922 1014 988 1055 Dei,
1009 1024 1066 1047 an-

320 1075 391 1117 gelo
410 1073 599 1113 nunciante,
621 1072 724 1104 suerat
737 1070 861 1109 effecta,
876 1079 894 1101 a
909 1067 1067 1101 catholica

320 1127 463 1161 Ecclesia
496 1124 702 1164 consecratis,
743 1123 886 1156 eiusdem
921 1131 1063 1164 quoque,

320 1191 402 1226 quae
422 1181 580 1224 templum
600 1178 654 1211 Dei
685 1178 793 1210 futura
813 1180 881 1209 erat
908 1181 938 1208 et
959 1185 1065 1207 sacra-

319 1235 404 1268 rium
425 1234 562 1278 Spiritus
594 1231 713 1271 Sancti,
737 1230 769 1263 in
790 1229 944 1273 templum
970 1237 1064 1272 prae-

319 1288 543 1329 sentationem,
565 1287 604 1319 ab
622 1283 852 1329 antiquissimis
866 1293 967 1326 usque
986 1287 1066 1314 tem-

319 1342 454 1387 poribus
474 1351 600 1374 summa
614 1339 735 1383 ubique
755 1337 899 1381 gentium
918 1346 991 1369 cum
1010 1346 1064 1369 ve-

318 1396 486 1430 neratione
507 1395 718 1433 observatam,
745 1390 883 1424 adscribi
900 1390 1062 1431 volumus,

320 1455 352 1484 et
369 1448 473 1483 sicubi
506 1447 689 1481 intermissa
716 1451 774 1487 est,
805 1443 930 1478 restitui
959 1454 996 1477 ac
1016 1443 1066 1476 iu-

318 1503 400 1547 giter
420 1501 589 1536 custodiri.

362 1557 377 1600 §
395 1556 427 1589 ’1.
450 1555 554 1595 Quare
573 1555 634 1587 hac
660 1558 815 1597 perpetua
836 1550 1064 1586 constitutione

319 1609 511 1643 mandamus
530 1613 566 1641 ut
593 1605 861 1639 Praesentationis
887 1606 921 1637 B.
950 1604 1065 1637 Mariae

320 1673 448 1707 semper
458 1661 596 1704 Virginis
617 1660 714 1693 festus
725 1660 804 1699 dies,
823 1658 995 1691 undecimo
1011 1658 1065 1690 ka-

320 1717 431 1751 lendas
449 1714 641 1754 decembris,
663 1724 721 1757 per
740 1722 853 1746 omnes
867 1712 967 1745 totius
977 1711 1065 1744 orbis

320 1769 483 1810 ecclesias,
505 1767 627 1811 duplici
648 1766 764 1806 officio,
785 1770 882 1809 prout
896 1764 928 1797 in
948 1764 1064 1797 Nativi-

319 1824 391 1858 tatis
400 1823 462 1864 die,
476 1826 605 1864 sumpto
617 1817 885 1853 Praesentationis
897 1818 1065 1858 vocabulo,

320 1882 505 1922 peragatur,
528 1875 678 1917 idemque
707 1872 740 1905 in
769 1871 956 1905 kalendario
990 1881 1064 1904 cum

321 1931 459 1974 duplicis
478 1928 658 1962 adiectione
674 1927 845 1959 inseratur.

366 1985 381 2028 ἓ
401 1983 432 2016 2.
454 1981 692 2026 Praecipientes
702 1979 851 2012 omnihus
862 1977 1065 2022 patriarchis,

322 2035 585 2081 archiepiscopis,
618 2033 776 2078 episcopis
811 2031 988 2075 ceterisque
1017 2042 1068 2064 ec-

324 2091 494 2124 clesiarum
515 2088 678 2134 praelatis,
701 2087 733 2119 in
753 2085 894 2119 universi
906 2085 991 2118 orbis
1003 2096 1069 2117 am-

325 2144 392 2177 bitu
412 2143 603 2183 constitutis,
624 2147 659 2175 ut
678 2141 710 2173 in
735 2140 800 2174 suis
816 2139 952 2183 quisque
964 2139 1067 2171 eccle-

327 2198 392 2239 siis,
410 2196 594 2241 provinciis,
618 2194 798 2228 civitatibus
818 2198 848 2226 et
867 2192 1069 2226 dioecesibus

328 2256 508 2295 praesentes
541 2255 664 2282 nostras
702 2247 887 2281 solemniter
910 2245 1069 2290 publicari

329 2303 456 2344 saciant,
483 2304 521 2336 ab
542 2302 755 2345 omnibusque
767 2298 988 2334 ecclesiasticis
999 2309 1071 2342 per-

329 2358 426 2399 sonis,
459 2356 675 2391 saecularibus
709 2361 740 2388 et
770 2352 956 2397 quorumvis
981 2351 1071 2385 Ordi-

330 2417 407 2439 num
430 2406 634 2449 regularibus
667 2404 799 2437 omnino
824 2402 997 2442 observari,
1030 2401 1070 2433 li-

330 2461 379 2488 cet
397 2456 559 2488 adnotatio
579 2454 676 2486 huius
695 2452 888 2486 celebritatis
906 2451 937 2483 in
952 2456 1072 2494 postre-

330 2504 389 2536 mis
407 2503 554 2536 breviarii
576 2509 606 2535 ct.
627 2502 762 2534 missalis
787 2499 1071 2534 reformationibus

331 2552 426 2585 suerit
444 2551 679 2595 praetermissa.

373 2600 389 2643 ᾗ
408 2599 439 2633 3.
461 2600 613 2633 Volumus
648 2609 778 2642 quoque
797 2604 834 2631 ut
853 2596 1071 2642 praesentium

915 211 1093 238 BULLARIUM
1111 210 1262 235 Romnum

1109 263 1276 308 exemplis,
1299 263 1394 296 etiam
1413 262 1590 307 impressis,
1612 273 1708 299 manu
1734 264 1851 299 notarii

1109 316 1230 361 publici
1251 316 1439 361 subscriptis
1459 322 1515 350 etc.

1151 370 1265 403 Datum
1286 370 1405 404 Romae
1431 371 1516 414 apud
1537 371 1568 405 S.
1591 371 1744 413 Marcum,
1767 382 1852 405 anno

1109 423 1341 457 lucarnationis
1360 423 1542 458 dominicae
1563 424 1732 458 millesimo
1763 425 1854 469 quin-

1109 477 1286 519 gentesimo
1316 478 1535 521 octuagesimo
1562 478 1687 521 quinto,
1710 478 1853 512 kalendis

1108 531 1308 575 septembriS,
1332 531 1538 574 pontificatus
1562 531 1662 564 nostri
1682 521 1811 565 annot.

1184 588 1245 619 Dat.
1266 589 1311 619 die
1330 589 1343 619 1
1359 592 1434 629 sept.
1452 589 1540 627 1585,
1559 593 1640 629 pont.
1664 597 1775 619 annot.

1456 733 1496 766 XI

1110 808 1198 849 Quod
1220 809 1337 852 festum
1356 808 1390 843 S.
1412 808 1581 842 Francisci
1600 808 1636 842 de
1655 807 1770 848 Paula,
1792 807 1851 842 Or·-

1151 863 1238 896 dim's
1248 863 1391 905 fratrum
1409 863 1622 895 Minimorum
1640 861 1846 902 institutoris,

1150 917 1286 960 singulis
1305 917 1403 949 annis
1423 917 1474 949 die
1483 917 1620 949 secmzda
1632 916 1748 949 mensis
1762 915 1849 959 apri-

1150 970 1190 1003 lz's
1213 971 1335 1014 duplici
1354 970 1459 1013 officio
1484 970 1652 1003 celebretur
1668 969 1695 1002 1.

1165 1051 1259 1081 sixtus
1279 1052 1429 1087 episcopus.
1448 1058 1541 1080 servus
1560 1057 1699 1079 servorum
1714 1049 1774 1083 De..

1251 1106 1284 1134 ad
1297 1107 1459 1141 perpetuam
1477 1105 1518 1133 rei
1535 1105 1704 1134 memoriam.

1149 1175 1185 1208 ln
1219 1175 1300 1209 coeli
1320 1176 1438 1209 throno
1458 1175 1516 1214 Qui
1542 1175 1629 1207 sedet
1656 1174 1720 1207 Rex
1740 1172 1849 1206 Omni-

1105 1234 1231 1273 potens,
1253 1234 1438 1272 terramque
1454 1229 1628 1262 scabellum
1642 1227 1760 1271 pedum
1778 1237 1850 1260 suo-

1106 1294 1177 1316 rum
1199 1284 1312 1324 calcat,
1335 1294 1485 1326 supremo
1506 1293 1523 1315 e
1543 1282 1622 1315 solio
1657 1281 1849 1325 pusillorum

1105 1347 1270 1370 servorum
1304 1336 1436 1380 respicit
1466 1335 1695 1375 humilitatem,
1717 1345 1847 1378 cosque,

1106 1390 1138 1423 in
1159 1389 1276 1434 quibus
1308 1390 1363 1422 illa
1395 1390 1511 1430 elucet,
1533 1389 1572 1422 ad
1597 1388 1720 1422 excelsa
1749 1387 1850 1420 subli-

1106 1444 1206 1477 mium
1226 1444 1388 1477 honorum
1420 1448 1451 1477 et
1484 1442 1677 1486 gaudiorum
1710 1440 1851 1474 culmina

1106 1497 1236 1531 extollit.
1259 1497 1350 1536 Quod
1370 1497 1403 1530 in
1428 1496 1544 1530 sanctis
1563 1495 1629 1529 suis
1661 1494 1749 1528 omni
1768 1499 1850 1528 tem-

1090 1561 1184 1595 ·pore
1205 1550 1444 1591 demonstravit,
1466 1549 1586 1583 recenti
1606 1559 1692 1590 vero,
1722 1553 1850 1592 patrum

1106 1609 1290 1638 nostrorum
1322 1603 1491 1645 memoria,
1513 1603 1545 1636 in
1565 1603 1598 1636 B.
1621 1602 1792 1636 Francisco
1812 1601 1851 1634 de

1106 1658 1204 1691 Paula
1241 1658 1347 1702 ample
1381 1656 1546 1690 testificari
1572 1656 1720 1699 dignatus
1740 1659 1797 1689 est.
1824 1654 1852 1687 Is

1107 1712 1205 1753 enim,
1227 1712 1267 1744 ab
1287 1711 1419 1744 ineunte
1439 1715 1559 1750 aetate,
1593 1709 1779 1742 coelestium
1799 1718 1850 1741 re-

1106 1775 1178 1798 rum
1195 1775 1305 1798 amore
1324 1764 1484 1805 incensus,
1507 1774 1544 1797 ex
1565 1762 1849 1806 minimo‚qualem

1107 1829 1139 1852 se
1153 1819 1185 1852 in
1205 1819 1260 1852 Dei
1281 1818 1699 1860 hominumqueconspectu
1719 1816 1849 1856 fecerat,

1108 1882 1242 1914 magnus
1262 1870 1375 1904 evasit:
1398 1870 1545 1913 interque
1565 1869 1638 1909 alia,
1661 1868 1779 1912 quibus
1789 1868 1853 1901 cla-

1107 1925 1184 1965 ruit,
1205 1925 1359 1958 virtutum
1374 1928 1574 1963 ornamenta,
1599 1932 1696 1955 unam
1717 1921 1852 1954 mirifice

1108 1978 1274 2022 amplexus
1293 1983 1351 2019 est,
1373 1977 1450 2020 Regi
1471 1986 1585 2020 regum
1605 1986 1733 2018 semper
1760 1985 1851 2008 acce-

1108 2037 1207 2076 ptam,
1229 2031 1456 2071 humilitatem,
1479 2040 1588 2073 quam,
1610 2029 1703 2062 sicuti
1724 2034 1855 2062 noverat

1110 2085 1250 2128 primum
1275 2086 1452 2127 ingressum
1478 2083 1576 2116 fuisse
1599 2081 1715 2116 Christi
1747 2081 1854 2115 Salva-

1110 2138 1189 2171 toris
1208 2137 1309 2171 nostri
1338 2137 1370 2170 in
1396 2137 1565 2177 mundum,
1592 2136 1645 2176 ita,
1665 2135 1699 2168 in
1719 2140 1853 2179 angusto

1110 2191 1149 2224 ad
1169 2181 1320 2236 pietatem'
1339 2196 1369 2223 et
1389 2189 1586 2223 sanctitatem
1608 2189 1740 2222 introitu
1766 2193 1855 2233 pate-

1112 2245 1271 2285 faciendo,
1296 2244 1433 2288 primam
1470 2243 1529 2275 sibi
1563 2248 1594 2276 et
1617 2243 1732 2276 ducem
1757 2247 1787 2275 et
1805 2251 1854 2274 so-

1112 2298 1194 2331 ciam
1215 2297 1336 2331 ascivit.
1350 2297 1416 2330 Ilac
1430 2302 1524 2340 atque
1544 2296 1613 2329 aliis
1633 2295 1756 2329 divinae
1783 2305 1855 2338 gra-

1111 2351 1174 2384 tiae
1193 2349 1362 2395 praesidiis
1381 2349 1494 2382 heatus
1516 2349 1679 2382 consessor
1697 2347 1852 2388 munitus,

1112 2404 1198 2448 apud
1231 2414 1363 2447 magnos
1396 2403 1559 2447 principes
1594 2407 1624 2436 ct
1655 2412 1758 2446 reges,
1780 2412 1853 2435 cum

1151 2472 1159 2498 t
1179 2469 1356 2498 Canonizatio
1371 2469 1456 2497 huius
1483 2469 1575 2498 Sancti
1593 2469 1681 2497 habes
1702 2468 1731 2496 in
1752 2467 1855 2495 Leonis

1112 2515 1132 2542 X
1148 2518 1238 2542 const.
1259 2520 1356 2548 xxxiv,
1375 2514 1514 2548 Eoecelsus,
1535 2517 1601 2541 tom.
1620 2519 1648 2548 v,
1667 2520 1729 2548 pag.
1747 2512 1808 2546 7¹73
1828 2515 1855 2539 et

1113 2559 1147 2586 de
1157 2558 1231 2586 dicto
1247 2559 1308 2586 eius
1324 2557 1427 2586 Ordine
1442 2557 1553 2586 attende
1568 2558 1637 2586 Sixti
1657 2557 1691 2585 tv
1704 2559 1793 2585 const.
1804 2561 1854 2590 vu,

1112 2603 1200 2638 Sedes,
1221 2602 1332 2636 ibidem,
1349 2609 1410 2637 pag.
1427 2602 1488 2630 ⁶212.

1926 0 1934 7 ’
1948 0 2000 52 H

1935 19 1950 27 t

1865 210 1914 240 An.
1931 203 1950 241 C
1975 202 2004 243 is

1866 272 1887 293 Fi
1896 276 1926 293 *cs
1945 278 2010 296 exem-

1866 303 1954 330 plorum,

1889 1184 1910 1205 Β.
1922 1184 2023 1208 eranum
2044 1196 2045 1199 =

1864 1218 1888 1238 de
1905 1216 2023 1242 Panlzissflfflll

1863 1249 1972 1270 virtutibus
1979 1249 2026 1270 nimi

1863 1279 1940 1302 faculis
1954 1279 2026 1310 obuy.
