2059 3228
35 1499 117 1523 ttuttto
125 1505 163 1522 οι-

36 1529 95 1552 uoni-
104 1530 160 1553 tecti.

798 252 972 281 GREGORWS
994 252 1049 277 xm
1067 251 1116 277 Μ’.

186 317 396 341 censurarum
431 315 461 341 ct
497 320 673 352 poenarum
700 316 811 344 contra
845 309 930 342 illius

185 368 332 395 auctores
356 363 533 406 antiquitus
550 366 825 408 promulgaturum
837 365 930 397 inno-

184 415 320 456 vatione,
340 417 441 449 valeat
461 424 643 461 opportune
669 419 927 459 coei·ceri.Sane‚

185 467 259 501 licet
287 470 363 502 alias
399 471 499 503 felinis
527 472 760 505 reeordatienis
783 473 930 506 Clemens

184 519 269 565 Papa
294 522 342 563 Vl,
369 524 598 567 praedecessor
618 531 735 565 noster,
756 532 848 559 antea
872 537 930 570 per

184 583 258 607 eum
270 578 496 619 acceptoquod
511 578 800 618 nonnulli,nullam
810 579 929 612 haben-

184 633 231 662 tes
254 630 476 663 auctoritatem
504 631 582 664 iuris
592 632 639 664 vel
660 631 926 665 consuetudinem

182 692 240 716 seu
260 682 461 727 privilegium
479 689 640 717 monetam
662 684 812 725 faciendi,
840 685 927 718 illam

182 735 259 769 false
284 736 445 769 cudebant
488 742 518 769 et
542 737 740 770 fabricabant
770 738 803 770 in
828 749 927 781 regno

181 788 335 823 Franciae
354 795 385 823 et
404 790 484 823 locis
505 790 759 831 circumvicinis3
781 791 834 824 alii
851 800 927 824 vero

182 847 344 876 monetam
360 843 547 877 fabricatam
568 844 627 877 suh
656 844 748 887 signo
768 849 845 877 tunc
861 844 927 876 exi-

181 897 293 930 stentis
316 897 513 930 Francorum
535 897 618 940 regis
646 898 786 931 studiose
810 898 926 941 depra-

179 950 308 991 vabant,
323 941 511 994 praesertim
520 961 538 983 a
548 961 605 984 suo
617 951 761 995 pondere
781 950 904 993 argenti
917 963 924 991 ;

181 1004 390 1047 quamplures
410 1004 505 1037 etiam
526 1004 557 1037 in
575 1005 654 1038 locis
674 1005 925 1046 circumvicinis,

179 1056 297 1100 quibus
317 1057 357 1090 de
381 1057 452 1090 iure
472 1062 527 1090 aut
546 1058 781 1091 consuetudine
794 1069 849 1092 seu
858 1060 925 1103 pri-

179 1109 296 1153 vilegio
312 1111 515 1154 competebat
544 1116 691 1144 monetae
721 1112 925 1145 fabricandae

178 1163 324 1204 facultas,
346 1169 508 1197 monetam
529 1175 618 1197 suam
641 1164 747 1207 regiae
768 1171 924 1206 monetae,

179 1217 211 1251 in
231 1217 334 1261 signo,
364 1218 556 1261 quantitate,
578 1219 788 1259 rotunditate,
810 1219 924 1262 figura,

178 1272 284 1317 specie
308 1277 340 1306 et
359 1273 474 1313 forma,
488 1278 644 1316 quantum
661 1278 821 1316 poterant,
840 1274 925 1307 simi-

177 1325 240 1359 lem
261 1325 498 1370 insculpebant‚
521 1326 758 1360 constituebant
771 1332 801 1359 et
818 1327 924 1371 impo-

178 1366 309 1412 neb‘ant.

221 1432 288 1476 §2
328 1432 367 1469 Et
397 1432 543 1476 quamvis
563 1443 676 1466 eorum
715 1438 852 1473 moneta,
885 1433 923 1466 ad

177 1490 365 1530 usurpatam
392 1486 638 1520 similitudinem
664 1487 850 1520 huiusmodi
878 1488 924 1520 sie

177 1538 350 1580 fabricata,
390 1550 408 1573 a
447 1540 531 1573 iusto
559 1540 702 1583 pondere
737 1541 860 1583 argenti
888 1552 924 1574 ac

177 1603 268 1626 more
300 1598 332 1626 et
355 1593 588 1627 consuetudine
615 1594 647 1626 in
676 1594 764 1636 regia
796 1599 924 1627 moneta

177 1646 296 1680 servari
306 1647 400 1681 solito
417 1647 582 1687 deficeret,
593 1647 754 1690 simplices
766 1653 873 1680 tamen
894 1654 924 1680 et

177 1700 350 1745 populares
374 1711 530 1744 personae
563 1711 627 1734 non
657 1700 811 1734 habentes
840 1702 924 1735 inter

176 1758 320 1793 monetas
339 1754 692 1787 tantumsimilitudinis
709 1754 857 1798 peritiam
876 1755 923 1787 di-

175 1808 358 1848 scernendi,
379 1808 536 1852 quotidie,
563 1818 600 1841 ea
616 1808 796 1847 occasione,
819 1808 922 1841 inusu

176 1867 378 1896 monetarum
413 1862 576 1902 fallebant,
603 1862 793 1906 recipientes
811 1872 922 1895 mone-

175 1919 223 1948 tas
241 1915 320 1948 falso
340 1915 506 1948 simulatas
525 1925 584 1958 pro
603 1915 705 1952 veris3
729 1921 755 1947 et
781 1915 922 1959 denique

175 1968 230 2002 alii
246 1969 384 2003 scienter
402 1970 495 2003 falsas
515 1975 661 2002 monetas
681 1976 767 2002 extra
786 1979 921 2011 regnum

175 2023 411 2067 praescriptum
431 2024 592 2063 emebant,
611 2029 641 2055 et.
656 2029 764 2066 postea
776 2022 858 2054 intra
875 2033 922 2055 re-

174 2086 275 2120 gnum
294 2076 400 2121 ipsum
420 2076 605 2120 portabant,
626 2075 806 2121 vendebant
826 2081 920 2108 etex-

174 2130 378 2174 pendebant;
395 2131 535 2174 vestigiis
554 2131 625 2174 piae
646 2129 921 2162 memoriaelcan-

175 2183 225 2216 nis
252 2184 356 2230 Papae
390 2185 488 2226 XXII,
536 2185 631 2217 etiam
666 2183 922 2227 praedecessoris

175 2237 290 2278 nostri,
314 2243 390 2271 tunc
409 2238 480 2279 sui,
513 2237 730 2276 inhaerendo,
761 2246 837 2276 eos,
866 2236 920 2280 qui

175 2291 351 2335 praemissa
371 2291 478 2325 moliri
499 2296 553 2324 aut
577 2291 735 2324 fabricare
745 2300 801 2323 seu
814 2300 921 2323 emere

174 2346 224 2378 vel
250 2351 380 2389 portare
403 2345 442 2378 ad
462 2355 597 2389 regnum
618 2345 796 2389 praelatum
817 2344 920 2375 scien-

176 2393 492 2443 terpraesumebant,
503 2410 611 2432 excom
618 2398 844 2431 manicationis
851 2407 922 2429 sen-

176 2448 275 2481 tentia
294 2448 506 2488 innodaverit,
524 2447 724 2480 absolutione
743 2445 922 2489 praedicto-

175 2506 248 2531 rum
269 2497 329 2530 sibi
352 2502 383 2531 et
408 2497 474 2530 suis
502 2496 753 2533 suecessoribus,
780 2501 921 2537 praeter-

176 2557 274 2591 quam
294 2547 326 2580 in
347 2546 459 2579 mortis
478 2545 626 2583 articulo,
654 2550 822 2577 reservata.

220 2597 235 2640 5
258 2595 290 2631 3.
321 2595 549 2633 Nihilominus,
571 2592 653 2626 sieut
683 2591 861 2625 charissimi
889 2591 919 2623 in

177 2643 301 2679 Christo
326 2644 390 2679 filii
419 2642 519 2678 nostri
553 2642 694 2681 llenrici,
731 2641 919 2675 eorumdem

1606 246 1670 280 tta

972 308 1168 340 Francorum
1188 308 1271 351 rogi:
1288 309 1555 349 christianissimi,
1574 310 1714 344 insinua-

971 361 1059 394 tione
1078 371 1183 403 nupcr
1207 363 1403 406 accepimus,
1427 364 1459 395 in
1477 374 1576 404 regno
1597 365 1716 397 etlocis

971 414 1284 458 praedictisavaritia
1295 416 1439 448 omnium
1454 417 1613 449 malorum
1627 418 1716 450 radix

970 467 1013 500 ita
1030 473 1152 500 mentes
1177 467 1344 500 hominum
1356 470 1544 510 excaecavit,
1561 475 1595 503 ut
1612 470 1716 511 multi,

970 520 1121 565 propriae
1156 521 1267 554 salutis
1309 521 1524 561 immemores,
1565 524 1657 556 falsas
1685 529 1717 556 et

970 574 1287 608 simulatasmonetas
1297 575 1494 615 huiusmodi,
1506 581 1617 608 contra
1634 576 1716 609 litte—

969 639 1078 661 rarum
1099 628 1336 672 praedictarum
1363 640 1399 661 ae
1426 630 1520 662 ctiam
1552 630 1715 672 regiorum

969 682 1149 715 edictorum
1170 687 1327 721 tenorem,
1350 682 1519 721 fabricare,
1546 694 1653 716 emere
1684 689 1715 716 et

969 734 1176 768 circumferre
1197 745 1261 768 non
1282 741 1464 775 vereantur,
1477 741 1507 768 ct
1524 737 1636 769 exinde
1648 737 1715 770 ani-

968 800 1039 823 mae
1059 790 1242 833 periculum
1263 794 1294 822 et
1314 789 1542 823 detrimentum
1564 791 1712 832 afferant,

968 853 1005 875 ac
1024 844 1189 886 publicam
1211 843 1281 876 eius
1302 843 1390 885 regni
1418 843 1559 886 quietem
1589 850 1714 887 pertur-

968 895 1054 936 bent,
1081 896 1290 940 maximisque
1311 897 1713 930 incommodisctdifficul-

967 950 1084 983 tatibus
1117 950 1297 991 involvan1;
1332 950 1372 983 ad
1406 950 1562 983 funestam
1596 951 1713 984 horum

967 1003 1177 1046 cupiditatem
1208 1003 1433 1043 coercendam,
1474 1004 1655 1047 propositas
1681 1005 1712 1037 in

967 1067 1021 1090 eos
1045 1057 1224 1100 antiquitus
1235 1068 1355 1101 poenas
1375 1058 1413 1090 ad
1433 1068 1540 1097 usum,
1561 1058 1714 1102 temporis

967 1110 1179 1144 diuturnitate
1200 1112 1306 1144 forsan
1340 1112 1533 1151 obsoletum,
1565 1122 1713 1145 revocare

966 1164 1121 1203 volentes,
1144 1164 1244 1208 ipsius
1263 1165 1488 1208 Henriciregis
1508 1165 1714 1208 supplicatio-

967 1216 1060 1250 nibus
1080 1218 1112 1250 in
1132 1218 1192 1251 hac
1216 1223 1305 1262 parte
1326 1218 1483 1258 inclinati,
1506 1219 1628 1252 litteras
1646 1219 1714 1253 Cle-

966 1271 1086 1304 mentis
1096 1271 1351 1315 praedecessoris
1363 1272 1548 1305 huiusmodi
1556 1283 1629 1305 cum
1638 1283 1713 1306 cen-

966 1324 1049 1358 suris
1068 1330 1099 1358 et
1118 1325 1232 1369 poenis
1251 1326 1284 1359 in
1309 1326 1354 1359 eis
1375 1326 1530 1360 contentis
1556 1332 1713 1370 perpetuo

966 1378 1182 1422 approbamus
1202 1384 1234 1412 et
1255 1379 1496 1419 confirmamuS,
1523 1379 1713 1423 praesentis-

966 1444 1029 1476 que
1054 1434 1164 1478 scripti
1184 1433 1364 1477 patrocinio
1398 1433 1647 1475 communimus,
1675 1445 1712 1467 ac

967 1487 1064 1519 etiam
1085 1487 1286 1520 innovamus.

1010 1541 1024 1584 ξ
1043 1541 1074 1573 4.
1098 1541 1244 1574 Veientes
1260 1541 1513 1574 acdecernentes
1522 1541 1608 1585 quod
1617 1552 1710 1586 prae-

966 1596 1104 1628 sentium
1117 1595 1337 1640 transumptis,
1349 1595 1445 1628 etiam
1462 1595 1635 1640 impressis,
1648 1606 1712 1628 ma-

964 1659 1008 1682 nu
1019 1649 1156 1682 alicuius
1165 1649 1282 1682 notarii
1292 1649 1413 1693 publici
1421 1648 1618 1692 subscriptis,
1626 1654 1656 1682 et
1668 1649 1710 1681 si-

964 1703 1041 1745 gillo
1049 1714 1194 1747 personae
1203 1704 1235 1736 in
1244 1703 1397 1746 dignitate
1406 1703 1623 1737 ecclesiastica
1634 1714 1710 1737 con-

965 1756 1244 1797 stitutaemunitiS,
1258 1756 1368 1790 eadem
1380 1767 1512 1800 prorsus
1523 1757 1600 1789 fides
1616 1756 1707 1789 adhi-

964 1805 1164 1849 beaturquae
1175 1805 1383 1838 adhiberetur
1398 1805 1516 1838 eisdem
1532 1805 1708 1849 praesenti-

964 1855 1060 1894 bus,si
1071 1860 1175 1888 essent
1185 1855 1343 1887 exhibitae
1355 1855 1402 1887 vel
1414 1860 1570 1887 ostensae.
1584 1854 1665 1887 Etne
1676 1865 1708 1887 a·

963 1904 1054 1947 liqui,
1063 1903 1121 1936 sub
1134 1904 1381 1946 praetextuquod
1393 1903 1505 1936 notitia
1518 1904 1706 1936 earumdem

963 1953 1179 1995 praesentium
1212 1953 1250 1985 ad
1281 1963 1333 1985 eos
1359 1962 1423 1984 non
1453 1952 1646 1995 pervenerit,
1674 1962 1707 1984 se

963 2012 1114 2034 excusare
1133 2001 1266 2044 possint,
1289 2001 1375 2044 quod
1395 2005 1594 2043 transumpta
1607 2000 1706 2033 etim-

963 2061 1071 2093 pressa
1091 2051 1289 2089 huiusmodi,
1312 2050 1445 2092 singulis
1473 2049 1706 2082 cathedralium

963 2106 993 2133 et
1030 2100 1350 2143 metropolitanarum
1385 2098 1594 2132 ecclesiarum
1628 2099 1705 2132 dicti

963 2149 1052 2192 regni
1077 2149 1172 2182 valvis
1197 2149 1299 2188 affixa,
1323 2148 1384 2179 vim
1405 2148 1591 2180 eteffeetum
1613 2158 1706 2181 verae

963 2203 993 2230 et
1013 2198 1106 2230 realis
1131 2196 1359 2242 publicationis
1379 2202 1407 2229 et
1430 2196 1638 2229 intimationis
1652 2207 1706 2230 ea-

963 2248 1109 2280 rumdem
1131 2247 1345 2290 praesentium
1367 2245 1554 2285 sortiantur,
1577 2255 1705 2278 omnes-

962 2307 1024 2340 que
1042 2302 1073 2329 et
1100 2296 1252 2338 singulos,
1288 2304 1369 2337 quos
1399 2294 1471 2326 illae
1492 2299 1704 2333 concernunt,

962 2346 1095 2390 perinde
1131 2344 1281 2379 afficiant,
1313 2354 1349 2375 ac
1383 2342 1407 2374 si
1441 2341 1649 2385 singulariter
1676 2348 1706 2376 et

962 2395 1173 2439 personaliter
1197 2393 1242 2426 eis
1263 2392 1426 2425 intimatae
1448 2391 1592 2425 fuissent.

1005 2444 1019 2487 ξ
1044 2445 1074 2477 5.
1102 2444 1169 2476 Non
1195 2441 1391 2474 obstantibus
1416 2440 1611 2484 apostolicis,
1624 2440 1703 2473 acin

964 2492 1213 2536 provincialilnis
1248 2496 1278 2523 et
1315 2489 1520 2534 synodalibus
1560 2489 1704 2522 conciliis

962 2542 1065 2581 editis,
1091 2540 1294 2583 generalibus
1304 2540 1350 2571 vet
1365 2538 1569 2583 specialibus,
1588 2538 1704 2572 consti-

963 2591 1140 2624 tutionibus
1165 2596 1195 2622 et
1219 2587 1489 2628 ordinationibus,
1523 2587 1704 2632 ceterisque

962 2639 1130 2672 contrariis
1153 2638 1423 2681 quibuscumque.

1729 247 1779 275 Αη.
1797 248 1825 275 C.
1845 248 1909 278 1584,

1756 316 1823 337 Causa
1835 319 1914 339 constt-

1692 364 1698 370 .
1731 349 1850 374 tutionis.et
1860 355 1914 370 cou-

1731 381 1818 401 firmatio
1830 381 1913 402 ltuen-

1732 417 1775 432 rum
1799 411 1913 433 Clementis

1732 442 1767 464 Vl.

1758 1563 1908 1591 Transnmpto-

1726 1600 1769 1615 rum
1786 1595 1844 1615 sides.

1793 2448 1902 2473 Dareumio

1718 2482 1878 2501 enuntiat-inrum
