2059 3228
142 280 198 317 Ᾱιι.
215 279 236 316 c
256 286 322 317 1581

170 2166 322 2194 ’transumpto-

137 2204 183 2219 rum
198 2200 257 2219 fides.

386 306 395 316 ,γ
408 281 449 316 76
929 289 1108 315 Βιίῐ,Αηῐτηι
1132 288 1283 314 animaru

340 351 634 386 quorumcumque,
650 340 844 381 iuramento,
866 342 1085 375 confirmatio-

340 405 379 428 ne
397 395 572 439 apostolica
590 395 637 428 vel
658 395 770 438 quavis
783 394 934 428 firmitate
954 388 1016 428 alia
1035 405 1087 428 ro-

338 448 470 488 boratis,
491 447 618 481 statutis
637 453 668 481 et
698 446 1087 492 consuetudinibus;p1·i-
1127 449 1279 481 kalendas
1309 447 1400 489 iunii,
1420 447 1627 492 pontificatus
1657 445 1758 480 nostri
1790 453 1876 494 anno

338 501 461 544 vilegiis
484 511 630 544 quoque,
650 500 784 534 indultis
808 506 840 534 et
869 501 983 535 litteris
1007 512 1085 546 apo-

339 554 470 594 stolicis,
504 554 567 586 illis
598 563 776 598 eorumque
815 554 1036 598 superioribus
1056 561 1086 588 et

338 607 496 650 personis,
519 607 578 640 sub
599 607 861 651 quibuscumque
877 609 1044 642 tenoribus
1057 615 1087 642 et

337 660 460 701 formis,
480 671 518 694 ac
542 671 616 694 cum
637 661 814 704 quibusvis,
837 661 932 695 etiam
953 662 1087 705 deroga-

338 713 493 747 toriarum
518 714 730 757 derogatoriis
767 715 904 759 aliisque
925 716 1085 748 efficacio-

337 767 428 800 ribus
452 773 483 801 et
506 768 655 808 insolitis,
678 769 843 810 clausulis,
864 778 992 802 necnon
1012 769 1086 802 irri-

337 821 479 855 tantibus
498 827 529 854 et
559 821 630 855 aliis
654 822 804 863 decretis,
830 823 864 855 in
887 833 1005 866 genere
1036 824 1086 856 vel

336 874 369 906 in
395 875 514 918 specie,
537 875 634 908 etiarn
658 875 698 908 ad
719 876 934 920 imperatoris,
957 887 1083 920 regum,

336 927 523 971 reginarum
534 929 739 972 aliorumque
759 929 946 974 principum
966 930 1087 963 instan-

333 981 426 1023 tiam,
449 987 504 1015 aut
528 982 623 1015 etiam
648 988 754 1023 motu,
783 983 915 1016 scientia
939 989 969 1016 et
994 989 1085 1027 pote-

336 1036 424 1068 statis
444 1035 644 1079 plenitudine
658 1036 828 1080 similibus,
851 1047 888 1069 ac
902 1037 998 1070 etiam
1011 1047 1087 1070 con-

337 1088 538 1122 sistorialiter
558 1096 587 1123 et
598 1089 676 1122 alias
696 1090 941 1133 quomodolibet
955 1101 1086 1123 conces-

336 1141 389 1182 sis,
411 1143 598 1186 approbatis
609 1148 639 1176 et
658 1143 830 1184 innovatis3
853 1144 972 1187 quibus
983 1144 1085 1177 omni-

334 1195 406 1237 bus,
429 1196 525 1229 etiam
546 1197 570 1229 si
600 1197 639 1230 de
664 1197 727 1230 illis
747 1208 927 1241 eorumque
947 1197 1021 1231 totis
1041 1203 1086 1231 te-

335 1249 470 1283 noribus
489 1250 647 1293 specialis,
670 1250 830 1294 specifica,
852 1261 1012 1295 expressa,
1034 1251 1084 1284 in-

336 1303 463 1336 dividua
496 1309 525 1336 et
558 1304 597 1336 ad
617 1303 763 1345 verbum,
795 1313 861 1337 non
893 1310 1002 1337 autem
1027 1315 1086 1348 per

335 1357 496 1390 clausulas
533 1358 701 1401 generales
738 1358 823 1390 idem
857 1358 1082 1402 importantes,

336 1409 458 1443 mentio
474 1421 529 1443 seu
543 1410 672 1454 quaevis
689 1411 751 1444 alia
764 1411 927 1454 expressio
938 1403 1085 1444 habenda

335 1470 391 1497 aut
420 1465 528 1508 aliqua
558 1465 620 1497 alia
652 1465 809 1509 exquisita
836 1464 940 1498 forma
960 1466 998 1498 ad
1022 1465 1085 1498 hoc

336 1518 489 1550 servanda
509 1518 603 1558 foret,
626 1524 753 1552 tenores
772 1518 960 1552 huiusmodi
990 1525 1084 1562 prae-

336 1571 480 1604 sentibus
496 1582 555 1615 pro
575 1572 669 1615 plene
689 1578 720 1605 et
743 1572 940 1605 sufficienter
954 1583 1085 1616 expres-

337 1625 380 1657 sis
391 1625 633 1663 habentes‚illis
653 1626 731 1658 alias
750 1625 783 1658 in
796 1627 854 1658 suo
874 1626 991 1659 robore
1011 1637 1081 1670 per-

337 1679 510 1720 mansuris,
526 1679 586 1712 hac
606 1679 674 1712 vice
700 1680 877 1720 dumtaxat,
904 1680 1087 1723 specialiter

337 1739 368 1766 et
394 1743 541 1777 expresse
580 1733 786 1776 derogamus,
823 1733 993 1766 contrariis
1017 1733 1086 1776 qui-

336 1785 553 1830 buscumque,
564 1792 619 1820 aut
629 1787 654 1820 si
667 1786 841 1830 aliquibus,
868 1787 1087 1820 communiter

336 1840 382 1872 vel
404 1840 538 1881 divisim,
561 1841 600 1873 ab
620 1840 732 1874 eadem
753 1840 793 1873 sit
816 1839 898 1873 Sede
925 1840 1085 1873 indultum

337 1894 423 1936 quod
442 1894 602 1935 interdici,
625 1894 778 1937 suspendi
798 1894 848 1926 vel
867 1894 1088 1927 excommuni-

338 1948 402 1980 cari
422 1958 488 1981 non
508 1947 632 1991 possint
651 1958 709 1990 per
739 1947 862 1980 litteras
893 1947 1087 1990 apostolicas

337 2012 402 2034 uon
414 2002 567 2035 facientes
586 2001 728 2045 plenam,
740 2011 922 2044 expressam
931 2001 1008 2033 etad
1018 2012 1087 2034 ver-

335 2056 413 2088 bum
434 2056 473 2088 de
499 2054 623 2088 indulto
654 2054 840 2088 huiusmodi
874 2054 1083 2087 mentionem.

380 2110 394 2152 §
419 2108 450 2142 9.
486 2109 643 2142 Volumus
680 2114 787 2142 autem
826 2113 861 2141 ut
897 2107 1086 2141 earumdem

334 2162 553 2206 praesentium
575 2161 796 2206 transumptis,
823 2161 920 2194 etiam
950 2161 1085 2205 impres-

335 2216 378 2249 sis
397 2220 428 2249 et
446 2216 550 2258 sigillo
583 2225 741 2260 personae
757 2215 789 2247 in
809 2214 963 2257 dignitate
983 2214 1085 2246 eccle-

335 2269 462 2303 siastica
495 2270 687 2303 constitutae
710 2269 759 2303 vel
785 2269 889 2302 dictae
914 2267 1084 2300 archicon-

336 2323 542 2356 fraternitatis
576 2323 721 2363 munitis,
750 2330 912 2364 manuque
941 2320 1084 2354 eiusdem

337 2376 701 2410 archiconl'raternitatis
720 2377 768 2409 vel
803 2375 935 2408 alterius
968 2373 1085 2407 notarii

335 2430 459 2472 publici
494 2430 696 2474 subscriptis,
719 2430 832 2462 eadem
853 2438 987 2473 prorsus
1006 2427 1086 2460 fides

338 2483 469 2526 ubique,
484 2483 517 2516 in
536 2484 658 2517 iudicio
683 2489 715 2516 et
734 2488 822 2515 extra
842 2481 934 2521 illud,
956 2480 1087 2514 adhibe-

337 2537 421 2571 atur,
438 2543 519 2575 quae
535 2533 612 2576 ipsis
621 2532 848 2576 praesentibus
863 2530 1084 2568 adhiberetur,

338 2579 362 2612 si
388 2586 493 2613 essent
531 2581 688 2614 exhibitae
723 2581 772 2614 vel
809 2585 966 2614 ostensae.
1001 2577 1086 2611 Nulli

339 2639 416 2672 ergo
437 2634 494 2662 etc.

380 2679 494 2714 Datum
514 2679 633 2714 Romae
653 2680 739 2725 apud
759 2680 912 2714 Sanctum
942 2677 1085 2717 Petrum,

1627 2 1634 9 ›
1659 6 1664 10 .
1675 0 1838 19 *cram-32:13«
1850 19 1851 22 Ἰ
1863 11 1867 16 ,

1127 352 1211 374 anno
1236 338 1674 374 lncarnationisdominicae
1703 336 1875 372 millesimo

1127 392 1610 438 quingentesimooctuagesimo
1625 392 1743 436 primo,
1761 391 1876 435 quinto

1127 502 1265 535 decimo.
1584 504 1599 511 ”

1178 559 1243 591 Dat.
1263 560 1310 591 die
1325 561 1362 591 ⁶28
1378 559 1449 590 maii
1468 560 1557 598 1581,
1575 558 1683 600 pontif.
1703 567 1782 590 anno
1794 567 1824 589 x.

1126 723 1278 767 Sequitur
1307 723 1472 757 indultum
1496 722 1659 756 liberandi
1683 725 1873 762 carceratos,

1228 777 1264 810 de
1284 788 1344 822 qno
1364 778 1400 810 in
1418 776 1624 821 praecedenti
1641 776 1784 809 rubrica.

1127 857 1273 893 Gregorius
1282 858 1352 894 Papa
1359 854 1426 893 xm,
1436 858 1470 886 ad
1479 858 1640 893 perpetuam
1654 856 1696 885 rei
1706 852 1875 885 memoriam.

1171 928 1259 972 glo.
1291 929 1371 963 Cum
1396 929 1474 963 alias
1511 928 1612 962 felicis
1644 927 1877 962 recordationis
1906 953 1911 959 .

1127 982 1226 1016 lulius
1249 983 1335 1027 Papa
1358 983 1408 1023 ΙΙΙ,
1437 982 1666 1026 praedecessor
1685 987 1806 1022 noster,
1827 981 1877 1015 di·
1887 933 1960 1025 3333:

1126 1036 1216 1069 lectis
1240 1036 1315 1069 filiis
1335 1036 1522 1069 custodibus
1541 1041 1572 1069 et
1592 1035 1807 1069 confratribus
1826 1028 1969 1081 31²2ssssssss
2022 1070 2026 1078 ,

1128 1089 1454 1123 chiconfraternitatis
1470 1089 1652 1123 Confalonis
1673 1089 1712 1122 de
1730 1089 1828 1129 Urbe,
1841 1094 1878 1122 ut
1889 1095 1975 1112 ΜΨ·

1126 1143 1164 1176 ad
1189 1143 1318 1176 laudern
1339 1150 1370 1177 et
1389 1144 1546 1177 honorem
1563 1144 1598 1176 B.
1616 1143 1732 1176 Mariae
1749 1153 1878 1186 semper

1126 1195 1272 1240 Virginis,
1291 1197 1403 1230 ineius
1422 1197 1657 1240 Assumptionis
1667 1196 1757 1237 sesto,
1772 1206 1876 1230 unum

1127 1250 1310 1283 carceribus
1339 1251 1518 1292 detentum,
1541 1251 1637 1284 etiam
1663 1250 1689 1283 si
1722 1249 1794 1284 talis
1824 1250 1876 1284 ul-

1126 1303 1204 1337 timo
1235 1304 1395 1348 supplicio
1415 1305 1605 1348 plectendus
1623 1304 1760 1344 veniret,
1781 1304 1822 1337 ad
1839 1303 1877 1336 il-

1126 1357 1231 1389 lorum
1253 1357 1456 1398 electionem,
1484 1357 1575 1391 annis
1608 1357 1743 1399 singulis
1770 1362 1875 1391 extra-

1126 1410 1202 1443 here
1223 1416 1253 1443 et
1276 1411 1415 1444 liberare
1438 1412 1583 1445 valerent
1601 1410 1784 1444 indulserit.
1983 1451 1990 1459 ό

1170 1464 1258 1507 ιξ11.
1286 1464 1323 1497 Et
1347 1465 1463 1499 deinde
1500 1465 1574 1509 piae
1598 1465 1773 1498 memoriae
1800 1465 1876 1499 Pius
1913 1462 2001 1512 Pin-³]

1126 1517 1211 1561 Papa
1239 1518 1286 1558 IV,
1311 1518 1408 1551 ctiam
1432 1519 1663 1562 praedecessor
1695 1524 1816 1559 noster,
1840 1523 1877 1552 ut
1888 1503 1984 1564 &23:222
2011 1548 2016 1558 ,

1126 1571 1313 1604 huiusmodi
1336 1572 1499 1605 indultum
1532 1572 1687 1606 maiorem
1718 1565 1965 1607 obtineret¹¹¹⁶⁰⁰

1127 1625 1254 1658 roboris
1277 1625 1475 1667 firmitatem,
1497 1626 1578 1659 illud
1601 1636 1639 1659 ac
1672 1625 1705 1658 in
1738 1636 1777 1659 eo
1796 1635 1876 1659 con·

1126 1684 1214 1711 tenta
1228 1690 1453 1723 quaecumque
1473 1678 1740 1723 approbaveritet
1759 1679 1878 1713 confir-

1128 1732 1272 1772 maverit,
1307 1743 1344 1765 ac
1377 1738 1554 1776 perpetuae
1579 1731 1740 1765 firmitatis
1775 1731 1878 1765 robur

1127 1785 1291 1827 adiecerit,
1314 1796 1454 1826 necnon,
1487 1791 1645 1830 quatenus
1664 1795 1746 1829 opus
1780 1790 1876 1826 esset,

1127 1839 1313 1872 custodibus
1338 1845 1370 1872 et
1393 1839 1612 1873 confratribus
1634 1838 1808 1883 praedictis
1840 1849 1879 1872 ea

1128 1893 1237 1925 omnia
1257 1893 1296 1926 de
1314 1903 1397 1927 novo
1418 1893 1624 1933 concesserit,
1641 1898 1736 1936 prout
1753 1892 1787 1925 in
1798 1903 1877 1936 sup-

1127 1947 1356 1990 plicationibus
1395 1953 1485 1980 motu
1520 1947 1652 1991 proprio
1687 1946 1877 1980 eorumdem

1126 2000 1411 2043 praedecessorum
1447 2000 1591 2043 signatis,
1612 2010 1751 2043 quorum
1776 2000 1877 2033 solam

1127 2055 1324 2095 signaturam
1346 2054 1406 2096 ipsi
1427 2054 1528 2086 Iulius
1548 2059 1578 2086 et
1590 2053 1666 2086 Pius
1684 2053 1877 2096 praedeces-

1126 2117 1214 2140 sores
1233 2107 1381 2140 sufficere
1401 2107 1577 2150 respective
1600 2107 1784 2148 voluerunt,
1811 2106 1878 2150 ple·

1126 2161 1200 2193 nius
1220 2160 1418 2194 continetur.

1170 2214 1188 2257 §s
1210 2214 1262 2247 12.
1286 2213 1365 2247 Cum
1385 2219 1505 2254 autem,
1521 2213 1604 2246 sicut
1623 2212 1764 2247 exhibita
1783 2212 1878 2246 nohis

1126 2277 1242 2310 nupe1,
1252 2277 1310 2311 pro
1330 2273 1422 2311 palte
1436 2267 1606 2300 custodum
1627 2272 1659 2300 et
1677 2267 1876 2300 confratrum
1888 2252 1959 2306 „12ss
1978 2261 1992 2289 ἷ

1127 2331 1175 2363 pi
1166 2320 1379 2361 anthemium,
1398 2320 1510 2364 petitio
1522 2320 1718 2359 continebat,
1732 2319 1864 2364 licetips
1866 2315 1962 2368 12⁸⁸ss
1972 2315 1986 2358 ᾗ

1126 2375 1158 2407 in
1191 2374 1392 2418 possessione
1412 2374 1641 2407 excatceiandi
1662 2380 1694 2406 ct
1717 2372 1912 2408 libeiand1·⁸

1126 2428 1312 2462 huiusmodi
1328 2428 1444 2462 abinde
1459 2428 1546 2461 circa
1561 2427 1685 2461 suetint
1704 2432 1735 2460 et
1751 2427 1824 2468 sint,
1838 2413 1922 2460 {10⁰⁰

1127 2482 1373 2525 eleemosynam,
1381 2491 1478 2524 quam
1490 2479 1677 2513 liberandus
1688 2478 1876 2512 huiusmodi

1128 2529 1187 2573 ipsi
1207 2528 1551 2563 archiconsraternitati
1586 2529 1703 2561 oll‘erre
1733 2533 1765 2560 et
1799 2527 1876 2561 dare

1128 2579 1233 2619 vellet,
1271 2579 1302 2611 in
1336 2579 1480 2612 eiusdem
1513 2575 1877 2610 archiconfraternitatis

1128 2639 1204 2661 usus
1215 2632 1399 2660 convertere
1411 2626 1547 2670 possint;
1561 2632 1678 2666 tamen,
1689 2624 1764 2668 quia
1771 2634 1877 2668 nuper

1128 2685 1198 2719 nos,
1221 2687 1279 2721 per
1289 2676 1443 2721 quasdam
1462 2679 1587 2710 nostras
1606 2674 1665 2710 sub
1679 2673 1814 2719 plumbo
1824 2680 1876 2709 ex·-
