2059 3228
125 209 178 241 An.
193 210 223 241 C.
241 213 309 245 1587

186 1417 296 1438 (ttausutae

114 1448 295 1476 pumen-ativae.

116 2606 244 2629 rogaturi-ie,

325 268 509 310 dulgemus3
531 263 676 308 dictique
695 262 840 307 Gregorii
853 263 1083 306 praedeeesso-

321 322 365 355 ris
390 321 514 353 litteras
538 324 567 352 et
587 317 821 358 immunitates,
843 317 1076 361 exemptiones,

323 375 511 415 facultates,
542 372 709 417 privilegia
739 377 769 404 et
790 371 927 411 indulta,
949 381 1076 404 necnon

320 430 351 462 in
373 429 418 461 eis
444 432 596 461 contenta
617 436 857 470 quaecumque,
878 430 941 458 tam
964 434 1074 468 respe-

319 488 371 516 ctu
393 482 554 515 dictarum
573 479 861 524 congregationum
878 489 935 513 seu
956 477 1074 511 sodali-

319 537 436 570 tiorum
455 534 654 576 huiusmodi,
677 545 774 578 quam
795 533 871 567 dieti
884 538 915 566 et
926 539 1076 576 protem-

319 601 395 635 pore
426 589 588 623 existentis
616 587 792 632 praepositi
812 598 870 620 seu
889 586 999 619 vicarii
1020 596 1074 628 ge-

317 644 435 677 neralis
455 643 561 677 dictae
574 642 742 677 Societatis
752 641 790 675 ad
804 640 986 685 praedictas
998 649 1072 672 con-

315 697 520 742 gregationes
555 707 610 729 seu
641 694 789 728 sodalitia
816 693 1015 727 scholarium
1042 697 1073 725 et

316 762 382 785 non
394 751 604 791 scholarium,
614 750 708 783 etiam
722 748 909 782 christifidel
917 747 980 780 'um
990 756 1071 790 quo-

316 815 547 848 rumcumque,
570 810 634 838 tam
655 808 780 837 erectas
796 812 894 846 quarn
914 801 948 834 in
964 805 1071 844 poste-

314 870 401 900 rum,
424 864 460 892 ut
480 859 674 902 praefertur,
697 856 878 901 erigendas,
903 854 1072 888 instituen-

315 914 371 947 das
392 919 423 946 et
443 912 672 958 aggregandas,
693 911 817 955 pariter
836 913 996 953 perpetuo
1017 918 1070 940 ex-

315 967 491 1008 tendimus,
514 968 557 1000 ita
578 972 613 1000 ut
633 966 740 998 omnia
767 965 799 997 in
821 964 883 996 illis
903 966 1067 999 contenta,

311 1028 344 1056 et
371 1023 597 1067 praesentibus
629 1020 745 1054 litteris
772 1016 961 1052 huiusmodi
990 1025 1053 1048 con

311 1087 411 1117 cessa,
442 1077 568 1110 indulta
592 1082 621 1109 et
643 1075 786 1117 elargita,
813 1072 890 1105 acsi
913 1069 1059 1114 speciali-

313 1135 360 1163 ter
388 1130 427 1164 de
454 1131 551 1164 verbo
580 1130 619 1163 ad
650 1130 783 1163 verbum
813 1128 932 1161 eisdem
967 1134 1061 1169 prae-

309 1185 453 1218 sentibus
486 1185 625 1225 inserta,
658 1193 840 1226 eorumque
876 1182 934 1215 toti
973 1187 1066 1215 teno-

310 1249 361 1271 res
381 1238 523 1283 expressi
543 1238 662 1279 forent,
682 1247 837 1271 concessa
857 1246 925 1270 esse
945 1235 1065 1269 intelli-

309 1287 438 1336 gantur.

354 1348 369 1389 ἓ
395 1347 425 1380 6.
453 1347 668 1380 Decernentes
679 1346 807 1379 easdem
819 1343 1064 1389 praesenteslit-

312 1406 396 1433 teras
416 1401 475 1433 sub
496 1401 757 1444 quibuscumque
770 1399 926 1432 similium
937 1398 984 1431 vel
997 1398 1062 1431 dis-

310 1454 465 1487 similium
488 1454 765 1497 indulgentiarum
778 1453 827 1486 vel
837 1453 975 1485 aliarum
988 1462 1061 1494 gra-

310 1508 428 1541 tiarum
464 1508 737 1548 revocationibus,
778 1506 1059 1550 suspensionibus,

310 1561 570 1604 limitationibus,
583 1562 847 1605 derogationibus
859 1566 890 1594 et
903 1560 974 1594 aliis
985 1570 1063 1594 con-

310 1616 417 1648 trariis
441 1616 717 1660 dispositionibus,
737 1616 834 1649 etiam
859 1615 891 1648 in
917 1615 1061 1648 savorem

310 1670 462 1703 basilicae
482 1670 642 1714 Principis
661 1670 891 1714 Apostolorum
912 1668 950 1701 de
975 1668 1080 1723 dieta?

312 1723 395 1756 Urbe
424 1734 479 1757 seu
511 1722 680 1757 Cruciatae
709 1724 857 1763 Sanctae,
888 1728 945 1755 aut
964 1721 1079 1756 etiami

915 209 1097 236 mmmmm!
1121 209 1273 235 ROMANUM

1125 262 1306 306 ceterisque
1327 262 1497 296 contrariis
1521 256 1803 307 quibuscumque.'
1816 262 1876 298 Vo-

1125 316 1232 349 lumus
1247 322 1355 350 autem
1376 317 1464 361 quod
1483 316 1509 349 si
1525 316 1632 350 dictae
1648 312 1889 362 congregatio-³,

1123 379 1180 401 nes
1199 375 1253 403 aut
1273 370 1420 403 sodalitia
1440 370 1488 402 vel
1506 379 1620 403 eorum
1644 366 1880 415 quaecumque

1123 422 1235 466 aliquo
1247 424 1344 457 modo
1360 424 1464 457 eidem
1481 422 1634 457 Societati
1651 423 1701 456 vel
1723 424 1874 459 domibus

1122 486 1179 508 seu
1199 476 1344 519 collegiis
1368 477 1498 520 aliquod
1523 475 1791 520 impedimentum
1815 488 1873 513 seu

1121 529 1360 572 praeiudicium
1391 541 1450 574 pro
1478 536 1626 574 tempore
1649 530 1828 572 attulerint,
1848 531 1876 566 i-

1121 582 1194 615 dem
1213 583 1417 626 praepositus
1433 593 1490 616 seu
1506 582 1646 617 vicarius
1665 583 1736 618 illas
1750 584 1799 618 vel
1818 585 1882 630 itta*

1119 641 1173 668 aut
1195 646 1306 669 eorum
1325 637 1467 680 singulas
1484 637 1532 670 vel
1552 636 1680 680 singula
1701 637 1874 673 dissolvere

1120 695 1230 732 possit.

1884 207 1941 240 An.

1987 279 2020 387 ,ἒ

2007 344 2025 359 br

2003 390 2012 400 s

2003 434 2009 443 ι

1990 352 2001 365 Γ

1162 742 1234 785 {8-
1270 743 1426 785 Quodque
1460 743 1681 788 praesentium
1709 749 1875 780 transum-
1932 744 2007 785 ⁸1¹5}

1118 796 1191 838 ptis,
1212 797 1308 829 etiam
1339 797 1516 841 impressis,
1538 807 1638 831 manu
1661 799 1829 833 secretarii
1847 799 1875 833 i·
1885 788 1982 828 ”⁰⁵⁸2
2018 794 2020 796 V

1116 848 1206 891 psius
1227 849 1395 884 Societatis
1419 856 1475 884 aut
1499 850 1618 884 notarii
1642 851 1766 896 publici
1799 853 1874 887 sub·
1911 848 1930 880 ·“
1975 887 1978 896 ,

1115 902 1254 946 scriptis,
1278 909 1310 937 et
1326 915 1486 948 personae
1501 904 1642 939 alicuius
1659 905 1694 939 in
1713 906 1873 950 dignitate

1114 955 1332 990 ecclesiastica
1349 958 1558 999 constitutae,
1580 968 1638 992 seu
1653 958 1756 1003 ipsius
1774 961 1877 1004 prae-⁴

1114 1009 1214 1052 positi
1238 1017 1294 1043 aut
1313 1010 1423 1044 vicarii
1452 1011 1612 1054 generalis
1634 1023 1695 1056 pro
1723 1018 1871 1058 tempore

1111 1063 1276 1097 existentis
1295 1065 1438 1098 eiusdem
1465 1065 1638 1100 Societatis'
1664 1067 1771 1111 sigillo
1799 1079 1871 1104 mu-

1111 1115 1198 1158 nitis,
1223 1118 1333 1152 eadem
1365 1129 1499 1162 prorsus
1526 1119 1607 1153 fides
1630 1120 1865 1165 ubiqueloco-

1110 1181 1194 1212 rum,
1223 1171 1256 1204 in
1280 1172 1403 1206 iudicio
1431 1178 1461 1206 et
1481 1179 1570 1207 extra
1589 1174 1683 1216 illud,
1712 1175 1866 1210 adhibea-

1124 1236 1163 1258 ur
1190 1236 1274 1269 quae
1304 1226 1538 1272 adhiberentur
1566 1228 1684 1262 eisdem
1710 1240 1865 1273 praesen-

1121 1280 1217 1320 tibus,
1238 1281 1264 1313 si
1284 1282 1390 1314 forent
1400 1281 1562 1315 exhibitae
1580 1282 1630 1316 vel
1651 1287 1810 1318 ostensae.

1161 1334 1246 1367 Nulli
1271 1345 1348 1378 ergo
1368 1339 1426 1368 eto.

1159 1387 1275 1421 Datum
1296 1388 1417 1422 Romae
1441 1389 1528 1434 apud
1548 1389 1702 1424 Sanctum
1722 1391 1865 1434 Petrum,

1103 1448 1189 1475 anno
1228 1442 1464 1476 Incarnationis
1512 1443 1695 1478 dominicae
1741 1445 1856 1480 milles

1103 1505 1154 1528 mo
1174 1496 1435 1540 quingentesimo
1455 1497 1676 1540 octuagesimo
1701 1499 1851 1543 septimo,

1103 1550 1196 1583 nonis
1224 1550 1375 1591 ianuarii,
1404 1550 1611 1595 pontificatus
1638 1552 1739 1585 nostri
1768 1563 1854 1587 anno

1101 1603 1254 1637 seeundo.

1196 1662 1261 1693 Dat.
1275 1662 1324 1694 die
1335 1663 1354 1694 5
1371 1663 1432 1693 ian.
1445 1663 1534 1699 1587,
1545 1663 1651 1703 pontif.
1663 1673 1740 1696 anno
1750 1673 1782 1696 ιι.

309 1787 369 1821 per
382 1787 441 1810 nos
452 1788 507 1810 seu
521 1777 774 1825 alios-Romanos
785 1775 958 1809 Pontifices
970 1786 1061 1819 prae·
1079 1779 1081 1796 ῑ
1112 1792 1115 1794 v

310 1831 495 1864 decessores
524 1837 651 1864 nostros
679 1842 716 1864 ac
745 1831 862 1864 dictam
883 1829 1010 1870 Sedem,
1031 1839 1062 1862 e-

312 1886 388 1918 tiam
409 1891 499 1919 motu
521 1885 667 1929 proprio,
688 1885 784 1918 etiam
804 1885 972 1928 potestatis
991 1884 1060 1927 ple-

311 1940 470 1979 nitudine,
486 1950 540 1973 seu
563 1939 602 1972 ad
622 1939 811 1983 quorumvis
826 1938 1061 1982 imperatorum

311 2000 341 2027 et
370 2005 482 2037 regum
512 1993 712 2033 instantiam,
734 2003 793 2036 pro
812 1997 959 2036 tempore
980 1999 1084 2036 quo-¹

312 2048 485 2080 modolibet
516 2046 618 2087 saetis,
646 2046 779 2079 minime
815 2046 1081 2089 comprehendi‚¹

311 2101 364 2134 sed
391 2112 517 2145 semper
546 2101 585 2134 ab
615 2100 678 2133 illis
697 2105 858 2144 exceptas,
880 2106 910 2133 et
935 2085 1082 2144 quoties*

312 2155 384 2187 illae
405 2156 612 2195 emanabunt,
640 2154 735 2188 toties
754 2154 786 2187 in
807 2154 981 2198 pristinum
1002 2160 1063 2187 sta-

312 2214 380 2241 tum
402 2210 576 2250 restitutas,
602 2208 759 2253 repositas
774 2214 805 2242 et
823 2209 1063 2251 plenarierein-

313 2269 460 2307 tegratas,
483 2274 519 2296 ae
539 2263 578 2297 de
590 2273 672 2296 novo
690 2273 857 2296 concessas
869 2274 937 2297 esse
948 2270 977 2296 et
991 2274 1064 2297 cen-

313 2318 374 2350 seri
404 2317 544 2358 debere;
572 2317 766 2360 irritumque
795 2322 824 2349 et
851 2316 946 2350 inane
967 2319 990 2348 si
1016 2293 1085 2356 se-l
1186 2345 1191 2350 .
1539 2343 1545 2349 .
1588 2354 1593 2358 ⁸
1651 2343 1657 2348 .
1728 2343 1734 2348 .
1775 2343 1782 2348 .

1081 2360 1084 2362 ·
1111 2356 1141 2378 in
1162 2346 1230 2378 dics
1249 2345 1411 2385 scandala,
1439 2355 1512 2377 cum
1537 2349 1659 2386 ingenti
1683 2353 1782 2376 animi
1803 2353 1860 2376 no-

314 2381 371 2403 eus
391 2371 549 2414 superbis
566 2381 583 2403 a
599 2365 774 2414 quoquam,
794 2370 905 2414 quavis
921 2370 1062 2403 auetori-

313 2425 388 2459 tate,
424 2420 562 2453 scienter
585 2420 633 2453 vel
663 2419 861 2463 ignoranter,
893 2420 1063 2463 eontigerit

315 2469 478 2502 attentari.

1422 1853 1539 1889 LXXX.

1106 1932 1152 1966 De
1171 1932 1303 1966 incestis
1323 1931 1510 1976 quibusdam
1529 1930 1862 1976 casibusidtimowp-

1148 1987 1248 2030 plicio
1268 1987 1306 2019 in
1319 1983 1657 2020 Statu‘Ecclesiastieo
1667 1986 1856 2035 puniendis.
1897 2032 1899 2034 q

1210 2068 1307 2097 Sixtus
1325 2069 1396 2104 rapa
1414 2067 1446 2100 V,
1465 2068 1543 2096 motu
1557 2066 1679 2103 proprio.
1693 2067 1749 2095 etc.

1149 2125 1312 2171 Veientes,
1323 2134 1479 2174 quantum
1493 2129 1526 2162 in
1541 2128 1634 2162 nobis
1645 2134 1707 2170 est,
1717 2128 1861 2172 compri-

1107 2195 1194 2217 mere
1222 2184 1412 2217 effraenatas
1437 2188 1467 2216 et
1494 2182 1667 2226 flagitiosas
1687 2182 1858 2215 hominum

1105 2238 1267 2277 libidines,
1288 2249 1323 2271 ex
1345 2237 1474 2281 quibus,
1485 2242 1615 2280 praeter
1633 2246 1761 2279 gravem
1772 2235 1858 2269 Divi-

1105 2302 1168 2325 nae
1190 2291 1357 2324 Maiestatis
1377 2291 1542 2331 offensam,
1562 2290 1665 2323 multa
1689 2295 1720 2323 et
1744 2299 1860 2332 magna

1109 2399 1164 2431 stri
1186 2399 1310 2437 dolore,
1339 2397 1455 2431 exoriri
1477 2397 1634 2438 videmus3
1656 2407 1694 2430 ac
1713 2395 1859 2430 subditos

1106 2453 1310 2496 potissimum
1324 2457 1462 2492 nostros,
1479 2461 1618 2495 quorum
1636 2450 1748 2484 salutis
1763 2459 1857 2494 prae-

358 2518 374 2560 ἓ
399 2518 430 2550 7,
456 2518 526 2551 Non
546 2518 749 2552 ohgffiffljbus
768 2518 1064 2562 praemjgsjfflffi-O-
1109 2506 1238 2549 eipuam
1264 2512 1295 2539 et
1315 2505 1515 2550 peculiarem
1536 2504 1679 2548 gerimus
1699 2501 1856 2536 sollicitu-

141 2567 438 2601 ⁴³¹211-u!³⁰d0·luntate
457 2574 566 2602 nom-3
586 2569 762 2613 prsscdjcm,
793 2578 921 2601 necnon
944 2567 1064 2600 consfi-
1109 2559 1231 2600 dinem,
1251 2560 1408 2603 peccandi
1430 2558 1560 2592 licentia
1581 2562 1716 2597 remota,
1737 2555 1778 2588 ad
1795 2565 1856 2598 pu-

316 2616 495 2650 tationibus
524 2623 553 2651 et
582 2616 841 2650 ordinationibus
867 2616 1062 2660 apostolicis,

1108 2612 1236 2647 dicitiae
1256 2618 1285 2646 et
1308 2613 1518 2646 castimoniae
1539 2611 1644 2644 studia
1673 2608 1856 2643 salubribus

1901 2117 1967 2153 Causa
1974 2127 1987 2135 v

1875 2151 1952 2171 consui
1970 2153 1988 2172 ,ῃ
2021 2163 2024 2165 μ
