2059 3228
294 193 357 227 9-'10
1803 194 1856 223 An.
1871 194 1902 223 C».

248 257 334 289 modi
373 255 661 299 supplicationibus
696 254 857 295 inclinati,
891 254 996 288 abbati
1016 274 1020 305 ι
1040 253 1208 286 canatibus
1224 258 1255 286 et
1274 253 1344 287 aliis
1364 255 1590 298 nuncupandis
1608 256 1699 299 locis,
1723 263 1787 291 tam
1803 258 1985 311 jSffmimas}

247 316 276 343 ct
297 309 468 342 conventui
500 308 685 351 praedictis,
713 313 747 340 ut
771 318 997 352 quoscumque
1040 306 1182 340 virorum
1199 317 1296 350 quain
1317 307 1506 347 mulierum,
1522 307 1717 353 illorumque
1738 322 1791 345 su·
1803 304 1900 340 inunicai
1969 306 1978 308 '⁴

245 374 281 395 ex
304 362 470 394 monacbis
495 361 597 404 ipsam
625 356 819 394 strictiorem
841 361 997 404 Regulam
1039 359 1234 403 periei-ibus,
1259 360 1441 401 abhatibus
1464 360 1645 404 abbatissis,
1671 363 1790 407 priori·
1805 356 1844 378 ‘³¹¹⁰
1881 355 1948 372 ‘⁰⁰⁶⁸
1969 363 1977 375 ’·

47 201 100 229 Au.
119 200 146 228 C.
166 201 232 229 1587
840 199 1019 240 neumatum
1043 199 1194 223 nonaum!

98 1870 235 1895 Nnviiiosqiie

54 1904 178 1928 recipiendi.

246 416 408 459 protessis,
431 426 512 459 quos
532 414 679 447 duxerint
705 415 871 458 eligendos
891 422 921 449 et
941 416 997 448 de-
1040 415 1111 455 bus,
1139 414 1342 458 praepositis,
1370 414 1514 456 decanis,
1540 416 1694 457 monacis,
1722 428 1791 451 mo-

245 469 416 512 putunilos,
439 475 503 500 tam
524 468 562 500 ad
588 468 650 500 lioc
670 478 729 511 per
753 473 855 501 totum
877 469 997 502 Galliae

245 521 458 565 praedictum,
478 532 574 564 quam
594 520 655 553 alia
670 531 769 563 regna
785 527 816 554 et
836 522 997 564 respubli-

245 586 297 606 cas
318 574 494 617 mundique
517 579 623 618 partes
644 574 820 614 universas,
843 580 938 619 prout
954 574 999 608 eis

243 627 346 660 risum
368 627 475 667 suerit,
496 628 636 660 mittere.
651 628 779 672 ipsique
799 628 844 661 sic
864 628 951 661 missi
965 628 998 661 in

246 680 605 725 regnis,rehuspublicis
619 686 645 713 et
662 680 814 714 dominiis
823 681 998 724 praedictis,

245 745 281 767 ac
292 734 553 777 quibuscumque
565 745 678 767 corum
692 735 886 775 civitatibus,
903 735 999 768 terris

245 794 342 831 atque
352 787 441 827 locis,
452 787 586 831 aliisque
603 788 714 820 mundi
725 789 884 832 partibus,
901 799 999 832 quae-

243 852 397 886 cumque,
420 848 484 875 tam
513 841 658 875 virorum
689 852 788 885 quam
822 842 997 875 mulierum

245 895 451 935 monasteria,
484 895 665 938 prioratus,
698 895 937 939 praeposituras
968 901 998 929 et

244 949 420 982 decanatus
440 960 477 981 ac
502 948 564 981 alia
589 949 809 992 nuncupanda
828 949 899 982 loca
919 959 997 982 con-

243 1002 439 1045 gregationis
450 1002 620 1035 Fulliensis
635 1005 730 1035 etiam
746 1003 998 1046 mmcupandae,

245 1055 390 1088 eiusdem
407 1055 628 1088 Cisterciensis
640 1055 779 1096 Ordinis,
793 1066 852 1099 pro
864 1056 999 1089 totidem

244 1109 429 1149 abbatibus,
452 1109 634 1149 abbatissis,
658 1109 831 1152 prioribus,
859 1120 999 1154 praepo-

245 1162 324 1201 sitis,
351 1162 492 1202 decanis,
515 1162 725 1196 conventibus
751 1168 782 1195 et
807 1162 877 1196 aliis
901 1174 999 1207 supe-

245 1216 386 1249 rioribus
420 1223 451 1250 et
482 1217 628 1260 personis
653 1216 798 1249 eiusdem
824 1227 1001 1261 congrega-

245 1270 351 1310 tionis,
376 1270 432 1313 qui
450 1270 527 1303 inibi
548 1269 663 1303 divinis
684 1270 835 1304 laudibus
860 1276 891 1304 et
909 1271 1001 1305 obse-

245 1324 329 1367 quiis
345 1324 503 1364 insistere,
522 1335 559 1357 ac
580 1324 667 1357 iuxta
680 1324 843 1367 regularia
863 1335 998 1368 congre-

245 1377 384 1420 gationis
404 1377 448 1410 sic
466 1378 659 1411 reformatae
675 1377 818 1411 instituta
830 1378 935 1411 vivere
946 1378 1001 1412 de-

245 1431 354 1472 beant,
378 1431 526 1471 fundare,
548 1432 673 1475 erigere
698 1437 729 1464 et
755 1431 938 1472 instituere,
964 1442 1001 1465 ac

247 1484 343 1517 etiam
365 1496 423 1528 per
447 1485 527 1518 alios
547 1485 691 1518 eiusdem
716 1486 762 1518 vel
784 1485 918 1518 alterius
942 1497 1001 1519 cu-

247 1538 440 1581 iuscumque
460 1538 588 1571 Ordinis
608 1539 740 1572 fundata
771 1545 802 1572 et
825 1544 942 1579 erecta,
964 1550 1001 1572 ex

247 1603 374 1633 eorum,
397 1592 435 1625 ad
451 1603 532 1636 quos
548 1598 669 1636 spectat
689 1599 721 1626 et
740 1593 909 1637 spectabit,
925 1604 1002 1626 con-

248 1646 402 1686 cessione,
421 1646 690 1693 dioecesanorum
703 1647 850 1680 locorum
862 1647 910 1679 vel
922 1658 1002 1691 quo-

248 1700 369 1732 rumvis
393 1700 532 1732 aliorum
555 1700 685 1733 licentia
709 1700 849 1745 desuper
869 1701 1002 1734 minime

249 1753 405 1796 requisita
426 1764 486 1787 nec
504 1760 682 1797 expectata.

294 1808 308 1849 ξ
329 1807 360 1839 li.
380 1807 586 1851 Novitiosque
612 1808 643 1840 in
665 1808 712 1840 eis
737 1807 883 1852 recipere
904 1814 934 1841 et
954 1818 1004 1841 re-

251 1867 362 1904 ceptos
382 1872 417 1893 ae
436 1861 502 1905 ipsa
525 1861 719 1894 monasteria
739 1862 910 1905 ingressos,
930 1872 1004 1906 pro-

251 1914 390 1946 bationis
413 1921 559 1958 tempore
585 1916 756 1959 completo,
773 1916 811 1948 ad
833 1916 1005 1959 professio-

253 1977 325 1998 nem
344 1968 483 2007 solitam,
508 1979 564 2011 per
576 1968 681 2001 dictos
703 1969 880 2001 monachos
901 1969 1004 2002 emitti

252 2019 392 2060 solitam,
429 2020 598 2054 admittere
634 2023 830 2065 regularem,
861 2033 898 2056 ac
924 2022 1005 2055 illud

254 2073 332 2106 ritae
358 2084 459 2116 genus
485 2075 712 2118 regulariaquc
739 2075 896 2117 instituta,
924 2087 1006 2119 quae

255 2126 286 2158 in
308 2127 413 2170 primo
425 2128 510 2160 dicto
529 2131 723 2162 monasterio
742 2129 849 2172 vigent
868 2135 898 2163 et
914 2129 945 2162 in
960 2130 1008 2162 l‘u-

256 2185 364 2212 turum
387 2180 550 2223 vigebunt,
571 2182 650 2215 inibi
676 2182 886 2216 introducere
906 2183 1007 2216 libere

257 2238 287 2263 et
309 2233 393 2266 licite
420 2235 543 2278 possint
572 2242 602 2268 et
621 2236 758 2276 valeant,
786 2237 950 2270 licentiam
979 2242 1009 2270 et

258 2287 476 2320 omnimodam
498 2289 683 2322 facultatem
712 2296 809 2333 atque
833 2291 1008 2324 auctorita-

258 2345 334 2379 tem,
347 2340 430 2373 dicta
441 2342 766 2383 auct01·itate,tenore
778 2345 1008 2387 praesentium,

259 2389 468 2422 consedimus
488 2396 517 2423 et
539 2391 757 2435 impartimur.
917 2409 926 2423 e

304 2438 319 2477 ‚Q
339 2437 370 2469 5.
392 2439 524 2472 Necnon
545 2441 710 2483 praedicto
739 2441 778 2475 de
803 2442 946 2476 Fulliens
979 2449 1009 2476 et

1017 443 1021 678 ι

1021 1787 1028 2089 l

1025 2098 1034 2566 l

1040 467 1200 508 nialibus,
1232 467 1362 501 novitiis
1394 473 1425 501 et
1456 468 1619 501 conversis
1656 469 1792 513 aliisque

1039 521 1299 565 quibuscumque
1327 520 1472 564 personis
1496 520 1666 565 utriusque
1686 532 1792 562 sexus,

1040 575 1073 606 in
1091 574 1136 607 eis
1156 585 1216 618 pro
1237 580 1384 618 tempore
1396 574 1617 615 existentibus
1640 580 1676 607 ut
1691 575 1795 608 omni-

1039 629 1099 661 hus
1120 633 1150 661 et
1170 628 1304 671 singulis
1320 627 1506 671 privilegiis,
1525 628 1795 669 immunitatibus,

1041 681 1312 725 exemptionibus
1327 681 1542 722 libertatibus,
1553 682 1794 726 praerogativis,

1040 734 1318 775 concessionibus,
1342 734 1564 776 facultatibus,
1586 735 1733 775 indultis,
1748 735 1796 768 in-

1040 788 1227 831 dulgentiis,
1241 788 1337 821 etiam
1353 788 1519 832 plenariis,
1537 793 1568 821 et
1586 794 1793 832 peccatorum

1041 841 1300 883 remissionibus,
1323 842 1591 883 relaxationibuS‚
1612 842 1794 886 ceterisque

1040 895 1162 937 gratiis,
1184 901 1249 928 tam
1265 895 1491 939 spiritualibus
1510 906 1609 940 quam
1629 900 1793 939 tempora-

1041 949 1126 981 libus
1150 949 1316 993 praedicto
1340 949 1453 983 Ordini
1473 960 1511 982 ac
1533 949 1794 992 congregationi-

1040 1003 1101 1035 bus
1120 1002 1180 1035 sub
1200 1001 1255 1035 illo
1282 1003 1447 1044 institutis,
1470 1013 1652 1046 eorumque
1684 1012 1796 1035 mona-

1040 1056 1145 1089 steriis
1165 1062 1196 1090 et
1211 1055 1291 1089 locis
1304 1057 1426 1100 pariter
1441 1056 1610 1100 utriusque
1629 1065 1723 1089 sexus
1737 1066 1796 1100 per

1041 1110 1227 1144 universum
1244 1110 1403 1144 mundum
1425 1110 1610 1143 constitutis
1621 1115 1652 1144 et
1663 1110 1792 1151 erectis,

1041 1175 1078 1197 ac
1103 1164 1338 1198 constituendis
1357 1169 1389 1197 et
1413 1163 1587 1207 erigendis,
1614 1164 1645 1197 in
1675 1174 1793 1207 genere

1041 1219 1089 1251 vel
1110 1218 1143 1251 in
1161 1217 1281 1262 specie,
1297 1217 1393 1251 etiam
1406 1228 1466 1262 per
1474 1218 1576 1251 solam
1595 1218 1793 1262 signaturam

1042 1278 1073 1305 et
1099 1272 1187 1305 rivae
1218 1271 1305 1305 vocis
1332 1272 1476 1313 oraculo,
1508 1282 1545 1304 ac
1571 1282 1630 1316 per
1660 1270 1795 1305 modum

1043 1325 1348 1359 communicationis
1382 1331 1414 1358 et
1449 1325 1659 1366 extensionis,
1699 1324 1794 1358 etiam

1043 1385 1133 1413 motu
1153 1379 1286 1424 proprio
1307 1384 1338 1412 et
1355 1389 1393 1412 ex
1410 1384 1497 1412 certa
1517 1378 1663 1420 scientia,
1676 1383 1707 1412 et
1718 1388 1796 1422 apo-

1043 1433 1175 1466 stolicae
1198 1433 1367 1477 potestatis
1396 1432 1612 1477 plenitudine,
1644 1432 1690 1465 vel
1716 1431 1796 1465 alias

1042 1486 1298 1531 quomodolibet,
1319 1493 1383 1520 tam
1416 1497 1476 1530 per
1507 1496 1566 1519 nos
1593 1496 1690 1529 quam
1715 1495 1798 1529 quo-

1043 1551 1200 1584 scumque
1221 1540 1301 1573 alios
1315 1540 1478 1574 Romanos
1497 1539 1682 1580 Pontifices,
1697 1538 1794 1572 etiam

1044 1594 1310 1638 praedecessores
1340 1598 1488 1633 nostros,
1510 1603 1546 1626 ac
1567 1593 1683 1626 Sedem
1711 1593 1797 1637 Apo-

1043 1648 1203 1688 stolicam,
1217 1647 1277 1680 sub
1288 1657 1496 1691 quacumque
1505 1646 1610 1679 forma
1624 1652 1655 1679 et
1667 1656 1797 1690 expres-

1044 1701 1134 1734 sione
1153 1701 1328 1734 verborum
1344 1700 1506 1734 concessis
1524 1710 1563 1733 ac
1582 1700 1798 1733 concedendis

1044 1754 1289 1799 quomodolibet
1322 1755 1355 1788 in
1379 1755 1539 1795 futurum,
1574 1753 1701 1787 etiamsi
1721 1753 1797 1787 talia

1045 1809 1108 1841 sint
1124 1814 1156 1842 et
1174 1808 1281 1842 forent
1299 1818 1383 1852 quae
1401 1807 1574 1853 specialem
1588 1806 1733 1850 ipsorum
1745 1816 1796 1839 re-

1045 1861 1214 1905 quirerent
1232 1862 1446 1903 mentionem,
1471 1860 1532 1903 uti,
1554 1860 1651 1905 potiri
1671 1866 1702 1893 et
1720 1870 1798 1903 gau-

1046 1916 1122 1949 dere
1147 1916 1248 1949 libere
1287 1922 1318 1949 et
1355 1916 1455 1957 licite,
1495 1920 1559 1948 tam
1598 1914 1797 1948 coniunctim

1047 1981 1143 2012 quam
1151 1970 1288 2010 divisim,
1296 1971 1433 2010 valeant,
1447 1979 1512 2002 non
1525 1969 1629 2002 solum
1638 1969 1677 2002 ad
1688 1969 1798 2007 instar,

1048 2024 1103 2056 sed
1123 2035 1225 2067 aeque
1245 2023 1471 2068 principaliter
1483 2029 1515 2056 et
1529 2022 1748 2067 parison-miter
1766 2021 1798 2054 in

1048 2077 1200 2110 omnibus
1213 2083 1243 2110 et
1263 2087 1322 2121 per
1339 2077 1458 2117 omnia,
1474 2076 1609 2121 perinde
1629 2087 1666 2109 ac
1691 2075 1716 2109 si
1737 2075 1800 2108 illis

1049 2136 1080 2164 et
1099 2141 1213 2164 eorum
1240 2130 1374 2163 cuilibet
1395 2131 1434 2163 ab
1455 2129 1547 2163 initio
1567 2129 1751 2174 specialiter
1769 2134 1801 2162 ct

1050 2195 1198 2228 expresse
1219 2194 1372 2217 concessa
1391 2183 1580 2224 extitissent,
1607 2182 1802 2217 auctoritate

1051 2244 1082 2270 et
1105 2244 1219 2271 tenore
1244 2237 1439 2281 praemissis,
1472 2242 1629 2281 perpetuo
1656 2236 1803 2279 indulge-

1051 2302 1135 2332 mus;
1168 2292 1302 2336 ipsaque
1328 2290 1507 2336 privilegia,
1530 2290 1747 2334 indulgentias
1771 2296 1802 2323 et

1051 2345 1169 2387 gratias
1193 2345 1361 2389 quibusvis
1381 2345 1452 2377 aliis
1485 2343 1722 2389 superioribus,
1748 2344 1803 2376 ab·

1050 2395 1193 2435 batibus,
1215 2395 1392 2439 prioribus,
1416 2393 1630 2434 monasteriis,
1659 2393 1803 2427 ecclesiis

1052 2448 1083 2476 et
1102 2443 1181 2476 locis
1202 2444 1275 2487 piis,
1302 2454 1339 2476 ac
1364 2443 1568 2476 celebrandis
1588 2441 1737 2486 capitulis
1773 2447 1804 2475 et

126 2498 237 2533 primm
261 2486 425 2526 quibusvis
444 2488 513 2521 aliis
539 2488 642 2522 dictae
671 2491 933 2533 congregationis
950 2503 1010 2536 pro
1052 2492 1276 2525 festivitatibus
1296 2492 1440 2526 eiusdem
1465 2491 1593 2525 Ordinis
1612 2497 1643 2524 et
1660 2491 1803 2534 singula-

62 2534 246 2582 ²¹¹²22¹2¹g¹⁹222flss2
263 2540 405 2578 tompore
421 2537 582 2578 erigendis
603 2544 633 2571 et
653 2550 709 2572 seu
726 2540 787 2573 iam
810 2541 926 2575 erectis
943 2553 1010 2574 mo-
1053 2553 1126 2575 rum
1152 2542 1239 2575 illius
1259 2541 1561 2585 congregationum,
1587 2540 1627 2574 ad
1646 2544 1803 2573 monaste—

64 2593 145 2614 csrnsis
163 2585 420 2625 omnisuasteriis,
445 2587 654 2630 prioratibus,
682 2590 926 2633 praeposituris,
955 2591 1010 2624 ilc·
1053 2590 1137 2624 rium
1163 2597 1193 2625 ct
1214 2590 1500 2635 congregationem
1521 2590 1560 2625 de
1583 2589 1726 2624 Fulliens
1744 2588 1802 2621 hu-
