2059 3228
79 228 130 256 Aa.
148 227 178 256 C.
198 227 275 256 15⁷3

616 296 689 329 xlx.

850 271 859 278 .
882 238 1059 263 GREGORIUS
1075 240 1131 263 xm
1150 241 1198 265 PP-

1714 231 1755 264 lit)

1054 298 1194 334 possunt,
1220 293 1265 325 vel
1290 293 1429 335 extracti,
1449 295 1684 328 immunitatem
1701 295 1799 328 ecele-

1054 344 1117 376 siae
1142 347 1393 388 praetendentes,
1412 348 1443 380 in
1468 360 1551 389 eum,
1568 349 1652 382 unde
1669 350 1798 381 extracti

284 401 443 436 Concessio
458 403 620 444 facultatis
637 401 795 434 indit-ibus·
811 400 1025 432 saecularibus
1054 402 1137 437 sunt,
1156 398 1255 430 locum
1275 400 1394 432 restitui
1409 401 1563 434 obtinent.
1577 401 1712 440 Quidam
1727 412 1799 434 vero

323 465 492 497 requei-um
516 455 694 497 Arctgloniae
717 458 743 486 el
774 454 932 485 l'alvnlim‘
945 452 1026 494 suci-

323 517 449 540 nor-030³·
478 512 504 539 el
535 510 685 547 latrones,
711 507 805 539 eliam
836 506 960 539 clm-icas
993 507 1026 537 in

322 559 500 591 minoribns
523 560 688 592 ordinibus
712 561 905 595 constitutas,
932 559 1026 590 elium.

323 613 452 655 aliquod
467 617 559 645 tenne
576 612 760 654 beneficium
777 612 955 649 obtinentes,
966 621 1026 653 pn-

326 665 439 697 utendi
473 669 540 704 stc„
571 665 685 708 absque
715 664 846 696 incursu
880 674 1027 696 censura-

323 728 398 750 rum
422 722 474 751 ele.
500 719 507 735 ¹

278 825 418 863 Granni-Ius
439 828 509 863 Papa
528 825 579 855 xm
594 826 627 854 aii
648 828 798 861 perpetuam
818 824 857 853 rei
870 823 1026 852 mamm-Iam.

321 927 336 971 ἓ
352 925 508 970 I.Exponi
525 926 616 959 nobis
628 935 730 969 nuper
742 925 810 958 fecit
822 923 1027 958 elini-issimus

110 976 229 999 ⁸¹⁰¹⁶¹¹¹¹¹¹
247 978 312 1012 etin
335 979 458 1013 Chi-isto
482 979 565 1012 filius
589 984 697 1012 noster
721 978 894 1022 Philippus,
916 977 1026 1020 IIispa-

75 1003 128 1024 hou
141 1004 217 1026 uei-ios.

279 1033 405 1066 uiarum
429 1043 483 1065 rex
506 1032 688 1072 catholicus,
706 1032 789 1076 quod
808 1030 983 1074 Aragoniae
996 1034 1024 1062 et

280 1086 440 1119 Valentino
463 1096 571 1128 regna,
597 1095 732 1128 quorum
759 1085 825 1127 ipse
853 1084 949 1117 etiam
973 1094 1025 1116 rex

277 1137 392 1179 existit,
415 1149 433 1171 a
457 1137 600 1182 pluribus
624 1138 715 1171 annis
740 1137 935 1177 ‹·iti·:1,valdo
961 1142 1026 1169 tur-

278 1192 395 1225 bantur
418 1197 448 1225 et
471 1197 622 1224 vexantur
646 1192 852 1224 atati-onibus
865 1196 893 1223 et
908 1190 1025 1222 sueino-

236 1273 239 1277 .
279 1246 359 1279 rosis
375 1244 570 1284 hominibus,
580 1244 632 1287 qui
642 1244 754 1277 armati
766 1249 796 1276 et
805 1243 898 1275 simul
910 1243 1026 1275 coadu-

280 1299 345 1332 nati
369 1309 426 1342 per
450 1298 534 1330 illam
552 1297 713 1340 regionem
728 1296 843 1340 passim
861 1301 1024 1339 vagantur,

280 1351 346 1384 vias
359 1361 416 1395 pro
430 1351 518 1384 libito
530 1350 689 1387 obsident:
704 1350 901 1392 viatoresque
914 1360 1025 1391 aggre-

280 1403 420 1444 diuntur,
445 1403 580 1447 spoliant
597 1408 625 1435 et
642 1401 807 1438 oecidunt;
825 1402 934 1434 domos
948 1412 1026 1445 quo-

278 1467 339 1500 que
363 1467 454 1500 saepe
478 1461 669 1499 expugnant,
683 1455 840 1498 diripiunt
863 1460 892 1487 et
918 1455 1024 1486 ineen-

277 1510 366 1549 dunt;
391 1514 510 1552 stupra,
535 1513 654 1552 raptus,
679 1508 842 1550 sacrilegia
867 1512 898 1540 et.
921 1506 1024 1539 omnis

277 1562 405 1605 generis
428 1562 563 1595 crimina
586 1561 706 1594 nefarie
731 1561 973 1599 committend0;
995 1565 1022 1592 et

276 1614 348 1647 lieet
372 1614 455 1647 idem
473 1615 636 1658 Philippus
649 1625 701 1647 rex
715 1616 812 1647 multa
827 1614 901 1647 huie
914 1614 1025 1647 morbo

277 1667 418 1700 remedia
442 1667 632 1709 adhibuerit,
657 1673 762 1701 tamen
787 1668 944 1701 desiderio
969 1678 1025 1700 suo

278 1718 433 1752 haetenus
466 1720 634 1754 frustratus
664 1721 784 1762 existit,
816 1722 856 1754 oh
887 1721 1026 1754 diversas

277 1782 388 1806 causas
410 1773 733 1817 etpropinquitatem
758 1774 939 1818 provinciae
957 1775 1026 1808 Gal—

277 1824 337 1858 liae
361 1831 391 1857 et
414 1825 611 1869 principatus
635 1826 822 1867 Cataloniae‚
852 1838 886 1859 ex
911 1828 1027 1870 quibus

277 1869 407 1919 plurimi
433 1875 653 1922 delinquentes
678 1880 710 1912 in
725 1880 791 1923 ipsa
806 1881 983 1923 Aragoniae
997 1887 1028 1913 et

278 1931 437 1964 Valentiae
469 1942 568 1974 regna
591 1932 772 1973 confluunt,
798 1938 826 1966 et
854 1934 915 1975 ihi,
941 1945 1027 1967 eom-

278 1983 382 2015 missis
406 1994 462 2027 pei·
478 1994 530 2016 eos
544 1985 728 2026 latrociniis,
742 1992 770 2018 et
789 1987 860 2019 aliis
878 1987 1027 2030 gravibus

279 2036 409 2076 delictis,
421 2036 453 2068 in
466 2037 533 2070 loca
546 2042 613 2069 tuta
631 2044 759 2081 repente
779 2050 844 2071 sese
858 2039 1029 2083 recipiunt,

279 2089 323 2122 ita
336 2095 370 2122 ut.
387 2090 591 2132 magistratus
604 2101 777 2134 eorumque
792 2092 943 2124 familiam
960 2092 1028 2126 illos

279 2147 502 2185 persequentes
519 2143 608 2176 facile
626 2144 753 2177 eludant
770 2150 798 2177 et
817 2145 1028 2185 frustrentur:

280 2192 465 2237 plerumque
482 2195 576 2228 etiam
594 2197 700 2230 evenit
715 2200 799 2240 quod
813 2199 955 2231 scelerati
971 2199 1028 2232 hu-

280 2245 416 2278 iusmodi
441 2247 616 2281 facinorum
642 2260 770 2282 suorum
795 2262 912 2294 poenas
936 2263 1028 2295 saepe

281 2297 524 2341 subm-rugiant,
548 2301 655 2345 sieque
681 2303 817 2337 maiores
842 2305 966 2339 animos
989 2307 1028 2340 ad

282 2351 530 2394 delinquendum
555 2361 693 2389 sumant,

324 2403 340 2446 ἓ
353 2403 381 2436 2.
396 2404 564 2447 Propterea
576 2408 670 2450 quod,
683 2409 760 2442 dum
777 2410 915 2444 ministri
933 2412 1023 2445 iusti-

1056 459 1117 481 non
1143 451 1283 483 contenti
1309 464 1340 483 se
1366 454 1468 495 prima
1494 460 1623 487 tonsura
1647 465 1714 487 esse
1740 455 1799 486 ini-

1057 502 1148 534 tiatos
1164 529 1172 542 ‚
1198 514 1259 536 non
1286 510 1319 536 ut
1343 505 1456 537 divinis
1480 506 1664 547 inserviant,
1688 507 1741 539 sed
1766 513 1801 539 ut

1056 555 1209 588 iudiciuin
1234 559 1392 589 saeculare
1417 559 1536 591 facilius
1553 559 1715 601 effugiant,
1735 570 1800 592 ma-

1056 607 1158 640 litiose
1185 614 1213 641 et
1240 609 1454 643 fraudulenter
1479 612 1604 654 aliquod
1629 617 1723 645 tenue
1748 613 1799 645 be-

1057 661 1204 694 neficium
1228 663 1472 697 ecclesiasticum
1497 665 1554 697 sibi
1574 664 1708 698 conferri
1726 675 1799 707 pro-

1056 719 1178 755 curant,
1196 725 1253 748 nec
1272 720 1376 749 tamen
1395 717 1426 748 in
1441 717 1550 749 habitu
1564 717 1699 750 clericali
1716 716 1799 749 inee-

1056 766 1144 808 dunt,
1161 772 1212 800 aut
1238 768 1396 811 aliquibus
1412 769 1608 802 clericalibus
1625 771 1800 812 funguntur

1057 820 1243 853 muneribus
1261 849 1268 862 ‚
1293 832 1401 854 verum
1436 823 1545 855 habitu
1575 825 1726 857 saeculari
1752 825 1799 857 in-

1056 872 1123 906 duti
1157 880 1335 917 vagantur,
1364 876 1554 919 liberiusque
1587 878 1771 922 dedhupmnt
1793 905 1800 918 ‚

1057 926 1203 968 nullaque
1220 926 1252 958 in
1270 938 1322 959 eos
1338 928 1547 961 ecclesiastiea
1565 930 1798 963 animadversio

1055 984 1225 1019 exercetur,
1249 981 1398 1022 quoniam
1426 982 1494 1014 laici
1520 983 1757 1019 existimantur:
1782 996 1799 1016 a

1057 1031 1176 1064 iustitia
1200 1043 1273 1065 vero
1297 1035 1449 1067 saeculari
1474 1036 1675 1079 deprehensi,
1693 1039 1798 1070 statim

1057 1091 1217 1128 tamquam
1234 1087 1339 1119 elerici
1357 1093 1385 1119 et
1404 1088 1593 1121 heneficium
1611 1092 1799 1124 ecelesiasti-

1055 1149 1125 1170 eum
1151 1139 1301 1172 habentes
1322 1141 1360 1173 ad
1377 1141 1556 1174 ordinarios
1573 1145 1799 1179 ecclesiasticos

1055 1191 1224 1231 declinant,
1243 1204 1259 1224 a
1284 1193 1400 1236 quibus
1424 1201 1478 1227 aut
1503 1196 1587 1227 nulla
1612 1202 1666 1229 aut
1690 1197 1797 1230 leviori

1056 1253 1154 1284 poena
1171 1244 1271 1277 affecti
1291 1246 1505 1289 dimittuntur,
1522 1249 1561 1280 ad
1578 1249 1748 1283 vindictam
1767 1251 1799 1283 in

1054 1307 1117 1337 eos,
1134 1297 1187 1340 qui
1213 1297 1297 1340 ipsos
1320 1301 1502 1342 persequuti
1524 1306 1606 1342 sunt,
1625 1307 1653 1334 et
1672 1303 1710 1335 ad
1728 1314 1799 1344 gra-

1054 1351 1140 1383 viora
1160 1352 1276 1384 seelera
1294 1352 1520 1386 committenda
1538 1365 1569 1387 se
1586 1355 1795 1398 accingentes.

1096 1403 1110 1445 ἓ
1134 1403 1164 1436 3.
1188 1404 1289 1442 Quare
1322 1406 1404 1438 idem
1434 1407 1597 1450 Philippus
1632 1420 1683 1441 rex
1710 1409 1800 1441 nobis

1054 1455 1217 1489 humiliter
1247 1459 1418 1501 supplicari
1447 1460 1565 1492 miravit
1592 1466 1626 1493 ut
1650 1461 1682 1493 in
1707 1472 1797 1504 prae-

1055 1510 1157 1543 missis
1173 1517 1350 1554 opportune
1368 1513 1531 1555 providere
1549 1514 1586 1546 de
1605 1513 1799 1556 benignitate

1054 1564 1224 1607 apostolica
1242 1565 1458 1607 dignaremur.

1097 1617 1112 1660 ᾗ
1134 1617 1166 1649 4,
1189 1617 1250 1650 Nos
1274 1618 1382 1661 igitur,
1403 1618 1545 1652 honestis
1569 1620 1795 1652 catholicorum

1811 233 1863 258 An.
1882 231 1910 259 C.
1934 231 1999 259 1573

1850 1605 1944 1627 Clericus
1966 1608 2005 1625 do-

1813 1635 1936 1658 linquentes
1943 1639 1968 1652 vx
1977 1635 2008 1651 Io-

1813 1662 1842 1680 cis
1857 1662 1922 1680 saeris
1937 1660 2006 1679 z—veui

1056 1681 1165 1713 regum
1189 1672 1280 1712 votis,
1299 1677 1453 1715 quantum
1478 1684 1549 1705 eum
1572 1673 1702 1705 Domino
1727 1683 1796 1716 pos·
1812 1694 1875 1711 posse
1895 1694 1908 1706 a
1926 1686 2006 1705 imm.

1055 1735 1173 1763 sumus,
1198 1730 1328 1767 paterne
1353 1736 1493 1758 annuere
1518 1727 1665 1766 volentes,
1692 1726 1800 1759 huius-

1057 1777 1139 1809 modi
1164 1778 1447 1821 suppIIeationibus
1473 1778 1611 1810 inclinati
1629 1805 1637 1815 ,
1660 1779 1797 1811 latrones

1057 1837 1086 1863 :ft
1109 1831 1302 1864 facinorosos
1326 1827 1508 1863 huiusmodi
1532 1832 1719 1874 illorumque
1736 1831 1802 1864 sau-

1058 1891 1140 1917 tores
1163 1890 1193 1918 et
1217 1890 1405 1928 receptores,
1428 1885 1522 1916 etiam
1548 1884 1689 1923 ‹·l‹·ri‹:os,
1707 1884 1803 1916 etiam

1058 1944 1194 1982 quatuor
1219 1937 1399 1970 minoribus
1421 1937 1586 1970 ordinibus
1612 1936 1782 1978 insignitos
1797 1963 1804 1973 ,

1058 1993 1152 2025 etiam
1176 1991 1364 2024 beneficium
1389 1990 1515 2032 aliquod
1541 1995 1633 2021 tenuo
1657 1988 1803 2021 obIInen·

1059 2050 1113 2085 tes,
1131 2045 1169 2077 ab
1192 2044 1331 2077 ecelesiis
1355 2049 1385 2075 et
1409 2043 1477 2074 aliis
1502 2042 1576 2074 Iocis
1601 2042 1697 2074 saci-is
1723 2043 1804 2074 avel-

1059 2099 1120 2130 lere
1151 2108 1208 2140 pei·
1239 2097 1357 2129 iudices
1387 2097 1559 2128 saeviunt-es
1583 2096 1675 2129 lie-ere
1697 2123 1704 2133 ,
1729 2107 1803 2128 eum

1059 2150 1239 2182 huiusmodi
1272 2160 1371 2192 genus
1403 2149 1568 2181 homiuum
1602 2149 1801 2182 immunitate

1058 2202 1266 2235 ecclesiastiea
1291 2201 1428 2243 gaudere
1452 2201 1539 2233 valde
1561 2201 1728 2244 indignum
1755 2203 1806 2244 sit,

1059 2255 1101 2287 ita
1117 2260 1220 2287 tamen
1234 2259 1266 2286 ut
1281 2253 1356 2285 dieti
1371 2254 1545 2287 saeculares
1559 2254 1679 2287 iudi0es
1689 2255 1808 2288 facino-

1059 2318 1145 2340 rosos
1171 2307 1254 2349 ipsos
1279 2317 1296 2338 a
1313 2306 1388 2338 loeis
1405 2306 1574 2349 praedietis
1591 2313 1747 2341 extractos
1761 2309 1810 2341 iu—

1059 2361 1119 2393 iliei
1153 2358 1364 2392 eeclesiastico
1394 2359 1434 2391 ad
1464 2369 1574 2392 causas
1603 2366 1712 2393 eontra
1739 2371 1809 2403 per—

1059 2424 1149 2445 sonas
1180 2411 1405 2445 ecclesiasticas
1437 2411 1470 2444 in
1503 2413 1610 2455 regnis
1639 2415 1810 2456 praedietis

280 2456 346 2490 tiae
370 2458 541 2490 saecularis
564 2470 617 2492 eos
644 2469 890 2506 persequuntur,
916 2465 955 2498 ad
980 2476 1028 2498 ee-
1058 2465 1176 2498 atrocia
1201 2464 1337 2496 erimIna
1354 2465 1585 2497 committentes
1602 2466 1680 2499 alias
1697 2477 1713 2498 a
1733 2467 1810 2499 Sede

280 2509 390 2543 elesius
414 2515 444 2543 et
467 2511 528 2543 alia
553 2512 619 2544 loca
643 2524 732 2546 sacra
756 2515 798 2547 illi
824 2517 929 2549 statim
956 2528 1027 2550 con-
1058 2517 1227 2561 apostolica
1252 2517 1426 2559 deputat03
1450 2523 1481 2549 et
1506 2518 1559 2549 ubi
1587 2519 1662 2550 tales
1688 2519 1809 2551 ludit-os

281 2561 389 2604 sugere
414 2563 496 2595 soliti
522 2569 609 2603 sunt;
630 2566 714 2598 unde
738 2572 792 2600 aut
815 2569 938 2602 extrahi
963 2581 1027 2603 non
1058 2570 1197 2613 deputati
1224 2579 1287 2601 non
1305 2569 1432 2609 suerint,
1450 2571 1509 2603 Ioei
1527 2571 1692 2603 ordinario
1709 2572 1809 2603 offle-

318 2623 331 2649 1
351 2622 392 2649 Ex
410 2624 523 2659 Regest.
546 2627 574 2652 in
594 2627 696 2653 Sec-ret.
716 2629 794 2655 Brev.

387 2680 465 2707 Ball.
484 2682 561 2708 Rana.
588 2684 640 2710 l'ol.
662 2681 719 2710 VIII
951 2687 967 2712 7

1058 2622 1191 2663 siasfieo,
1210 2632 1266 2663 pro
1285 2621 1404 2654 iustitia
1422 2622 1454 2654 in
1471 2633 1525 2656 eos
1542 2623 1806 2663 administranila⁷

1813 1715 1852 1734 bus
1869 1714 1928 1733 secut
1937 1714 2005 1732 trihu-t

1813 1741 1921 1761 concedit.
