2059 3228
36 0 150 70 W

54 73 91 99 ‘1⁸³’

38 281 105 313 15⁷⁹

45 1398 103 1419 mutin

39 1430 104 1453 tudun

53 1459 78 1483 ¹¹
90 1458 105 1488 5

710 283 884 307 Gnssoonins
908 283 962 306 Xttt
986 283 1031 306 ΡΡ.

117 334 193 370 dicti
208 333 332 368 Ordinis
345 344 467 373 omncs,
482 334 624 367 eiusdem
637 334 762 367 Ordinis
783 346 858 367 ‹3011-

117 387 314 428 stituti0nes',
352 388 437 420 iuxta
470 387 589 422 litteras
622 388 856 421 reformationis

117 440 258 476 eiusdem
276 440 403 474 Ordinis
423 452 480 484 per
500 441 600 474 felicis
615 441 855 475 ‘recordationis

116 494 206 529 Pium
221 494 337 539 Papam
354 494 386 533 V,
403 495 680 538 praedecessorem
696 501 854 532 nostrum,

116 547 227 588 sactae,
248 552 343 592 atque
362 548 447 581 iuxta
464 548 538 581 dicti
558 548 682 581 Ordinis
697 547 855 589 regularia

115 600 258 634 instituta
281 600 480 643 corrigerent
504 612 539 634 ac
571 602 800 640 reformarent,
828 607 857 634 rt

116 652 210 687 simul
229 664 304 686 cum
323 653 394 686 aliis
414 653 445 686 in
465 655 550 687 dieto
571 654 709 697 capitulo
730 654 854 686 statutis

116 705 256 746 ederent,
277 712 309 739 et
327 717 439 740 eorum
463 707 738 740 confirmationem
760 719 776 739 a
796 718 855 740 no-

115 758 164 792 bis
180 763 345 803 peterent;
366 760 426 804 ipsi
445 771 532 799 vero,
559 760 653 792 simul
682 759 712 792 in
743 770 856 793 mona-

115 811 212 846 sterio
230 812 337 846 Sancti
361 813 498 846 Marcelli
528 813 566 846 de
596 813 679 845 Urbe
705 813 780 845 dieti
801 813 857 846 Or-

115 864 199 898 dinis
222 865 464 907 convenientes,
492 865 671 909 praedictas
700 867 854 899 constitu-

114 917 226 958 tiones,
246 918 333 952 iuxta
355 919 476 952 litteras
499 919 737 951 reformationis
762 930 854 962 prae-

115 970 228 1012 dictae,
246 981 283 1004 ac
297 976 412 1004 statuta
431 971 463 1003 in
477 971 588 1004 eodem
607 971 746 1014 capitulo
762 982 857 1014 gene-

114 1023 173 1058 rali
191 1024 331 1064 decreta,
353 1030 570 1063 correxerunt,
592 1025 807 1058 reformarunt
827 1031 857 1058 et

54 1071 67 1106 ,⁴
114 1077 340 1121 compilarunt,
361 1079 532 1111 nonnullas
557 1079 746 1114 dubietates,
773 1089 855 1121 quae

60 1125 85 1175 ζ’
114 1130 148 1164 ἰῐι
166 1129 212 1164 eis
229 1136 332 1171 erant,
353 1131 563 1175 explicantes,
586 1142 622 1164 ac
643 1131 736 1164 etiam
757 1142 855 1175 quae-

114 1183 186 1217 dam
205 1184 268 1217 alia
286 1185 326 1217 de
345 1195 426 1218 novo
446 1185 608 1225 addentes,
632 1190 727 1228 prout
747 1185 792 1218 eis
811 1187 855 1217 vi-

115 1247 185 1270 sum
205 1243 252 1270 est
284 1238 449 1282 expedire,
482 1243 576 1280 atque
610 1238 680 1270 illas
700 1238 814 1271 deinde
839 1249 855 1270 a

116 1290 207 1324 nobis
225 1291 410 1324 confirmari
434 1291 600 1323 humiliter
619 1291 852 1335 supplicarunt.

187 1343 304 1377 &Nos
319 1355 392 1378 vero
408 1344 649 1377 constitutiones
670 1355 717 1387 pi
708 1344 855 1385 ιεάἰοῑᾶε,

116 1403 146 1431 et
155 1363 212 1442 per
224 1397 351 1431 eosdem
363 1398 452 1442 prioi
455 1409 503 1430 em
515 1408 612 1440 genet
614 1399 695 1430 alem
707 1403 737 1431 et
747 1407 854 1431 secum

115 1449 281 1495 deputatos
291 1451 319 1483 ft
321 1456 404 1484 atres
418 1461 467 1494 pr
459 1451 608 1490 aedictos,
622 1457 654 1483 ut
667 1451 855 1494 piaesertur

115 1509 291 1544 correctas,
310 1504 498 1537 reformatas
523 1515 558 1537 ac
586 1504 785 1548 compilatas,
807 1505 856 1537 di-

114 1557 199 1592 lecto
227 1557 294 1591 titio
326 1564 436 1591 nostro
469 1558 550 1591 lulio
583 1558 738 1598 Antonio,
772 1559 855 1591 tituli

64 1611 72 1655 j
115 1609 220 1644 Sancti
239 1610 471 1644 Bartholomaei
494 1611 524 1642 iu
546 1611 651 1643 Insula
671 1612 855 1655 presbytero

63 1678 66 1682 ⁴
115 1662 267 1696 cardinali
299 1663 431 1696 Sanctae
464 1664 631 1696 Severinae.
657 1670 854 1708 nuncupato,

115 1715 257 1749 eiusdem
271 1715 397 1750 Ordinis
410 1717 494 1760 apud
511 1727 568 1749 uos
581 1716 759 1760 Sedemque
775 1719 858 1760 Apo-

72 1803 73 1806 ,
115 1769 280 1810 stolicam,
315 1780 374 1814 pro
410 1770 583 1804 venerabili
617 1771 712 1803 fratre
747 1777 857 1805 nostro

63 1842 65 1846 ι
114 1822 291 1856 Alexandro
323 1823 474 1868 episcopo
504 1823 667 1857 Portuensi
703 1824 857 1857 cardinali

115 1875 265 1909 Farnesio
287 1882 472 1920 nuncupato
494 1882 673 1920 protectore
685 1905 702 1919 ,‚
715 1880 859 1921 vicepro-

115 1928 240 1968 tectori,
256 1929 444 1962 revidendas
464 1935 494 1962 et
514 1930 739 1963 examinandas
761 1930 857 1963 remi-

116 1981 272 2023 serimus;
294 1982 462 2025 dictusque
489 1983 588 2015 lulius
611 1983 767 2016 Antonius
787 1995 857 2016 car-

116 2033 230 2067 dinalis
248 2034 318 2068 illas
336 2041 485 2068 accurate
513 2046 550 2068 ac
579 2036 666 2068 omni
687 2047 760 2069 cum
785 2037 857 2069 dili-

116 2086 222 2129 gentia
235 2087 384 2121 reviderit
397 2093 428 2121 et
441 2088 679 2128 examinaverit;
693 2091 859 2133 cupientes

116 2140 242 2173 easdem
269 2135 512 2175 constitutiones
531 2148 561 2175 ct
580 2142 796 2176 ordinationes
819 2145 858 2176 ab

117 2192 288 2234 omnibus,
309 2204 391 2237 quos
409 2195 482 2227 illae
511 2196 754 2238 quomodolibet
781 2207 858 2229 con-

72 2288 74 2290 v
117 2251 255 2279 cernunt
272 2251 304 2279 et
322 2253 517 2280 concernent
543 2248 576 2280 in
602 2248 764 2290 futurum,
786 2250 858 2282 dili-

54 2327 67 2342 „
117 2303 228 2340 genter
247 2303 278 2331 et
305 2305 412 2332 exacte
440 2301 621 2341 observari,

654 2313 689 2335 ac
718 2303 858 2346 priorem

118 2351 298 2392 generalem
320 2356 350 2384 et
368 2362 476 2384 secum
492 2353 660 2397 deputatos
680 2355 859 2398 praedictos

119 2407 213 2446 atque
229 2403 309 2437 alios
325 2404 486 2437 universos
502 2405 646 2439 eiusdem
660 2406 786 2440 Ordinis
799 2408 859 2441 fra-

118 2458 184 2488 tres
200 2466 219 2488 a
237 2456 400 2500 quibusvis
419 2459 769 2500 excommunicationis,
789 2472 859 2494 sus-

120 2504 282 2547 pensionis
309 2511 339 2538 et
361 2506 520 2538 interdicti
549 2507 683 2551 aliisque
710 2509 860 2542 ecclesia-

120 2551 205 2585 sticis
223 2554 398 2594 sententiis,
415 2555 558 2587 censuris
575 2561 605 2588 et
621 2559 741 2599 poenis,
757 2567 775 2589 a
790 2557 860 2590 iure

120 2599 168 2632 vet
177 2601 217 2634 ab
227 2602 370 2642 homine,
384 2603 493 2646 quavis
502 2604 670 2638 occasione
683 2606 731 2638 vel
744 2616 839 2639 causa
849 2633 857 2647 ,

121 2647 209 2691 latis,
237 2650 263 2684 si
298 2651 415 2694 quibus
449 2653 689 2696 quomodolibet
717 2654 859 2688 innodati

1529 273 1584 306 etit

898 334 1050 374 existunt,
1080 334 1117 365 ad
1139 334 1285 377 ellectum
1309 335 1522 378 praesentium
1544 336 1638 368 dum-

896 392 979 419 taxat
999 388 1278 430 eonsequemlum,
1302 388 1415 420 barum
1433 388 1514 421 serie
1534 388 1639 421 absol-

896 445 1004 472 ventes
1026 444 1056 472 et
1079 440 1241 472 absolutos
1266 442 1331 473 sore
1355 447 1536 482 censentes,
1563 451 1638 475 ncc-

897 503 959 524 non
976 492 1242 525 constitutionum
1264 494 1499 536 praedictarum
1515 500 1641 528 tenores

898 546 1118 588 praesentibus
1151 556 1209 589 pro
1243 547 1399 589 expressis
1418 547 1581 587 babentes,
1605 558 1642 581 ae

897 604 1080 632 revocantes
1109 598 1140 631 in
1161 599 1273 642 priuiis
1293 600 1369 632 alius
1390 599 1531 633 eiusdem
1549 600 1640 634 Ordi-

898 652 945 684 nis
965 653 1224 693 constitutiones,
1257 653 1444 696 pracsertim
1475 654 1574 686 editas
1599 655 1636 686 de

897 716 980 738 anno
994 716 1110 739 titoinx
1122 733 1129 746 ,
1150 706 1335 739 huiusmodi
1353 707 1640 749 suppliffiitionibus

897 759 1050 799 inclinati,
1067 770 1179 792 omnes
1196 765 1225 792 et.
1241 760 1381 802 singulas
1398 760 1640 793 constitutiones

897 817 926 845 et
950 812 1168 845 ordinationes
1194 813 1390 856 praedictas,
1414 824 1430 846 a
1458 814 1563 855 priore
1584 825 1638 856 gc-

897 866 997 899 nerali
1022 877 1058 899 ae
1075 877 1184 899 secum
1201 867 1360 910 deputatis
1380 866 1529 899 fratribus
1549 878 1640 909 prae-

897 919 988 952 dictis
1023 925 1199 960 correctas,
1226 919 1426 959 reformatas,
1453 920 1639 963 compilatas

897 978 926 1005 et
949 973 1061 1012 editas,
1088 978 1118 1005 et
1141 973 1180 1005 ab
1196 973 1308 1006 codem
1326 973 1404 1005 Iulio
1422 973 1558 1006 Antonio
1575 984 1638 1006 car-

896 1026 1008 1065 dinali,
1022 1031 1056 1059 ut
1075 1027 1267 1069 praefertur,
1292 1026 1409 1059 revisas
1429 1032 1458 1058 et
1478 1026 1636 1060 examina-

897 1085 953 1118 tas,
980 1084 1074 1122 atque
1099 1078 1206 1112 omnia
1230 1085 1261 1112 et
1284 1079 1409 1122 singula
1433 1079 1465 1112 in
1490 1080 1536 1112 eis
1560 1091 1635 1113 con-

896 1138 992 1172 tenta,
1020 1144 1055 1165 ex
1082 1137 1168 1165 certa
1198 1132 1350 1173 scientia,
1377 1133 1550 1177 apostolica
1583 1145 1634 1166 au-

896 1186 1052 1225 ctoritate,
1080 1191 1191 1218 tenore
1215 1186 1445 1229 praesentium,
1479 1187 1637 1230 approba-

897 1250 966 1271 mus
992 1244 1023 1271 et
1046 1238 1286 1278 confirmamus,
1314 1239 1441 1283 illisque
1466 1246 1640 1284 perpetuae

896 1298 925 1324 et
950 1292 1139 1325 inviolabilis
1159 1292 1318 1325 firmitatis
1338 1294 1438 1326 robur
1458 1294 1638 1335 adiicimus;

895 1356 931 1377 ic
955 1355 1067 1378 omnes
1100 1350 1131 1378 et
1161 1345 1304 1388 singulos
1343 1351 1405 1378 tam
1439 1347 1518 1380 iuris
1542 1359 1639 1391 quam

896 1398 967 1431 facti
988 1404 1019 1430 et
1050 1399 1301 1440 solemnitatum,
1335 1400 1430 1433 etiam
1450 1402 1640 1435 substantia-

897 1453 987 1491 lium,
1015 1452 1167 1493 desectus,
1195 1453 1220 1485 si
1244 1453 1299 1496 qui
1324 1453 1431 1486 forsan
1459 1453 1638 1487 intervene-

898 1505 959 1537 rint
974 1505 1004 1537 in
1021 1505 1154 1545 eisdem,
1173 1507 1380 1550 supplemus,
1405 1508 1638 1551 praecipientes

896 1568 1037 1602 quoque,
1060 1559 1092 1591 iu
1113 1559 1227 1592 virtute
1244 1566 1371 1593 sanctae
1391 1561 1589 1595 obedientiae
1602 1573 1638 1595 ac

896 1612 954 1643 sub
979 1611 1205 1654 indignationis
1229 1619 1356 1646 nostrae
1385 1624 1508 1655 poena,
1536 1616 1638 1647 omni-

896 1665 956 1697 bus
980 1671 1010 1697 et
1034 1666 1169 1707 singulis
1192 1665 1269 1698 dicti
1303 1666 1428 1699 Ordinis
1460 1667 1611 1700 fratribus
1629 1695 1636 1707 ,

896 1723 1054 1761 quatenus
1079 1718 1116 1750 de
1141 1723 1247 1752 cetero
1273 1719 1516 1753 constitutiones
1536 1726 1566 1753 et
1586 1732 1638 1753 or-

896 1772 1074 1805 dinationes
1090 1772 1268 1815 praedictas
1285 1773 1510 1806 inviolabiliter
1529 1774 1638 1807 obscr-

896 1830 969 1857 vent
988 1831 1019 1858 et
1038 1825 1205 1858 observare
1226 1825 1386 1858 studeant.

940 1879 966 1922 ἓ,
988 1878 1019 1912 3.
1055 1879 1270 1912 Decernentes
1301 1885 1483 1922 praesentes
1516 1881 1638 1913 litteras

896 1932 987 1964 nullo
1014 1943 1171 1974 umquam
1198 1938 1344 1975 tempore
1365 1933 1403 1964 de
1423 1933 1638 1976 subreptionis

896 1986 945 2017 vel
965 1985 1163 2029 obreptionis
1181 1985 1401 2018 seunullitatis
1417 1986 1503 2025 vitio,
1523 1992 1573 2018 aut
1592 1987 1639 2018 in-

898 2038 1050 2071 tentionis
1069 2044 1197 2071 nostrae
1217 2039 1267 2071 vel
1297 2038 1447 2081 quopiam
1468 2039 1530 2071 alio
1551 2040 1638 2072 dese-

898 2097 952 2125 ctu
971 2092 1095 2132 notari,
1117 2092 1302 2136 impugnari
1331 2097 1384 2124 aut
1406 2091 1483 2124 alias
1502 2103 1640 2135 quomo-

898 2145 1018 2178 dolibet
1037 2145 1179 2188 infringi,
1191 2157 1248 2179 seu
1265 2145 1359 2178 etiam
1376 2156 1433 2188 per
1450 2145 1538 2178 Sedis
1558 2147 1641 2189 Apo-

898 2198 1028 2231 stolicac
1048 2199 1086 2231 de
1107 2199 1206 2231 latere
1226 2199 1347 2240 legatos
1366 2204 1419 2230 aut
1440 2198 1639 2241 vicelegatos,

898 2261 954 2283 seu
988 2251 1107 2284 dictum
1138 2251 1353 2284 Alexandrum
1379 2251 1577 2283 cardinalem
1610 2258 1641 2285 et

899 2314 957 2346 pro
977 2310 1121 2347 tempore
1138 2304 1322 2337 existentem
1340 2309 1567 2346 protectorem,
1583 2316 1639 2337 scu

898 2356 1182 2400 viceprotectorem
1203 2362 1258 2389 aut
1273 2357 1456 2400 generalem
1473 2363 1528 2389 aut
1547 2368 1643 2401 supe-

899 2410 1001 2443 riores
1015 2410 1091 2443 dicti
1108 2409 1234 2443 Ordinis
1248 2410 1296 2442 vel
1314 2420 1536 2453 quoscumque
1551 2411 1644 2450 alios,

899 2463 1009 2505 quavis
1038 2463 1250 2502 auctoritate,
1281 2462 1438 2503 revocari,
1474 2464 1639 2507 suspendi,

899 2512 1061 2555 restringi,
1084 2511 1214 2544 limitari
1233 2511 1281 2544 vel
1301 2513 1346 2544 eis
1366 2511 1397 2544 in
1417 2512 1525 2555 aliquo
1546 2513 1643 2546 dero-

899 2560 967 2601 gari
984 2560 1168 2592 nullatenus
1187 2570 1344 2602 umquam
1363 2571 1478 2604 posse,
1498 2560 1551 2594 sed
1568 2571 1643 2593 oon-

900 2608 1079 2641 stitutiones
1112 2613 1142 2640 et
1174 2608 1392 2641 ordinationes
1410 2609 1601 2653 praedictas,
1624 2621 1643 2642 a

900 2656 1008 2699 priore
1026 2657 1169 2700 generali
1189 2662 1219 2690 et
1239 2667 1349 2690 secum
1363 2658 1521 2701 deputatis
1540 2658 1646 2691 fratri-

1652 283 1703 307 An.
1722 283 1738 307 ti
1769 281 1834 307 137)

1678 1892 1800 1914 clausulae,
