2059 3228
108 241 164 271 Au.
188 241 216 271 C.
237 244 309 273 1586

125 1135 128 1138 .
147 1104 170 1123 Ρ·
197 1105 305 1127 ‹ta-cretum

123 1138 220 1162 ltrtt‘utsj

145 1628 254 1650 clausulas
265 1629 304 1650 de-

119 1661 238 1712 ἑίοιςςιιιοιιᾱε
257 1660 305 1681 sul>-

369 235 432 267 690

322 296 422 328 altera
443 293 727 338 partibus,habere
747 292 875 334 debere;
895 293 1068 337 ipsumque

322 347 493 389 collegium
525 346 564 378 ad
593 345 844 379 verificationem
869 357 925 380 seu
952 346 1067 380 iustifi-

321 400 479 433 cationem
499 399 749 443 praemissorum
768 400 817 433 vel
830 401 928 444 partis
940 411 1065 441 eorum,

320 458 375 486 aut
403 453 442 485 ad
470 452 727 495 registrationem
750 454 800 487 vel
828 454 1067 487 adnotationem

320 507 540 549 praesentium
566 506 597 539 in
623 506 768 547 Camera,
797 507 883 541 iuxta
916 508 1068 541 constitu-

322 558 441 592 tionem
465 559 537 603 piae
557 560 733 593 memoriae
744 560 790 592 Pii
801 560 905 604 Papae
918 561 1066 601 IV‚etiam

318 612 575 654 praedecessoris
591 613 703 654 nostri,
722 613 913 654 faciendam,
937 614 1067 647 minime

318 666 434 706 teneri,
448 676 520 705 nec,
534 667 575 699 ob
595 676 659 699 non
680 667 936 709 registrationem
952 667 1066 701 huius-

318 719 419 760 modi,
441 724 626 762 praesentes
646 719 802 753 nullitatis
835 725 890 753 aut
917 720 1066 753 invalidi-

318 772 391 806 tatis
414 772 489 805 vitio
519 773 699 815 subiacere,
725 774 780 806 sed
808 774 927 814 valere,
953 779 982 807 et
1008 774 1067 818 ipsi

319 826 455 868 collegio
476 831 507 858 et
530 826 714 860 secretariis
741 826 911 869 suffragari
935 827 1065 867 debere,

319 878 452 922 perinde
473 889 510 912 ac
535 879 560 912 si
578 879 611 912 in
635 879 703 923 ipsa
723 879 857 913 Camera
881 879 1068 922 registratae

318 932 466 972 fuissent,
497 933 728 967 constitutione
752 933 896 978 praefata
920 944 985 966 non
1009 933 1068 966 ob-

318 990 435 1019 stante.

363 1039 379 1082 g
403 1037 456 1072 19.
474 1039 512 1072 Et
530 1038 587 1080 sic,
605 1038 639 1072 in
658 1039 843 1084 praemissis
869 1040 1018 1073 omnibus
1038 1044 1069 1073 et

320 1091 467 1135 singulis,
488 1103 548 1136 per
566 1103 788 1137 quoscumque
808 1093 930 1126 iudices
942 1098 971 1126 et
984 1104 1069 1126 com-

319 1144 494 1186 missarios,
517 1146 642 1179 sublata
671 1146 716 1179 eis
741 1151 771 1178 et
795 1156 907 1179 eorum
938 1146 1070 1179 cuilibet

320 1198 431 1241 quavis
450 1199 544 1232 aliter
567 1199 744 1240 iudicandi,
771 1199 946 1232 definiendi
971 1204 1002 1232 et
1019 1198 1068 1232 in—

319 1252 517 1296 terpretandi
551 1252 713 1294 facultate,
757 1252 906 1293 iudicari,
942 1252 1068 1285 definiri

319 1310 350 1338 et
373 1305 579 1350 interpretari
603 1306 744 1346 debere3
779 1311 811 1339 et
838 1305 994 1349 quicquid
1022 1316 1069 1339 se-

319 1370 375 1392 cus
395 1370 491 1404 super
508 1360 558 1392 his
577 1371 595 1392 a
618 1370 794 1403 quoquam,
821 1359 932 1403 quavis
955 1365 1068 1392 aucto-

318 1412 423 1454 ritate,
450 1413 588 1447 scienter
611 1414 659 1446 vel
684 1413 893 1456 ignoranter,
920 1413 1068 1446 attentari

319 1466 510 1510 contigerit,
540 1466 667 1500 irritum
688 1472 719 1500 et
739 1466 834 1500 inane
864 1466 1068 1500 decernimus

319 1524 378 1553 ecc.

363 1574 378 1617 ἓ
407 1573 461 1607 ⁶20.
489 1573 559 1607 Non
587 1573 787 1607 obstantibus
817 1573 1000 1617 praemissis
1032 1584 1069 1607 ac

318 1626 408 1660 Pauli
428 1627 453 1659 ΙΙ
471 1632 502 1659 et
525 1627 570 1659 Pii
592 1626 687 1660 etiam
706 1627 732 1659 II
760 1632 791 1660 et
813 1626 978 1670 quibusvis
999 1626 1069 1659 aliis

320 1679 601 1714 constitutionibus
625 1685 655 1713 et
675 1679 934 1713 ordinationibus
945 1685 1070 1723 aposto-

319 1734 390 1767 licis
408 1734 448 1767 de
471 1733 564 1767 bonis
588 1734 810 1767 ecelesiasticis
834 1744 899 1767 non
924 1734 1068 1767 alienan-

319 1786 380 1827 dis,
398 1792 558 1831 quatenus
576 1786 690 1827 adsint,
711 1792 740 1820 et
760 1792 870 1820 nostra
886 1787 924 1820 de
937 1797 1002 1820 non
1014 1787 1070 1819 tol-

320 1841 415 1874 tendo
436 1840 506 1873 iure
528 1840 671 1884 quaesito
690 1839 721 1872 in
733 1840 1070 1884 CancellariaAposto-

319 1893 381 1926 lica
405 1893 580 1938 publicata3
602 1903 730 1927 necnon
746 1893 881 1934 statutis,
898 1893 1007 1936 quavis
1018 1893 1071 1926 tir-

320 1947 431 1980 mitate
450 1946 622 1988 roboratis,
644 1952 676 1980 et
690 1945 991 1987 consuetudinibus,
1016 1957 1069 1979 ex-

320 1999 558 2044 emptionibus,
592 1999 867 2040 immunitatibus3
894 1999 1070 2043 privilegiis

320 2064 464 2097 quoque,
474 2053 606 2086 indultis
618 2059 650 2086 et
662 2053 777 2086 litteris
786 2052 984 2097 apostolicis,
998 2063 1070 2096 pro-

320 2106 452 2147 vinciis,
485 2107 786 2148 communitatibus,
815 2106 909 2140 terris
935 2111 966 2139 et
993 2105 1071 2139 locis

321 2160 484 2204 praefatis,
511 2160 705 2204 illarumque
726 2159 840 2193 incolis
867 2165 897 2192 et
925 2158 1071 2203 personis

321 2213 565 2257 quomodolibet
582 2213 754 2254 concessis,
772 2218 803 2246 et
822 2213 940 2256 quibus
964 2213 1070 2245 forsan

322 2266 491 2309 potiuntur
511 2272 541 2299 et
565 2266 705 2309 gaudent
724 2265 970 2310 quomodolibet
992 2275 1070 2298 con-

322 2319 438 2352 trariis.
473 2319 595 2358 Quibus
625 2319 776 2352 omnibus
807 2324 838 2352 et
870 2318 1015 2361 singulis,
1037 2328 1070 2351 e-

323 2371 428 2404 tiamsi
449 2372 487 2405 de
508 2373 570 2405 illis
598 2372 765 2416 specialis,
786 2372 937 2416 specifica
962 2377 993 2405 et
1017 2382 1070 2405 ex-

325 2430 433 2463 pressa
454 2420 572 2454 mentio
594 2421 740 2454 habenda
759 2421 852 2459 soret,
876 2421 1006 2454 illorum
1027 2425 1071 2454 te—

325 2479 431 2510 nores,
453 2481 489 2502 ac
509 2470 534 2502 si
556 2471 593 2503 de
619 2471 715 2504 verbo
736 2470 775 2503 ad
794 2471 927 2504 verbum
950 2471 1071 2503 insere—

325 2523 436 2550 rentur
455 2519 687 2561 praesentibus,
705 2529 764 2563 pro
785 2519 941 2562 expressis
959 2518 1071 2552 haberi

325 2566 478 2607 volentes,
500 2568 564 2601 illis
583 2568 660 2602 alias
673 2568 705 2601 in
717 2579 775 2602 suo
786 2569 903 2602 robore
920 2579 1070 2612 perman-

325 2614 419 2657 suris,
442 2615 501 2649 hac
512 2616 579 2650 vice
591 2617 765 2659 dumtaxat,
781 2617 963 2662 specialiter
975 2623 1006 2652 et
1018 2628 1071 2652 ex-

911 239 1091 265 BULLARIUM
1115 240 1266 266 Romamn!

1109 303 1219 337 presse
1249 292 1453 335 derogamus,
1476 284 1654 337 ceterisque
1683 290 1854 327 contrariis

1108 345 1378 390 quibuscumque.

1152 400 1265 433 Datum
1286 400 1406 433 Romae
1425 399 1511 444 apud
1531 399 1563 433 S.
1578 400 1792 442 Petrum,sub
1802 411 1858 435 an-

1108 454 1187 487 nulo
1211 453 1400 495 piscatoris,
1432 454 1484 487 die
1511 464 1521 487 1
1547 454 1660 498 aprilis
1685 465 1856 496 mmmm,

1109 509 1316 553 pontificatus
1335 509 1435 542 nostri
1456 519 1541 542 anno
1560 519 1582 542 1.

1177 567 1240 598 Dat.
1258 568 1305 599 die
1320 569 1334 598 1
1352 568 1455 609 aprilis
1467 568 1556 607 1586,
1569 571 1651 611 pont.
1669 577 1747 600 anno
1763 577 1775 601 1

1444 738 1518 772 XLI.

1194 814 1283 855 Quod
1298 815 1416 858 festum
1438 815 1473 848 S.
1499 815 1594 848 Petri
1611 816 1769 859 martyris

1151 868 1275 912 duplici
1294 870 1393 912 officio
1417 870 1454 902 de
1473 873 1573 902 cetero
1593 870 1765 904 celebretur
1782 868 1811 904 1.

1175 950 1272 979 Sixtus
1286 951 1438 986 opiscopus,
1455 957 1551 979 servus
1566 957 1708 980 servorum
1720 950 1778 985 Del.

1255 1005 1289 1033 ad
1307 1005 1467 1040 perpetuam
1485 1005 1527 1034 rei
1543 1005 1713 1034 memoriam.

1152 1075 1347 1109 Invictorum
1379 1076 1496 1110 Christi
1535 1076 1673 1110 militum
1700 1086 1857 1110 numerus

1110 1130 1222 1173 ingens
1245 1129 1411 1174 propriam
1437 1129 1532 1162 vitam
1563 1129 1756 1174 contempsit
1778 1139 1856 1174 prae

1109 1183 1215 1216 studio
1232 1183 1369 1216 tuendae
1393 1183 1686 1227 propagandaeque
1710 1182 1857 1217 christia-

1110 1247 1169 1270 nae
1189 1236 1275 1277 fidei,
1293 1235 1443 1280 ideoque,
1466 1235 1725 1269 immarcescibili
1737 1235 1858 1280 gloriae

1110 1301 1229 1324 corona
1255 1290 1391 1323 donatus
1415 1290 1449 1322 in
1469 1290 1569 1331 coelo,
1590 1289 1661 1323 iure
1680 1289 1776 1324 etiam
1803 1289 1858 1333 pia

1109 1344 1312 1377 veneratione
1332 1344 1449 1377 colitur
1479 1349 1510 1377 et
1533 1344 1715 1377 celebratur
1737 1343 1772 1376 in
1791 1348 1857 1377 ter-

1110 1398 1166 1438 ris,
1186 1398 1240 1431 sed
1257 1408 1322 1431 non
1339 1397 1445 1430 minus
1457 1397 1498 1430 ad
1508 1397 1651 1431 eiusdem
1664 1397 1741 1431 fidei
1756 1397 1857 1431 firmi-

1110 1457 1205 1485 tatem
1223 1452 1345 1495 prol'uit
1363 1451 1450 1484 Beati
1468 1451 1554 1485 Petri
1573 1451 1722 1496 martyris
1739 1451 1855 1492 virtus,

1109 1505 1177 1550 qui,
1199 1516 1257 1550 pro
1278 1505 1434 1539 catholica
1455 1505 1610 1549 religione
1630 1510 1759 1539 strenue
1770 1505 1858 1539 mili-

1110 1564 1180 1592 tans
1192 1586 1199 1600 ,
1222 1569 1291 1592 eam
1312 1558 1508 1592 conservavit
1525 1569 1562 1592 ac
1582 1559 1725 1592 defendit
1743 1559 1858 1605 adver-v

1110 1623 1163 1646 sus
1187 1613 1278 1646 dolos
1297 1608 1543 1655 atque'insidias
1559 1612 1778 1654 inimicorum,
1800 1624 1857 1647 oc-

1111 1667 1197 1700 culto
1213 1676 1335 1699 veneno
1346 1667 1441 1709 longe
1456 1667 1530 1711 plus
1549 1666 1747 1707 nocentium,
1758 1677 1856 1710 quam

1110 1720 1150 1753 sit
1168 1719 1308 1753 hostium
1329 1719 1443 1753 infesta
1453 1719 1661 1764 oppugnatio,
1675 1720 1730 1763 qui
1745 1725 1858 1764 aperto

1111 1774 1234 1818 impetu
1253 1773 1411 1807 nefarium
1429 1773 1591 1807 Ecclesiae
1604 1773 1661 1807 Dei
1675 1773 1799 1807 bellum
1808 1773 1858 1807 in-

1111 1828 1232 1861 dicunt.

1155 1881 1170 1924 ἓ
1194 1881 1224 1914 1.
1251 1881 1366 1922 Quare,
1378 1892 1414 1915 ex
1426 1880 1640 1925 promissione
1651 1880 1858 1925 omnipoten-

1110 1934 1149 1968 tis
1168 1934 1223 1968 Dei
1243 1935 1374 1968 nomine
1394 1934 1475 1968 facta
1486 1934 1611 1968 fortiter
1626 1934 1856 1978 pugnantibus,

1112 1999 1184 2021 cum
1213 1998 1325 2021 eornm
1355 1988 1467 2022 laudes
1497 1993 1603 2021 cantet
1630 1987 1784 2029 Ecclesia,
1810 1992 1859 2021 est

1112 2041 1206 2074 etiam
1217 2041 1323 2074 invicti
1333 2041 1429 2074 huius
1441 2042 1588 2086 martyris
1604 2041 1859 2075 concelebranda

1112 2095 1297 2127 solemniter
1321 2094 1487 2128 memoria.
1513 2095 1542 2128 Is
1562 2094 1648 2128 enirn
1672 2087 1858 2138 praeclarus

1112 2147 1236 2181 Ordinis
1252 2148 1513 2182 praedicatorum
1538 2148 1688 2181 alumnus
1717 2147 1859 2191 inexple-

1111 2201 1209 2235 bilem
1239 2201 1444 2246 extirpandae
1481 2201 1662 2235 haereticae
1703 2200 1858 2245 perfidiae

1113 2255 1333 2299 cupiditatem,
1353 2254 1416 2288 iam
1442 2255 1517 2288 inde
1537 2266 1555 2288 a
1574 2265 1675 2299 puero
1704 2259 1770 2288 tota
1799 2264 1864 2298 pe-v

1113 2309 1199 2342 nitus
1226 2315 1332 2342 mente
1360 2308 1533 2343 combibit:
1556 2320 1620 2352 qua
1639 2308 1672 2342 in
1691 2319 1726 2342 re
1746 2305 1858 2341 mirari

1113 2363 1267 2396 debemus
1286 2363 1447 2407 singulare
1467 2373 1542 2406 erga
1561 2363 1653 2396 illum
1678 2362 1734 2396 Dei
1757 2362 1857 2395 bene·

1113 2416 1242 2457 ficium,
1272 2427 1345 2450 cum
1374 2417 1525 2450 credibile
1558 2427 1623 2449 non
1655 2416 1696 2449 sit
1719 2415 1787 2449 sine
1806 2414 1857 2449 di-

1113 2470 1183 2503 vina
1207 2480 1267 2514 ope
1291 2470 1432 2513 potuisse
1456 2480 1530 2503 eum
1549 2469 1785 2503 haereticorum
1801 2478 1857 2512 pa-

1148 2537 1159 2563 1
1178 2536 1260 2564 Hunc
1275 2536 1407 2564 Sanctum
1419 2535 1601 2571 canonizavit,
1617 2535 1737 2571 eiusque
1751 2535 1855 2562 festum

1113 2589 1163 2617 pro
1172 2581 1216 2609 die
1227 2588 1293 2609 xxm(
1303 2581 1408 2608 mensis
1419 2580 1513 2615 aprilis
1522 2580 1639 2608 instituit
1654 2580 1750 2608 Innoc.
1765 2579 1810 2614 1v,
1825 2579 1855 2608 in

1113 2626 1174 2655 eius
1190 2629 1279 2654 const,
1297 2631 1375 2660 xxxi,
1390 2624 1505 2660 Maqnis,
1522 2628 1580 2653 tom
1593 2630 1634 2659 111,
1649 2631 1712 2660 pag.
1728 2623 1791 2654 562.

1870 1885 2026 1946 marm-arma

1871 1952 1963 1971 catorum
2000 1953 2028 1976 μ

1871 1980 1941 2004 tentor
1952 1979 1998 2008 ῐιῐθς

1981 2301 2004 2408 ἐπί-ἡὴ
1983 2274 2002 2290 .·'
1974 2241 1997 2257 [2
1992 2214 1996 2225 ·>
