<?xml version="1.0" encoding="UTF-8"?>
<!DOCTYPE html PUBLIC "-//W3C//DTD XHTML 1.0 Transitional//EN"
    "http://www.w3.org/TR/xhtml1/DTD/xhtml1-transitional.dtd">
<html xmlns="http://www.w3.org/1999/xhtml" xml:lang="en" lang="en">
 <head>
  <title>
</title>
<meta http-equiv="Content-Type" content="text/html;charset=utf-8" />
  <meta name='ocr-system' content='tesseract 3.04.00' />
  <meta name='ocr-capabilities' content='ocr_page ocr_carea ocr_par ocr_line ocrx_word'/>
</head>
<body>
  <div class='ocr_page' id='page_1' title='image "./bullarumdiplomat08cath_0332.png"; bbox 0 0 2059 3228; ppageno 0'>
   <div class='ocr_carea' id='block_1_1' title="bbox 199 258 381 290">
    <p class='ocr_par' dir='ltr' id='par_1_1' title="bbox 199 258 381 290">
     <span class='ocr_line' id='line_1_1' title="bbox 199 258 381 290; baseline 0.011 -3"><span class='ocrx_word' id='word_1_1' title='bbox 199 259 250 287; x_wconf 78' lang='lat' dir='ltr'>An.</span> <span class='ocrx_word' id='word_1_2' title='bbox 269 258 381 290; x_wconf 76' lang='lat' dir='ltr'>C.1579</span> 
     </span>
    </p>
   </div>
   <div class='ocr_carea' id='block_1_2' title="bbox 384 253 1140 2614">
    <p class='ocr_par' dir='ltr' id='par_1_2' title="bbox 393 253 1140 507">
     <span class='ocr_line' id='line_1_2' title="bbox 441 253 504 287; baseline -0.048 0"><span class='ocrx_word' id='word_1_3' title='bbox 441 253 477 287; x_wconf 56' lang='lat'>311</span> <span class='ocrx_word' id='word_1_4' title='bbox 486 253 504 286; x_wconf 72' lang='grc'><strong>6</strong></span> 
     </span>
     <span class='ocr_line' id='line_1_3' title="bbox 405 313 1139 359; baseline 0.004 -13"><span class='ocrx_word' id='word_1_5' title='bbox 405 318 413 324; x_wconf 85' lang='lat'><em>&#39;</em></span> <span class='ocrx_word' id='word_1_6' title='bbox 442 315 528 347; x_wconf 85' lang='lat' dir='ltr'>XVII.</span> <span class='ocrx_word' id='word_1_7' title='bbox 556 313 636 347; x_wconf 81' lang='lat' dir='ltr'><strong>Dicit</strong></span> <span class='ocrx_word' id='word_1_8' title='bbox 663 313 781 347; x_wconf 87' lang='lat' dir='ltr'>sentire</span> <span class='ocrx_word' id='word_1_9' title='bbox 807 324 881 348; x_wconf 88' lang='lat' dir='ltr'>cum</span> <span class='ocrx_word' id='word_1_10' title='bbox 911 314 1050 359; x_wconf 81' lang='lat' dir='ltr'>Pelagio,</span> <span class='ocrx_word' id='word_1_11' title='bbox 1083 315 1139 359; x_wconf 85' lang='lat' dir='ltr'>qui</span> 
     </span>
     <span class='ocr_line' id='line_1_4' title="bbox 396 367 1140 402; baseline 0.003 -2"><span class='ocrx_word' id='word_1_12' title='bbox 396 368 506 400; x_wconf 91' lang='lat' dir='ltr'>dicunt</span> <span class='ocrx_word' id='word_1_13' title='bbox 525 377 592 399; x_wconf 86' lang='lat' dir='ltr'>esse</span> <span class='ocrx_word' id='word_1_14' title='bbox 607 367 823 400; x_wconf 87' lang='lat' dir='ltr'>necessarium</span> <span class='ocrx_word' id='word_1_15' title='bbox 843 367 882 401; x_wconf 87' lang='lat' dir='ltr'>ad</span> <span class='ocrx_word' id='word_1_16' title='bbox 897 367 1054 401; x_wconf 87' lang='lat' dir='ltr'>rationem</span> <span class='ocrx_word' id='word_1_17' title='bbox 1074 379 1140 402; x_wconf 87' lang='lat' dir='ltr'>me-</span> 
     </span>
     <span class='ocr_line' id='line_1_5' title="bbox 395 419 1140 465; baseline 0.005 -14"><span class='ocrx_word' id='word_1_18' title='bbox 395 419 457 458; x_wconf 86' lang='lat' dir='ltr'>riti,</span> <span class='ocrx_word' id='word_1_19' title='bbox 477 424 513 451; x_wconf 92' lang='lat' dir='ltr'>ut</span> <span class='ocrx_word' id='word_1_20' title='bbox 529 419 626 451; x_wconf 90' lang='lat' dir='ltr'>homo</span> <span class='ocrx_word' id='word_1_21' title='bbox 643 420 845 463; x_wconf 81' lang='lat' dir='ltr'>pergratiam</span> <span class='ocrx_word' id='word_1_22' title='bbox 864 420 1047 465; x_wconf 89' lang='lat' dir='ltr'>adoptionis</span> <span class='ocrx_word' id='word_1_23' title='bbox 1066 421 1140 455; x_wconf 85' lang='lat' dir='ltr'>sub-</span> 
     </span>
     <span class='ocr_line' id='line_1_6' title="bbox 393 472 912 507; baseline 0.006 -3"><span class='ocrx_word' id='word_1_24' title='bbox 393 472 526 505; x_wconf 76' lang='lat' dir='ltr'>limetur</span> <span class='ocrx_word' id='word_1_25' title='bbox 550 472 589 506; x_wconf 89' lang='lat' dir='ltr'>ad</span> <span class='ocrx_word' id='word_1_26' title='bbox 609 477 726 505; x_wconf 87' lang='lat' dir='ltr'>statum</span> <span class='ocrx_word' id='word_1_27' title='bbox 744 472 912 507; x_wconf 85' lang='lat' dir='ltr'>Deificum.</span> 
     </span>
    </p>

    <p class='ocr_par' dir='ltr' id='par_1_3' title="bbox 389 525 1139 835">
     <span class='ocr_line' id='line_1_7' title="bbox 435 525 1139 569; baseline 0.007 -13"><span class='ocrx_word' id='word_1_28' title='bbox 435 525 538 557; x_wconf 83' lang='lat' dir='ltr'>XVIII.</span> <span class='ocrx_word' id='word_1_29' title='bbox 556 525 636 558; x_wconf 88' lang='lat' dir='ltr'>Dicit</span> <span class='ocrx_word' id='word_1_30' title='bbox 651 536 750 569; x_wconf 89' lang='lat' dir='ltr'>opera</span> <span class='ocrx_word' id='word_1_31' title='bbox 769 527 1090 566; x_wconf 82' lang='lat' dir='ltr'>catechumenorum,</span> <span class='ocrx_word' id='word_1_32' title='bbox 1103 533 1139 562; x_wconf 91' lang='lat' dir='ltr'>ut</span> 
     </span>
     <span class='ocr_line' id='line_1_8' title="bbox 392 578 1137 622; baseline 0.005 -12"><span class='ocrx_word' id='word_1_33' title='bbox 392 578 488 611; x_wconf 82' lang='lat' dir='ltr'>sidem</span> <span class='ocrx_word' id='word_1_34' title='bbox 505 583 538 611; x_wconf 83' lang='lat' dir='ltr'>et</span> <span class='ocrx_word' id='word_1_35' title='bbox 555 578 797 622; x_wconf 86' lang='lat' dir='ltr'>poenitentiam,</span> <span class='ocrx_word' id='word_1_36' title='bbox 818 585 892 613; x_wconf 86' lang='lat' dir='ltr'>ante</span> <span class='ocrx_word' id='word_1_37' title='bbox 916 580 1137 614; x_wconf 80' lang='lat' dir='ltr'>remissionem</span> 
     </span>
     <span class='ocr_line' id='line_1_9' title="bbox 392 632 1136 675; baseline 0.007 -12"><span class='ocrx_word' id='word_1_38' title='bbox 392 637 599 675; x_wconf 85' lang='lat' dir='ltr'>peccatorum</span> <span class='ocrx_word' id='word_1_39' title='bbox 617 632 709 673; x_wconf 84' lang='lat' dir='ltr'>sacta,</span> <span class='ocrx_word' id='word_1_40' title='bbox 723 643 791 666; x_wconf 90' lang='lat' dir='ltr'>esse</span> <span class='ocrx_word' id='word_1_41' title='bbox 809 633 890 666; x_wconf 85' lang='lat' dir='ltr'>vitae</span> <span class='ocrx_word' id='word_1_42' title='bbox 910 639 1058 668; x_wconf 80' lang='lat' dir='ltr'>aeternae</span> <span class='ocrx_word' id='word_1_43' title='bbox 1069 645 1136 668; x_wconf 91' lang='lat' dir='ltr'>me-</span> 
     </span>
     <span class='ocr_line' id='line_1_10' title="bbox 391 684 1138 731; baseline 0.007 -15"><span class='ocrx_word' id='word_1_44' title='bbox 391 684 462 725; x_wconf 88' lang='lat' dir='ltr'>rita,</span> <span class='ocrx_word' id='word_1_45' title='bbox 494 695 591 728; x_wconf 88' lang='lat' dir='ltr'>quam</span> <span class='ocrx_word' id='word_1_46' title='bbox 615 685 710 718; x_wconf 90' lang='lat' dir='ltr'>vitam</span> <span class='ocrx_word' id='word_1_47' title='bbox 730 696 795 719; x_wconf 91' lang='lat' dir='ltr'>non</span> <span class='ocrx_word' id='word_1_48' title='bbox 821 693 1060 731; x_wconf 74' lang='lat' dir='ltr'>consequentur</span> <span class='ocrx_word' id='word_1_49' title='bbox 1086 699 1138 721; x_wconf 89' lang='lat' dir='ltr'>ca-</span> 
     </span>
     <span class='ocr_line' id='line_1_11' title="bbox 390 738 1137 783; baseline 0.004 -13"><span class='ocrx_word' id='word_1_50' title='bbox 390 738 585 778; x_wconf 85' lang='lat' dir='ltr'>thecumeni,</span> <span class='ocrx_word' id='word_1_51' title='bbox 606 738 666 771; x_wconf 88' lang='lat' dir='ltr'>nisi</span> <span class='ocrx_word' id='word_1_52' title='bbox 690 739 780 783; x_wconf 90' lang='lat' dir='ltr'>prius</span> <span class='ocrx_word' id='word_1_53' title='bbox 803 740 1067 783; x_wconf 88' lang='lat' dir='ltr'>praecedentium</span> <span class='ocrx_word' id='word_1_54' title='bbox 1084 740 1137 774; x_wconf 91' lang='lat' dir='ltr'>de-</span> 
     </span>
     <span class='ocr_line' id='line_1_12' title="bbox 389 790 980 835; baseline 0.003 -12"><span class='ocrx_word' id='word_1_55' title='bbox 389 790 542 824; x_wconf 76' lang='lat' dir='ltr'>lictorum</span> <span class='ocrx_word' id='word_1_56' title='bbox 563 791 791 835; x_wconf 89' lang='lat' dir='ltr'>impedimenta</span> <span class='ocrx_word' id='word_1_57' title='bbox 815 793 980 826; x_wconf 89' lang='lat' dir='ltr'>tollantur.</span> 
     </span>
    </p>

    <p class='ocr_par' dir='ltr' id='par_1_4' title="bbox 388 844 1137 1038">
     <span class='ocr_line' id='line_1_13' title="bbox 433 844 1136 890; baseline 0.003 -13"><span class='ocrx_word' id='word_1_58' title='bbox 433 844 511 878; x_wconf 89' lang='lat' dir='ltr'>XIX.</span> <span class='ocrx_word' id='word_1_59' title='bbox 534 845 665 878; x_wconf 87' lang='lat' dir='ltr'>Videtur</span> <span class='ocrx_word' id='word_1_60' title='bbox 685 845 850 879; x_wconf 86' lang='lat' dir='ltr'>insinuare</span> <span class='ocrx_word' id='word_1_61' title='bbox 869 846 957 889; x_wconf 84' lang='lat' dir='ltr'>quod</span> <span class='ocrx_word' id='word_1_62' title='bbox 977 856 1075 890; x_wconf 85' lang='lat' dir='ltr'>opera</span> <span class='ocrx_word' id='word_1_63' title='bbox 1085 849 1136 879; x_wconf 90' lang='lat' dir='ltr'>iu-</span> 
     </span>
     <span class='ocr_line' id='line_1_14' title="bbox 388 897 1137 942; baseline 0.004 -13"><span class='ocrx_word' id='word_1_64' title='bbox 388 897 490 930; x_wconf 89' lang='lat' dir='ltr'>stitiae</span> <span class='ocrx_word' id='word_1_65' title='bbox 510 904 541 931; x_wconf 89' lang='lat' dir='ltr'>et</span> <span class='ocrx_word' id='word_1_66' title='bbox 564 899 806 942; x_wconf 79' lang='lat' dir='ltr'>temperantiae,</span> <span class='ocrx_word' id='word_1_67' title='bbox 825 909 908 942; x_wconf 88' lang='lat' dir='ltr'>quae</span> <span class='ocrx_word' id='word_1_68' title='bbox 932 899 1076 933; x_wconf 82' lang='lat' dir='ltr'>Christus</span> <span class='ocrx_word' id='word_1_69' title='bbox 1094 900 1137 932; x_wconf 85' lang='lat' dir='ltr'>fe—</span> 
     </span>
     <span class='ocr_line' id='line_1_15' title="bbox 389 950 1136 996; baseline 0.003 -13"><span class='ocrx_word' id='word_1_70' title='bbox 389 950 443 991; x_wconf 91' lang='lat' dir='ltr'>cit,</span> <span class='ocrx_word' id='word_1_71' title='bbox 466 962 502 984; x_wconf 80' lang='lat' dir='ltr'>ex</span> <span class='ocrx_word' id='word_1_72' title='bbox 522 951 674 994; x_wconf 81' lang='lat' dir='ltr'>dignitate</span> <span class='ocrx_word' id='word_1_73' title='bbox 703 962 859 996; x_wconf 86' lang='lat' dir='ltr'>personae</span> <span class='ocrx_word' id='word_1_74' title='bbox 874 952 1038 995; x_wconf 84' lang='lat' dir='ltr'>operantis</span> <span class='ocrx_word' id='word_1_75' title='bbox 1070 963 1136 986; x_wconf 91' lang='lat' dir='ltr'>non</span> 
     </span>
     <span class='ocr_line' id='line_1_16' title="bbox 389 1004 950 1038; baseline 0.004 -2"><span class='ocrx_word' id='word_1_76' title='bbox 389 1004 604 1037; x_wconf 76' lang='lat' dir='ltr'>contraxerint</span> <span class='ocrx_word' id='word_1_77' title='bbox 622 1004 777 1038; x_wconf 88' lang='lat' dir='ltr'>maiorem</span> <span class='ocrx_word' id='word_1_78' title='bbox 796 1005 950 1038; x_wconf 88' lang='lat' dir='ltr'>valorem.</span> 
     </span>
    </p>

    <p class='ocr_par' dir='ltr' id='par_1_5' title="bbox 386 1056 1135 1198">
     <span class='ocr_line' id='line_1_17' title="bbox 432 1056 1135 1102; baseline 0.006 -14"><span class='ocrx_word' id='word_1_79' title='bbox 432 1056 495 1089; x_wconf 89' lang='lat' dir='ltr'>XX.</span> <span class='ocrx_word' id='word_1_80' title='bbox 516 1057 648 1090; x_wconf 87' lang='lat' dir='ltr'>Nullum</span> <span class='ocrx_word' id='word_1_81' title='bbox 663 1063 885 1102; x_wconf 86' lang='lat' dir='ltr'>estpeccatum</span> <span class='ocrx_word' id='word_1_82' title='bbox 899 1069 935 1091; x_wconf 86' lang='lat' dir='ltr'>ex</span> <span class='ocrx_word' id='word_1_83' title='bbox 948 1064 1062 1092; x_wconf 86' lang='lat' dir='ltr'>natura</span> <span class='ocrx_word' id='word_1_84' title='bbox 1078 1070 1135 1092; x_wconf 87' lang='lat' dir='ltr'>sua</span> 
     </span>
     <span class='ocr_line' id='line_1_18' title="bbox 386 1110 1134 1156; baseline 0.004 -14"><span class='ocrx_word' id='word_1_85' title='bbox 386 1110 519 1150; x_wconf 90' lang='lat' dir='ltr'>veniale,</span> <span class='ocrx_word' id='word_1_86' title='bbox 540 1111 595 1143; x_wconf 85' lang='lat' dir='ltr'>sed</span> <span class='ocrx_word' id='word_1_87' title='bbox 610 1121 705 1145; x_wconf 88' lang='lat' dir='ltr'>omne</span> <span class='ocrx_word' id='word_1_88' title='bbox 717 1117 886 1155; x_wconf 83' lang='lat' dir='ltr'>peccatum</span> <span class='ocrx_word' id='word_1_89' title='bbox 898 1118 1043 1145; x_wconf 87' lang='lat' dir='ltr'>meretur</span> <span class='ocrx_word' id='word_1_90' title='bbox 1056 1123 1134 1156; x_wconf 91' lang='lat' dir='ltr'>poe-</span> 
     </span>
     <span class='ocr_line' id='line_1_19' title="bbox 386 1169 660 1198; baseline 0.011 -3"><span class='ocrx_word' id='word_1_91' title='bbox 386 1173 462 1196; x_wconf 86' lang='lat' dir='ltr'>nam</span> <span class='ocrx_word' id='word_1_92' title='bbox 481 1169 660 1198; x_wconf 79' lang='lat' dir='ltr'>aeternam.</span> 
     </span>
    </p>

    <p class='ocr_par' dir='ltr' id='par_1_6' title="bbox 387 1216 1135 1472">
     <span class='ocr_line' id='line_1_20' title="bbox 430 1216 1135 1253; baseline 0.004 -4"><span class='ocrx_word' id='word_1_93' title='bbox 430 1216 507 1249; x_wconf 88' lang='lat' dir='ltr'>XXI.</span> <span class='ocrx_word' id='word_1_94' title='bbox 543 1217 709 1251; x_wconf 82' lang='lat' dir='ltr'>Humanae</span> <span class='ocrx_word' id='word_1_95' title='bbox 722 1223 855 1252; x_wconf 82' lang='lat' dir='ltr'>naturae</span> <span class='ocrx_word' id='word_1_96' title='bbox 889 1218 1074 1252; x_wconf 90' lang='lat' dir='ltr'>sublimatio</span> <span class='ocrx_word' id='word_1_97' title='bbox 1105 1224 1135 1253; x_wconf 89' lang='lat' dir='ltr'>et</span> 
     </span>
     <span class='ocr_line' id='line_1_21' title="bbox 388 1270 1134 1306; baseline 0.005 -5"><span class='ocrx_word' id='word_1_98' title='bbox 388 1270 535 1303; x_wconf 81' lang='lat' dir='ltr'>exaltatio</span> <span class='ocrx_word' id='word_1_99' title='bbox 565 1270 598 1303; x_wconf 92' lang='lat' dir='ltr'>in</span> <span class='ocrx_word' id='word_1_100' title='bbox 627 1271 826 1304; x_wconf 70' lang='lat' dir='ltr'>consortium</span> <span class='ocrx_word' id='word_1_101' title='bbox 852 1271 977 1305; x_wconf 87' lang='lat' dir='ltr'>divinae</span> <span class='ocrx_word' id='word_1_102' title='bbox 1001 1278 1134 1306; x_wconf 85' lang='lat' dir='ltr'>naturae</span> 
     </span>
     <span class='ocr_line' id='line_1_22' title="bbox 387 1322 1131 1368; baseline 0.007 -13"><span class='ocrx_word' id='word_1_103' title='bbox 387 1322 493 1356; x_wconf 88' lang='lat' dir='ltr'>debita</span> <span class='ocrx_word' id='word_1_104' title='bbox 517 1323 576 1356; x_wconf 86' lang='lat' dir='ltr'>suit</span> <span class='ocrx_word' id='word_1_105' title='bbox 600 1323 772 1367; x_wconf 80' lang='lat' dir='ltr'>integritati</span> <span class='ocrx_word' id='word_1_106' title='bbox 788 1325 911 1368; x_wconf 86' lang='lat' dir='ltr'>primae</span> <span class='ocrx_word' id='word_1_107' title='bbox 927 1326 1131 1368; x_wconf 88' lang='lat' dir='ltr'>conditionis,</span> 
     </span>
     <span class='ocr_line' id='line_1_23' title="bbox 387 1376 1133 1419; baseline 0.007 -11"><span class='ocrx_word' id='word_1_108' title='bbox 387 1382 417 1409; x_wconf 91' lang='lat' dir='ltr'>et</span> <span class='ocrx_word' id='word_1_109' title='bbox 438 1376 572 1419; x_wconf 86' lang='lat' dir='ltr'>proinde</span> <span class='ocrx_word' id='word_1_110' title='bbox 596 1377 751 1410; x_wconf 85' lang='lat' dir='ltr'>naturalis</span> <span class='ocrx_word' id='word_1_111' title='bbox 770 1377 906 1411; x_wconf 87' lang='lat' dir='ltr'>dicenda</span> <span class='ocrx_word' id='word_1_112' title='bbox 931 1384 990 1419; x_wconf 84' lang='lat' dir='ltr'>est,</span> <span class='ocrx_word' id='word_1_113' title='bbox 1013 1384 1043 1412; x_wconf 92' lang='lat' dir='ltr'>et</span> <span class='ocrx_word' id='word_1_114' title='bbox 1068 1391 1133 1413; x_wconf 92' lang='lat' dir='ltr'>non</span> 
     </span>
     <span class='ocr_line' id='line_1_24' title="bbox 387 1429 652 1472; baseline 0.008 -11"><span class='ocrx_word' id='word_1_115' title='bbox 387 1429 652 1472; x_wconf 85' lang='lat' dir='ltr'>supernaturalis.</span> 
     </span>
    </p>

    <p class='ocr_par' dir='ltr' id='par_1_7' title="bbox 386 1482 1133 1729">
     <span class='ocr_line' id='line_1_25' title="bbox 431 1482 1133 1529; baseline 0.009 -15"><span class='ocrx_word' id='word_1_116' title='bbox 431 1482 521 1515; x_wconf 92' lang='lat' dir='ltr'>XXII.</span> <span class='ocrx_word' id='word_1_117' title='bbox 544 1483 623 1516; x_wconf 86' lang='lat' dir='ltr'>Cum</span> <span class='ocrx_word' id='word_1_118' title='bbox 645 1484 772 1527; x_wconf 81' lang='lat' dir='ltr'>Pelagio</span> <span class='ocrx_word' id='word_1_119' title='bbox 790 1484 932 1519; x_wconf 87' lang='lat' dir='ltr'>sentiunt</span> <span class='ocrx_word' id='word_1_120' title='bbox 942 1486 997 1529; x_wconf 91' lang='lat' dir='ltr'>qui</span> <span class='ocrx_word' id='word_1_121' title='bbox 1013 1491 1133 1520; x_wconf 80' lang='lat' dir='ltr'>textum</span> 
     </span>
     <span class='ocr_line' id='line_1_26' title="bbox 386 1536 1133 1583; baseline 0.008 -15"><span class='ocrx_word' id='word_1_122' title='bbox 386 1536 541 1579; x_wconf 77' lang='lat' dir='ltr'>Apostoli,</span> <span class='ocrx_word' id='word_1_123' title='bbox 557 1537 663 1577; x_wconf 64' lang='lat' dir='ltr'>Rom„</span> <span class='ocrx_word' id='word_1_124' title='bbox 683 1547 717 1578; x_wconf 91' lang='lat'>11,</span> <span class='ocrx_word' id='word_1_125' title='bbox 733 1538 847 1571; x_wconf 80' lang='lat' dir='ltr'>Gentes</span> <span class='ocrx_word' id='word_1_126' title='bbox 858 1550 937 1582; x_wconf 76' lang='lat' dir='ltr'>quae</span> <span class='ocrx_word' id='word_1_127' title='bbox 954 1540 1051 1583; x_wconf 73' lang='lat' dir='ltr'>leyem</span> <span class='ocrx_word' id='word_1_128' title='bbox 1067 1552 1133 1574; x_wconf 79' lang='lat' dir='ltr'>non</span> 
     </span>
     <span class='ocr_line' id='line_1_27' title="bbox 388 1589 1133 1636; baseline 0.008 -15"><span class='ocrx_word' id='word_1_129' title='bbox 388 1589 518 1630; x_wconf 67' lang='lat' dir='ltr'>liabent,</span> <span class='ocrx_word' id='word_1_130' title='bbox 531 1591 740 1627; x_wconf 73' lang='lat' dir='ltr'>naturaliter,</span> <span class='ocrx_word' id='word_1_131' title='bbox 759 1602 839 1634; x_wconf 67' lang='lat' dir='ltr'>quac</span> <span class='ocrx_word' id='word_1_132' title='bbox 854 1592 931 1636; x_wconf 77' lang='lat' dir='ltr'>leqis</span> <span class='ocrx_word' id='word_1_133' title='bbox 945 1598 1030 1634; x_wconf 74' lang='lat' dir='ltr'>sunt,</span> <span class='ocrx_word' id='word_1_134' title='bbox 1051 1595 1133 1635; x_wconf 76' lang='lat' dir='ltr'>saci-</span> 
     </span>
     <span class='ocr_line' id='line_1_28' title="bbox 386 1642 1130 1690; baseline 0.009 -16"><span class='ocrx_word' id='word_1_135' title='bbox 386 1646 458 1683; x_wconf 78' lang='lat' dir='ltr'>unt,</span> <span class='ocrx_word' id='word_1_136' title='bbox 476 1642 660 1686; x_wconf 76' lang='lat' dir='ltr'>intelligunt</span> <span class='ocrx_word' id='word_1_137' title='bbox 679 1644 716 1677; x_wconf 90' lang='lat' dir='ltr'>de</span> <span class='ocrx_word' id='word_1_138' title='bbox 733 1645 882 1688; x_wconf 80' lang='lat' dir='ltr'>gentibus</span> <span class='ocrx_word' id='word_1_139' title='bbox 901 1646 976 1679; x_wconf 88' lang='lat' dir='ltr'>fidei</span> <span class='ocrx_word' id='word_1_140' title='bbox 996 1647 1130 1690; x_wconf 84' lang='lat' dir='ltr'>gratiam</span> 
     </span>
     <span class='ocr_line' id='line_1_29' title="bbox 387 1695 674 1729; baseline 0.007 -2"><span class='ocrx_word' id='word_1_141' title='bbox 387 1705 451 1728; x_wconf 90' lang='lat' dir='ltr'>non</span> <span class='ocrx_word' id='word_1_142' title='bbox 471 1695 674 1729; x_wconf 79' lang='lat' dir='ltr'>habentibus.</span> 
     </span>
    </p>

    <p class='ocr_par' dir='ltr' id='par_1_8' title="bbox 385 1748 1132 2049">
     <span class='ocr_line' id='line_1_30' title="bbox 429 1748 1128 1796; baseline 0.01 -16"><span class='ocrx_word' id='word_1_143' title='bbox 429 1748 535 1781; x_wconf 88' lang='lat' dir='ltr'>XXIII.</span> <span class='ocrx_word' id='word_1_144' title='bbox 561 1749 705 1782; x_wconf 83' lang='lat' dir='ltr'>Absurda</span> <span class='ocrx_word' id='word_1_145' title='bbox 739 1755 785 1783; x_wconf 91' lang='lat' dir='ltr'>est</span> <span class='ocrx_word' id='word_1_146' title='bbox 814 1761 927 1784; x_wconf 88' lang='lat' dir='ltr'>eorum</span> <span class='ocrx_word' id='word_1_147' title='bbox 961 1754 1128 1796; x_wconf 86' lang='lat' dir='ltr'>sententia,</span> 
     </span>
     <span class='ocr_line' id='line_1_31' title="bbox 388 1801 1132 1850; baseline 0.012 -18"><span class='ocrx_word' id='word_1_148' title='bbox 388 1801 443 1844; x_wconf 86' lang='lat' dir='ltr'>qui</span> <span class='ocrx_word' id='word_1_149' title='bbox 468 1801 579 1835; x_wconf 83' lang='lat' dir='ltr'>dicunt</span> <span class='ocrx_word' id='word_1_150' title='bbox 599 1803 762 1836; x_wconf 87' lang='lat' dir='ltr'>hominem</span> <span class='ocrx_word' id='word_1_151' title='bbox 782 1804 821 1836; x_wconf 91' lang='lat' dir='ltr'>ab</span> <span class='ocrx_word' id='word_1_152' title='bbox 845 1804 936 1838; x_wconf 90' lang='lat' dir='ltr'>initio</span> <span class='ocrx_word' id='word_1_153' title='bbox 948 1805 1033 1839; x_wconf 92' lang='lat' dir='ltr'>dono</span> <span class='ocrx_word' id='word_1_154' title='bbox 1053 1818 1132 1850; x_wconf 92' lang='lat' dir='ltr'>quo-</span> 
     </span>
     <span class='ocr_line' id='line_1_32' title="bbox 386 1855 1131 1902; baseline 0.011 -16"><span class='ocrx_word' id='word_1_155' title='bbox 386 1855 459 1888; x_wconf 88' lang='lat' dir='ltr'>dam</span> <span class='ocrx_word' id='word_1_156' title='bbox 479 1856 717 1899; x_wconf 85' lang='lat' dir='ltr'>supernaturali</span> <span class='ocrx_word' id='word_1_157' title='bbox 743 1862 773 1889; x_wconf 86' lang='lat' dir='ltr'>et</span> <span class='ocrx_word' id='word_1_158' title='bbox 785 1857 923 1899; x_wconf 79' lang='lat' dir='ltr'>gratuito</span> <span class='ocrx_word' id='word_1_159' title='bbox 939 1869 1036 1902; x_wconf 89' lang='lat' dir='ltr'>supra</span> <span class='ocrx_word' id='word_1_160' title='bbox 1057 1871 1131 1894; x_wconf 92' lang='lat' dir='ltr'>con-</span> 
     </span>
     <span class='ocr_line' id='line_1_33' title="bbox 386 1907 1130 1954; baseline 0.011 -15"><span class='ocrx_word' id='word_1_161' title='bbox 386 1907 539 1940; x_wconf 89' lang='lat' dir='ltr'>ditionem</span> <span class='ocrx_word' id='word_1_162' title='bbox 553 1914 685 1942; x_wconf 89' lang='lat' dir='ltr'>naturae</span> <span class='ocrx_word' id='word_1_163' title='bbox 698 1909 794 1943; x_wconf 78' lang='lat' dir='ltr'>fuisse</span> <span class='ocrx_word' id='word_1_164' title='bbox 804 1911 987 1952; x_wconf 84' lang='lat' dir='ltr'>exaltatum,</span> <span class='ocrx_word' id='word_1_165' title='bbox 1003 1918 1038 1945; x_wconf 88' lang='lat' dir='ltr'>ut</span> <span class='ocrx_word' id='word_1_166' title='bbox 1057 1913 1130 1954; x_wconf 89' lang='lat' dir='ltr'>fide,</span> 
     </span>
     <span class='ocr_line' id='line_1_34' title="bbox 386 1961 1130 2006; baseline 0.009 -13"><span class='ocrx_word' id='word_1_167' title='bbox 386 1971 452 2003; x_wconf 87' lang='lat' dir='ltr'>spe,</span> <span class='ocrx_word' id='word_1_168' title='bbox 482 1961 612 1994; x_wconf 82' lang='lat' dir='ltr'>caritate</span> <span class='ocrx_word' id='word_1_169' title='bbox 637 1961 737 1995; x_wconf 87' lang='lat' dir='ltr'>Deum</span> <span class='ocrx_word' id='word_1_170' title='bbox 762 1965 1051 2006; x_wconf 78' lang='lat' dir='ltr'>supernaturaliter</span> <span class='ocrx_word' id='word_1_171' title='bbox 1075 1977 1130 2000; x_wconf 91' lang='lat' dir='ltr'>co-</span> 
     </span>
     <span class='ocr_line' id='line_1_35' title="bbox 385 2014 475 2049; baseline 0.044 -4"><span class='ocrx_word' id='word_1_172' title='bbox 385 2014 475 2049; x_wconf 86' lang='lat' dir='ltr'>leret.</span> 
     </span>
    </p>

    <p class='ocr_par' dir='ltr' id='par_1_9' title="bbox 384 2066 1131 2432">
     <span class='ocr_line' id='line_1_36' title="bbox 429 2066 1131 2113; baseline 0.009 -14"><span class='ocrx_word' id='word_1_173' title='bbox 429 2066 531 2100; x_wconf 84' lang='lat' dir='ltr'>XXIV.</span> <span class='ocrx_word' id='word_1_174' title='bbox 548 2068 572 2099; x_wconf 90' lang='lat' dir='ltr'><strong>A</strong></span> <span class='ocrx_word' id='word_1_175' title='bbox 591 2068 678 2102; x_wconf 89' lang='lat' dir='ltr'>vanis</span> <span class='ocrx_word' id='word_1_176' title='bbox 691 2073 722 2102; x_wconf 84' lang='lat' dir='ltr'>et</span> <span class='ocrx_word' id='word_1_177' title='bbox 741 2069 850 2103; x_wconf 85' lang='lat' dir='ltr'>otiosis</span> <span class='ocrx_word' id='word_1_178' title='bbox 868 2070 1063 2113; x_wconf 90' lang='lat' dir='ltr'>hominibus,</span> <span class='ocrx_word' id='word_1_179' title='bbox 1083 2083 1131 2106; x_wconf 87' lang='lat' dir='ltr'>se-</span> 
     </span>
     <span class='ocr_line' id='line_1_37' title="bbox 385 2119 1129 2166; baseline 0.009 -15"><span class='ocrx_word' id='word_1_180' title='bbox 385 2119 527 2152; x_wconf 84' lang='lat' dir='ltr'>eundum</span> <span class='ocrx_word' id='word_1_181' title='bbox 547 2120 763 2165; x_wconf 78' lang='lat' dir='ltr'>insipientiam</span> <span class='ocrx_word' id='word_1_182' title='bbox 779 2122 1058 2166; x_wconf 89' lang='lat' dir='ltr'>philosophorum,</span> <span class='ocrx_word' id='word_1_183' title='bbox 1076 2135 1129 2158; x_wconf 87' lang='lat' dir='ltr'>ex-</span> 
     </span>
     <span class='ocr_line' id='line_1_38' title="bbox 385 2172 1129 2215; baseline 0.009 -11"><span class='ocrx_word' id='word_1_184' title='bbox 385 2172 521 2215; x_wconf 78' lang='lat' dir='ltr'>cogitata</span> <span class='ocrx_word' id='word_1_185' title='bbox 541 2180 587 2206; x_wconf 88' lang='lat' dir='ltr'>cst</span> <span class='ocrx_word' id='word_1_186' title='bbox 606 2175 773 2215; x_wconf 81' lang='lat' dir='ltr'>sententia,</span> <span class='ocrx_word' id='word_1_187' title='bbox 800 2175 965 2209; x_wconf 89' lang='lat' dir='ltr'>hominem</span> <span class='ocrx_word' id='word_1_188' title='bbox 980 2177 1019 2210; x_wconf 90' lang='lat' dir='ltr'>ab</span> <span class='ocrx_word' id='word_1_189' title='bbox 1039 2178 1129 2211; x_wconf 92' lang='lat' dir='ltr'>initio</span> 
     </span>
     <span class='ocr_line' id='line_1_39' title="bbox 385 2226 1130 2274; baseline 0.009 -18"><span class='ocrx_word' id='word_1_190' title='bbox 385 2226 594 2259; x_wconf 77' lang='lat' dir='ltr'>constitutum</span> <span class='ocrx_word' id='word_1_191' title='bbox 607 2233 704 2271; x_wconf 87' lang='lat' dir='ltr'>etper</span> <span class='ocrx_word' id='word_1_192' title='bbox 718 2228 802 2261; x_wconf 87' lang='lat' dir='ltr'>dona</span> <span class='ocrx_word' id='word_1_193' title='bbox 812 2235 958 2271; x_wconf 87' lang='lat' dir='ltr'>naturae,</span> <span class='ocrx_word' id='word_1_194' title='bbox 977 2231 1130 2274; x_wconf 88' lang='lat' dir='ltr'>superad-</span> 
     </span>
     <span class='ocr_line' id='line_1_40' title="bbox 384 2278 1128 2323; baseline 0.011 -14"><span class='ocrx_word' id='word_1_195' title='bbox 384 2278 448 2311; x_wconf 85' lang='lat' dir='ltr'>dita</span> <span class='ocrx_word' id='word_1_196' title='bbox 458 2279 602 2322; x_wconf 78' lang='lat' dir='ltr'>largitate</span> <span class='ocrx_word' id='word_1_197' title='bbox 611 2281 800 2323; x_wconf 87' lang='lat' dir='ltr'>Conditoris,</span> <span class='ocrx_word' id='word_1_198' title='bbox 812 2282 908 2316; x_wconf 78' lang='lat' dir='ltr'>fuisse</span> <span class='ocrx_word' id='word_1_199' title='bbox 920 2283 1128 2317; x_wconf 87' lang='lat' dir='ltr'>sublimatum</span> 
     </span>
     <span class='ocr_line' id='line_1_41' title="bbox 385 2334 1130 2385; baseline 0.013 -20"><span class='ocrx_word' id='word_1_200' title='bbox 385 2334 454 2367; x_wconf 88' lang='lat' dir='ltr'>etin</span> <span class='ocrx_word' id='word_1_201' title='bbox 461 2335 514 2368; x_wconf 85' lang='lat' dir='ltr'>Dei</span> <span class='ocrx_word' id='word_1_202' title='bbox 523 2337 625 2370; x_wconf 86' lang='lat' dir='ltr'>filium</span> <span class='ocrx_word' id='word_1_203' title='bbox 637 2339 878 2384; x_wconf 86' lang='lat' dir='ltr'>coadoptatum:</span> <span class='ocrx_word' id='word_1_204' title='bbox 890 2340 929 2373; x_wconf 86' lang='lat' dir='ltr'>ad</span> <span class='ocrx_word' id='word_1_205' title='bbox 938 2341 1130 2385; x_wconf 80' lang='lat' dir='ltr'>Pelagianis-</span> 
     </span>
     <span class='ocr_line' id='line_1_42' title="bbox 384 2395 996 2432; baseline 0.011 -10"><span class='ocrx_word' id='word_1_206' title='bbox 384 2401 474 2424; x_wconf 87' lang='lat' dir='ltr'>mum</span> <span class='ocrx_word' id='word_1_207' title='bbox 495 2395 668 2430; x_wconf 91' lang='lat' dir='ltr'>reiicienda</span> <span class='ocrx_word' id='word_1_208' title='bbox 687 2403 733 2430; x_wconf 90' lang='lat' dir='ltr'>est</span> <span class='ocrx_word' id='word_1_209' title='bbox 753 2397 807 2430; x_wconf 91' lang='lat' dir='ltr'>illa</span> <span class='ocrx_word' id='word_1_210' title='bbox 826 2398 996 2432; x_wconf 85' lang='lat' dir='ltr'>sententia.</span> 
     </span>
    </p>

    <p class='ocr_par' dir='ltr' id='par_1_10' title="bbox 385 2449 1130 2556">
     <span class='ocr_line' id='line_1_43' title="bbox 427 2449 1130 2500; baseline 0.011 -18"><span class='ocrx_word' id='word_1_211' title='bbox 427 2449 515 2484; x_wconf 89' lang='lat' dir='ltr'>XXV.</span> <span class='ocrx_word' id='word_1_212' title='bbox 535 2453 648 2487; x_wconf 87' lang='lat' dir='ltr'>Omnia</span> <span class='ocrx_word' id='word_1_213' title='bbox 663 2465 760 2498; x_wconf 89' lang='lat' dir='ltr'>opera</span> <span class='ocrx_word' id='word_1_214' title='bbox 776 2455 954 2489; x_wconf 87' lang='lat' dir='ltr'>infidelium</span> <span class='ocrx_word' id='word_1_215' title='bbox 968 2462 1041 2489; x_wconf 90' lang='lat' dir='ltr'>sunt</span> <span class='ocrx_word' id='word_1_216' title='bbox 1056 2468 1130 2500; x_wconf 91' lang='lat' dir='ltr'>pec-</span> 
     </span>
     <span class='ocr_line' id='line_1_44' title="bbox 385 2511 1125 2556; baseline 0.011 -16"><span class='ocrx_word' id='word_1_217' title='bbox 385 2514 465 2548; x_wconf 84' lang='lat' dir='ltr'>cata,</span> <span class='ocrx_word' id='word_1_218' title='bbox 483 2516 513 2543; x_wconf 90' lang='lat' dir='ltr'>et</span> <span class='ocrx_word' id='word_1_219' title='bbox 528 2511 794 2556; x_wconf 88' lang='lat' dir='ltr'>philosophorum</span> <span class='ocrx_word' id='word_1_220' title='bbox 814 2513 946 2548; x_wconf 71' lang='lat' dir='ltr'>virtutes</span> <span class='ocrx_word' id='word_1_221' title='bbox 956 2520 1030 2547; x_wconf 82' lang='lat' dir='ltr'>sunt</span> <span class='ocrx_word' id='word_1_222' title='bbox 1042 2514 1125 2548; x_wconf 84' lang='lat' dir='ltr'>vitia.</span> 
     </span>
    </p>

    <p class='ocr_par' dir='ltr' id='par_1_11' title="bbox 428 2566 1129 2614">
     <span class='ocr_line' id='line_1_45' title="bbox 428 2566 1129 2614; baseline 0.013 -17"><span class='ocrx_word' id='word_1_223' title='bbox 428 2566 529 2599; x_wconf 82' lang='lat' dir='ltr'>XXVI.</span> <span class='ocrx_word' id='word_1_224' title='bbox 552 2568 717 2611; x_wconf 81' lang='lat' dir='ltr'>integritas</span> <span class='ocrx_word' id='word_1_225' title='bbox 732 2571 856 2614; x_wconf 86' lang='lat' dir='ltr'>primae</span> <span class='ocrx_word' id='word_1_226' title='bbox 875 2571 1045 2606; x_wconf 86' lang='lat' dir='ltr'>creationis</span> <span class='ocrx_word' id='word_1_227' title='bbox 1064 2583 1129 2606; x_wconf 93' lang='lat' dir='ltr'>non</span> 
     </span>
    </p>
   </div>
   <div class='ocr_carea' id='block_1_3' title="bbox 384 2622 1129 2671">
    <p class='ocr_par' dir='ltr' id='par_1_12' title="bbox 384 2622 1129 2671">
     <span class='ocr_line' id='line_1_46' title="bbox 384 2622 1129 2671; baseline 0.013 -17"><span class='ocrx_word' id='word_1_228' title='bbox 384 2622 444 2656; x_wconf 80' lang='lat' dir='ltr'>suit</span> <span class='ocrx_word' id='word_1_229' title='bbox 463 2624 568 2658; x_wconf 84' lang='lat' dir='ltr'>dehita</span> <span class='ocrx_word' id='word_1_230' title='bbox 589 2626 748 2662; x_wconf 85' lang='lat' dir='ltr'>humanae</span> <span class='ocrx_word' id='word_1_231' title='bbox 760 2629 1057 2671; x_wconf 85' lang='lat' dir='ltr'>naturaeexaitatio‚</span> <span class='ocrx_word' id='word_1_232' title='bbox 1073 2630 1129 2664; x_wconf 86' lang='lat' dir='ltr'>sed</span> 
     </span>
    </p>
   </div>
   <div class='ocr_carea' id='block_1_4' title="bbox 988 261 1334 288">
    <p class='ocr_par' dir='ltr' id='par_1_13' title="bbox 988 261 1334 288">
     <span class='ocr_line' id='line_1_47' title="bbox 988 261 1334 288; baseline 0.003 -1"><span class='ocrx_word' id='word_1_233' title='bbox 988 261 1166 288; x_wconf 68' lang='lat' dir='ltr'>BULLARIUM</span> <span class='ocrx_word' id='word_1_234' title='bbox 1185 261 1334 288; x_wconf 54' lang='lat' dir='ltr'>nmmum!</span> 
     </span>
    </p>
   </div>
   <div class='ocr_carea' id='block_1_5' title="bbox 1168 313 1925 2616">
    <p class='ocr_par' dir='ltr' id='par_1_14' title="bbox 1179 313 1922 412">
     <span class='ocr_line' id='line_1_48' title="bbox 1180 313 1922 358; baseline -0.003 -10"><span class='ocrx_word' id='word_1_235' title='bbox 1180 315 1337 348; x_wconf 79' lang='lat' dir='ltr'>natm-aiis</span> <span class='ocrx_word' id='word_1_236' title='bbox 1357 315 1427 348; x_wconf 89' lang='lat' dir='ltr'>eius</span> <span class='ocrx_word' id='word_1_237' title='bbox 1447 314 1600 355; x_wconf 86' lang='lat' dir='ltr'>conditio,</span> <span class='ocrx_word' id='word_1_238' title='bbox 1622 323 1718 358; x_wconf 82' lang='lat' dir='ltr'>quam</span> <span class='ocrx_word' id='word_1_239' title='bbox 1734 313 1922 347; x_wconf 87' lang='lat' dir='ltr'>sententiam</span> 
     </span>
     <span class='ocr_line' id='line_1_49' title="bbox 1179 366 1886 412; baseline -0.001 -11"><span class='ocrx_word' id='word_1_240' title='bbox 1179 368 1295 412; x_wconf 88' lang='lat' dir='ltr'>repetit</span> <span class='ocrx_word' id='word_1_241' title='bbox 1314 373 1346 401; x_wconf 90' lang='lat' dir='ltr'>et</span> <span class='ocrx_word' id='word_1_242' title='bbox 1365 367 1480 411; x_wconf 89' lang='lat' dir='ltr'>probat</span> <span class='ocrx_word' id='word_1_243' title='bbox 1498 378 1556 411; x_wconf 87' lang='lat' dir='ltr'>per</span> <span class='ocrx_word' id='word_1_244' title='bbox 1574 367 1669 412; x_wconf 87' lang='lat' dir='ltr'>plura</span> <span class='ocrx_word' id='word_1_245' title='bbox 1687 366 1838 410; x_wconf 79' lang='lat' dir='ltr'>capitula.</span> <span class='ocrx_word' id='word_1_246' title='bbox 1883 371 1886 373; x_wconf 82' lang='lat'>&#39;</span> 
     </span>
    </p>

    <p class='ocr_par' dir='ltr' id='par_1_15' title="bbox 1178 419 1925 560">
     <span class='ocr_line' id='line_1_50' title="bbox 1222 419 1924 463; baseline 0 -10"><span class='ocrx_word' id='word_1_247' title='bbox 1222 421 1337 453; x_wconf 81' lang='lat' dir='ltr'>XXVII.</span> <span class='ocrx_word' id='word_1_248' title='bbox 1360 420 1510 454; x_wconf 85' lang='lat' dir='ltr'>Liberum</span> <span class='ocrx_word' id='word_1_249' title='bbox 1530 420 1699 453; x_wconf 87' lang='lat' dir='ltr'>arbitrium</span> <span class='ocrx_word' id='word_1_250' title='bbox 1718 419 1786 453; x_wconf 90' lang='lat' dir='ltr'>sine</span> <span class='ocrx_word' id='word_1_251' title='bbox 1804 419 1924 463; x_wconf 81' lang='lat' dir='ltr'>gratiae</span> 
     </span>
     <span class='ocr_line' id='line_1_51' title="bbox 1178 472 1925 517; baseline 0 -11"><span class='ocrx_word' id='word_1_252' title='bbox 1178 473 1233 506; x_wconf 90' lang='lat' dir='ltr'>Dei</span> <span class='ocrx_word' id='word_1_253' title='bbox 1267 473 1429 507; x_wconf 85' lang='lat' dir='ltr'>adiutorio</span> <span class='ocrx_word' id='word_1_254' title='bbox 1448 472 1576 507; x_wconf 91' lang='lat' dir='ltr'>nonnisi</span> <span class='ocrx_word' id='word_1_255' title='bbox 1599 473 1640 506; x_wconf 90' lang='lat' dir='ltr'>ad</span> <span class='ocrx_word' id='word_1_256' title='bbox 1659 472 1860 517; x_wconf 86' lang='lat' dir='ltr'>peccandum</span> <span class='ocrx_word' id='word_1_257' title='bbox 1872 483 1925 506; x_wconf 85' lang='lat' dir='ltr'>va-</span> 
     </span>
     <span class='ocr_line' id='line_1_52' title="bbox 1178 527 1232 560; baseline 0.019 -1"><span class='ocrx_word' id='word_1_258' title='bbox 1178 527 1232 560; x_wconf 84' lang='lat' dir='ltr'>let.</span> 
     </span>
    </p>

    <p class='ocr_par' dir='ltr' id='par_1_16' title="bbox 1177 578 1923 731">
     <span class='ocr_line' id='line_1_53' title="bbox 1221 578 1923 622; baseline -0.001 -10"><span class='ocrx_word' id='word_1_259' title='bbox 1221 579 1351 612; x_wconf 86' lang='lat' dir='ltr'>XXVIII.</span> <span class='ocrx_word' id='word_1_260' title='bbox 1390 578 1580 622; x_wconf 81' lang='lat' dir='ltr'>Pelagianus</span> <span class='ocrx_word' id='word_1_261' title='bbox 1599 584 1646 612; x_wconf 88' lang='lat' dir='ltr'>est</span> <span class='ocrx_word' id='word_1_262' title='bbox 1678 589 1770 611; x_wconf 86' lang='lat' dir='ltr'>error</span> <span class='ocrx_word' id='word_1_263' title='bbox 1786 604 1794 618; x_wconf 94' lang='lat'>,</span> <span class='ocrx_word' id='word_1_264' title='bbox 1815 578 1923 612; x_wconf 89' lang='lat' dir='ltr'>dicere</span> 
     </span>
     <span class='ocr_line' id='line_1_54' title="bbox 1178 631 1922 677; baseline -0.001 -11"><span class='ocrx_word' id='word_1_265' title='bbox 1178 633 1265 677; x_wconf 89' lang='lat' dir='ltr'>quod</span> <span class='ocrx_word' id='word_1_266' title='bbox 1284 633 1423 666; x_wconf 82' lang='lat' dir='ltr'>liberum</span> <span class='ocrx_word' id='word_1_267' title='bbox 1443 631 1612 665; x_wconf 87' lang='lat' dir='ltr'>arbitrium</span> <span class='ocrx_word' id='word_1_268' title='bbox 1644 631 1726 665; x_wconf 87' lang='lat' dir='ltr'>valet</span> <span class='ocrx_word' id='word_1_269' title='bbox 1755 631 1795 665; x_wconf 81' lang='lat' dir='ltr'>ad</span> <span class='ocrx_word' id='word_1_270' title='bbox 1819 632 1922 665; x_wconf 89' lang='lat' dir='ltr'>ullum</span> 
     </span>
     <span class='ocr_line' id='line_1_55' title="bbox 1177 685 1542 731; baseline -0.005 -11"><span class='ocrx_word' id='word_1_271' title='bbox 1177 692 1347 731; x_wconf 87' lang='lat' dir='ltr'>peccatum</span> <span class='ocrx_word' id='word_1_272' title='bbox 1366 685 1542 718; x_wconf 91' lang='lat' dir='ltr'>vitandum.</span> 
     </span>
    </p>

    <p class='ocr_par' dir='ltr' id='par_1_17' title="bbox 1176 737 1924 1049">
     <span class='ocr_line' id='line_1_56' title="bbox 1221 737 1924 788; baseline -0.001 -16"><span class='ocrx_word' id='word_1_273' title='bbox 1221 739 1325 772; x_wconf 83' lang='lat' dir='ltr'>XXIX.</span> <span class='ocrx_word' id='word_1_274' title='bbox 1348 739 1417 771; x_wconf 91' lang='lat' dir='ltr'>Non</span> <span class='ocrx_word' id='word_1_275' title='bbox 1441 738 1545 771; x_wconf 86' lang='lat' dir='ltr'>solum</span> <span class='ocrx_word' id='word_1_276' title='bbox 1571 737 1657 771; x_wconf 83' lang='lat' dir='ltr'>fures</span> <span class='ocrx_word' id='word_1_277' title='bbox 1685 737 1707 770; x_wconf 90' lang='lat' dir='ltr'>ii</span> <span class='ocrx_word' id='word_1_278' title='bbox 1720 743 1800 788; x_wconf 70' lang='lat' dir='ltr'>¹sunt</span> <span class='ocrx_word' id='word_1_279' title='bbox 1818 744 1849 771; x_wconf 89' lang='lat' dir='ltr'>et</span> <span class='ocrx_word' id='word_1_280' title='bbox 1879 738 1924 771; x_wconf 85' lang='lat' dir='ltr'>la·</span> 
     </span>
     <span class='ocr_line' id='line_1_57' title="bbox 1176 789 1921 836; baseline -0.001 -11"><span class='ocrx_word' id='word_1_281' title='bbox 1176 798 1295 832; x_wconf 84' lang='lat' dir='ltr'>trones,</span> <span class='ocrx_word' id='word_1_282' title='bbox 1319 792 1374 836; x_wconf 90' lang='lat' dir='ltr'>qui</span> <span class='ocrx_word' id='word_1_283' title='bbox 1398 791 1572 832; x_wconf 82' lang='lat' dir='ltr'>Christum,</span> <span class='ocrx_word' id='word_1_284' title='bbox 1590 790 1672 824; x_wconf 83' lang='lat' dir='ltr'>viam</span> <span class='ocrx_word' id='word_1_285' title='bbox 1687 789 1724 824; x_wconf 79' lang='lat' dir='ltr'>et&#39;</span> <span class='ocrx_word' id='word_1_286' title='bbox 1736 791 1853 825; x_wconf 88' lang='lat' dir='ltr'>ostium</span> <span class='ocrx_word' id='word_1_287' title='bbox 1869 802 1921 824; x_wconf 91' lang='lat' dir='ltr'>ve-</span> 
     </span>
     <span class='ocr_line' id='line_1_58' title="bbox 1177 843 1921 888; baseline -0.001 -11"><span class='ocrx_word' id='word_1_288' title='bbox 1177 844 1277 878; x_wconf 84' lang='lat' dir='ltr'>ritatis</span> <span class='ocrx_word' id='word_1_289' title='bbox 1288 851 1318 878; x_wconf 88' lang='lat' dir='ltr'>et</span> <span class='ocrx_word' id='word_1_290' title='bbox 1331 845 1424 886; x_wconf 88' lang='lat' dir='ltr'>vitae,</span> <span class='ocrx_word' id='word_1_291' title='bbox 1447 850 1576 888; x_wconf 81' lang='lat' dir='ltr'>negant,</span> <span class='ocrx_word' id='word_1_292' title='bbox 1596 845 1651 877; x_wconf 89' lang='lat' dir='ltr'>sed</span> <span class='ocrx_word' id='word_1_293' title='bbox 1664 843 1760 877; x_wconf 86' lang='lat' dir='ltr'>etiam</span> <span class='ocrx_word' id='word_1_294' title='bbox 1770 844 1921 888; x_wconf 90' lang='lat' dir='ltr'>quicum-</span> 
     </span>
     <span class='ocr_line' id='line_1_59' title="bbox 1176 897 1920 942; baseline -0.001 -11"><span class='ocrx_word' id='word_1_295' title='bbox 1176 909 1250 942; x_wconf 88' lang='lat' dir='ltr'>que,</span> <span class='ocrx_word' id='word_1_296' title='bbox 1270 898 1399 931; x_wconf 86' lang='lat' dir='ltr'>aliunde</span> <span class='ocrx_word' id='word_1_297' title='bbox 1410 908 1507 942; x_wconf 88' lang='lat' dir='ltr'>quam</span> <span class='ocrx_word' id='word_1_298' title='bbox 1517 908 1576 942; x_wconf 87' lang='lat' dir='ltr'>per</span> <span class='ocrx_word' id='word_1_299' title='bbox 1591 897 1765 938; x_wconf 85' lang='lat' dir='ltr'>Christum,</span> <span class='ocrx_word' id='word_1_300' title='bbox 1786 897 1820 930; x_wconf 93' lang='lat' dir='ltr'>in</span> <span class='ocrx_word' id='word_1_301' title='bbox 1837 897 1920 930; x_wconf 87' lang='lat' dir='ltr'>viam</span> 
     </span>
     <span class='ocr_line' id='line_1_60' title="bbox 1176 950 1919 994; baseline 0 -10"><span class='ocrx_word' id='word_1_302' title='bbox 1176 951 1328 992; x_wconf 88' lang='lat' dir='ltr'>iustitiae,</span> <span class='ocrx_word' id='word_1_303' title='bbox 1354 952 1417 985; x_wconf 92' lang='lat' dir='ltr'>hoc</span> <span class='ocrx_word' id='word_1_304' title='bbox 1436 957 1483 985; x_wconf 91' lang='lat' dir='ltr'>est</span> <span class='ocrx_word' id='word_1_305' title='bbox 1514 951 1554 984; x_wconf 87' lang='lat' dir='ltr'>ad</span> <span class='ocrx_word' id='word_1_306' title='bbox 1581 950 1723 994; x_wconf 85' lang='lat' dir='ltr'>aliquam</span> <span class='ocrx_word' id='word_1_307' title='bbox 1752 950 1919 991; x_wconf 83' lang='lat' dir='ltr'>iustitiam,</span> 
     </span>
     <span class='ocr_line' id='line_1_61' title="bbox 1176 1004 1607 1049; baseline -0.002 -12"><span class='ocrx_word' id='word_1_308' title='bbox 1176 1004 1347 1037; x_wconf 86' lang='lat' dir='ltr'>conscendi</span> <span class='ocrx_word' id='word_1_309' title='bbox 1372 1015 1465 1049; x_wconf 91' lang='lat' dir='ltr'>posse</span> <span class='ocrx_word' id='word_1_310' title='bbox 1485 1004 1607 1037; x_wconf 87' lang='lat' dir='ltr'>dicunt.</span> 
     </span>
    </p>

    <p class='ocr_par' dir='ltr' id='par_1_18' title="bbox 1174 1056 1920 1261">
     <span class='ocr_line' id='line_1_62' title="bbox 1219 1056 1920 1100; baseline 0 -10"><span class='ocrx_word' id='word_1_311' title='bbox 1219 1058 1310 1090; x_wconf 85' lang='lat' dir='ltr'>XXX.</span> <span class='ocrx_word' id='word_1_312' title='bbox 1331 1058 1393 1091; x_wconf 90' lang='lat' dir='ltr'>Aut</span> <span class='ocrx_word' id='word_1_313' title='bbox 1420 1057 1588 1091; x_wconf 85' lang='lat' dir='ltr'>tentationi</span> <span class='ocrx_word' id='word_1_314' title='bbox 1607 1057 1679 1098; x_wconf 90' lang='lat' dir='ltr'>ulli,</span> <span class='ocrx_word' id='word_1_315' title='bbox 1704 1057 1773 1091; x_wconf 89' lang='lat' dir='ltr'>sine</span> <span class='ocrx_word' id='word_1_316' title='bbox 1799 1056 1920 1100; x_wconf 83' lang='lat' dir='ltr'>gratiae</span> 
     </span>
     <span class='ocr_line' id='line_1_63' title="bbox 1175 1109 1918 1155; baseline 0.001 -12"><span class='ocrx_word' id='word_1_317' title='bbox 1175 1110 1276 1154; x_wconf 88' lang='lat' dir='ltr'>ipsius</span> <span class='ocrx_word' id='word_1_318' title='bbox 1285 1110 1458 1151; x_wconf 88' lang='lat' dir='ltr'>adiutorio,</span> <span class='ocrx_word' id='word_1_319' title='bbox 1471 1110 1619 1144; x_wconf 84' lang='lat' dir='ltr'>resistere</span> <span class='ocrx_word' id='word_1_320' title='bbox 1635 1109 1800 1144; x_wconf 87' lang='lat' dir='ltr'>hominem</span> <span class='ocrx_word' id='word_1_321' title='bbox 1810 1120 1918 1155; x_wconf 90' lang='lat' dir='ltr'>posse,</span> 
     </span>
     <span class='ocr_line' id='line_1_64' title="bbox 1175 1163 1919 1205; baseline 0.001 -9"><span class='ocrx_word' id='word_1_322' title='bbox 1175 1163 1220 1197; x_wconf 89' lang='lat' dir='ltr'>sic</span> <span class='ocrx_word' id='word_1_323' title='bbox 1240 1169 1276 1197; x_wconf 88' lang='lat' dir='ltr'>ut</span> <span class='ocrx_word' id='word_1_324' title='bbox 1299 1163 1332 1196; x_wconf 94' lang='lat' dir='ltr'>in</span> <span class='ocrx_word' id='word_1_325' title='bbox 1352 1174 1423 1197; x_wconf 83' lang='lat' dir='ltr'>eam</span> <span class='ocrx_word' id='word_1_326' title='bbox 1441 1174 1507 1197; x_wconf 91' lang='lat' dir='ltr'>non</span> <span class='ocrx_word' id='word_1_327' title='bbox 1527 1163 1721 1205; x_wconf 86' lang='lat' dir='ltr'>inducatur,</span> <span class='ocrx_word' id='word_1_328' title='bbox 1743 1168 1800 1197; x_wconf 88' lang='lat' dir='ltr'>aut</span> <span class='ocrx_word' id='word_1_329' title='bbox 1822 1163 1862 1197; x_wconf 85' lang='lat' dir='ltr'>ab</span> <span class='ocrx_word' id='word_1_330' title='bbox 1881 1174 1919 1197; x_wconf 86' lang='lat' dir='ltr'>ea</span> 
     </span>
     <span class='ocr_line' id='line_1_65' title="bbox 1174 1223 1356 1261; baseline 0 -11"><span class='ocrx_word' id='word_1_331' title='bbox 1174 1223 1356 1261; x_wconf 89' lang='lat' dir='ltr'>superetur.</span> 
     </span>
    </p>

    <p class='ocr_par' dir='ltr' id='par_1_19' title="bbox 1173 1270 1919 1528">
     <span class='ocr_line' id='line_1_66' title="bbox 1217 1270 1918 1315; baseline 0.001 -12"><span class='ocrx_word' id='word_1_332' title='bbox 1217 1270 1322 1303; x_wconf 83' lang='lat' dir='ltr'>XXXI.</span> <span class='ocrx_word' id='word_1_333' title='bbox 1345 1270 1466 1304; x_wconf 88' lang='lat' dir='ltr'>Caritas</span> <span class='ocrx_word' id='word_1_334' title='bbox 1477 1271 1617 1314; x_wconf 80' lang='lat' dir='ltr'>perfecta</span> <span class='ocrx_word' id='word_1_335' title='bbox 1628 1276 1659 1304; x_wconf 91' lang='lat' dir='ltr'>et</span> <span class='ocrx_word' id='word_1_336' title='bbox 1677 1271 1814 1311; x_wconf 88' lang='lat' dir='ltr'>sincera,</span> <span class='ocrx_word' id='word_1_337' title='bbox 1834 1281 1918 1315; x_wconf 85' lang='lat' dir='ltr'>quae</span> 
     </span>
     <span class='ocr_line' id='line_1_67' title="bbox 1175 1324 1919 1369; baseline 0 -11"><span class='ocrx_word' id='word_1_338' title='bbox 1175 1329 1222 1358; x_wconf 83' lang='lat' dir='ltr'>est</span> <span class='ocrx_word' id='word_1_339' title='bbox 1240 1335 1277 1357; x_wconf 86' lang='lat' dir='ltr'>ex</span> <span class='ocrx_word' id='word_1_340' title='bbox 1297 1325 1395 1358; x_wconf 86' lang='lat' dir='ltr'>corde</span> <span class='ocrx_word' id='word_1_341' title='bbox 1409 1335 1494 1369; x_wconf 89' lang='lat' dir='ltr'>puro</span> <span class='ocrx_word' id='word_1_342' title='bbox 1513 1331 1544 1358; x_wconf 90' lang='lat' dir='ltr'>et</span> <span class='ocrx_word' id='word_1_343' title='bbox 1568 1324 1766 1358; x_wconf 85' lang='lat' dir='ltr'>conscientia</span> <span class='ocrx_word' id='word_1_344' title='bbox 1785 1324 1869 1358; x_wconf 89' lang='lat' dir='ltr'>bona</span> <span class='ocrx_word' id='word_1_345' title='bbox 1887 1330 1919 1358; x_wconf 88' lang='lat' dir='ltr'>et</span> 
     </span>
     <span class='ocr_line' id='line_1_68' title="bbox 1173 1377 1918 1421; baseline 0.001 -11"><span class='ocrx_word' id='word_1_346' title='bbox 1173 1377 1236 1411; x_wconf 87' lang='lat' dir='ltr'>fide</span> <span class='ocrx_word' id='word_1_347' title='bbox 1255 1388 1321 1411; x_wconf 92' lang='lat' dir='ltr'>non</span> <span class='ocrx_word' id='word_1_348' title='bbox 1344 1377 1428 1418; x_wconf 86' lang='lat' dir='ltr'>ficta,</span> <span class='ocrx_word' id='word_1_349' title='bbox 1438 1383 1503 1411; x_wconf 90' lang='lat' dir='ltr'>tam</span> <span class='ocrx_word' id='word_1_350' title='bbox 1515 1378 1548 1410; x_wconf 89' lang='lat' dir='ltr'>in</span> <span class='ocrx_word' id='word_1_351' title='bbox 1561 1377 1806 1411; x_wconf 84' lang='lat' dir='ltr'>catechumenis</span> <span class='ocrx_word' id='word_1_352' title='bbox 1819 1388 1918 1421; x_wconf 86' lang='lat' dir='ltr'>quam</span> 
     </span>
     <span class='ocr_line' id='line_1_69' title="bbox 1173 1430 1918 1475; baseline 0.003 -12"><span class='ocrx_word' id='word_1_353' title='bbox 1173 1431 1206 1463; x_wconf 93' lang='lat' dir='ltr'>in</span> <span class='ocrx_word' id='word_1_354' title='bbox 1225 1431 1466 1475; x_wconf 88' lang='lat' dir='ltr'>poenitentibus</span> <span class='ocrx_word' id='word_1_355' title='bbox 1485 1436 1590 1475; x_wconf 87' lang='lat' dir='ltr'>potest</span> <span class='ocrx_word' id='word_1_356' title='bbox 1618 1441 1686 1464; x_wconf 89' lang='lat' dir='ltr'>esse</span> <span class='ocrx_word' id='word_1_357' title='bbox 1715 1430 1783 1464; x_wconf 87' lang='lat' dir='ltr'>sine</span> <span class='ocrx_word' id='word_1_358' title='bbox 1802 1430 1918 1465; x_wconf 88' lang='lat' dir='ltr'>remis-</span> 
     </span>
     <span class='ocr_line' id='line_1_70' title="bbox 1173 1484 1502 1528; baseline 0 -11"><span class='ocrx_word' id='word_1_359' title='bbox 1173 1484 1264 1517; x_wconf 92' lang='lat' dir='ltr'>sione</span> <span class='ocrx_word' id='word_1_360' title='bbox 1280 1489 1502 1528; x_wconf 88' lang='lat' dir='ltr'>peccatorum.</span> 
     </span>
    </p>

    <p class='ocr_par' dir='ltr' id='par_1_20' title="bbox 1172 1536 1918 1688">
     <span class='ocr_line' id='line_1_71' title="bbox 1216 1536 1918 1581; baseline 0 -11"><span class='ocrx_word' id='word_1_361' title='bbox 1216 1537 1335 1570; x_wconf 88' lang='lat' dir='ltr'>XXXII.</span> <span class='ocrx_word' id='word_1_362' title='bbox 1357 1537 1477 1571; x_wconf 88' lang='lat' dir='ltr'>Caritas</span> <span class='ocrx_word' id='word_1_363' title='bbox 1496 1537 1551 1570; x_wconf 86' lang='lat' dir='ltr'>illa</span> <span class='ocrx_word' id='word_1_364' title='bbox 1569 1547 1650 1581; x_wconf 84' lang='lat' dir='ltr'>quae</span> <span class='ocrx_word' id='word_1_365' title='bbox 1675 1543 1721 1571; x_wconf 90' lang='lat' dir='ltr'>est</span> <span class='ocrx_word' id='word_1_366' title='bbox 1749 1536 1918 1581; x_wconf 89' lang='lat' dir='ltr'>plenitudo</span> 
     </span>
     <span class='ocr_line' id='line_1_72' title="bbox 1172 1590 1916 1635; baseline 0 -11"><span class='ocrx_word' id='word_1_367' title='bbox 1172 1591 1251 1634; x_wconf 83' lang='lat' dir='ltr'>Iegis</span> <span class='ocrx_word' id='word_1_368' title='bbox 1274 1601 1340 1624; x_wconf 90' lang='lat' dir='ltr'>non</span> <span class='ocrx_word' id='word_1_369' title='bbox 1360 1596 1407 1625; x_wconf 89' lang='lat' dir='ltr'>est</span> <span class='ocrx_word' id='word_1_370' title='bbox 1430 1601 1557 1635; x_wconf 88' lang='lat' dir='ltr'>semper</span> <span class='ocrx_word' id='word_1_371' title='bbox 1577 1590 1750 1624; x_wconf 84' lang='lat' dir='ltr'>coniuncta</span> <span class='ocrx_word' id='word_1_372' title='bbox 1770 1601 1845 1624; x_wconf 90' lang='lat' dir='ltr'>cum</span> <span class='ocrx_word' id='word_1_373' title='bbox 1862 1600 1916 1624; x_wconf 88' lang='lat' dir='ltr'>re-</span> 
     </span>
     <span class='ocr_line' id='line_1_73' title="bbox 1172 1644 1561 1688; baseline 0 -11"><span class='ocrx_word' id='word_1_374' title='bbox 1172 1644 1323 1677; x_wconf 87' lang='lat' dir='ltr'>missione</span> <span class='ocrx_word' id='word_1_375' title='bbox 1342 1649 1561 1688; x_wconf 88' lang='lat' dir='ltr'>peccatorum.</span> 
     </span>
    </p>

    <p class='ocr_par' dir='ltr' id='par_1_21' title="bbox 1170 1696 1917 1954">
     <span class='ocr_line' id='line_1_74' title="bbox 1215 1696 1917 1738; baseline 0.001 -8"><span class='ocrx_word' id='word_1_376' title='bbox 1215 1697 1347 1730; x_wconf 89' lang='lat' dir='ltr'>XXXIII.</span> <span class='ocrx_word' id='word_1_377' title='bbox 1370 1696 1627 1730; x_wconf 87' lang='lat' dir='ltr'>Catechumenus</span> <span class='ocrx_word' id='word_1_378' title='bbox 1649 1696 1748 1738; x_wconf 89' lang='lat' dir='ltr'>iuste,</span> <span class='ocrx_word' id='word_1_379' title='bbox 1780 1703 1866 1731; x_wconf 87' lang='lat' dir='ltr'>recte</span> <span class='ocrx_word' id='word_1_380' title='bbox 1885 1703 1917 1731; x_wconf 91' lang='lat' dir='ltr'>et</span> 
     </span>
     <span class='ocr_line' id='line_1_75' title="bbox 1172 1742 1915 1792; baseline 0.001 -8"><span class='ocrx_word' id='word_1_381' title='bbox 1172 1756 1279 1784; x_wconf 87' lang='lat' dir='ltr'>sancte</span> <span class='ocrx_word' id='word_1_382' title='bbox 1299 1751 1386 1791; x_wconf 85' lang='lat' dir='ltr'>vivit,</span> <span class='ocrx_word' id='word_1_383' title='bbox 1408 1756 1439 1784; x_wconf 89' lang='lat' dir='ltr'>et</span> <span class='ocrx_word' id='word_1_384' title='bbox 1458 1750 1607 1783; x_wconf 87' lang='lat' dir='ltr'>mandata</span> <span class='ocrx_word' id='word_1_385' title='bbox 1624 1749 1679 1783; x_wconf 92' lang='lat' dir='ltr'>Dei</span> <span class='ocrx_word' id='word_1_386' title='bbox 1699 1742 1856 1792; x_wconf 69' lang='lat' dir='ltr'>observat,</span> <span class='ocrx_word' id='word_1_387' title='bbox 1876 1761 1915 1785; x_wconf 87' lang='lat' dir='ltr'>ac</span> 
     </span>
     <span class='ocr_line' id='line_1_76' title="bbox 1171 1803 1914 1848; baseline 0.001 -12"><span class='ocrx_word' id='word_1_388' title='bbox 1171 1804 1273 1848; x_wconf 85' lang='lat' dir='ltr'>legem</span> <span class='ocrx_word' id='word_1_389' title='bbox 1294 1803 1406 1848; x_wconf 88' lang='lat' dir='ltr'>implet</span> <span class='ocrx_word' id='word_1_390' title='bbox 1425 1814 1483 1847; x_wconf 92' lang='lat' dir='ltr'>per</span> <span class='ocrx_word' id='word_1_391' title='bbox 1506 1803 1682 1844; x_wconf 88' lang='lat' dir='ltr'>caritatem,</span> <span class='ocrx_word' id='word_1_392' title='bbox 1706 1808 1779 1837; x_wconf 88' lang='lat' dir='ltr'>ante</span> <span class='ocrx_word' id='word_1_393' title='bbox 1800 1804 1914 1838; x_wconf 85' lang='lat' dir='ltr'>obten-</span> 
     </span>
     <span class='ocr_line' id='line_1_77' title="bbox 1170 1856 1914 1900; baseline 0.003 -11"><span class='ocrx_word' id='word_1_394' title='bbox 1170 1862 1235 1889; x_wconf 90' lang='lat' dir='ltr'>tam</span> <span class='ocrx_word' id='word_1_395' title='bbox 1255 1856 1479 1890; x_wconf 87' lang='lat' dir='ltr'>remissionem</span> <span class='ocrx_word' id='word_1_396' title='bbox 1498 1856 1844 1900; x_wconf 78' lang='lat' dir='ltr'>peccatorum‚quaein</span> <span class='ocrx_word' id='word_1_397' title='bbox 1855 1857 1914 1891; x_wconf 83' lang='lat' dir='ltr'>Ba-</span> 
     </span>
     <span class='ocr_line' id='line_1_78' title="bbox 1170 1910 1789 1954; baseline 0.002 -11"><span class='ocrx_word' id='word_1_398' title='bbox 1170 1910 1279 1954; x_wconf 89' lang='lat' dir='ltr'>ptismi</span> <span class='ocrx_word' id='word_1_399' title='bbox 1299 1910 1426 1943; x_wconf 84' lang='lat' dir='ltr'>lavacro</span> <span class='ocrx_word' id='word_1_400' title='bbox 1445 1910 1576 1943; x_wconf 90' lang='lat' dir='ltr'>demum</span> <span class='ocrx_word' id='word_1_401' title='bbox 1600 1910 1789 1953; x_wconf 86' lang='lat' dir='ltr'>percipitur.</span> 
     </span>
    </p>

    <p class='ocr_par' dir='ltr' id='par_1_22' title="bbox 1169 1962 1916 2273">
     <span class='ocr_line' id='line_1_79' title="bbox 1214 1962 1914 2007; baseline 0.004 -12"><span class='ocrx_word' id='word_1_402' title='bbox 1214 1963 1342 1996; x_wconf 83' lang='lat' dir='ltr'>XXXIV.</span> <span class='ocrx_word' id='word_1_403' title='bbox 1363 1962 1528 1996; x_wconf 87' lang='lat' dir='ltr'>Distinctio</span> <span class='ocrx_word' id='word_1_404' title='bbox 1546 1962 1601 1995; x_wconf 86' lang='lat' dir='ltr'>ilia</span> <span class='ocrx_word' id='word_1_405' title='bbox 1620 1962 1758 2007; x_wconf 90' lang='lat' dir='ltr'>duplicis</span> <span class='ocrx_word' id='word_1_406' title='bbox 1784 1963 1914 2005; x_wconf 87' lang='lat' dir='ltr'>amoris,</span> 
     </span>
     <span class='ocr_line' id='line_1_80' title="bbox 1169 2015 1915 2058; baseline 0.003 -10"><span class='ocrx_word' id='word_1_407' title='bbox 1169 2015 1336 2056; x_wconf 89' lang='lat' dir='ltr'>naturalis,</span> <span class='ocrx_word' id='word_1_408' title='bbox 1356 2015 1515 2056; x_wconf 89' lang='lat' dir='ltr'>videlicet,</span> <span class='ocrx_word' id='word_1_409' title='bbox 1540 2026 1606 2058; x_wconf 90' lang='lat' dir='ltr'>quo</span> <span class='ocrx_word' id='word_1_410' title='bbox 1622 2015 1706 2049; x_wconf 88' lang='lat' dir='ltr'>Deus</span> <span class='ocrx_word' id='word_1_411' title='bbox 1732 2021 1860 2050; x_wconf 82' lang='lat' dir='ltr'>amatur</span> <span class='ocrx_word' id='word_1_412' title='bbox 1878 2023 1915 2050; x_wconf 88' lang='lat' dir='ltr'>ut</span> 
     </span>
     <span class='ocr_line' id='line_1_81' title="bbox 1170 2069 1914 2113; baseline 0.004 -12"><span class='ocrx_word' id='word_1_413' title='bbox 1170 2074 1283 2101; x_wconf 90' lang='lat' dir='ltr'>auctor</span> <span class='ocrx_word' id='word_1_414' title='bbox 1292 2074 1426 2102; x_wconf 89' lang='lat' dir='ltr'>naturae</span> <span class='ocrx_word' id='word_1_415' title='bbox 1438 2080 1446 2110; x_wconf 91' lang='lat'>;</span> <span class='ocrx_word' id='word_1_416' title='bbox 1463 2069 1641 2113; x_wconf 76' lang='lat' dir='ltr'>etgratuiti.</span> <span class='ocrx_word' id='word_1_417' title='bbox 1657 2079 1722 2113; x_wconf 88' lang='lat' dir='ltr'>quo</span> <span class='ocrx_word' id='word_1_418' title='bbox 1732 2070 1815 2104; x_wconf 89' lang='lat' dir='ltr'>Deus</span> <span class='ocrx_word' id='word_1_419' title='bbox 1825 2081 1914 2104; x_wconf 86' lang='lat' dir='ltr'>ama-</span> 
     </span>
     <span class='ocr_line' id='line_1_82' title="bbox 1170 2122 1916 2164; baseline 0.004 -10"><span class='ocrx_word' id='word_1_420' title='bbox 1170 2127 1222 2155; x_wconf 89' lang='lat' dir='ltr'>tur</span> <span class='ocrx_word' id='word_1_421' title='bbox 1245 2127 1281 2155; x_wconf 90' lang='lat' dir='ltr'>ut</span> <span class='ocrx_word' id='word_1_422' title='bbox 1299 2122 1509 2164; x_wconf 83' lang='lat' dir='ltr'>beatificator,</span> <span class='ocrx_word' id='word_1_423' title='bbox 1529 2133 1609 2156; x_wconf 85' lang='lat' dir='ltr'>vana</span> <span class='ocrx_word' id='word_1_424' title='bbox 1628 2129 1715 2156; x_wconf 88' lang='lat' dir='ltr'>estet</span> <span class='ocrx_word' id='word_1_425' title='bbox 1727 2124 1916 2158; x_wconf 90' lang='lat' dir='ltr'>commenti-</span> 
     </span>
     <span class='ocr_line' id='line_1_83' title="bbox 1170 2175 1914 2221; baseline 0.004 -13"><span class='ocrx_word' id='word_1_426' title='bbox 1170 2175 1213 2208; x_wconf 89' lang='lat' dir='ltr'>tia</span> <span class='ocrx_word' id='word_1_427' title='bbox 1222 2180 1252 2208; x_wconf 87' lang='lat' dir='ltr'>et</span> <span class='ocrx_word' id='word_1_428' title='bbox 1271 2175 1311 2208; x_wconf 90' lang='lat' dir='ltr'>ad</span> <span class='ocrx_word' id='word_1_429' title='bbox 1325 2175 1526 2209; x_wconf 90' lang='lat' dir='ltr'>illudendum</span> <span class='ocrx_word' id='word_1_430' title='bbox 1535 2175 1634 2209; x_wconf 89' lang='lat' dir='ltr'>sacris</span> <span class='ocrx_word' id='word_1_431' title='bbox 1645 2176 1759 2210; x_wconf 88' lang='lat' dir='ltr'>litteris</span> <span class='ocrx_word' id='word_1_432' title='bbox 1769 2182 1800 2210; x_wconf 90' lang='lat' dir='ltr'>et</span> <span class='ocrx_word' id='word_1_433' title='bbox 1810 2177 1914 2221; x_wconf 89' lang='lat' dir='ltr'>pluri-</span> 
     </span>
     <span class='ocr_line' id='line_1_84' title="bbox 1169 2227 1813 2273; baseline 0.005 -13"><span class='ocrx_word' id='word_1_434' title='bbox 1169 2227 1229 2260; x_wconf 91' lang='lat' dir='ltr'>mis</span> <span class='ocrx_word' id='word_1_435' title='bbox 1243 2234 1386 2261; x_wconf 88' lang='lat' dir='ltr'>veterum</span> <span class='ocrx_word' id='word_1_436' title='bbox 1411 2228 1601 2262; x_wconf 88' lang='lat' dir='ltr'>testimoniis</span> <span class='ocrx_word' id='word_1_437' title='bbox 1624 2229 1813 2273; x_wconf 81' lang='lat' dir='ltr'>excogitata.</span> 
     </span>
    </p>

    <p class='ocr_par' dir='ltr' id='par_1_23' title="bbox 1168 2285 1916 2387">
     <span class='ocr_line' id='line_1_85' title="bbox 1212 2285 1916 2331; baseline 0.003 -13"><span class='ocrx_word' id='word_1_438' title='bbox 1212 2285 1328 2318; x_wconf 89' lang='lat' dir='ltr'>XXXV.</span> <span class='ocrx_word' id='word_1_439' title='bbox 1350 2285 1450 2319; x_wconf 90' lang='lat' dir='ltr'>Omne</span> <span class='ocrx_word' id='word_1_440' title='bbox 1458 2287 1544 2329; x_wconf 86' lang='lat' dir='ltr'>quod</span> <span class='ocrx_word' id='word_1_441' title='bbox 1554 2287 1776 2331; x_wconf 81' lang='lat' dir='ltr'>agitpeccator</span> <span class='ocrx_word' id='word_1_442' title='bbox 1787 2287 1836 2321; x_wconf 91' lang='lat' dir='ltr'>vel</span> <span class='ocrx_word' id='word_1_443' title='bbox 1850 2298 1916 2322; x_wconf 82' lang='lat' dir='ltr'>ser-</span> 
     </span>
     <span class='ocr_line' id='line_1_86' title="bbox 1168 2343 1642 2387; baseline 0.004 -12"><span class='ocrx_word' id='word_1_444' title='bbox 1168 2353 1225 2375; x_wconf 87' lang='lat' dir='ltr'>vus</span> <span class='ocrx_word' id='word_1_445' title='bbox 1245 2343 1379 2386; x_wconf 89' lang='lat' dir='ltr'>peccati,</span> <span class='ocrx_word' id='word_1_446' title='bbox 1401 2349 1570 2387; x_wconf 89' lang='lat' dir='ltr'>peccatum</span> <span class='ocrx_word' id='word_1_447' title='bbox 1585 2350 1642 2378; x_wconf 90' lang='lat' dir='ltr'>est.</span> 
     </span>
    </p>

    <p class='ocr_par' dir='ltr' id='par_1_24' title="bbox 1168 2400 1914 2616">
     <span class='ocr_line' id='line_1_87' title="bbox 1212 2400 1913 2446; baseline 0.007 -14"><span class='ocrx_word' id='word_1_448' title='bbox 1212 2400 1340 2433; x_wconf 88' lang='lat' dir='ltr'>XXXVI.</span> <span class='ocrx_word' id='word_1_449' title='bbox 1367 2401 1467 2434; x_wconf 87' lang='lat' dir='ltr'>Amor</span> <span class='ocrx_word' id='word_1_450' title='bbox 1477 2401 1645 2443; x_wconf 86' lang='lat' dir='ltr'>naturalis,</span> <span class='ocrx_word' id='word_1_451' title='bbox 1666 2403 1722 2446; x_wconf 89' lang='lat' dir='ltr'>qui</span> <span class='ocrx_word' id='word_1_452' title='bbox 1741 2413 1778 2436; x_wconf 88' lang='lat' dir='ltr'>ex</span> <span class='ocrx_word' id='word_1_453' title='bbox 1792 2403 1913 2437; x_wconf 85' lang='lat' dir='ltr'>viribus</span> 
     </span>
     <span class='ocr_line' id='line_1_88' title="bbox 1168 2459 1914 2506; baseline 0.007 -16"><span class='ocrx_word' id='word_1_454' title='bbox 1168 2462 1303 2491; x_wconf 89' lang='lat' dir='ltr'>naturae</span> <span class='ocrx_word' id='word_1_455' title='bbox 1333 2459 1446 2500; x_wconf 88' lang='lat' dir='ltr'>oritur,</span> <span class='ocrx_word' id='word_1_456' title='bbox 1470 2469 1508 2493; x_wconf 79' lang='lat' dir='ltr'>ex</span> <span class='ocrx_word' id='word_1_457' title='bbox 1537 2460 1604 2493; x_wconf 90' lang='lat' dir='ltr'>sola</span> <span class='ocrx_word' id='word_1_458' title='bbox 1631 2460 1835 2504; x_wconf 88' lang='lat' dir='ltr'>philosophia</span> <span class='ocrx_word' id='word_1_459' title='bbox 1853 2471 1914 2506; x_wconf 90' lang='lat' dir='ltr'>per</span> 
     </span>
     <span class='ocr_line' id='line_1_89' title="bbox 1169 2516 1912 2561; baseline 0.005 -13"><span class='ocrx_word' id='word_1_460' title='bbox 1169 2516 1340 2550; x_wconf 89' lang='lat' dir='ltr'>elationem</span> <span class='ocrx_word' id='word_1_461' title='bbox 1359 2517 1629 2561; x_wconf 86' lang='lat' dir='ltr'>praesumptionis</span> <span class='ocrx_word' id='word_1_462' title='bbox 1647 2518 1819 2560; x_wconf 86' lang='lat' dir='ltr'>humanae,</span> <span class='ocrx_word' id='word_1_463' title='bbox 1836 2529 1912 2552; x_wconf 87' lang='lat' dir='ltr'>cum</span> 
     </span>
     <span class='ocr_line' id='line_1_90' title="bbox 1168 2573 1911 2616; baseline 0.005 -10"><span class='ocrx_word' id='word_1_464' title='bbox 1168 2573 1286 2608; x_wconf 89' lang='lat' dir='ltr'>iniuria</span> <span class='ocrx_word' id='word_1_465' title='bbox 1305 2575 1410 2608; x_wconf 87' lang='lat' dir='ltr'>crucis</span> <span class='ocrx_word' id='word_1_466' title='bbox 1433 2575 1561 2616; x_wconf 86' lang='lat' dir='ltr'>Christi,</span> <span class='ocrx_word' id='word_1_467' title='bbox 1587 2575 1768 2610; x_wconf 79' lang='lat' dir='ltr'>defenditur</span> <span class='ocrx_word' id='word_1_468' title='bbox 1790 2586 1809 2610; x_wconf 84' lang='lat' dir='ltr'>a</span> <span class='ocrx_word' id='word_1_469' title='bbox 1827 2585 1911 2610; x_wconf 89' lang='lat' dir='ltr'>non-</span> 
     </span>
    </p>
   </div>
   <div class='ocr_carea' id='block_1_6' title="bbox 1170 2631 1481 2667">
    <p class='ocr_par' dir='ltr' id='par_1_25' title="bbox 1170 2631 1481 2667">
     <span class='ocr_line' id='line_1_91' title="bbox 1170 2631 1481 2667; baseline 0.01 -3"><span class='ocrx_word' id='word_1_470' title='bbox 1170 2631 1266 2665; x_wconf 88' lang='lat' dir='ltr'>nullis</span> <span class='ocrx_word' id='word_1_471' title='bbox 1285 2633 1481 2667; x_wconf 86' lang='lat' dir='ltr'>doctoribus.</span> 
     </span>
    </p>
   </div>
   <div class='ocr_carea' id='block_1_7' title="bbox 1932 0 2059 3228">
    <p class='ocr_par' dir='ltr' id='par_1_26' title="bbox 1932 0 2059 3228">
     <span class='ocr_line' id='line_1_92' title="bbox 1932 0 2059 3228; baseline 0 0"><span class='ocrx_word' id='word_1_472' title='bbox 1932 0 2059 3228; x_wconf 95' lang='lat' dir='ltr'> </span> 
     </span>
    </p>
   </div>
  </div>
 </body>
</html>
