2059 3228
35 293 41 301 ,
61 272 127 305 ¹578

39 527 109 548 mullo

34 555 43 574 1
59 554 118 575 Ιιιιιο-

137 339 300 377 finitorum
328 349 364 374 ac
390 337 601 384 praesidentis
623 349 661 374 ac
678 339 878 374 visitatorum

137 397 264 430 decreta
283 400 314 429 et
332 394 550 428 ordinationes
573 394 711 438 desuper
734 393 878 428 facienda

136 447 362 484 inviolabiliter
380 448 599 481 observarent.

177 502 192 546 5
208 501 260 536 34.
276 501 451 542 Postremo,
469 507 596 534 sanctae
610 502 772 535 memorioe
787 499 875 533 Pauli

133 555 230 596 tertii,
254 554 363 588 itidem
387 552 644 598 praedecessoris
671 553 791 595 nostri,
818 565 877 598 per

131 619 212 654 quas
240 606 349 641 statuit
382 607 469 651 quod
501 607 540 640 de
569 612 675 640 cetero
704 617 815 640 omnes
845 612 875 640 et

131 660 248 705 singuli
271 661 405 706 praelati
431 666 462 693 et
485 659 688 704 superiores,
714 670 751 693 ac
776 658 872 693 etiam

129 712 232 750 dietae
243 714 501 758 congregationis
517 711 678 752 monachi,
691 713 874 747 cuiuscum-

125 777 191 814 que
206 768 324 812 gradus
338 767 520 805 existentes,
537 766 593 810 qui
608 764 693 800 bona
712 777 768 800 seu
788 766 873 800 frue-

126 825 178 855 tus
201 820 467 861 monasteriorum
487 818 744 863 congregationis
762 817 873 853 huius-

127 873 214 908 modi
238 874 296 907 sibi
314 874 373 907 sub
388 884 595 918 quocumque
608 877 787 916 praetextu,
802 871 870 906 sine

124 924 227 973 ipsius
261 926 419 971 generalis
459 924 589 970 capituli
638 937 785 970 expressa
821 927 869 959 vel

123 980 271 1014 omnium
295 978 500 1014 definitorum
524 978 712 1013 huiusmodi
733 990 869 1023 congre-

120 1033 261 1078 gationis
282 1033 422 1075 licentia,
439 1043 596 1077 usurpare
612 1039 865 1077 praesumerent,

122 1084 208 1120 ultra
231 1096 351 1131 poenas
370 1092 401 1120 et
420 1096 572 1120 censuras
591 1085 624 1119 in
644 1086 723 1119 tales
743 1097 802 1130 per
818 1097 868 1119 re-

120 1139 248 1184 gularia
270 1139 414 1173 instituta
437 1139 564 1173 Ordinis
589 1144 619 1172 et
643 1139 867 1182 congregatio-

121 1192 172 1227 nis
193 1191 380 1239 huiusmodi
403 1193 502 1234 latas,
529 1192 685 1236 regimine
710 1197 741 1225 et
764 1193 866 1226 admi-

122 1237 310 1280 nistratione
330 1244 476 1280 omnium
495 1245 752 1290 praelaturarum
773 1251 804 1279 et
822 1247 868 1279 of-

121 1298 271 1333 ficiorum
294 1298 421 1333 Ordinis
444 1303 475 1332 et
494 1296 750 1341 congregationis
775 1309 867 1342 prae-

75 1382 78 1386 .
122 1351 299 1393 dictorum,
325 1362 364 1385 ac
385 1361 464 1385 voce
494 1353 596 1385 activa
626 1357 658 1385 et
680 1351 803 1395 passiva
827 1362 864 1385 eo

67 1432 73 1440 .
91 1427 99 1434 -
120 1401 192 1450 ipso
214 1404 342 1449 privati,
367 1409 399 1438 et
421 1405 460 1438 ad
485 1405 539 1438 illa
558 1409 590 1438 et
608 1405 670 1438 alia
691 1416 865 1448 quaecum-

119 1468 183 1503 que
211 1456 411 1502 praelaturas
443 1463 474 1491 et
502 1456 608 1491 officia
639 1457 671 1491 in
700 1463 864 1502 posterum

120 1509 268 1545 habenda
286 1515 317 1544 et
335 1511 512 1545 exercenda
531 1516 688 1554 perpetuo
708 1510 865 1545 inhabiles

118 1567 341 1599 censerentur.
362 1563 517 1607 Quodque
537 1563 596 1608 ipsi
611 1565 743 1607 praelati
765 1570 795 1598 et
814 1577 865 1599 su-

119 1615 264 1663 periores
287 1627 400 1650 eorum
417 1617 584 1650 monachis
608 1617 647 1650 de
670 1617 755 1651 victu
772 1623 802 1651 et
815 1630 865 1651 ve-

118 1670 196 1705 stitu
219 1681 257 1705 ac
279 1670 349 1704 aliis
373 1670 562 1704 necessariis
581 1669 666 1704 iuxta
683 1670 794 1704 eadem
815 1670 864 1704 in-

119 1723 229 1758 stituta
258 1722 438 1768 providere,
464 1723 614 1768 ipsosque
639 1724 814 1758 monachos
835 1730 865 1758 et

118 1777 199 1811 alios
222 1787 336 1811 eorum
359 1775 505 1810 subditos
528 1782 670 1811 errantes
690 1776 862 1821 corrigere,

118 1841 156 1864 ae
177 1829 297 1874 singuli
321 1840 434 1864 eorum
468 1830 508 1863 de
540 1828 637 1872 gestis
665 1835 696 1864 et
725 1829 864 1864 admini-

118 1883 224 1917 stratis
246 1893 306 1927 per
328 1893 383 1916 eos
411 1882 628 1916 visitatoribus
657 1883 762 1917 dictae
786 1894 864 1917 con-

118 1935 312 1980 gregationis
331 1946 386 1969 seu
406 1935 567 1979 deputatis
584 1935 622 1969 ab
642 1936 688 1970 eis
709 1936 863 1970 rationem

119 1988 256 2023 reddere
282 1992 486 2029 tenerentur;
518 1998 646 2022 necnon
671 1990 865 2024 monasteria

120 2041 309 2075 monialium
323 2067 331 2083 ,
355 2041 417 2075 nisi
442 2041 571 2075 illarum
591 2042 788 2076 consessores
808 2053 865 2087 per

121 2092 221 2138 ipsius
236 2093 493 2138 congregationis
505 2093 690 2127 definitores
705 2105 764 2138 pro
783 2101 864 2129 tem-

121 2155 200 2191 pore
223 2146 391 2181 existentes
415 2146 560 2191 deputati
584 2147 699 2189 forent,
726 2147 862 2191 ingredi,

121 2209 159 2233 ac
181 2210 256 2233 oum
279 2199 357 2244 ipsis
379 2199 573 2233 monialibus
601 2200 783 2234 conversari
807 2211 864 2234 ne-

121 2252 271 2296 quirent;
307 2263 344 2286 ao
375 2253 550 2287 electiones
586 2254 805 2297 praelatorum
835 2259 866 2287 et

122 2305 326 2349 superiorum
349 2306 551 2347 eorumdem,
577 2304 635 2339 rite
655 2311 686 2339 et
709 2306 776 2339 sine
796 2317 864 2339 am-

123 2357 245 2392 bitione
269 2369 306 2391 ac
325 2359 519 2402 corruptela,
539 2360 792 2401 celebrarentur3
804 2370 865 2392 nec

124 2410 158 2444 iu
180 2411 364 2444 huiusmodi
397 2409 607 2445 electionibus
630 2411 760 2445 libertas
784 2423 864 2456 quo·

124 2464 298 2507 quomodo,
328 2463 448 2497 directe
465 2464 514 2497 vel
530 2463 695 2505 indirecte,
727 2464 865 2508 impedi—

124 2517 230 2552 retur,
255 2512 312 2545 sed
337 2511 514 2555 unicuique
537 2511 636 2546 animi
664 2512 713 2545 sui
737 2518 864 2546 senten-

124 2559 200 2593 tiam
219 2560 398 2605 exprimere
413 2559 536 2599 liceret,
555 2560 655 2593 robur
670 2560 865 2604 apostolicae

125 2607 376 2642 confirmationis
395 2607 574 2641 adiicimus.

169 2656 185 2700 ἓ
215 2655 269 2691 35.
301 2656 487 2699 Postremo,
524 2654 617 2690 dictis
644 2655 866 2690 definitoribus

726 281 900 311 GnEGomth
921 284 976 309 XIII
995 282 1042 307 I’P.

1554 275 1612 310 2531

920 340 1049 374 creandi
1075 346 1138 374 tres
1171 340 1280 375 titulos
1304 341 1475 376 abbatiales
1507 353 1544 377 ex
1583 355 1659 377 una-

919 405 1045 437 quaque
1069 395 1244 438 provincia,
1270 408 1328 439 pro
1354 397 1415 429 illis
1434 397 1661 432 distribuendis

918 446 1001 480 inter
1024 458 1115 481 senes
1139 454 1170 481 et
1195 449 1350 482 inhabiles
1374 450 1503 483 enectos
1528 452 1567 484 ob
1593 462 1660 485 ma-

918 504 1022 532 turam
1039 511 1150 534 eorum
1166 506 1314 541 aetatem,
1333 503 1557 543 nominandos,
1580 515 1661 547 quo-

917 551 1065 586 rumdam
1090 554 1236 587 locorum
1268 565 1464 588 annexorum
1498 557 1568 590 aliis
1591 568 1660 590 mo-

916 607 1063 640 nasteriis
1083 607 1257 641 maioribus
1277 607 1378 640 dic-tae
1393 611 1656 653 coneregationis.

915 660 949 693 Et
972 659 1101 693 abbates
1121 660 1264 694 titularcs
1284 660 1467 695 huiusmodi
1489 663 1659 706 privilegiis

914 711 1052 746 aliorum
1078 713 1231 746 abbatum
1256 715 1436 755 gaudeant,
1464 717 1517 749 sod
1550 728 1658 750 vocem

914 765 1126 808 capitularem
1150 777 1214 799 non
1235 766 1384 805 habeant,
1401 772 1427 800 et
1443 769 1548 801 lorum
1564 781 1656 803 suum

913 824 1042 853 teneant
1056 825 1128 863 post
1143 821 1321 864 praelatum
1342 820 1429 853 illius
1446 821 1520 861 lori,
1544 823 1573 855 in
1593 834 1656 866 quo

912 871 1102 913 resederint,
1130 878 1160 906 et
1184 873 1317 906 servitus
1341 885 1377 906 ae
1397 874 1501 906 honor
1533 875 1657 907 debitus

912 926 975 958 illis
998 925 1198 959 exhibeatur.
1226 926 1269 959 De
1295 925 1411 970 quibus
1436 927 1535 960 titulis
1558 928 1655 960 abba—

910 979 1040 1012 tialibus
1064 990 1148 1013 unus
1173 985 1316 1013 servetur
1340 986 1371 1013 et
1395 980 1489 1013 detur
1515 981 1578 1019 illi,
1601 982 1652 1024 qui

910 1032 1007 1065 suerit
1037 1033 1159 1066 electus
1194 1032 1338 1066 visitator
1372 1044 1475 1066 maior
1498 1034 1651 1067 dic-tarum

909 1085 1168 1129 provinciarum,
1199 1086 1253 1128 qui
1291 1085 1449 1127 visitator⁷
1475 1097 1540 1119 non
1569 1087 1652 1120 tituli

909 1137 1075 1172 abbatialis
1099 1139 1154 1172 sed
1178 1138 1407 1173 visitatoriatus
1431 1150 1526 1173 causa
1551 1147 1581 1173 et
1604 1151 1653 1174 rc·

908 1197 1030 1235 spectu,
1046 1193 1085 1225 ad
1105 1191 1284 1236 capitulum
1301 1193 1430 1225 accedat
1450 1191 1530 1226 sicut
1545 1199 1649 1231 antea,

907 1243 1026 1288 absque
1050 1250 1158 1278 tamen
1176 1245 1262 1279 socio
1282 1246 1430 1285 discreto,
1453 1245 1507 1278 sed
1528 1251 1650 1279 tantum

907 1297 1043 1331 retineat
1078 1299 1264 1332 huiusmodi
1299 1298 1483 1341 dignitatem
1522 1300 1653 1331 maioris

907 1351 1040 1384 honoris
1065 1363 1161 1386 causa
1186 1357 1216 1385 et
1241 1352 1279 1385 ad
1300 1351 1555 1385 conservandum
1576 1351 1652 1385 dicti

906 1403 1034 1437 Ordinis
1062 1404 1181 1445 decus,
1211 1405 1373 1438 licentiam
1405 1408 1435 1438 et
1465 1405 1651 1438 facultatem

907 1456 1114 1490 concedimus
1133 1468 1170 1491 ac
1190 1457 1408 1501 impartimur.

949 1510 964 1553 ἓ
988 1509 1041 1543 36.
1067 1510 1280 1543 Decernentes
1303 1511 1389 1553 quod
1410 1521 1576 1544 causarum
1594 1522 1648 1544 seu

905 1562 1129 1606 quaestionum
1151 1568 1181 1596 et
1200 1563 1464 1602 differentiarum,
1485 1575 1565 1606 quae
1584 1574 1648 1597 non

906 1616 1024 1649 fuerint
1047 1621 1140 1649 notae
1165 1616 1197 1648 in
1218 1616 1390 1649 novissima
1409 1616 1648 1657 visitatione‚dc

905 1669 1055 1702 mandato
1070 1669 1203 1712 praefati
1222 1668 1351 1702 Ioannis
1366 1668 1508 1713 episcopi
1529 1676 1558 1702 et
1579 1681 1648 1702 rar-

905 1721 1033 1762 dinalis,
1060 1721 1236 1765 apostolica
1251 1727 1358 1755 tamen
1379 1722 1579 1761 auctoritate,
1593 1734 1650 1766 per

905 1773 1140 1818 praesidentem
1158 1775 1263 1808 dictae
1281 1775 1538 1818 congregationis
1555 1776 1647 1815 sacta,

905 1834 937 1862 et
954 1827 988 1861 in
1008 1828 1152 1871 proximo
1181 1829 1289 1861 futuro
1314 1827 1456 1872 capitulo
1477 1839 1540 1861 non
1561 1829 1648 1861 dete-

905 1885 1022 1924 gentur
1038 1887 1070 1915 et
1096 1880 1285 1915 iustificatae
1312 1890 1375 1914 non
1403 1880 1540 1921 fuerint,
1561 1881 1648 1913 nulla

1700 288 1748 315 An.
1762 289 1790 316 C.
1809 290 1875 317 157⁸

1742 371 1874 393 Dlsfinitoros

1690 399 1773 421 poqstnt
1784 400 1806 418 in
1821 405 1874 419 una-

1689 431 1775 449 quaque
1785 427 1874 449 provin-

1689 452 1722 470 cia
1741 458 1814 472 creare
1830 455 1874 472 tren

1688 479 1762 523 t¹ltulos
1775 480 1875 500 abbatia-

1700 510 1729 525 es.

1687 1527 1797 1551 impositio
1806 1532 1855 1553 per.

1670 1555 1730 1577 potui
1769 1556 1851 1575 silentii

1669 1582 1726 1600 eirca
1743 1583 1853 1605 quaestio-

1669 1612 1707 1627 nes
1721 1614 1794 1628 omnes
1807 1614 1851 1628 non

1668 1635 1800 1658 detegendas
1828 1637 1851 1655 ln

1667 1661 1740 1681 futuro
1747 1662 1851 1686 capitulo.

905 1933 938 1968 in
957 1939 1122 1978 posterum
1141 1934 1222 1967 ratio
1235 1934 1404 1974 habeatur,
1423 1934 1477 1967 sed
1493 1933 1531 1966 de
1547 1932 1592 1966 eis
1611 1944 1647 1965 ac
1663 1943 1665 1945 ¹

905 1986 1011 2029 rebus,
1053 1987 1169 2031 elapsis
1188 1986 1291 2027 annis,
1319 1985 1499 2030 praeteritis
1525 1984 1647 2019 censeri

905 2039 1091 2084 impositum
1120 2045 1312 2083 perpetuum
1341 2038 1515 2077 silentium,
1537 2037 1575 2069 ad
1602 2038 1647 2070 es-

905 2093 1023 2126 fectum
1044 2098 1114 2136 post
1141 2088 1390 2124 celebrationem
1420 2089 1553 2134 capituli
1572 2100 1647 2132 pro-

904 2143 987 2178 xime
1020 2145 1118 2177 futuri
1149 2143 1270 2177 nemini
1304 2144 1395 2176 liceat
1427 2143 1646 2185 improperare

905 2198 1001 2232 alicui
1035 2198 1177 2231 desectus
1212 2195 1398 2240 praeteritos
1426 2195 1521 2227 verbo
1542 2196 1590 2227 vel
1615 2194 1645 2227 in

905 2251 1047 2295 scriptis,
1080 2252 1139 2283 sub
1173 2261 1276 2294 poena
1307 2247 1646 2281 excommunicationis

905 2305 986 2338 latae
1000 2304 1188 2339 sententiae,
1205 2314 1222 2335 a
1238 2312 1301 2344 qua
1316 2300 1442 2333 nonnisi
1459 2310 1516 2343 per
1532 2300 1644 2333 Sedent

905 2357 1098 2401 praedictam
1120 2361 1151 2387 et
1169 2360 1394 2398 praeterquam
1417 2352 1449 2384 in
1471 2353 1580 2385 mortis
1596 2363 1646 2385 ar—

905 2411 1002 2444 ticulo
1019 2408 1136 2442 absolvi
1157 2408 1266 2451 possit,
1283 2412 1314 2437 et
1327 2406 1511 2449 privationis
1528 2406 1646 2438 utrius-

906 2473 969 2506 que
987 2462 1072 2495 vocis
1092 2471 1149 2505 per
1168 2459 1377 2497 decennium3
1399 2469 1480 2501 quae
1499 2469 1574 2491 vero
1595 2469 1646 2491 eo-

905 2512 1012 2554 gnitae
1032 2510 1151 2543 fuerint
1175 2513 1206 2541 et
1225 2506 1357 2551 punitae
1387 2507 1418 2538 in
1446 2506 1530 2539 dicta
1544 2506 1646 2539 visita-

905 2559 1003 2600 tione,
1025 2564 1056 2592 et
1073 2568 1155 2602 quae
1171 2557 1276 2589 forsan
1292 2560 1526 2598 cognoscentur
1545 2560 1575 2588 et
1588 2566 1646 2598 pu·

905 2607 1045 2647 nientur,
1061 2606 1093 2638 in
1110 2604 1254 2649 proximo
1265 2603 1406 2646 capitulo
1422 2603 1643 2639 observentur;
1667 2626 1669 2629 .

905 2655 960 2689 sed
971 2654 1051 2688 nulli
1068 2653 1161 2687 liceat
1176 2662 1228 2686 eas
1242 2651 1333 2685 alteri
1349 2650 1569 2696 improperare
1585 2650 1644 2683 sub
