2059 3228
397 224 410 257 ‘l
419 225 482 258 040
965 232 1111 258 nuttam!
1136 230 1253 256 nomm

440 296 527 318 cessa
547 288 791 322 confirmantur.
813 286 855 319 75
873 286 901 319 b.
925 286 1038 319 Munus
1051 291 1080 318 et
1102 285 1216 318 electio
1227 284 1443 328 praelatorum
1463 283 1598 317 huiusce
1616 284 1875 329 congregationis

440 338 472 370 in
493 338 595 377 ltalia,
619 339 816 374 ordinantur⁴
830 338 982 382 precibus
1001 338 1124 372 Moroni
1145 336 1319 370 cardinalis
1339 336 1541 380 protectoris,
1563 335 1629 369 224
1646 337 1674 370 b.
1696 339 1875 375 Celebratio

439 390 573 434 capituli
595 392 649 424 fiat
671 391 814 435 quolibet
834 391 978 425 triennio
997 402 1071 424 cum
1091 390 1306 423 destinatione
1324 388 1525 422 visitatorum
1546 389 1682 432 singulis
1701 392 1791 424 annis
1804 402 1876 425 nec-

438 453 503 475 non
529 443 744 477 discretorum
769 444 940 485 electione,
970 444 1034 478 2⁶25
1054 444 1082 483 b,
1115 443 1146 476 in
1176 452 1216 476 eo
1234 451 1363 486 praeses
1382 448 1522 481 creatur,
1543 442 1598 486 qui
1619 442 1659 475 sit
1683 443 1780 476 totius
1798 455 1876 477 con-

437 496 637 541 gregationis
656 503 765 541 caput,
787 507 891 540 eoque
910 497 995 530 intra
1010 496 1189 529 triennium
1205 495 1392 535 decedente,
1415 494 1498 528 alius
1517 495 1587 528 eius
1600 495 1671 528 loco
1687 495 1875 536 sufficiatur,

437 545 502 581 ⁶226
522 559 540 580 ιι
561 554 591 581 et
610 559 671 592 seq.
694 549 817 583 Electio
836 549 975 583 duorum
996 553 1213 582 scrutatorum
1228 553 1259 580 et
1279 546 1470 591 approbatio
1491 547 1708 590 praelatorum
1720 557 1793 580 cum
1812 547 1877 580 sor-

438 601 582 634 matione
605 601 815 635 definitorum
834 612 873 635 ex
896 602 1015 647 quibus
1040 610 1170 645 praeses
1194 600 1344 643 eligatur,
1377 600 1453 632 ibid.
1490 605 1519 632 et
1548 611 1610 644 seq.
1637 599 1805 643 Deputatio
1837 601 1880 633 vi·

437 653 607 687 sitatorum
627 665 701 687 cum
721 654 788 687 suis
807 654 1024 694 facultatibus,
1045 653 1110 687 ⁶228
1130 664 1150 686 a
1169 659 1200 686 et
1217 664 1298 696 seq.;
1323 662 1500 696 eorumque
1526 658 1558 685 et
1581 653 1787 686 definitorum
1808 653 1879 686 iura

438 716 513 748 erga
533 707 796 750 praelatos,ibid.
817 708 844 740 b.
861 707 1017 751 Regimen
1037 707 1206 750 utriusque
1225 706 1412 750 provinciae
1435 704 1569 738 Tusciae
1600 711 1627 738 et
1658 705 1879 745 Lombardiae,

436 759 515 791 ibid.
538 759 675 792 Praelati
688 759 807 793 Cistelli
821 759 1127 793 etBOnisolatiiveri
1147 759 1277 792 abbates
1297 759 1515 797 declarantur,
1538 757 1671 802 etprior
1685 757 1879 791 Morimundi

436 811 531 844 titulo
551 811 704 845 abbatiali
725 811 873 855 gaudeat,
895 811 959 846 ⁶230
979 820 1011 845 η..
1035 811 1288 845 Constitutiones
1308 811 1476 844 Alexandri
1497 811 1532 843 Vl
1553 816 1583 843 et
1602 810 1673 843 lulii
1694 810 1731 849 11,
1759 810 1879 843 confir-

439 870 580 902 mantur,
594 865 782 898 constitutio
798 865 913 898 Leonis
924 866 949 898 X
961 865 1171 909 approbatur,
1190 864 1255 898 230
1273 865 1302 897 b.
1317 863 1511 897 Constitutio
1527 863 1614 897 Pauli
1635 862 1672 896 111
1694 864 1877 902 innovatur,

439 915 497 950 ⁶23t
523 928 555 950 a.
572 917 763 951 Definitores
778 923 913 962 possunt
928 918 961 951 in
972 928 1168 961 unaquaque
1183 917 1351 962 provincia
1370 927 1479 950 creare
1495 923 1558 949 tres
1578 916 1687 949 titulos
1706 916 1888 949 abbatiale-s,-

439 970 517 1002 a‘bid.
540 971 570 1003 b.
592 970 763 1004 Silentium
785 971 965 1015 imponitur
984 971 1070 1004 circa
1082 971 1287 1015 quaestiones
1301 981 1413 1004 omnes
1432 981 1497 1003 non
1510 970 1703 1013 detegendas
1718 970 1751 1002 in
1771 970 1879 1002 futuro

438 1022 594 1067 capitulo,
617 1024 694 1058 ibid.
717 1017 803 1059 Ordo
823 1025 958 1068 eiusque
984 1025 1133 1065 Abbates,
1155 1024 1307 1057 monachi
1329 1029 1359 1057 et
1378 1024 1584 1063 monasteria,
1609 1024 1730 1066 gratias
1757 1030 1789 1057 et
1812 1024 1879 1066 pri-

436 1074 552 1118 vilegia
571 1076 785 1111 obtinuerunt
803 1088 821 1110 a
840 1078 975 1111 summis
995 1076 1216 1121 pontificibus,
1239 1076 1313 1115 706,
1336 1077 1364 1109 b.
1387 1076 1561 1120 Gregorius
1579 1076 1618 1109 lx
1638 1077 1802 1120 signanter
1816 1076 1878 1109 Ab·

437 1127 519 1160 hatis
538 1129 730 1163 electionem
755 1141 773 1162 a
800 1130 932 1164 nemine
957 1130 1108 1174 impediri
1133 1130 1237 1170 iussit,
1259 1129 1320 1163 707
1342 1141 1372 1162 a.
1394 1129 1601 1172 Innocentius
1619 1128 1655 1162 lv
1684 1129 1835 1163 Ordinem
1861 1142 1879 1163 a

437 1180 673 1222 iurisdictione,
699 1182 929 1227 episcoporum
958 1182 1081 1223 eximit,
1109 1183 1188 1216 ibid.
1209 1183 1316 1216 sixtus
1340 1183 1376 1215 lV
1403 1182 1690 1216 Commendatariis
1719 1184 1876 1215 nonnulla

435 1232 616 1275 prohibuit,
638 1235 716 1267 ibid.
739 1235 767 1267 b.
786 1234 996 1268 Innocentius
1013 1235 1077 1268 VIII
1097 1235 1226 1268 habitus
1245 1234 1489 1268 difformitatem
1509 1234 1619 1274 vetuit,
1641 1235 1719 1267 ibid.
1741 1234 1817 1268 Pius
1832 1235 1878 1274 lv,

436 1284 511 1317 Pius
531 1285 553 1316 Υ
582 1291 613 1319 et
636 1285 811 1329 Gregorius
834 1287 913 1328 XIII,
940 1287 1004 1321 alia
1036 1287 1320 1321 commendatariis
1345 1286 1593 1330 prohibuerant,
1622 1287 1696 1319 ibid.
1725 1284 1878 1320 Nonnulli

436 1337 490 1369 aiii
511 1337 684 1372 Pontifices
703 1340 862 1383 quaedam
883 1340 947 1374 alia
965 1339 1078 1374 Ordini
1099 1345 1338 1380 concesserunt,
1364 1341 1440 1373 ibid.
1463 1339 1568 1373 Sixtus
1587 1340 1610 1372 V
1630 1340 1740 1373 onmia
1759 1340 1879 1374 confir-

439 1390 533 1422 mavit
548 1396 590 1431 et,
606 1397 766 1435 quatenus
779 1392 813 1426 in
826 1403 887 1427 usu
907 1398 939 1427 et
957 1393 1098 1427 concilio
1118 1393 1308 1426 Tridentino
1328 1397 1394 1426 non
1415 1393 1589 1433 contraria,
1610 1393 1782 1433 innovavit,
1800 1394 1877 1428 ibid.

349 1440 571 1476 Cisterciensis
589 1443 720 1478 Ordinis
738 1444 948 1480 S.Benedicti
963 1446 1174 1487 monasteria,
1193 1446 1266 1479 aliis
1279 1445 1430 1490 personis
1445 1447 1679 1486 commendata,
1691 1457 1787 1490 quam
1797 1446 1879 1480 eius-

438 1495 510 1528 dem
531 1495 671 1538 Ordinis,
693 1497 834 1532 habeant
854 1508 998 1532 mensam
1019 1499 1278 1539 conventualem,
1300 1497 1485 1533 distinctam
1506 1499 1545 1532 ab
1569 1499 1720 1532 abbatiali
1742 1505 1773 1532 et
1792 1500 1879 1532 susti-

437 1547 577 1582 cientem
598 1556 658 1593 pro
678 1550 859 1591 monachis,
881 1551 922 1585 76
946 1562 978 1591 a;
1001 1551 1146 1595 religiosi
1167 1552 1301 1586 alterius
1324 1550 1454 1585 Ordinis
1473 1552 1605 1585 instrusi
1626 1552 1657 1584 in
1681 1552 1760 1585 locis
1783 1553 1880 1585 liuius

435 1599 577 1642 Ordinis,
599 1608 656 1636 aut
679 1603 756 1637 inde
780 1604 967 1646 eiiciantur,
987 1611 1044 1638 aut
1059 1605 1146 1639 intra
1165 1615 1286 1638 annum
1307 1605 1452 1639 eiusdem
1469 1605 1598 1639 Ordinis
1616 1605 1765 1638 habitum
1779 1606 1879 1638 sus-ti-

436 1653 527 1696 piant
553 1660 584 1687 et
604 1655 724 1689 faciant
744 1656 991 1701 professionem,
1013 1658 1092 1691 ibid.
1115 1658 1146 1699 b;
1160 1658 1357 1691 monasteria
1376 1658 1486 1691 omnia
1497 1664 1649 1692 tenentur
1665 1659 1787 1692 solvere
1803 1668 1879 1691 con·

436 1705 632 1740 tributiones
656 1708 778 1749 abbati,
800 1716 832 1743 et
851 1710 1008 1754 capitulo,
1034 1711 1114 1744 ibid.
1127 1722 1135 1752 ;
1158 1711 1256 1745 etiam
1277 1712 1500 1744 commendata
1529 1718 1559 1744 et
1579 1711 1618 1744 de
1642 1711 1712 1745 iure
1729 1718 1880 1756 patrona-

435 1763 487 1791 tus
512 1759 648 1801 laicalis,
669 1761 787 1796 officiis
811 1763 977 1804 destituta,
996 1763 1187 1798 reficiantur
1216 1764 1256 1797 ad
1274 1764 1468 1805 clausuram,
1494 1764 1587 1804 ibide,
1608 1763 1879 1798 monasteriorum

435 1812 590 1845 ecclesiae
613 1813 654 1846 de
672 1815 864 1849 necessariis
887 1815 927 1849 ad
945 1816 1094 1850 divinum
1110 1817 1234 1852 cultum
1253 1823 1284 1851 et
1313 1817 1547 1850 monachorum
1567 1827 1661 1850 usum
1684 1818 1879 1851 convenien-

436 1869 484 1896 ter
502 1864 719 1906 instruantur;
739 1873 772 1901 et
790 1867 900 1902 divina
922 1868 956 1902 in
981 1868 1097 1903 iisdem
1118 1870 1267 1914 quotidie
1287 1870 1393 1903 officia
1406 1869 1621 1910 celebrentur,
1640 1870 1719 1903 ibid.
1741 1870 1770 1910 b;
1788 1870 1880 1903 nori-

437 1916 474 1949 tii
503 1918 633 1951 veroin
661 1919 788 1953 duobus
815 1921 1024 1955 monasteriis
1049 1922 1309 1967 uniuscuiusque
1329 1922 1516 1967 provinciae
1546 1922 1751 1956 instruantur
1779 1923 1877 1959 ibid:

435 1977 613 2005 conventus
633 1972 827 2007 claudantur
855 1980 888 2007 et
906 1975 999 2008 nullo
1022 1975 1120 2009 modo
1144 1986 1163 2009 a
1182 1975 1478 2015 commendatariis‚
1510 1980 1566 2008 etc.
1595 1975 1816 2019 impediantur
1839 1976 1880 2009 78

435 2032 467 2062 a;
485 2023 639 2058 mulieres
655 2025 727 2058 loca
743 2025 874 2061 Ordinis
892 2037 959 2061 non
985 2027 1224 2072 ingrediantur,
1242 2028 1335 2069 ibid.;
1363 2029 1578 2062 inventarium
1597 2028 1653 2061 fiat
1677 2028 1710 2061 in
1735 2028 1878 2072 quolibet

438 2076 638 2110 monasterio
662 2078 810 2112 omnium
834 2079 958 2113 iurium
980 2086 1011 2114 et
1029 2081 1205 2122 bonorum,
1223 2081 1317 2121 ibid.;
1337 2082 1533 2114 monasteria
1553 2081 1723 2114 existentia
1746 2081 1780 2114 in
1800 2081 1879 2114 locis

437 2137 501 2160 non
524 2127 602 2161 tutis
617 2131 855 2165 transferantur
871 2133 911 2166 ad
926 2133 999 2166 loca
1014 2133 1133 2175 vicina,
1151 2134 1231 2168 ibid.
1253 2134 1283 2175 b;
1302 2134 1504 2167 visitationes
1523 2134 1600 2166 fiant
1613 2134 1750 2167 sollicite
1761 2139 1792 2166 et
1805 2144 1881 2177 pru-

434 2179 560 2220 denter,
573 2181 823 2228 visitatoresque
833 2184 993 2229 hospitari
1009 2185 1129 2220 dehent
1145 2197 1163 2219 a
1180 2187 1474 2226 commendatariis,
1488 2186 1580 2225 ibitis,
1604 2186 1661 2230 qui
1677 2185 1760 2219 nihil
1775 2185 1881 2218 detra-

436 2230 515 2265 hant
545 2233 583 2266 de
616 2236 809 2270 necessariis
841 2238 1089 2279 monachorum,
1108 2249 1169 2272 nec
1191 2249 1245 2272 eos
1270 2240 1310 2272 ob
1336 2239 1454 2272 delicta
1484 2239 1629 2279 eiiciant,
1650 2239 1705 2272 sed
1721 2238 1879 2271 visitatori

437 2284 621 2327 puniendos
638 2288 796 2330 deferant,
824 2289 865 2323 79
887 2302 920 2331 a;
939 2291 1157 2336 eleemosynas
1173 2292 1372 2336 pauperibus
1396 2292 1605 2332 distribuant,
1623 2292 1702 2325 ibid.
1723 2291 1754 2331 b;
1774 2291 1881 2324 archi-

436 2337 525 2370 vium
546 2340 765 2374 constituatur
784 2341 818 2375 in
839 2344 1038 2377 monasterio
1054 2343 1202 2378 Cistercii
1219 2355 1294 2378 cum
1312 2344 1420 2378 indice
1440 2344 1673 2388 cuiuscumque
1693 2344 1880 2377 monasterii

438 2396 470 2422 et
486 2390 734 2434 beneficiorum,
753 2394 915 2429 bonorum
933 2402 965 2429 et
984 2395 1107 2430 iurium
1127 2406 1254 2437 eorum,
1268 2395 1309 2430 79
1328 2408 1360 2437 a;
1383 2405 1576 2430 revocantur
1595 2397 1720 2430 indulta
1735 2403 1763 2430 e!
1785 2396 1882 2429 licen-

437 2441 502 2475 tiae
522 2442 647 2487 aliquid
666 2445 808 2480 habendi
829 2447 1002 2492 proprium
1013 2459 1031 2481 a
1047 2448 1308 2493 quibuscumque
1325 2449 1479 2483 Romanis
1493 2449 1705 2483 Pontificibus
1720 2458 1880 2485 concessa,

438 2493 479 2526 79
499 2505 530 2534 c1;
550 2506 614 2529 non
628 2498 770 2541 gaudent
783 2499 938 2534 facultate
950 2501 1135 2545 appellandi
1156 2501 1195 2535 ad
1215 2502 1339 2545 legatos
1351 2503 1400 2536 vel
1420 2503 1553 2537 nuntios
1572 2513 1590 2535 a
1604 2501 1774 2536 sententiis
1788 2500 1880 2534 abba-

441 2547 481 2578 tis
500 2547 679 2585 aliorumve
697 2552 906 2597 superiorum
930 2554 1028 2589 huius
1052 2553 1195 2596 Ordinis,
1216 2554 1296 2590 ibid.
1322 2556 1351 2590 b.
