2059 3228
354 231 395 261 98

309 290 467 325 clausulas
504 292 669 331 onnmalos
706 291 791 327 idem
820 291 1049 336 imponantes,

306 345 427 377 mentio
437 356 491 378 seu
504 346 635 388 quaevis
646 345 709 377 alia
719 345 882 389 expressio
889 345 1049 387 habenda,

305 403 359 430 aut
379 397 485 440 aliqua
505 398 566 430 alia
599 398 755 441 exquisita
783 399 886 432 forma
918 400 958 433 ad
990 400 1051 432 hoc

304 444 457 483 servanda
478 457 570 491 osset,
599 457 728 485 tenores
747 452 946 495 huiusmodi,
969 464 1006 486 ac
1024 453 1049 486 si

303 504 342 536 de
362 504 457 536 verbo
469 505 507 537 ad
523 504 669 546 verbum,
687 505 769 538 nihil
784 506 914 550 penitus
932 506 1049 540 omisso

302 563 329 588 et
353 557 455 590 forma
475 557 507 589 in
528 557 591 590 illis
609 558 726 592 tradita
742 558 920 600 obsetw‘ata,
938 560 1047 593 inserti

301 609 404 641 forent
421 611 656 652 praesentibus,
678 622 736 655 pro
757 613 914 656 expressis
929 613 1050 646 haben·

301 668 356 699 tes,
379 662 442 695 illis
456 663 536 696 alias
556 663 589 696 in
604 674 661 698 suo
678 666 795 699 robore
811 667 1044 710 permansuris,

298 715 357 748 hac
373 715 441 749 vive
465 716 641 759 dumtaxat,
661 719 844 762 specialiter
859 724 889 752 et
900 730 1047 764 expresse

296 768 502 811 (irrogamus,
516 771 687 804 contrariis
694 771 973 816 q11ibuscumque3
991 779 1044 806 aut

295 821 320 853 si
341 822 513 866 aliquibus,
533 825 751 858 communiter
773 826 822 858 vel
847 826 984 868 divisim,
1007 827 1046 859 ab

293 874 478 917 Apostolica
498 876 537 909 sit
553 877 636 911 Sede
656 878 816 911 indultum
837 880 924 922 quod
944 880 1043 913 inter-

293 927 372 968 dici,
404 930 559 973 suspendi
593 931 642 964 vel
676 933 949 966 excommunicari
979 944 1043 967 non

294 981 417 1027 possint
432 983 623 1026 perlitteras
640 985 833 1028 apostolicas
848 996 913 1019 non
923 987 1043 1020 tacien-

292 1039 339 1066 tes
358 1034 487 1078 plenam
513 1042 544 1069 et
565 1048 748 1082 expressam
769 1049 805 1072 ac
826 1039 865 1072 de
888 1041 986 1073 verbo
1004 1040 1042 1073 ad

291 1087 424 1121 verbum
441 1089 614 1123 deindulto
625 1091 813 1125 huiusmodi
829 1093 1039 1127 mentionem.

313 1145 320 1148 ”
335 1141 350 1184 ξ
370 1140 401 1174 4.
428 1142 583 1177 Volumus
601 1149 708 1177 autem
724 1146 810 1189 quod
826 1147 1040 1189 praesentium

290 1195 500 1238 transumptis
524 1201 602 1237 ecc„
626 1197 722 1230 etiam
749 1198 923 1243 impressis,
943 1211 1038 1233 manu

289 1247 405 1280 notarii
424 1248 544 1292 publici
564 1250 705 1294 dictique
726 1252 852 1294 collegii
877 1254 1038 1286 secretarii

288 1300 487 1345 subscriptis,
512 1307 542 1336 et
562 1302 665 1346 sigillo
699 1305 865 1338 communi
895 1306 1038 1339 eiusdem

289 1353 415 1397 collegii
435 1355 578 1397 munitis,
599 1357 710 1390 eadem
731 1368 864 1401 prorsus
883 1359 974 1401 fides,
1006 1360 1037 1393 in

287 1405 409 1441 iudicio
429 1413 460 1441 et
479 1414 566 1442 extra
585 1409 666 1443 illud
685 1421 722 1443 ac
741 1411 820 1444 alias
840 1412 1037 1456 ubicumque

287 1470 370 1503 opus
389 1460 496 1501 fuerit,
509 1462 713 1504 adhibeatur,
728 1474 810 1507 quae
830 1464 1038 1499 adhiberetur

286 1512 407 1547 eisdem
432 1516 668 1559 praesentlbus‚
699 1517 724 1550 si
754 1517 912 1552 exhibitae
932 1520 1035 1553 forent

285 1567 334 1600 vel
353 1573 511 1601 ostensae.

328 1619 413 1653 Nulli
442 1632 518 1664 ergo
547 1622 679 1656 omnino
712 1623 882 1657 hominum
915 1629 971 1658 ete.
1003 1626 1032 1660 Si

283 1672 356 1716 quis
371 1679 477 1707 autem
498 1675 559 1708 hoc
578 1680 744 1717 attentare,
765 1681 820 1710 etc.

327 1726 442 1760 Datum
461 1727 580 1762 Romae
600 1729 686 1773 apud
704 1730 856 1763 Sanctum
876 1731 1030 1771 Marcum,

283 1788 369 1812 anno
394 1779 625 1814 Incarnationis
649 1782 830 1816 dominicae
862 1784 1032 1818 millesimo

283 1832 542 1875 quingentesimo
563 1835 799 1879 septuagesimo
828 1842 953 1880 quarto,
972 1838 1031 1871 idi-

283 1885 343 1919 bus
363 1885 444 1927 iulii,
467 1887 673 1930 pontificatus
691 1889 792 1922 nostri
812 1900 895 1922 anno
913 1900 958 1923 111.

328 1942 392 1976 Dat,
412 1944 460 1974 die
476 1945 514 1976 15
528 1945 596 1975 iulii
617 1946 705 1984 1574,
719 1946 825 1986 pontis.
841 1957 919 1978 anno
938 1957 981 1979 ιιι.

111 235 172 267 An:
181 238 212 267 C:
225 238 304 269 ¹57&-

119 1197 182 1220 Fides
209 1201 276 1222 nanda

93 1231 240 1264 transumptis,
255 1235 276 1253 et

91 1263 176 1281 sanctio
192 1266 276 1288 poem-

90 1294 125 1317 ω.

601 2128 706 2163 XXXI.

281 2202 468 2236 Iurisdictio
491 2204 724 2248 inquisitorum
749 2205 928 2240 haereticae
953 2218 1030 2251 pra—

326 2256 435 2288 vitatis
458 2257 495 2289 in
518 2268 568 2290 eos
607 2259 682 2302 qui,
708 2259 751 2292 ad
773 2260 921 2293 ordinem
942 2271 1029 2303 pres-

324 2303 487 2347 byteratus
510 2307 647 2340 minime
667 2308 821 2351 promoti,
840 2308 955 2341 missas
984 2319 1030 2341 ce-

323 2357 448 2391 lebrant
482 2362 512 2391 et
539 2361 759 2403 poenitentiae
790 2365 1029 2395 sacramentum

322 2410 529 2444 ministrant.

279 2489 425 2525 Gregorius
432 2490 502 2526 rapa
510 2491 577 2525 xm.
588 2492 621 2520 ad
632 2494 795 2528 perpetuam
805 2494 847 2523 roi
858 2494 1025 2523 memoriam.

324 2560 423 2593 Officii
458 2562 557 2595 nostri
586 2569 693 2606 partes
725 2564 837 2598 sedulo
866 2570 1028 2610 praestare

118 2613 246 2633 mmmm·
281 2623 430 2648 tenemur
450 2620 481 2648 ut
502 2616 617 2658 dubia,
638 2627 721 2661 quae
739 2618 834 2653 variis
857 2618 1028 2653 doctorum

898 240 1077 267 WLLARIUM
1101 241 1251 266 noitANmt

1843 237 1847 241 ’
1862 237 1900 267 fin
1926 236 1956 267 ΓΕ,
1972 236 2036 268 1814

1094 291 1301 336 opinionibus
1335 293 1411 327 liinc
1449 292 1523 326 inde
1551 293 1674 327 diversa
1707 291 1845 326 sentien-

1093 345 1172 378 tium
1190 346 1363 388 agitantur,
1388 350 1418 378 ct
1437 345 1477 378 ad
1500 344 1752 379 iurisdictionem
1773 356 1847 379 san-

1092 398 1223 432 ctissimi
1234 398 1334 432 Officii
1347 397 1564 441 Inquisitionis
1574 399 1754 432 haereticae
1766 410 1841 443 pra-

1091 452 1193 485 vitatis
1213 452 1390 497 pertinent,
1414 461 1540 485 nostrae
1560 452 1786 486 declarationis
1805 463 1842 485 o-

1092 505 1202 538 raculo
1222 505 1333 549 (prout
1352 505 1433 538 ratio
1454 505 1522 548 ipsa
1542 506 1676 539 suadere
1700 505 1840 549 videtur)

1090 557 1319 598 dilucidentur,
1338 563 1373 591 ut
1392 558 1481 591 nulla
1501 557 1652 601 cuiquam
1673 557 1839 592 dubitandi

1089 611 1215 644 occasio
1236 611 1268 644 in
1294 617 1457 654 posterum
1480 610 1692 654 relinquatur.

1132 665 1146 707 ἓ
1166 665 1197 697 ’1.
1224 665 1271 697 Ad
1295 675 1390 698 aures
1409 670 1533 697 nostras
1553 664 1711 709 siquidem
1732 677 1839 710 nuper
1868 675 1965 708 ‘nubtum
1982 675 1986 679 ’
2004 693 2032 710 ι,

1087 718 1230 760 pervenit
1262 718 1381 751 multos
1414 729 1481 751 esse
1516 718 1571 761 qui
1604 719 1770 762 publicent
1795 731 1836 754 an
1849 717 2032 779 gfjiss‘ffi'gss

1087 776 1200 803 contra
1240 782 1294 804 eos
1335 771 1409 815 qui,
1442 771 1474 804 in
1507 783 1598 805 sacro
1633 773 1835 816 presbytera-
1849 781 1930 800 tenus
1942 783 1965 800 et
1979 784 2032 802 mn:

1087 829 1136 855 tus
1156 823 1269 857 ordine
1302 834 1366 857 non
1400 825 1581 864 constituti,
1615 824 1726 858 missas
1750 826 1833 859 cele-
1849 814 1891 861 ⁵22}
1906 809 2035 869 aidriziiffiss

1086 876 1178 909 brare
1216 882 1246 910 et
1279 878 1495 911 consessiones
1529 890 1566 911 ac
1599 871 2032 927 absolutionem{ss'c'ssussrffifjg
2058 912 2059 922 ι

1086 929 1243 974 impartiri
1263 930 1333 963 ausi
1352 931 1483 971 fuerint,
1504 942 1561 976 per
1580 931 1727 965 Officium
1760 943 1834 965 san·
1847 931 1918 958 ⁹⁰⁰¹*
1932 932 2022 958 ’ΨΜ-
2058 929 2059 932 “

1084 982 1467 1027 ctissimaelnquisitionis
1476 985 1657 1018 haereticae
1673 985 1834 1028 pravitatis

1084 1036 1115 1068 in
1136 1036 1362 1080 Hispaniarum
1391 1037 1497 1080 regnis
1531 1038 1713 1071 institutum
1738 1044 1769 1072 et
1793 1038 1834 1071 il-

1084 1089 1145 1123 lius
1164 1089 1370 1133 inquisitores
1394 1091 1636 1135 procedendum
1662 1093 1711 1125 vel
1736 1092 1831 1126 etiam

1082 1142 1400 1177 animadvertendum
1435 1145 1485 1184 sit,
1520 1156 1557 1178 ac
1589 1145 1634 1185 hi,
1673 1145 1729 1189 qui
1757 1145 1832 1179 talia

1082 1196 1291 1239 patraverint,
1322 1207 1381 1240 per
1411 1197 1617 1240 inquisitores
1649 1199 1830 1243 praedictos

1082 1248 1187 1291 puniri
1209 1249 1354 1283 debeant.
1373 1250 1464 1291 Nam,
1487 1251 1544 1284 etsi
1558 1253 1735 1285 multorum
1756 1262 1830 1286 sen-

1080 1302 1178 1334 tentia
1201 1302 1380 1335 affirmetur
1400 1303 1600 1346 praedictum
1615 1304 1768 1338 delictum
1788 1305 1829 1338 ab

1079 1355 1324 1398 inquisitoribus
1365 1357 1570 1400 plectendum
1608 1369 1695 1399 esse,
1740 1358 1829 1392 bisce

1080 1409 1267 1452 praesertim
1287 1409 1500 1454 temporibus,
1531 1410 1648 1454 quibus
1671 1411 1828 1444 haeretici

1079 1467 1197 1494 temere
1231 1462 1351 1496 audent
1389 1463 1534 1507 proferre
1563 1464 1611 1497 vel
1645 1465 1828 1498 saeculares

1076 1525 1188 1547 eorum
1232 1523 1506 1550 sacramentorum
1551 1517 1715 1551 ministros
1757 1528 1827 1551 esse

1076 1577 1178 1610 posse,
1190 1579 1254 1601 non
1271 1570 1386 1603 desunt
1398 1576 1502 1603 tamen
1518 1570 1550 1603 hi
1571 1570 1626 1615 qui
1646 1570 1827 1605 contrariae

1075 1620 1250 1655 adhaerent
1270 1623 1426 1667 opinioni,
1446 1624 1532 1657 unde
1552 1624 1743 1668 plerumque
1768 1635 1826 1668 per

1075 1676 1263 1708 eorumdem
1285 1687 1458 1719 regnorum
1479 1676 1684 1720 inquisitores
1702 1676 1824 1711 diversa

1075 1728 1223 1761 seruntur
1241 1729 1274 1762 in
1292 1729 1478 1763 huiusmodi
1504 1730 1609 1763 causis
1636 1730 1798 1774 suffragia.

1116 1782 1182 1826 §2
1213 1783 1275 1816 Nos
1301 1783 1420 1827 itaque,
1449 1788 1485 1816 ut
1517 1783 1622 1816 omnis
1650 1783 1821 1817 difficultas

1073 1835 1294 1879 dubitatioque
1337 1837 1486 1877 tollatur,
1530 1836 1820 1870 animadvertentes

1073 1899 1139 1929 eos,
1160 1888 1215 1932 qui
1248 1890 1486 1934 presbyteratus
1513 1889 1625 1923 ordine
1659 1900 1724 1922 non
1744 1895 1820 1923 sunt

1072 1942 1223 1985 insigniti,
1248 1948 1279 1976 et
1311 1954 1344 1976 se
1377 1943 1410 1976 in
1433 1943 1694 1976 administrandis
1727 1943 1820 1977 dictis

1072 1996 1278 2030 sacramentis
1310 1997 1473 2040 ingerunt,
1510 1997 1592 2030 sacto
1627 1997 1820 2031 catholic-am

1071 2049 1234 2082 veritatem
1254 2049 1458 2094 impugnare,
1479 2060 1562 2093 quae
1582 2049 1667 2082 solos
1686 2050 1819 2094 presby-

1070 2108 1156 2135 teros
1187 2102 1349 2135 ministros
1382 2102 1570 2136 eorumdem
1599 2109 1818 2136 sacramento-

1070 2166 1143 2188 rum
1163 2155 1400 2196 constituendo,
1420 2155 1483 2188 illis
1503 2157 1679 2196 dumtaxat,
1700 2156 1818 2200 quibus

1071 2210 1181 2243 eadem
1219 2220 1355 2244 munera
1392 2220 1571 2253 congruere
1608 2209 1814 2258 existimavit,

1071 2263 1227 2296 committi
1246 2263 1357 2303 voluit,
1379 2274 1491 2296 eorum
1508 2263 1576 2306 qui,
1598 2263 1630 2295 in
1649 2264 1815 2308 presbyte-

1071 2322 1158 2349 ratus
1177 2317 1290 2350 ordine
1309 2327 1374 2350 non
1403 2316 1576 2357 constituti,
1599 2316 1711 2349 missas
1730 2317 1815 2350 cele-

1070 2370 1178 2409 brant,
1210 2381 1247 2403 ac
1280 2369 1515 2409 confessiones,
1555 2374 1590 2401 ut
1622 2370 1812 2412 praefertur,

1070 2423 1216 2463 audiunt,
1253 2423 1469 2465 cognitionem
1503 2428 1534 2455 et
1562 2422 1761 2466 punitionem
1783 2433 1816 2456 e-

1071 2472 1145 2505 tiam
1166 2472 1206 2505 ad
1221 2471 1439 2516 Inquisitionis
1458 2471 1603 2505 Officium
1630 2476 1660 2503 et
1680 2470 1814 2514 inquisi-

1071 2526 1154 2554 tores
1174 2526 1246 2554 ante
1278 2521 1380 2554 dictos
1404 2520 1575 2564 pertinere,
1610 2520 1651 2552 ita
1676 2524 1722 2559 ut,
1752 2521 1814 2552 liu-

1070 2569 1205 2602 iusmodi
1249 2569 1355 2602 delicti
1395 2569 1535 2609 ratione,
1575 2568 1725 2600 adversus
1760 2577 1814 2600 eos

1069 2618 1245 2662 inquirere,
1276 2618 1467 2662 procedere,
1501 2628 1538 2651 ac
1570 2618 1744 2661 culpabiles
1764 2626 1815 2649 re·

1900 1795 2018 1818 nectamus

1833 1828 1889 1851 quon
1903 1827 1996 1852 ponim-
