<?xml version="1.0" encoding="UTF-8"?>
<!DOCTYPE html PUBLIC "-//W3C//DTD XHTML 1.0 Transitional//EN"
    "http://www.w3.org/TR/xhtml1/DTD/xhtml1-transitional.dtd">
<html xmlns="http://www.w3.org/1999/xhtml" xml:lang="en" lang="en">
 <head>
  <title>
</title>
<meta http-equiv="Content-Type" content="text/html;charset=utf-8" />
  <meta name='ocr-system' content='tesseract 3.04.00' />
  <meta name='ocr-capabilities' content='ocr_page ocr_carea ocr_par ocr_line ocrx_word'/>
</head>
<body>
  <div class='ocr_page' id='page_1' title='image "./bullarumdiplomat08cath/bullarumdiplomat08cath_0272.png"; bbox 0 0 2059 3228; ppageno 0'>
   <div class='ocr_carea' id='block_1_1' title="bbox 136 244 328 274">
    <p class='ocr_par' dir='ltr' id='par_1_1' title="bbox 136 244 328 274">
     <span class='ocr_line' id='line_1_1' title="bbox 136 244 328 274; baseline 0.016 -3"><span class='ocrx_word' id='word_1_1' title='bbox 136 245 190 272; x_wconf 84' lang='lat' dir='ltr'>An.</span> <span class='ocrx_word' id='word_1_2' title='bbox 208 244 237 273; x_wconf 90' lang='lat' dir='ltr'>C.</span> <span class='ocrx_word' id='word_1_3' title='bbox 257 246 328 274; x_wconf 82' lang='lat'>1579</span> 
     </span>
    </p>
   </div>
   <div class='ocr_carea' id='block_1_2' title="bbox 139 1743 333 1795">
    <p class='ocr_par' dir='ltr' id='par_1_2' title="bbox 139 1743 333 1795">
     <span class='ocr_line' id='line_1_2' title="bbox 152 1743 333 1766; baseline -0.006 -1"><span class='ocrx_word' id='word_1_4' title='bbox 152 1743 216 1765; x_wconf 57' lang='lat' dir='ltr'>Fides</span> <span class='ocrx_word' id='word_1_5' title='bbox 224 1746 333 1766; x_wconf 61' lang='lat' dir='ltr'>mumm-</span> 
     </span>
     <span class='ocr_line' id='line_1_3' title="bbox 139 1774 235 1795; baseline 0.021 -5"><span class='ocrx_word' id='word_1_6' title='bbox 139 1774 235 1795; x_wconf 81' lang='lat' dir='ltr'>ptotum.</span> 
     </span>
    </p>
   </div>
   <div class='ocr_carea' id='block_1_3' title="bbox 337 246 1088 2612">
    <p class='ocr_par' dir='ltr' id='par_1_3' title="bbox 337 246 1086 1665">
     <span class='ocr_line' id='line_1_4' title="bbox 384 246 446 280; baseline 0.032 -2"><span class='ocrx_word' id='word_1_7' title='bbox 384 246 446 280; x_wconf 75' lang='lat'>⁵256</span> 
     </span>
     <span class='ocr_line' id='line_1_5' title="bbox 338 300 1086 350; baseline -0.007 -9"><span class='ocrx_word' id='word_1_8' title='bbox 338 307 634 346; x_wconf 83' lang='lat' dir='ltr'>consuctudinibus;</span> <span class='ocrx_word' id='word_1_9' title='bbox 659 300 839 350; x_wconf 80' lang='lat' dir='ltr'>privilegiis</span> <span class='ocrx_word' id='word_1_10' title='bbox 864 315 990 349; x_wconf 84' lang='lat' dir='ltr'>quoque</span> <span class='ocrx_word' id='word_1_11' title='bbox 1008 331 1015 343; x_wconf 92' lang='lat'>,</span> <span class='ocrx_word' id='word_1_12' title='bbox 1039 303 1086 336; x_wconf 93' lang='lat' dir='ltr'>in-</span> 
     </span>
     <span class='ocr_line' id='line_1_6' title="bbox 338 357 1085 402; baseline -0.008 -8"><span class='ocrx_word' id='word_1_13' title='bbox 338 361 433 394; x_wconf 89' lang='lat' dir='ltr'>dultis</span> <span class='ocrx_word' id='word_1_14' title='bbox 456 365 483 392; x_wconf 78' lang='lat' dir='ltr'>et</span> <span class='ocrx_word' id='word_1_15' title='bbox 504 359 617 392; x_wconf 88' lang='lat' dir='ltr'>litteris</span> <span class='ocrx_word' id='word_1_16' title='bbox 630 359 818 402; x_wconf 84' lang='lat' dir='ltr'>apostolicis,</span> <span class='ocrx_word' id='word_1_17' title='bbox 836 358 896 391; x_wconf 91' lang='lat' dir='ltr'>illis</span> <span class='ocrx_word' id='word_1_18' title='bbox 913 363 941 391; x_wconf 86' lang='lat' dir='ltr'>et</span> <span class='ocrx_word' id='word_1_19' title='bbox 961 357 1085 390; x_wconf 91' lang='lat' dir='ltr'>illorum</span> 
     </span>
     <span class='ocr_line' id='line_1_7' title="bbox 339 411 1086 456; baseline -0.005 -11"><span class='ocrx_word' id='word_1_20' title='bbox 339 413 579 456; x_wconf 72' lang='lat' dir='ltr'>superioribus,</span> <span class='ocrx_word' id='word_1_21' title='bbox 605 412 664 444; x_wconf 88' lang='lat' dir='ltr'>sub</span> <span class='ocrx_word' id='word_1_22' title='bbox 689 411 942 455; x_wconf 85' lang='lat' dir='ltr'>quibuscumque</span> <span class='ocrx_word' id='word_1_23' title='bbox 969 411 1086 443; x_wconf 87' lang='lat' dir='ltr'>tenori—</span> 
     </span>
     <span class='ocr_line' id='line_1_8' title="bbox 338 464 1086 508; baseline -0.005 -11"><span class='ocrx_word' id='word_1_24' title='bbox 338 466 396 498; x_wconf 84' lang='lat' dir='ltr'>bus</span> <span class='ocrx_word' id='word_1_25' title='bbox 421 470 449 497; x_wconf 88' lang='lat' dir='ltr'>et</span> <span class='ocrx_word' id='word_1_26' title='bbox 474 465 594 506; x_wconf 79' lang='lat' dir='ltr'>sot-mis,</span> <span class='ocrx_word' id='word_1_27' title='bbox 621 475 656 497; x_wconf 87' lang='lat' dir='ltr'>ac</span> <span class='ocrx_word' id='word_1_28' title='bbox 680 475 752 497; x_wconf 89' lang='lat' dir='ltr'>cnm</span> <span class='ocrx_word' id='word_1_29' title='bbox 777 464 941 508; x_wconf 84' lang='lat' dir='ltr'>quibusvis</span> <span class='ocrx_word' id='word_1_30' title='bbox 964 464 1086 495; x_wconf 89' lang='lat' dir='ltr'>clausu-</span> 
     </span>
     <span class='ocr_line' id='line_1_9' title="bbox 338 515 1084 553; baseline -0.005 -2"><span class='ocrx_word' id='word_1_31' title='bbox 338 519 375 551; x_wconf 87' lang='lat' dir='ltr'>lis</span> <span class='ocrx_word' id='word_1_32' title='bbox 399 524 428 551; x_wconf 86' lang='lat' dir='ltr'>et</span> <span class='ocrx_word' id='word_1_33' title='bbox 454 517 588 551; x_wconf 78' lang='lat' dir='ltr'>decretis</span> <span class='ocrx_word' id='word_1_34' title='bbox 615 517 771 550; x_wconf 83' lang='lat' dir='ltr'>concessis</span> <span class='ocrx_word' id='word_1_35' title='bbox 801 522 830 550; x_wconf 87' lang='lat' dir='ltr'>et</span> <span class='ocrx_word' id='word_1_36' title='bbox 864 515 1084 553; x_wconf 77' lang='lat' dir='ltr'>confirmati83</span> 
     </span>
     <span class='ocr_line' id='line_1_10' title="bbox 337 568 1083 614; baseline -0.005 -11"><span class='ocrx_word' id='word_1_37' title='bbox 337 571 452 614; x_wconf 82' lang='lat' dir='ltr'>quibus</span> <span class='ocrx_word' id='word_1_38' title='bbox 477 570 626 604; x_wconf 89' lang='lat' dir='ltr'>omnibus</span> <span class='ocrx_word' id='word_1_39' title='bbox 643 598 651 612; x_wconf 88' lang='lat'>,</span> <span class='ocrx_word' id='word_1_40' title='bbox 677 569 826 610; x_wconf 86' lang='lat' dir='ltr'>etiamsi,</span> <span class='ocrx_word' id='word_1_41' title='bbox 865 578 924 612; x_wconf 90' lang='lat' dir='ltr'>pro</span> <span class='ocrx_word' id='word_1_42' title='bbox 960 568 1083 600; x_wconf 91' lang='lat' dir='ltr'>illorum</span> 
     </span>
     <span class='ocr_line' id='line_1_11' title="bbox 337 622 1085 668; baseline -0.005 -11"><span class='ocrx_word' id='word_1_43' title='bbox 337 624 506 657; x_wconf 84' lang='lat' dir='ltr'>sufficienti</span> <span class='ocrx_word' id='word_1_44' title='bbox 531 624 746 668; x_wconf 74' lang='lat' dir='ltr'>derogatione,</span> <span class='ocrx_word' id='word_1_45' title='bbox 765 623 802 656; x_wconf 91' lang='lat' dir='ltr'>de</span> <span class='ocrx_word' id='word_1_46' title='bbox 820 622 881 655; x_wconf 91' lang='lat' dir='ltr'>illis</span> <span class='ocrx_word' id='word_1_47' title='bbox 905 631 1085 664; x_wconf 86' lang='lat' dir='ltr'>oorumque</span> 
     </span>
     <span class='ocr_line' id='line_1_12' title="bbox 338 674 1085 720; baseline -0.004 -11"><span class='ocrx_word' id='word_1_48' title='bbox 338 678 411 711; x_wconf 88' lang='lat' dir='ltr'>totis</span> <span class='ocrx_word' id='word_1_49' title='bbox 436 678 600 711; x_wconf 85' lang='lat' dir='ltr'>tenoribus</span> <span class='ocrx_word' id='word_1_50' title='bbox 623 677 777 720; x_wconf 88' lang='lat' dir='ltr'>specialis,</span> <span class='ocrx_word' id='word_1_51' title='bbox 803 674 950 720; x_wconf 85' lang='lat' dir='ltr'>specifica</span> <span class='ocrx_word' id='word_1_52' title='bbox 978 680 1010 708; x_wconf 83' lang='lat' dir='ltr'>et</span> <span class='ocrx_word' id='word_1_53' title='bbox 1033 684 1085 707; x_wconf 88' lang='lat' dir='ltr'>ex-</span> 
     </span>
     <span class='ocr_line' id='line_1_13' title="bbox 338 727 1084 773; baseline -0.007 -9"><span class='ocrx_word' id='word_1_54' title='bbox 338 741 446 773; x_wconf 87' lang='lat' dir='ltr'>pressa</span> <span class='ocrx_word' id='word_1_55' title='bbox 470 736 499 764; x_wconf 89' lang='lat' dir='ltr'>et</span> <span class='ocrx_word' id='word_1_56' title='bbox 524 730 697 769; x_wconf 83' lang='lat' dir='ltr'>individua,</span> <span class='ocrx_word' id='word_1_57' title='bbox 727 739 791 762; x_wconf 89' lang='lat' dir='ltr'>non</span> <span class='ocrx_word' id='word_1_58' title='bbox 810 734 914 762; x_wconf 88' lang='lat' dir='ltr'>autem</span> <span class='ocrx_word' id='word_1_59' title='bbox 933 738 989 771; x_wconf 93' lang='lat' dir='ltr'>per</span> <span class='ocrx_word' id='word_1_60' title='bbox 1001 727 1084 760; x_wconf 91' lang='lat' dir='ltr'>clau-</span> 
     </span>
     <span class='ocr_line' id='line_1_14' title="bbox 337 778 1084 825; baseline -0.007 -9"><span class='ocrx_word' id='word_1_61' title='bbox 337 783 420 816; x_wconf 80' lang='lat' dir='ltr'><strong>sulas</strong></span> <span class='ocrx_word' id='word_1_62' title='bbox 443 783 604 825; x_wconf 78' lang='lat' dir='ltr'>generales</span> <span class='ocrx_word' id='word_1_63' title='bbox 630 782 713 814; x_wconf 90' lang='lat' dir='ltr'>idem</span> <span class='ocrx_word' id='word_1_64' title='bbox 732 781 952 824; x_wconf 85' lang='lat' dir='ltr'>importantes,</span> <span class='ocrx_word' id='word_1_65' title='bbox 965 778 1084 812; x_wconf 85' lang='lat' dir='ltr'>mentio</span> 
     </span>
     <span class='ocr_line' id='line_1_15' title="bbox 338 829 1084 878; baseline -0.004 -11"><span class='ocrx_word' id='word_1_66' title='bbox 338 846 394 867; x_wconf 87' lang='lat' dir='ltr'>seu</span> <span class='ocrx_word' id='word_1_67' title='bbox 419 829 560 878; x_wconf 65' lang='lat' dir='ltr'>quaevis*</span> <span class='ocrx_word' id='word_1_68' title='bbox 572 835 633 867; x_wconf 88' lang='lat' dir='ltr'>alia</span> <span class='ocrx_word' id='word_1_69' title='bbox 658 834 816 878; x_wconf 81' lang='lat' dir='ltr'>expressio</span> <span class='ocrx_word' id='word_1_70' title='bbox 834 839 886 866; x_wconf 90' lang='lat' dir='ltr'>aut</span> <span class='ocrx_word' id='word_1_71' title='bbox 900 833 1005 876; x_wconf 88' lang='lat' dir='ltr'>aliqua</span> <span class='ocrx_word' id='word_1_72' title='bbox 1024 832 1084 864; x_wconf 90' lang='lat' dir='ltr'>alia</span> 
     </span>
     <span class='ocr_line' id='line_1_16' title="bbox 337 885 1084 932; baseline -0.005 -11"><span class='ocrx_word' id='word_1_73' title='bbox 337 888 493 932; x_wconf 82' lang='lat' dir='ltr'>exquisita</span> <span class='ocrx_word' id='word_1_74' title='bbox 518 888 620 922; x_wconf 79' lang='lat' dir='ltr'>forma</span> <span class='ocrx_word' id='word_1_75' title='bbox 644 888 683 920; x_wconf 88' lang='lat' dir='ltr'>ad</span> <span class='ocrx_word' id='word_1_76' title='bbox 708 887 768 920; x_wconf 91' lang='lat' dir='ltr'>hoc</span> <span class='ocrx_word' id='word_1_77' title='bbox 803 886 957 920; x_wconf 87' lang='lat' dir='ltr'>servanda</span> <span class='ocrx_word' id='word_1_78' title='bbox 982 885 1084 925; x_wconf 86' lang='lat' dir='ltr'>foret,</span> 
     </span>
     <span class='ocr_line' id='line_1_17' title="bbox 342 938 1085 981; baseline -0.008 -6"><span class='ocrx_word' id='word_1_79' title='bbox 342 942 468 975; x_wconf 90' lang='lat' dir='ltr'>illorum</span> <span class='ocrx_word' id='word_1_80' title='bbox 501 947 637 981; x_wconf 85' lang='lat' dir='ltr'>tenores,</span> <span class='ocrx_word' id='word_1_81' title='bbox 667 951 702 974; x_wconf 87' lang='lat' dir='ltr'>ac</span> <span class='ocrx_word' id='word_1_82' title='bbox 727 940 751 973; x_wconf 91' lang='lat' dir='ltr'>si</span> <span class='ocrx_word' id='word_1_83' title='bbox 777 940 816 973; x_wconf 90' lang='lat' dir='ltr'>de</span> <span class='ocrx_word' id='word_1_84' title='bbox 839 939 935 972; x_wconf 82' lang='lat' dir='ltr'>verbo</span> <span class='ocrx_word' id='word_1_85' title='bbox 960 938 999 971; x_wconf 88' lang='lat' dir='ltr'>ad</span> <span class='ocrx_word' id='word_1_86' title='bbox 1017 947 1085 970; x_wconf 89' lang='lat' dir='ltr'>ver—</span> 
     </span>
     <span class='ocr_line' id='line_1_18' title="bbox 340 992 1085 1036; baseline -0.007 -9"><span class='ocrx_word' id='word_1_87' title='bbox 340 994 415 1027; x_wconf 91' lang='lat' dir='ltr'>bum</span> <span class='ocrx_word' id='word_1_88' title='bbox 441 995 661 1027; x_wconf 80' lang='lat' dir='ltr'>insererentur</span> <span class='ocrx_word' id='word_1_89' title='bbox 685 992 905 1036; x_wconf 88' lang='lat' dir='ltr'>praesentibus</span> <span class='ocrx_word' id='word_1_90' title='bbox 922 1018 929 1032; x_wconf 91' lang='lat'>,</span> <span class='ocrx_word' id='word_1_91' title='bbox 954 1001 1012 1034; x_wconf 92' lang='lat' dir='ltr'>pro</span> <span class='ocrx_word' id='word_1_92' title='bbox 1035 1000 1085 1022; x_wconf 82' lang='lat' dir='ltr'>ex-</span> 
     </span>
     <span class='ocr_line' id='line_1_19' title="bbox 340 1043 1085 1091; baseline -0.008 -10"><span class='ocrx_word' id='word_1_93' title='bbox 340 1048 455 1091; x_wconf 80' lang='lat' dir='ltr'>pressis</span> <span class='ocrx_word' id='word_1_94' title='bbox 478 1053 508 1081; x_wconf 91' lang='lat' dir='ltr'>et</span> <span class='ocrx_word' id='word_1_95' title='bbox 532 1047 660 1080; x_wconf 88' lang='lat' dir='ltr'>insertis</span> <span class='ocrx_word' id='word_1_96' title='bbox 685 1047 848 1086; x_wconf 86' lang='lat' dir='ltr'>habentes,</span> <span class='ocrx_word' id='word_1_97' title='bbox 867 1045 928 1078; x_wconf 88' lang='lat' dir='ltr'>illis</span> <span class='ocrx_word' id='word_1_98' title='bbox 951 1044 1029 1077; x_wconf 90' lang='lat' dir='ltr'>alias</span> <span class='ocrx_word' id='word_1_99' title='bbox 1052 1043 1085 1075; x_wconf 92' lang='lat' dir='ltr'>in</span> 
     </span>
     <span class='ocr_line' id='line_1_20' title="bbox 341 1096 1085 1144; baseline -0.008 -10"><span class='ocrx_word' id='word_1_100' title='bbox 341 1112 398 1134; x_wconf 90' lang='lat' dir='ltr'>suo</span> <span class='ocrx_word' id='word_1_101' title='bbox 421 1101 536 1134; x_wconf 88' lang='lat' dir='ltr'>robore</span> <span class='ocrx_word' id='word_1_102' title='bbox 561 1099 797 1144; x_wconf 81' lang='lat' dir='ltr'>permansuris,</span> <span class='ocrx_word' id='word_1_103' title='bbox 821 1099 882 1131; x_wconf 89' lang='lat' dir='ltr'>hac</span> <span class='ocrx_word' id='word_1_104' title='bbox 904 1097 971 1130; x_wconf 85' lang='lat' dir='ltr'>vice</span> <span class='ocrx_word' id='word_1_105' title='bbox 996 1096 1085 1128; x_wconf 89' lang='lat' dir='ltr'>dum-</span> 
     </span>
     <span class='ocr_line' id='line_1_21' title="bbox 341 1150 1085 1194; baseline -0.005 -8"><span class='ocrx_word' id='word_1_106' title='bbox 341 1159 435 1194; x_wconf 84' lang='lat' dir='ltr'>taxat,</span> <span class='ocrx_word' id='word_1_107' title='bbox 461 1159 548 1186; x_wconf 91' lang='lat' dir='ltr'>motu</span> <span class='ocrx_word' id='word_1_108' title='bbox 573 1159 602 1186; x_wconf 89' lang='lat' dir='ltr'>et</span> <span class='ocrx_word' id='word_1_109' title='bbox 616 1153 745 1186; x_wconf 89' lang='lat' dir='ltr'>scientia</span> <span class='ocrx_word' id='word_1_110' title='bbox 758 1151 922 1191; x_wconf 91' lang='lat' dir='ltr'>similibus,</span> <span class='ocrx_word' id='word_1_111' title='bbox 935 1150 1085 1184; x_wconf 87' lang='lat' dir='ltr'>latissime</span> 
     </span>
     <span class='ocr_line' id='line_1_22' title="bbox 341 1203 1084 1249; baseline -0.007 -10"><span class='ocrx_word' id='word_1_112' title='bbox 341 1207 533 1249; x_wconf 78' lang='lat' dir='ltr'>derogamus</span> <span class='ocrx_word' id='word_1_113' title='bbox 558 1217 595 1238; x_wconf 85' lang='lat' dir='ltr'>ac</span> <span class='ocrx_word' id='word_1_114' title='bbox 618 1206 805 1247; x_wconf 70' lang='lat' dir='ltr'>derogatum</span> <span class='ocrx_word' id='word_1_115' title='bbox 830 1214 898 1236; x_wconf 90' lang='lat' dir='ltr'>esse</span> <span class='ocrx_word' id='word_1_116' title='bbox 921 1203 1084 1242; x_wconf 87' lang='lat' dir='ltr'>volumus,</span> 
     </span>
     <span class='ocr_line' id='line_1_23' title="bbox 341 1255 1085 1302; baseline -0.007 -9"><span class='ocrx_word' id='word_1_117' title='bbox 341 1260 509 1294; x_wconf 83' lang='lat' dir='ltr'>contrariis</span> <span class='ocrx_word' id='word_1_118' title='bbox 533 1259 809 1302; x_wconf 81' lang='lat' dir='ltr'>quibuscumque3</span> <span class='ocrx_word' id='word_1_119' title='bbox 835 1262 886 1290; x_wconf 90' lang='lat' dir='ltr'>aut</span> <span class='ocrx_word' id='word_1_120' title='bbox 911 1257 935 1289; x_wconf 92' lang='lat' dir='ltr'>si</span> <span class='ocrx_word' id='word_1_121' title='bbox 960 1255 1085 1300; x_wconf 87' lang='lat' dir='ltr'>praedi-</span> 
     </span>
     <span class='ocr_line' id='line_1_24' title="bbox 340 1308 1084 1355; baseline -0.007 -9"><span class='ocrx_word' id='word_1_122' title='bbox 340 1313 398 1346; x_wconf 85' lang='lat' dir='ltr'>ctis</span> <span class='ocrx_word' id='word_1_123' title='bbox 422 1311 661 1355; x_wconf 71' lang='lat' dir='ltr'>congregationi</span> <span class='ocrx_word' id='word_1_124' title='bbox 686 1316 717 1344; x_wconf 90' lang='lat' dir='ltr'>et</span> <span class='ocrx_word' id='word_1_125' title='bbox 746 1309 911 1344; x_wconf 86' lang='lat' dir='ltr'>monachis</span> <span class='ocrx_word' id='word_1_126' title='bbox 946 1309 992 1342; x_wconf 88' lang='lat' dir='ltr'>vel</span> <span class='ocrx_word' id='word_1_127' title='bbox 1015 1308 1084 1352; x_wconf 92' lang='lat' dir='ltr'>qui-</span> 
     </span>
     <span class='ocr_line' id='line_1_25' title="bbox 340 1361 1084 1405; baseline -0.007 -7"><span class='ocrx_word' id='word_1_128' title='bbox 340 1365 447 1398; x_wconf 82' lang='lat' dir='ltr'>busvis</span> <span class='ocrx_word' id='word_1_129' title='bbox 471 1365 551 1405; x_wconf 78' lang='lat' dir='ltr'>aliis,</span> <span class='ocrx_word' id='word_1_130' title='bbox 575 1363 790 1397; x_wconf 90' lang='lat' dir='ltr'>communiter</span> <span class='ocrx_word' id='word_1_131' title='bbox 814 1363 861 1395; x_wconf 87' lang='lat' dir='ltr'>vel</span> <span class='ocrx_word' id='word_1_132' title='bbox 884 1362 1019 1401; x_wconf 83' lang='lat' dir='ltr'>divisim,</span> <span class='ocrx_word' id='word_1_133' title='bbox 1044 1361 1084 1394; x_wconf 92' lang='lat' dir='ltr'>ab</span> 
     </span>
     <span class='ocr_line' id='line_1_26' title="bbox 340 1414 1085 1462; baseline -0.007 -10"><span class='ocrx_word' id='word_1_134' title='bbox 340 1418 517 1462; x_wconf 84' lang='lat' dir='ltr'>Apostolica</span> <span class='ocrx_word' id='word_1_135' title='bbox 540 1418 576 1450; x_wconf 89' lang='lat' dir='ltr'>sit</span> <span class='ocrx_word' id='word_1_136' title='bbox 603 1417 680 1450; x_wconf 87' lang='lat' dir='ltr'>Sede</span> <span class='ocrx_word' id='word_1_137' title='bbox 705 1416 862 1448; x_wconf 87' lang='lat' dir='ltr'>indultum</span> <span class='ocrx_word' id='word_1_138' title='bbox 887 1415 971 1458; x_wconf 90' lang='lat' dir='ltr'>quod</span> <span class='ocrx_word' id='word_1_139' title='bbox 987 1414 1085 1448; x_wconf 87' lang='lat' dir='ltr'>inter-</span> 
     </span>
     <span class='ocr_line' id='line_1_27' title="bbox 340 1467 1084 1514; baseline -0.009 -8"><span class='ocrx_word' id='word_1_140' title='bbox 340 1472 429 1512; x_wconf 88' lang='lat' dir='ltr'>dici,</span> <span class='ocrx_word' id='word_1_141' title='bbox 452 1470 602 1514; x_wconf 86' lang='lat' dir='ltr'>suspendi</span> <span class='ocrx_word' id='word_1_142' title='bbox 638 1470 685 1502; x_wconf 88' lang='lat' dir='ltr'>vel</span> <span class='ocrx_word' id='word_1_143' title='bbox 723 1467 990 1501; x_wconf 85' lang='lat' dir='ltr'>excommunicari</span> <span class='ocrx_word' id='word_1_144' title='bbox 1020 1477 1084 1500; x_wconf 91' lang='lat' dir='ltr'>non</span> 
     </span>
     <span class='ocr_line' id='line_1_28' title="bbox 341 1519 1086 1569; baseline -0.011 -10"><span class='ocrx_word' id='word_1_145' title='bbox 341 1526 462 1569; x_wconf 79' lang='lat' dir='ltr'>possint</span> <span class='ocrx_word' id='word_1_146' title='bbox 485 1535 543 1568; x_wconf 92' lang='lat' dir='ltr'>per</span> <span class='ocrx_word' id='word_1_147' title='bbox 582 1524 702 1556; x_wconf 78' lang='lat' dir='ltr'>litteras</span> <span class='ocrx_word' id='word_1_148' title='bbox 742 1521 931 1564; x_wconf 88' lang='lat' dir='ltr'>apostolicas</span> <span class='ocrx_word' id='word_1_149' title='bbox 954 1530 1019 1552; x_wconf 92' lang='lat' dir='ltr'>non</span> <span class='ocrx_word' id='word_1_150' title='bbox 1042 1519 1086 1552; x_wconf 87' lang='lat' dir='ltr'>sa-</span> 
     </span>
     <span class='ocr_line' id='line_1_29' title="bbox 340 1573 1086 1622; baseline -0.011 -9"><span class='ocrx_word' id='word_1_151' title='bbox 340 1579 458 1613; x_wconf 90' lang='lat' dir='ltr'>cientes</span> <span class='ocrx_word' id='word_1_152' title='bbox 472 1579 595 1622; x_wconf 83' lang='lat' dir='ltr'>plenam</span> <span class='ocrx_word' id='word_1_153' title='bbox 609 1581 640 1609; x_wconf 88' lang='lat' dir='ltr'>et</span> <span class='ocrx_word' id='word_1_154' title='bbox 652 1585 830 1619; x_wconf 85' lang='lat' dir='ltr'>expressam</span> <span class='ocrx_word' id='word_1_155' title='bbox 840 1585 876 1607; x_wconf 88' lang='lat' dir='ltr'>ac</span> <span class='ocrx_word' id='word_1_156' title='bbox 888 1574 926 1606; x_wconf 92' lang='lat' dir='ltr'>de</span> <span class='ocrx_word' id='word_1_157' title='bbox 938 1573 1034 1606; x_wconf 90' lang='lat' dir='ltr'>verbo</span> <span class='ocrx_word' id='word_1_158' title='bbox 1046 1573 1086 1606; x_wconf 85' lang='lat' dir='ltr'>ad</span> 
     </span>
     <span class='ocr_line' id='line_1_30' title="bbox 341 1626 1086 1665; baseline -0.007 -2"><span class='ocrx_word' id='word_1_159' title='bbox 341 1632 471 1665; x_wconf 89' lang='lat' dir='ltr'>verbum</span> <span class='ocrx_word' id='word_1_160' title='bbox 489 1631 527 1663; x_wconf 90' lang='lat' dir='ltr'>de</span> <span class='ocrx_word' id='word_1_161' title='bbox 543 1630 665 1662; x_wconf 90' lang='lat' dir='ltr'>indulto</span> <span class='ocrx_word' id='word_1_162' title='bbox 683 1627 862 1661; x_wconf 91' lang='lat' dir='ltr'>huiusmodi</span> <span class='ocrx_word' id='word_1_163' title='bbox 881 1626 1086 1659; x_wconf 88' lang='lat' dir='ltr'>mentionem.</span> 
     </span>
    </p>

    <p class='ocr_par' dir='ltr' id='par_1_4' title="bbox 338 1679 1088 2511">
     <span class='ocr_line' id='line_1_31' title="bbox 384 1679 1086 1729; baseline -0.013 -10"><span class='ocrx_word' id='word_1_164' title='bbox 384 1686 399 1729; x_wconf 65' lang='grc' dir='ltr'>ἓ</span> <span class='ocrx_word' id='word_1_165' title='bbox 422 1685 452 1718; x_wconf 87' lang='lat'>5.</span> <span class='ocrx_word' id='word_1_166' title='bbox 478 1686 530 1724; x_wconf 86' lang='lat' dir='ltr'>Ac,</span> <span class='ocrx_word' id='word_1_167' title='bbox 544 1688 577 1716; x_wconf 87' lang='lat' dir='ltr'>ut</span> <span class='ocrx_word' id='word_1_168' title='bbox 595 1683 708 1715; x_wconf 88' lang='lat' dir='ltr'>harum</span> <span class='ocrx_word' id='word_1_169' title='bbox 727 1682 905 1713; x_wconf 81' lang='lat' dir='ltr'>litterarum</span> <span class='ocrx_word' id='word_1_170' title='bbox 919 1679 1032 1712; x_wconf 89' lang='lat' dir='ltr'>notitia</span> <span class='ocrx_word' id='word_1_171' title='bbox 1047 1679 1086 1711; x_wconf 88' lang='lat' dir='ltr'>ad</span> 
     </span>
     <span class='ocr_line' id='line_1_32' title="bbox 341 1730 1087 1776; baseline -0.012 -4"><span class='ocrx_word' id='word_1_172' title='bbox 341 1748 451 1772; x_wconf 90' lang='lat' dir='ltr'>omnes</span> <span class='ocrx_word' id='word_1_173' title='bbox 483 1737 585 1769; x_wconf 89' lang='lat' dir='ltr'>dictae</span> <span class='ocrx_word' id='word_1_174' title='bbox 623 1732 881 1776; x_wconf 77' lang='lat' dir='ltr'>congregationis</span> <span class='ocrx_word' id='word_1_175' title='bbox 915 1730 1087 1764; x_wconf 85' lang='lat' dir='ltr'>monachos</span> 
     </span>
     <span class='ocr_line' id='line_1_33' title="bbox 340 1784 1086 1827; baseline -0.013 -1"><span class='ocrx_word' id='word_1_176' title='bbox 340 1791 464 1826; x_wconf 78' lang='lat' dir='ltr'>facilius</span> <span class='ocrx_word' id='word_1_177' title='bbox 488 1788 664 1827; x_wconf 81' lang='lat' dir='ltr'>deveniant,</span> <span class='ocrx_word' id='word_1_178' title='bbox 690 1787 833 1819; x_wconf 80' lang='lat' dir='ltr'>volumus</span> <span class='ocrx_word' id='word_1_179' title='bbox 872 1785 939 1817; x_wconf 88' lang='lat' dir='ltr'>illas</span> <span class='ocrx_word' id='word_1_180' title='bbox 961 1784 1086 1826; x_wconf 81' lang='lat' dir='ltr'>singulo</span> 
     </span>
     <span class='ocr_line' id='line_1_34' title="bbox 340 1837 1088 1890; baseline -0.015 -11"><span class='ocrx_word' id='word_1_181' title='bbox 340 1854 466 1890; x_wconf 88' lang='lat' dir='ltr'>quoque</span> <span class='ocrx_word' id='word_1_182' title='bbox 490 1852 575 1875; x_wconf 87' lang='lat' dir='ltr'>anno</span> <span class='ocrx_word' id='word_1_183' title='bbox 602 1841 634 1873; x_wconf 89' lang='lat' dir='ltr'>in</span> <span class='ocrx_word' id='word_1_184' title='bbox 660 1839 798 1882; x_wconf 88' lang='lat' dir='ltr'>capitulo</span> <span class='ocrx_word' id='word_1_185' title='bbox 823 1837 926 1870; x_wconf 89' lang='lat' dir='ltr'>dictae</span> <span class='ocrx_word' id='word_1_186' title='bbox 954 1847 1088 1879; x_wconf 77' lang='lat' dir='ltr'>congre-</span> 
     </span>
     <span class='ocr_line' id='line_1_35' title="bbox 339 1889 1086 1941; baseline -0.017 -9"><span class='ocrx_word' id='word_1_187' title='bbox 339 1897 486 1941; x_wconf 83' lang='lat' dir='ltr'>gationis,</span> <span class='ocrx_word' id='word_1_188' title='bbox 509 1895 574 1928; x_wconf 87' lang='lat' dir='ltr'>sive</span> <span class='ocrx_word' id='word_1_189' title='bbox 597 1892 673 1926; x_wconf 92' lang='lat' dir='ltr'>illud</span> <span class='ocrx_word' id='word_1_190' title='bbox 697 1890 843 1934; x_wconf 81' lang='lat' dir='ltr'>generale</span> <span class='ocrx_word' id='word_1_191' title='bbox 868 1889 931 1921; x_wconf 87' lang='lat' dir='ltr'>sive</span> <span class='ocrx_word' id='word_1_192' title='bbox 956 1899 1019 1921; x_wconf 90' lang='lat' dir='ltr'>non</span> <span class='ocrx_word' id='word_1_193' title='bbox 1033 1899 1086 1931; x_wconf 82' lang='lat' dir='ltr'>ge-</span> 
     </span>
     <span class='ocr_line' id='line_1_36' title="bbox 339 1941 1087 1987; baseline -0.017 -3"><span class='ocrx_word' id='word_1_194' title='bbox 339 1951 445 1984; x_wconf 91' lang='lat' dir='ltr'>nerale</span> <span class='ocrx_word' id='word_1_195' title='bbox 467 1947 536 1981; x_wconf 90' lang='lat' dir='ltr'>fieri</span> <span class='ocrx_word' id='word_1_196' title='bbox 561 1945 722 1987; x_wconf 80' lang='lat' dir='ltr'>contingat</span> <span class='ocrx_word' id='word_1_197' title='bbox 743 1970 749 1983; x_wconf 93' lang='lat'>,</span> <span class='ocrx_word' id='word_1_198' title='bbox 774 1941 900 1986; x_wconf 86' lang='lat' dir='ltr'>publice</span> <span class='ocrx_word' id='word_1_199' title='bbox 940 1941 999 1983; x_wconf 74' lang='lat' dir='ltr'>legi</span> <span class='ocrx_word' id='word_1_200' title='bbox 1019 1952 1026 1979; x_wconf 87' lang='lat'>;</span> <span class='ocrx_word' id='word_1_201' title='bbox 1051 1941 1087 1973; x_wconf 95' lang='lat' dir='ltr'>il-</span> 
     </span>
     <span class='ocr_line' id='line_1_37' title="bbox 339 1994 1086 2046; baseline -0.015 -10"><span class='ocrx_word' id='word_1_202' title='bbox 339 2004 446 2046; x_wconf 88' lang='lat' dir='ltr'>lasque</span> <span class='ocrx_word' id='word_1_203' title='bbox 467 2000 499 2033; x_wconf 91' lang='lat' dir='ltr'>in</span> <span class='ocrx_word' id='word_1_204' title='bbox 524 1999 607 2032; x_wconf 83' lang='lat' dir='ltr'>dicto</span> <span class='ocrx_word' id='word_1_205' title='bbox 631 1997 769 2040; x_wconf 84' lang='lat' dir='ltr'>capitulo</span> <span class='ocrx_word' id='word_1_206' title='bbox 794 1996 888 2028; x_wconf 87' lang='lat' dir='ltr'>lectas</span> <span class='ocrx_word' id='word_1_207' title='bbox 904 1994 948 2027; x_wconf 85' lang='lat' dir='ltr'>sic</span> <span class='ocrx_word' id='word_1_208' title='bbox 964 2000 1086 2026; x_wconf 85' lang='lat' dir='ltr'>arctare</span> 
     </span>
     <span class='ocr_line' id='line_1_38' title="bbox 340 2046 1087 2097; baseline -0.016 -8"><span class='ocrx_word' id='word_1_209' title='bbox 340 2067 376 2089; x_wconf 92' lang='lat' dir='ltr'>ac</span> <span class='ocrx_word' id='word_1_210' title='bbox 401 2055 425 2089; x_wconf 90' lang='lat' dir='ltr'>si</span> <span class='ocrx_word' id='word_1_211' title='bbox 450 2053 591 2097; x_wconf 68' lang='lat' dir='ltr'>leg-{time</span> <span class='ocrx_word' id='word_1_212' title='bbox 627 2049 799 2091; x_wconf 87' lang='lat' dir='ltr'>unicuique</span> <span class='ocrx_word' id='word_1_213' title='bbox 824 2047 988 2079; x_wconf 85' lang='lat' dir='ltr'>intimatae</span> <span class='ocrx_word' id='word_1_214' title='bbox 1012 2046 1087 2078; x_wconf 87' lang='lat' dir='ltr'>suis-</span> 
     </span>
     <span class='ocr_line' id='line_1_39' title="bbox 338 2100 1087 2148; baseline -0.013 -8"><span class='ocrx_word' id='word_1_215' title='bbox 338 2113 417 2147; x_wconf 88' lang='lat' dir='ltr'>sent;</span> <span class='ocrx_word' id='word_1_216' title='bbox 442 2108 631 2148; x_wconf 90' lang='lat' dir='ltr'>illarumque</span> <span class='ocrx_word' id='word_1_217' title='bbox 655 2101 815 2146; x_wconf 76' lang='lat' dir='ltr'>exemplis,</span> <span class='ocrx_word' id='word_1_218' title='bbox 840 2100 936 2133; x_wconf 81' lang='lat' dir='ltr'>etiam</span> <span class='ocrx_word' id='word_1_219' title='bbox 954 2100 1087 2142; x_wconf 88' lang='lat' dir='ltr'>impres-</span> 
     </span>
     <span class='ocr_line' id='line_1_40' title="bbox 341 2153 1087 2201; baseline -0.016 -7"><span class='ocrx_word' id='word_1_220' title='bbox 341 2162 393 2201; x_wconf 83' lang='lat' dir='ltr'>sis,</span> <span class='ocrx_word' id='word_1_221' title='bbox 418 2170 516 2193; x_wconf 90' lang='lat' dir='ltr'>manu</span> <span class='ocrx_word' id='word_1_222' title='bbox 541 2158 664 2191; x_wconf 85' lang='lat' dir='ltr'>scribae</span> <span class='ocrx_word' id='word_1_223' title='bbox 693 2155 768 2188; x_wconf 90' lang='lat' dir='ltr'>dicti</span> <span class='ocrx_word' id='word_1_224' title='bbox 807 2153 935 2197; x_wconf 88' lang='lat' dir='ltr'>capituli</span> <span class='ocrx_word' id='word_1_225' title='bbox 960 2153 1006 2184; x_wconf 84' lang='lat' dir='ltr'>vel</span> <span class='ocrx_word' id='word_1_226' title='bbox 1030 2162 1087 2184; x_wconf 92' lang='lat' dir='ltr'>no-</span> 
     </span>
     <span class='ocr_line' id='line_1_41' title="bbox 339 2206 1087 2257; baseline -0.015 -10"><span class='ocrx_word' id='word_1_227' title='bbox 339 2214 413 2248; x_wconf 86' lang='lat' dir='ltr'>tarii</span> <span class='ocrx_word' id='word_1_228' title='bbox 439 2212 558 2257; x_wconf 87' lang='lat' dir='ltr'>publici</span> <span class='ocrx_word' id='word_1_229' title='bbox 584 2209 792 2252; x_wconf 74' lang='lat' dir='ltr'>subscriptis,</span> <span class='ocrx_word' id='word_1_230' title='bbox 816 2213 844 2240; x_wconf 88' lang='lat' dir='ltr'>et</span> <span class='ocrx_word' id='word_1_231' title='bbox 870 2206 972 2249; x_wconf 81' lang='lat' dir='ltr'>sigillo</span> <span class='ocrx_word' id='word_1_232' title='bbox 996 2215 1087 2248; x_wconf 88' lang='lat' dir='ltr'>prae-</span> 
     </span>
     <span class='ocr_line' id='line_1_42' title="bbox 343 2258 1086 2308; baseline -0.013 -8"><span class='ocrx_word' id='word_1_233' title='bbox 343 2266 475 2300; x_wconf 85' lang='lat' dir='ltr'>sidentis</span> <span class='ocrx_word' id='word_1_234' title='bbox 501 2265 599 2308; x_wconf 86' lang='lat' dir='ltr'>ipsius</span> <span class='ocrx_word' id='word_1_235' title='bbox 623 2259 880 2305; x_wconf 77' lang='lat' dir='ltr'>congregationis</span> <span class='ocrx_word' id='word_1_236' title='bbox 892 2259 941 2292; x_wconf 85' lang='lat' dir='ltr'>vel</span> <span class='ocrx_word' id='word_1_237' title='bbox 956 2258 1086 2291; x_wconf 88' lang='lat' dir='ltr'>alterius</span> 
     </span>
     <span class='ocr_line' id='line_1_43' title="bbox 340 2312 1086 2362; baseline -0.011 -11"><span class='ocrx_word' id='word_1_238' title='bbox 340 2320 374 2351; x_wconf 91' lang='lat' dir='ltr'>in</span> <span class='ocrx_word' id='word_1_239' title='bbox 392 2319 548 2362; x_wconf 79' lang='lat' dir='ltr'>dignitate</span> <span class='ocrx_word' id='word_1_240' title='bbox 572 2315 783 2350; x_wconf 78' lang='lat' dir='ltr'>ecclesiastica</span> <span class='ocrx_word' id='word_1_241' title='bbox 817 2312 980 2346; x_wconf 83' lang='lat' dir='ltr'>constituti</span> <span class='ocrx_word' id='word_1_242' title='bbox 1004 2312 1086 2344; x_wconf 89' lang='lat' dir='ltr'>obsi-</span> 
     </span>
     <span class='ocr_line' id='line_1_44' title="bbox 339 2364 1084 2414; baseline -0.012 -9"><span class='ocrx_word' id='word_1_243' title='bbox 339 2373 443 2414; x_wconf 72' lang='lat' dir='ltr'>gnatis</span> <span class='ocrx_word' id='word_1_244' title='bbox 457 2399 464 2411; x_wconf 92' lang='lat'>‚</span> <span class='ocrx_word' id='word_1_245' title='bbox 489 2370 633 2403; x_wconf 86' lang='lat' dir='ltr'>eamdem</span> <span class='ocrx_word' id='word_1_246' title='bbox 673 2378 802 2412; x_wconf 89' lang='lat' dir='ltr'>prorsus</span> <span class='ocrx_word' id='word_1_247' title='bbox 841 2365 935 2399; x_wconf 84' lang='lat' dir='ltr'>fidem</span> <span class='ocrx_word' id='word_1_248' title='bbox 974 2364 1084 2397; x_wconf 88' lang='lat' dir='ltr'>haberi</span> 
     </span>
     <span class='ocr_line' id='line_1_45' title="bbox 341 2417 1086 2468; baseline -0.011 -11"><span class='ocrx_word' id='word_1_249' title='bbox 341 2436 421 2468; x_wconf 85' lang='lat' dir='ltr'>quac</span> <span class='ocrx_word' id='word_1_250' title='bbox 446 2423 665 2467; x_wconf 79' lang='lat' dir='ltr'>praesentibus</span> <span class='ocrx_word' id='word_1_251' title='bbox 690 2421 871 2459; x_wconf 82' lang='lat' dir='ltr'>haberetur,</span> <span class='ocrx_word' id='word_1_252' title='bbox 906 2419 932 2451; x_wconf 89' lang='lat' dir='ltr'>si</span> <span class='ocrx_word' id='word_1_253' title='bbox 970 2417 1086 2450; x_wconf 85' lang='lat' dir='ltr'>eaedem</span> 
     </span>
     <span class='ocr_line' id='line_1_46' title="bbox 341 2478 579 2511; baseline -0.013 0"><span class='ocrx_word' id='word_1_254' title='bbox 341 2478 579 2511; x_wconf 72' lang='lat' dir='ltr'>exhiberentur.</span> 
     </span>
    </p>

    <p class='ocr_par' dir='ltr' id='par_1_5' title="bbox 339 2523 1088 2612">
     <span class='ocr_line' id='line_1_47' title="bbox 384 2523 1085 2570; baseline -0.01 -9"><span class='ocrx_word' id='word_1_255' title='bbox 384 2530 494 2562; x_wconf 85' lang='lat' dir='ltr'>Datum</span> <span class='ocrx_word' id='word_1_256' title='bbox 520 2530 637 2561; x_wconf 83' lang='lat' dir='ltr'>Romae</span> <span class='ocrx_word' id='word_1_257' title='bbox 661 2527 744 2570; x_wconf 86' lang='lat' dir='ltr'>apud</span> <span class='ocrx_word' id='word_1_258' title='bbox 772 2526 921 2558; x_wconf 76' lang='lat' dir='ltr'>Sanctum</span> <span class='ocrx_word' id='word_1_259' title='bbox 948 2523 1085 2563; x_wconf 85' lang='lat' dir='ltr'>Petrum,</span> 
     </span>
     <span class='ocr_line' id='line_1_48' title="bbox 339 2568 1088 2612; baseline -0.009 -6"><span class='ocrx_word' id='word_1_260' title='bbox 339 2573 399 2606; x_wconf 90' lang='lat' dir='ltr'>sub</span> <span class='ocrx_word' id='word_1_261' title='bbox 417 2574 533 2605; x_wconf 80' lang='lat' dir='ltr'>annulo</span> <span class='ocrx_word' id='word_1_262' title='bbox 551 2573 672 2609; x_wconf 72' lang='lat' dir='ltr'>piscat,</span> <span class='ocrx_word' id='word_1_263' title='bbox 692 2571 740 2603; x_wconf 88' lang='lat' dir='ltr'>die</span> <span class='ocrx_word' id='word_1_264' title='bbox 759 2579 791 2603; x_wconf 92' lang='lat' dir='ltr'>1v</span> <span class='ocrx_word' id='word_1_265' title='bbox 817 2568 927 2612; x_wconf 80' lang='lat' dir='ltr'>aprilis</span> <span class='ocrx_word' id='word_1_266' title='bbox 944 2576 1088 2600; x_wconf 73' lang='lat' dir='ltr'>MDLxxnt</span> 
     </span>
    </p>
   </div>
   <div class='ocr_carea' id='block_1_4' title="bbox 340 2615 1015 2702">
    <p class='ocr_par' dir='ltr' id='par_1_6' title="bbox 340 2615 1015 2702">
     <span class='ocr_line' id='line_1_49' title="bbox 340 2615 855 2660; baseline -0.01 -10"><span class='ocrx_word' id='word_1_267' title='bbox 340 2617 542 2660; x_wconf 80' lang='lat' dir='ltr'>pontificatus</span> <span class='ocrx_word' id='word_1_268' title='bbox 566 2615 665 2648; x_wconf 84' lang='lat' dir='ltr'>nostri</span> <span class='ocrx_word' id='word_1_269' title='bbox 691 2624 774 2646; x_wconf 89' lang='lat' dir='ltr'>anno</span> <span class='ocrx_word' id='word_1_270' title='bbox 799 2623 855 2646; x_wconf 88' lang='lat' dir='ltr'>vn.</span> 
     </span>
     <span class='ocr_line' id='line_1_50' title="bbox 374 2667 1015 2702; baseline -0.009 -4"><span class='ocrx_word' id='word_1_271' title='bbox 374 2671 438 2698; x_wconf 82' lang='lat' dir='ltr'>Dat.</span> <span class='ocrx_word' id='word_1_272' title='bbox 452 2670 496 2697; x_wconf 78' lang='lat' dir='ltr'>die</span> <span class='ocrx_word' id='word_1_273' title='bbox 514 2671 530 2695; x_wconf 85' lang='lat'>4</span> <span class='ocrx_word' id='word_1_274' title='bbox 549 2669 645 2701; x_wconf 82' lang='lat' dir='ltr'>aprilis</span> <span class='ocrx_word' id='word_1_275' title='bbox 666 2670 741 2701; x_wconf 78' lang='lat'>1579,</span> <span class='ocrx_word' id='word_1_276' title='bbox 761 2667 860 2702; x_wconf 46' lang='lat' dir='ltr'>pontif,</span> <span class='ocrx_word' id='word_1_277' title='bbox 876 2674 947 2693; x_wconf 82' lang='lat' dir='ltr'>anno</span> <span class='ocrx_word' id='word_1_278' title='bbox 966 2675 1015 2692; x_wconf 71' lang='lat' dir='ltr'>vn.</span> 
     </span>
    </p>
   </div>
   <div class='ocr_carea' id='block_1_5' title="bbox 915 248 1281 277">
    <p class='ocr_par' dir='ltr' id='par_1_7' title="bbox 915 248 1281 277">
     <span class='ocr_line' id='line_1_51' title="bbox 915 248 1281 277; baseline -0.016 0"><span class='ocrx_word' id='word_1_279' title='bbox 915 251 1100 277; x_wconf 76' lang='lat' dir='ltr'><strong>BULLARIUM</strong></span> <span class='ocrx_word' id='word_1_280' title='bbox 1126 248 1281 273; x_wconf 63' lang='lat' dir='ltr'>Romnum</span> 
     </span>
    </p>
   </div>
   <div class='ocr_carea' id='block_1_6' title="bbox 1443 298 1537 333">
    <p class='ocr_par' dir='ltr' id='par_1_8' title="bbox 1443 298 1537 333">
     <span class='ocr_line' id='line_1_52' title="bbox 1443 298 1537 333; baseline -0.011 -1"><span class='ocrx_word' id='word_1_281' title='bbox 1443 298 1537 333; x_wconf 76' lang='lat' dir='ltr'>XCIII.</span> 
     </span>
    </p>
   </div>
   <div class='ocr_carea' id='block_1_7' title="bbox 1116 387 1861 432">
    <p class='ocr_par' dir='ltr' id='par_1_9' title="bbox 1116 387 1861 432">
     <span class='ocr_line' id='line_1_53' title="bbox 1116 387 1861 432; baseline -0.003 -12"><span class='ocrx_word' id='word_1_282' title='bbox 1116 387 1298 431; x_wconf 71' lang='lat' dir='ltr'>Suppressio</span> <span class='ocrx_word' id='word_1_283' title='bbox 1321 388 1533 432; x_wconf 81' lang='lat' dir='ltr'>quorumdam</span> <span class='ocrx_word' id='word_1_284' title='bbox 1549 388 1814 421; x_wconf 72' lang='lat' dir='ltr'>monasteriorum</span> <span class='ocrx_word' id='word_1_285' title='bbox 1833 388 1861 418; x_wconf 80' lang='lat' dir='ltr'>et</span> 
     </span>
    </p>
   </div>
   <div class='ocr_carea' id='block_1_8' title="bbox 1162 439 1908 484">
    <p class='ocr_par' dir='ltr' id='par_1_10' title="bbox 1162 424 1972 484">
     <span class='ocr_line' id='line_1_54' title="bbox 1162 439 1908 484; baseline -0.004 -12"><span class='ocrx_word' id='word_1_286' title='bbox 1162 441 1354 484; x_wconf 66' lang='lat' dir='ltr'>‹liqnitatum</span> <span class='ocrx_word' id='word_1_287' title='bbox 1381 440 1588 473; x_wconf 75' lang='lat' dir='ltr'>abbatialium</span> <span class='ocrx_word' id='word_1_288' title='bbox 1615 439 1861 483; x_wconf 72' lang='lat' dir='ltr'>conyreyatitmis</span> <span class='ocrx_word' id='word_1_289' title='bbox 1905 460 1908 463; x_wconf 90' lang='lat'><em>-</em></span> 
     </span>
    </p>
   </div>
   <div class='ocr_carea' id='block_1_9' title="bbox 1156 491 1861 686">
    <p class='ocr_par' dir='ltr' id='par_1_11' title="bbox 1156 491 1861 686">
     <span class='ocr_line' id='line_1_55' title="bbox 1163 491 1860 536; baseline -0.006 -9"><span class='ocrx_word' id='word_1_290' title='bbox 1163 494 1478 535; x_wconf 70' lang='lat' dir='ltr'>Camaldutensium‚</span> <span class='ocrx_word' id='word_1_291' title='bbox 1521 498 1548 526; x_wconf 81' lang='lat' dir='ltr'>et</span> <span class='ocrx_word' id='word_1_292' title='bbox 1583 492 1750 536; x_wconf 73' lang='lat' dir='ltr'>applicatio</span> <span class='ocrx_word' id='word_1_293' title='bbox 1787 491 1860 524; x_wconf 82' lang='lat' dir='ltr'>aliis</span> 
     </span>
     <span class='ocr_line' id='line_1_56' title="bbox 1158 542 1861 590; baseline -0.007 -10"><span class='ocrx_word' id='word_1_294' title='bbox 1158 548 1358 580; x_wconf 38' lang='lat' dir='ltr'>*monasteriis</span> <span class='ocrx_word' id='word_1_295' title='bbox 1382 551 1408 579; x_wconf 81' lang='lat' dir='ltr'>et</span> <span class='ocrx_word' id='word_1_296' title='bbox 1433 547 1566 580; x_wconf 80' lang='lat' dir='ltr'>ecclesiis</span> <span class='ocrx_word' id='word_1_297' title='bbox 1587 557 1644 590; x_wconf 80' lang='lat' dir='ltr'>pro</span> <span class='ocrx_word' id='word_1_298' title='bbox 1667 542 1861 577; x_wconf 75' lang='lat' dir='ltr'>restituenda</span> 
     </span>
     <span class='ocr_line' id='line_1_57' title="bbox 1156 599 1859 657; baseline -0.004 -26"><span class='ocrx_word' id='word_1_299' title='bbox 1156 600 1297 642; x_wconf 71' lang='lat' dir='ltr'>requlari&#39;</span> <span class='ocrx_word' id='word_1_300' title='bbox 1324 599 1492 642; x_wconf 78' lang='lat' dir='ltr'>disciplina</span> <span class='ocrx_word' id='word_1_301' title='bbox 1516 599 1660 657; x_wconf 58' lang='lat' dir='ltr'>iii-dicta</span> <span class='ocrx_word' id='word_1_302' title='bbox 1693 605 1859 640; x_wconf 65' lang='lat' dir='ltr'>conareya-</span> 
     </span>
     <span class='ocr_line' id='line_1_58' title="bbox 1156 654 1286 686; baseline 0.008 -1"><span class='ocrx_word' id='word_1_303' title='bbox 1156 654 1240 686; x_wconf 79' lang='lat' dir='ltr'>lione</span> <span class='ocrx_word' id='word_1_304' title='bbox 1264 654 1286 686; x_wconf 87' lang='lat'>¹.</span> 
     </span>
    </p>
   </div>
   <div class='ocr_carea' id='block_1_10' title="bbox 1113 738 1858 780">
    <p class='ocr_par' dir='ltr' id='par_1_12' title="bbox 1113 738 1858 780">
     <span class='ocr_line' id='line_1_59' title="bbox 1113 738 1858 780; baseline -0.007 -8"><span class='ocrx_word' id='word_1_305' title='bbox 1113 744 1249 779; x_wconf 63' lang='lat' dir='ltr'>Greqorius</span> <span class='ocrx_word' id='word_1_306' title='bbox 1271 744 1341 779; x_wconf 80' lang='lat' dir='ltr'>Papa</span> <span class='ocrx_word' id='word_1_307' title='bbox 1355 745 1417 779; x_wconf 84' lang='lat' dir='ltr'>xm,</span> <span class='ocrx_word' id='word_1_308' title='bbox 1433 744 1465 772; x_wconf 75' lang='lat' dir='ltr'>att</span> <span class='ocrx_word' id='word_1_309' title='bbox 1480 745 1630 780; x_wconf 73' lang='lat' dir='ltr'>perpetuam</span> <span class='ocrx_word' id='word_1_310' title='bbox 1645 741 1683 770; x_wconf 79' lang='lat' dir='ltr'>rei</span> <span class='ocrx_word' id='word_1_311' title='bbox 1698 738 1858 770; x_wconf 78' lang='lat' dir='ltr'>memoriam.</span> 
     </span>
    </p>
   </div>
   <div class='ocr_carea' id='block_1_11' title="bbox 1113 833 1859 1672">
    <p class='ocr_par' dir='ltr' id='par_1_13' title="bbox 1114 833 1859 1306">
     <span class='ocr_line' id='line_1_60' title="bbox 1158 833 1858 879; baseline 0 -12"><span class='ocrx_word' id='word_1_312' title='bbox 1158 834 1204 867; x_wconf 90' lang='lat' dir='ltr'>Ab</span> <span class='ocrx_word' id='word_1_313' title='bbox 1228 835 1296 878; x_wconf 91' lang='lat' dir='ltr'>ipso</span> <span class='ocrx_word' id='word_1_314' title='bbox 1319 835 1458 879; x_wconf 90' lang='lat' dir='ltr'>primum</span> <span class='ocrx_word' id='word_1_315' title='bbox 1491 835 1567 876; x_wconf 89' lang='lat' dir='ltr'>die,</span> <span class='ocrx_word' id='word_1_316' title='bbox 1592 845 1654 879; x_wconf 85' lang='lat' dir='ltr'>quo</span> <span class='ocrx_word' id='word_1_317' title='bbox 1678 834 1796 868; x_wconf 82' lang='lat' dir='ltr'>suimus</span> <span class='ocrx_word' id='word_1_318' title='bbox 1817 833 1858 867; x_wconf 87' lang='lat' dir='ltr'>ad</span> 
     </span>
     <span class='ocr_line' id='line_1_61' title="bbox 1115 886 1859 931; baseline -0.001 -11"><span class='ocrx_word' id='word_1_319' title='bbox 1115 888 1256 931; x_wconf 83' lang='lat' dir='ltr'>regimen</span> <span class='ocrx_word' id='word_1_320' title='bbox 1279 888 1467 922; x_wconf 87' lang='lat' dir='ltr'>universalis</span> <span class='ocrx_word' id='word_1_321' title='bbox 1483 888 1639 921; x_wconf 82' lang='lat' dir='ltr'>Ecclesiae</span> <span class='ocrx_word' id='word_1_322' title='bbox 1661 887 1768 920; x_wconf 83' lang='lat' dir='ltr'>divina</span> <span class='ocrx_word' id='word_1_323' title='bbox 1791 886 1859 930; x_wconf 87' lang='lat' dir='ltr'>pie-</span> 
     </span>
     <span class='ocr_line' id='line_1_62' title="bbox 1116 938 1858 985; baseline -0.003 -12"><span class='ocrx_word' id='word_1_324' title='bbox 1116 946 1177 974; x_wconf 89' lang='lat' dir='ltr'>tate</span> <span class='ocrx_word' id='word_1_325' title='bbox 1201 943 1311 983; x_wconf 85' lang='lat' dir='ltr'>vocati,</span> <span class='ocrx_word' id='word_1_326' title='bbox 1336 941 1580 975; x_wconf 89' lang='lat' dir='ltr'>sollicitudinem</span> <span class='ocrx_word' id='word_1_327' title='bbox 1598 944 1784 985; x_wconf 89' lang='lat' dir='ltr'>perpetuam</span> <span class='ocrx_word' id='word_1_328' title='bbox 1800 938 1858 972; x_wconf 87' lang='lat' dir='ltr'>ha-</span> 
     </span>
     <span class='ocr_line' id='line_1_63' title="bbox 1114 992 1858 1039; baseline -0.004 -11"><span class='ocrx_word' id='word_1_329' title='bbox 1114 995 1242 1028; x_wconf 93' lang='lat' dir='ltr'>buimus</span> <span class='ocrx_word' id='word_1_330' title='bbox 1265 996 1297 1028; x_wconf 91' lang='lat' dir='ltr'>in</span> <span class='ocrx_word' id='word_1_331' title='bbox 1327 995 1504 1039; x_wconf 86' lang='lat' dir='ltr'>reparanda</span> <span class='ocrx_word' id='word_1_332' title='bbox 1527 1005 1690 1028; x_wconf 89' lang='lat' dir='ltr'>sacrarum</span> <span class='ocrx_word' id='word_1_333' title='bbox 1721 992 1858 1036; x_wconf 83' lang='lat' dir='ltr'>Religio-</span> 
     </span>
     <span class='ocr_line' id='line_1_64' title="bbox 1117 1045 1857 1093; baseline -0.004 -11"><span class='ocrx_word' id='word_1_334' title='bbox 1117 1060 1190 1082; x_wconf 88' lang='lat' dir='ltr'>num</span> <span class='ocrx_word' id='word_1_335' title='bbox 1215 1049 1393 1093; x_wconf 79' lang='lat' dir='ltr'>disciplina,</span> <span class='ocrx_word' id='word_1_336' title='bbox 1418 1060 1454 1082; x_wconf 84' lang='lat' dir='ltr'>ac</span> <span class='ocrx_word' id='word_1_337' title='bbox 1477 1047 1622 1082; x_wconf 89' lang='lat' dir='ltr'>tollendis</span> <span class='ocrx_word' id='word_1_338' title='bbox 1638 1045 1857 1088; x_wconf 90' lang='lat' dir='ltr'>incommodis,</span> 
     </span>
     <span class='ocr_line' id='line_1_65' title="bbox 1116 1100 1858 1146; baseline -0.003 -11"><span class='ocrx_word' id='word_1_339' title='bbox 1116 1114 1195 1146; x_wconf 82' lang='lat' dir='ltr'>quae</span> <span class='ocrx_word' id='word_1_340' title='bbox 1220 1103 1252 1135; x_wconf 92' lang='lat' dir='ltr'>in</span> <span class='ocrx_word' id='word_1_341' title='bbox 1277 1103 1322 1136; x_wconf 89' lang='lat' dir='ltr'>eis</span> <span class='ocrx_word' id='word_1_342' title='bbox 1345 1102 1554 1146; x_wconf 88' lang='lat' dir='ltr'>irrepserint,</span> <span class='ocrx_word' id='word_1_343' title='bbox 1578 1107 1611 1134; x_wconf 92' lang='lat' dir='ltr'>ut</span> <span class='ocrx_word' id='word_1_344' title='bbox 1630 1129 1637 1142; x_wconf 93' lang='lat'>‚</span> <span class='ocrx_word' id='word_1_345' title='bbox 1662 1100 1725 1135; x_wconf 91' lang='lat' dir='ltr'>illis</span> <span class='ocrx_word' id='word_1_346' title='bbox 1747 1104 1858 1134; x_wconf 86' lang='lat' dir='ltr'>nostra</span> 
     </span>
     <span class='ocr_line' id='line_1_66' title="bbox 1115 1153 1858 1201; baseline -0.005 -10"><span class='ocrx_word' id='word_1_347' title='bbox 1115 1168 1210 1201; x_wconf 89' lang='lat' dir='ltr'>opera</span> <span class='ocrx_word' id='word_1_348' title='bbox 1234 1163 1264 1191; x_wconf 90' lang='lat' dir='ltr'>et</span> <span class='ocrx_word' id='word_1_349' title='bbox 1287 1157 1475 1190; x_wconf 84' lang='lat' dir='ltr'>auctoritate</span> <span class='ocrx_word' id='word_1_350' title='bbox 1499 1166 1594 1199; x_wconf 88' lang='lat' dir='ltr'>quam</span> <span class='ocrx_word' id='word_1_351' title='bbox 1619 1155 1759 1198; x_wconf 90' lang='lat' dir='ltr'>primum</span> <span class='ocrx_word' id='word_1_352' title='bbox 1783 1153 1858 1188; x_wconf 88' lang='lat' dir='ltr'>suh-</span> 
     </span>
     <span class='ocr_line' id='line_1_67' title="bbox 1115 1206 1857 1254; baseline -0.007 -9"><span class='ocrx_word' id='word_1_353' title='bbox 1115 1212 1195 1253; x_wconf 84' lang='lat' dir='ltr'>latis‚</span> <span class='ocrx_word' id='word_1_354' title='bbox 1220 1211 1398 1254; x_wconf 79' lang='lat' dir='ltr'>Religiones</span> <span class='ocrx_word' id='word_1_355' title='bbox 1422 1210 1508 1253; x_wconf 87' lang='lat' dir='ltr'>ipsae</span> <span class='ocrx_word' id='word_1_356' title='bbox 1546 1209 1667 1242; x_wconf 81' lang='lat' dir='ltr'>fructus</span> <span class='ocrx_word' id='word_1_357' title='bbox 1697 1207 1800 1251; x_wconf 84' lang='lat' dir='ltr'>magis</span> <span class='ocrx_word' id='word_1_358' title='bbox 1822 1206 1857 1240; x_wconf 87' lang='lat' dir='ltr'>in</span> 
     </span>
     <span class='ocr_line' id='line_1_68' title="bbox 1114 1262 1739 1306; baseline -0.005 -9"><span class='ocrx_word' id='word_1_359' title='bbox 1114 1265 1195 1298; x_wconf 91' lang='lat' dir='ltr'>diem</span> <span class='ocrx_word' id='word_1_360' title='bbox 1221 1265 1353 1298; x_wconf 89' lang='lat' dir='ltr'>Domino</span> <span class='ocrx_word' id='word_1_361' title='bbox 1377 1263 1538 1306; x_wconf 79' lang='lat' dir='ltr'>proferant</span> <span class='ocrx_word' id='word_1_362' title='bbox 1561 1262 1739 1305; x_wconf 87' lang='lat' dir='ltr'>ampliores.</span> 
     </span>
    </p>

    <p class='ocr_par' dir='ltr' id='par_1_14' title="bbox 1113 1314 1858 1672">
     <span class='ocr_line' id='line_1_69' title="bbox 1157 1314 1855 1361; baseline -0.009 -8"><span class='ocrx_word' id='word_1_363' title='bbox 1157 1320 1171 1360; x_wconf 66' lang='grc' dir='ltr'>ξ</span> <span class='ocrx_word' id='word_1_364' title='bbox 1195 1320 1224 1352; x_wconf 82' lang='grc'>1.</span> <span class='ocrx_word' id='word_1_365' title='bbox 1249 1320 1337 1352; x_wconf 82' lang='lat' dir='ltr'>Pium</span> <span class='ocrx_word' id='word_1_366' title='bbox 1362 1319 1460 1361; x_wconf 65' lang='lat' dir='ltr'>igitur</span> <span class='ocrx_word' id='word_1_367' title='bbox 1483 1317 1542 1350; x_wconf 89' lang='lat' dir='ltr'>hoc</span> <span class='ocrx_word' id='word_1_368' title='bbox 1579 1321 1610 1349; x_wconf 88' lang='lat' dir='ltr'>et</span> <span class='ocrx_word' id='word_1_369' title='bbox 1648 1316 1783 1348; x_wconf 80' lang='lat' dir='ltr'>salutare</span> <span class='ocrx_word' id='word_1_370' title='bbox 1806 1314 1855 1347; x_wconf 90' lang='lat' dir='ltr'>in-</span> 
     </span>
     <span class='ocr_line' id='line_1_70' title="bbox 1113 1369 1856 1415; baseline -0.004 -11"><span class='ocrx_word' id='word_1_371' title='bbox 1113 1371 1256 1405; x_wconf 85' lang='lat' dir='ltr'>stitutum</span> <span class='ocrx_word' id='word_1_372' title='bbox 1281 1371 1440 1415; x_wconf 81' lang='lat' dir='ltr'>prosequi,</span> <span class='ocrx_word' id='word_1_373' title='bbox 1464 1375 1623 1403; x_wconf 83' lang='lat' dir='ltr'>annuente</span> <span class='ocrx_word' id='word_1_374' title='bbox 1639 1369 1783 1410; x_wconf 88' lang='lat' dir='ltr'>Domino,</span> <span class='ocrx_word' id='word_1_375' title='bbox 1805 1369 1856 1402; x_wconf 86' lang='lat' dir='ltr'>in-</span> 
     </span>
     <span class='ocr_line' id='line_1_71' title="bbox 1113 1421 1858 1465; baseline -0.008 -5"><span class='ocrx_word' id='word_1_376' title='bbox 1113 1426 1287 1465; x_wconf 82' lang='lat' dir='ltr'>tendentes,</span> <span class='ocrx_word' id='word_1_377' title='bbox 1311 1425 1349 1458; x_wconf 86' lang='lat' dir='ltr'>ad</span> <span class='ocrx_word' id='word_1_378' title='bbox 1381 1422 1591 1457; x_wconf 82' lang='lat' dir='ltr'>venerabilem</span> <span class='ocrx_word' id='word_1_379' title='bbox 1626 1421 1778 1455; x_wconf 81' lang='lat' dir='ltr'>familiam</span> <span class='ocrx_word' id='word_1_380' title='bbox 1800 1421 1858 1455; x_wconf 90' lang='lat' dir='ltr'>Ca-</span> 
     </span>
     <span class='ocr_line' id='line_1_72' title="bbox 1115 1474 1857 1518; baseline -0.007 -7"><span class='ocrx_word' id='word_1_381' title='bbox 1115 1478 1366 1518; x_wconf 65' lang='lat' dir='ltr'>mfflutensium,</span> <span class='ocrx_word' id='word_1_382' title='bbox 1390 1477 1465 1510; x_wconf 91' lang='lat' dir='ltr'>olim</span> <span class='ocrx_word' id='word_1_383' title='bbox 1493 1487 1511 1508; x_wconf 85' lang='lat' dir='ltr'>a</span> <span class='ocrx_word' id='word_1_384' title='bbox 1549 1475 1643 1508; x_wconf 89' lang='lat' dir='ltr'>Beato</span> <span class='ocrx_word' id='word_1_385' title='bbox 1682 1474 1857 1508; x_wconf 89' lang='lat' dir='ltr'>Romualdo</span> 
     </span>
     <span class='ocr_line' id='line_1_73' title="bbox 1115 1526 1858 1571; baseline -0.008 -6"><span class='ocrx_word' id='word_1_386' title='bbox 1115 1532 1302 1571; x_wconf 89' lang='lat' dir='ltr'>institutam,</span> <span class='ocrx_word' id='word_1_387' title='bbox 1326 1540 1443 1569; x_wconf 85' lang='lat' dir='ltr'>eremo,</span> <span class='ocrx_word' id='word_1_388' title='bbox 1467 1528 1631 1562; x_wconf 85' lang='lat' dir='ltr'>sanctitate</span> <span class='ocrx_word' id='word_1_389' title='bbox 1648 1532 1679 1560; x_wconf 87' lang='lat' dir='ltr'>et</span> <span class='ocrx_word' id='word_1_390' title='bbox 1694 1526 1858 1570; x_wconf 81' lang='lat' dir='ltr'>religionis</span> 
     </span>
     <span class='ocr_line' id='line_1_74' title="bbox 1115 1580 1858 1626; baseline -0.009 -7"><span class='ocrx_word' id='word_1_391' title='bbox 1115 1587 1178 1619; x_wconf 92' lang='lat' dir='ltr'>zelo</span> <span class='ocrx_word' id='word_1_392' title='bbox 1202 1585 1378 1623; x_wconf 79' lang='lat' dir='ltr'>florentem,</span> <span class='ocrx_word' id='word_1_393' title='bbox 1403 1581 1614 1626; x_wconf 86' lang='lat' dir='ltr'>respicimus;</span> <span class='ocrx_word' id='word_1_394' title='bbox 1653 1585 1684 1613; x_wconf 87' lang='lat' dir='ltr'>et</span> <span class='ocrx_word' id='word_1_395' title='bbox 1715 1580 1858 1613; x_wconf 83' lang='lat' dir='ltr'>animad-</span> 
     </span>
     <span class='ocr_line' id='line_1_75' title="bbox 1114 1633 1858 1672; baseline -0.009 0"><span class='ocrx_word' id='word_1_396' title='bbox 1114 1643 1271 1672; x_wconf 77' lang='lat' dir='ltr'>vertentes</span> <span class='ocrx_word' id='word_1_397' title='bbox 1295 1636 1435 1670; x_wconf 89' lang='lat' dir='ltr'>eiusdem</span> <span class='ocrx_word' id='word_1_398' title='bbox 1460 1634 1587 1668; x_wconf 89' lang='lat' dir='ltr'>Ordinis</span> <span class='ocrx_word' id='word_1_399' title='bbox 1610 1633 1782 1666; x_wconf 87' lang='lat' dir='ltr'>monachos</span> <span class='ocrx_word' id='word_1_400' title='bbox 1798 1642 1858 1666; x_wconf 91' lang='lat' dir='ltr'>nu-</span> 
     </span>
    </p>
   </div>
   <div class='ocr_carea' id='block_1_12' title="bbox 1115 1685 1910 1731">
    <p class='ocr_par' dir='ltr' id='par_1_15' title="bbox 1115 1685 1910 1731">
     <span class='ocr_line' id='line_1_76' title="bbox 1115 1685 1910 1731; baseline -0.009 -6"><span class='ocrx_word' id='word_1_401' title='bbox 1115 1702 1202 1724; x_wconf 90' lang='lat' dir='ltr'>mero</span> <span class='ocrx_word' id='word_1_402' title='bbox 1227 1690 1304 1723; x_wconf 91' lang='lat' dir='ltr'>adeo</span> <span class='ocrx_word' id='word_1_403' title='bbox 1328 1689 1441 1731; x_wconf 76' lang='lat' dir='ltr'>exiguo</span> <span class='ocrx_word' id='word_1_404' title='bbox 1464 1698 1531 1721; x_wconf 89' lang='lat' dir='ltr'>esse</span> <span class='ocrx_word' id='word_1_405' title='bbox 1547 1714 1555 1728; x_wconf 90' lang='lat'>‚</span> <span class='ocrx_word' id='word_1_406' title='bbox 1580 1691 1673 1730; x_wconf 86' lang='lat' dir='ltr'>atque</span> <span class='ocrx_word' id='word_1_407' title='bbox 1707 1685 1857 1719; x_wconf 89' lang='lat' dir='ltr'>Ordinem</span> <span class='ocrx_word' id='word_1_408' title='bbox 1907 1721 1910 1723; x_wconf 18' lang='grc' dir='ltr'><strong>Α</strong></span> 
     </span>
    </p>
   </div>
   <div class='ocr_carea' id='block_1_13' title="bbox 1115 1739 1862 2627">
    <p class='ocr_par' dir='ltr' id='par_1_16' title="bbox 1115 1739 1862 2627">
     <span class='ocr_line' id='line_1_77' title="bbox 1116 1739 1856 1788; baseline -0.007 -11"><span class='ocrx_word' id='word_1_409' title='bbox 1116 1746 1218 1788; x_wconf 79' lang='lat' dir='ltr'>ipsum</span> <span class='ocrx_word' id='word_1_410' title='bbox 1243 1743 1288 1776; x_wconf 87' lang='lat' dir='ltr'>sic</span> <span class='ocrx_word' id='word_1_411' title='bbox 1304 1742 1447 1785; x_wconf 80' lang='lat' dir='ltr'>angustis</span> <span class='ocrx_word' id='word_1_412' title='bbox 1471 1751 1570 1784; x_wconf 87' lang='lat' dir='ltr'>prope</span> <span class='ocrx_word' id='word_1_413' title='bbox 1592 1740 1710 1773; x_wconf 89' lang='lat' dir='ltr'>finibus</span> <span class='ocrx_word' id='word_1_414' title='bbox 1721 1739 1856 1773; x_wconf 87' lang='lat' dir='ltr'>circum-</span> 
     </span>
     <span class='ocr_line' id='line_1_78' title="bbox 1116 1793 1856 1838; baseline -0.007 -8"><span class='ocrx_word' id='word_1_415' title='bbox 1116 1797 1222 1836; x_wconf 88' lang='lat' dir='ltr'>scribi,</span> <span class='ocrx_word' id='word_1_416' title='bbox 1247 1801 1280 1829; x_wconf 92' lang='lat' dir='ltr'>ut</span> <span class='ocrx_word' id='word_1_417' title='bbox 1298 1795 1336 1827; x_wconf 89' lang='lat' dir='ltr'>ad</span> <span class='ocrx_word' id='word_1_418' title='bbox 1355 1794 1454 1838; x_wconf 83' lang='lat' dir='ltr'>ipsius</span> <span class='ocrx_word' id='word_1_419' title='bbox 1470 1794 1641 1837; x_wconf 81' lang='lat' dir='ltr'>dignitates</span> <span class='ocrx_word' id='word_1_420' title='bbox 1653 1793 1856 1836; x_wconf 84' lang='lat' dir='ltr'>regendaque</span> 
     </span>
     <span class='ocr_line' id='line_1_79' title="bbox 1116 1846 1857 1883; baseline -0.007 0"><span class='ocrx_word' id='word_1_421' title='bbox 1116 1848 1307 1883; x_wconf 88' lang='lat' dir='ltr'>monasteria</span> <span class='ocrx_word' id='word_1_422' title='bbox 1346 1847 1500 1880; x_wconf 87' lang='lat' dir='ltr'>inhabiles</span> <span class='ocrx_word' id='word_1_423' title='bbox 1537 1847 1586 1879; x_wconf 89' lang='lat' dir='ltr'>vel</span> <span class='ocrx_word' id='word_1_424' title='bbox 1622 1846 1728 1879; x_wconf 91' lang='lat' dir='ltr'>minus</span> <span class='ocrx_word' id='word_1_425' title='bbox 1750 1846 1857 1880; x_wconf 90' lang='lat' dir='ltr'>idonei</span> 
     </span>
     <span class='ocr_line' id='line_1_80' title="bbox 1116 1898 1860 1944; baseline -0.008 -7"><span class='ocrx_word' id='word_1_426' title='bbox 1116 1915 1152 1937; x_wconf 88' lang='lat' dir='ltr'>ac</span> <span class='ocrx_word' id='word_1_427' title='bbox 1168 1904 1346 1936; x_wconf 87' lang='lat' dir='ltr'>litterarum</span> <span class='ocrx_word' id='word_1_428' title='bbox 1360 1901 1463 1944; x_wconf 83' lang='lat' dir='ltr'>ignari</span> <span class='ocrx_word' id='word_1_429' title='bbox 1477 1901 1666 1943; x_wconf 87' lang='lat' dir='ltr'>plerumque</span> <span class='ocrx_word' id='word_1_430' title='bbox 1682 1898 1860 1942; x_wconf 80' lang='lat' dir='ltr'>necessario</span> 
     </span>
     <span class='ocr_line' id='line_1_81' title="bbox 1116 1951 1861 1999; baseline -0.012 -8"><span class='ocrx_word' id='word_1_431' title='bbox 1116 1958 1176 1991; x_wconf 87' lang='lat' dir='ltr'>sint</span> <span class='ocrx_word' id='word_1_432' title='bbox 1202 1955 1352 1999; x_wconf 53' lang='lat' dir='ltr'>eligendiy</span> <span class='ocrx_word' id='word_1_433' title='bbox 1373 1954 1564 1996; x_wconf 88' lang='lat' dir='ltr'>eosdemque</span> <span class='ocrx_word' id='word_1_434' title='bbox 1587 1951 1627 1985; x_wconf 89' lang='lat' dir='ltr'>ad</span> <span class='ocrx_word' id='word_1_435' title='bbox 1646 1962 1699 1984; x_wconf 86' lang='lat' dir='ltr'>eas</span> <span class='ocrx_word' id='word_1_436' title='bbox 1723 1951 1861 1994; x_wconf 83' lang='lat' dir='ltr'>dignita-</span> 
     </span>
     <span class='ocr_line' id='line_1_82' title="bbox 1117 2006 1858 2052; baseline -0.012 -8"><span class='ocrx_word' id='word_1_437' title='bbox 1117 2017 1161 2045; x_wconf 89' lang='lat' dir='ltr'>tes</span> <span class='ocrx_word' id='word_1_438' title='bbox 1184 2013 1372 2052; x_wconf 86' lang='lat' dir='ltr'>assumptos,</span> <span class='ocrx_word' id='word_1_439' title='bbox 1396 2017 1429 2040; x_wconf 91' lang='lat' dir='ltr'>se</span> <span class='ocrx_word' id='word_1_440' title='bbox 1452 2006 1536 2050; x_wconf 90' lang='lat' dir='ltr'>ipsos</span> <span class='ocrx_word' id='word_1_441' title='bbox 1560 2015 1623 2038; x_wconf 91' lang='lat' dir='ltr'>non</span> <span class='ocrx_word' id='word_1_442' title='bbox 1641 2008 1858 2047; x_wconf 80' lang='lat' dir='ltr'>agnoscentes,</span> 
     </span>
     <span class='ocr_line' id='line_1_83' title="bbox 1116 2056 1859 2108; baseline -0.015 -10"><span class='ocrx_word' id='word_1_443' title='bbox 1116 2076 1151 2098; x_wconf 88' lang='lat' dir='ltr'>ac</span> <span class='ocrx_word' id='word_1_444' title='bbox 1175 2061 1314 2108; x_wconf 90' lang='lat' dir='ltr'>propriis</span> <span class='ocrx_word' id='word_1_445' title='bbox 1336 2060 1456 2093; x_wconf 80' lang='lat' dir='ltr'>viribus</span> <span class='ocrx_word' id='word_1_446' title='bbox 1479 2058 1616 2091; x_wconf 90' lang='lat' dir='ltr'>nimium</span> <span class='ocrx_word' id='word_1_447' title='bbox 1640 2056 1837 2090; x_wconf 84' lang='lat' dir='ltr'>confidentes</span> <span class='ocrx_word' id='word_1_448' title='bbox 1851 2082 1859 2095; x_wconf 86' lang='lat'><strong><em>‚</em></strong></span> 
     </span>
     <span class='ocr_line' id='line_1_84' title="bbox 1115 2109 1860 2150; baseline -0.012 0"><span class='ocrx_word' id='word_1_449' title='bbox 1115 2118 1148 2150; x_wconf 91' lang='lat' dir='ltr'>in</span> <span class='ocrx_word' id='word_1_450' title='bbox 1171 2117 1238 2149; x_wconf 89' lang='lat' dir='ltr'>dies</span> <span class='ocrx_word' id='word_1_451' title='bbox 1262 2113 1436 2147; x_wconf 89' lang='lat' dir='ltr'>maioribus</span> <span class='ocrx_word' id='word_1_452' title='bbox 1467 2109 1800 2145; x_wconf 88' lang='lat' dir='ltr'>administrationibus</span> <span class='ocrx_word' id='word_1_453' title='bbox 1823 2119 1860 2141; x_wconf 90' lang='lat' dir='ltr'>ac</span> 
     </span>
     <span class='ocr_line' id='line_1_85' title="bbox 1115 2160 1860 2210; baseline -0.015 -6"><span class='ocrx_word' id='word_1_454' title='bbox 1115 2170 1225 2204; x_wconf 82' lang='lat' dir='ltr'>officiis</span> <span class='ocrx_word' id='word_1_455' title='bbox 1250 2166 1455 2210; x_wconf 84' lang='lat' dir='ltr'>assequendis</span> <span class='ocrx_word' id='word_1_456' title='bbox 1478 2165 1621 2205; x_wconf 86' lang='lat' dir='ltr'>studere,</span> <span class='ocrx_word' id='word_1_457' title='bbox 1646 2172 1745 2205; x_wconf 86' lang='lat' dir='ltr'>eaque</span> <span class='ocrx_word' id='word_1_458' title='bbox 1769 2160 1860 2204; x_wconf 87' lang='lat' dir='ltr'>cupi-</span> 
     </span>
     <span class='ocr_line' id='line_1_86' title="bbox 1115 2218 1860 2261; baseline -0.016 -4"><span class='ocrx_word' id='word_1_459' title='bbox 1115 2224 1212 2257; x_wconf 91' lang='lat' dir='ltr'>ditate</span> <span class='ocrx_word' id='word_1_460' title='bbox 1235 2222 1345 2254; x_wconf 85' lang='lat' dir='ltr'>ductos</span> <span class='ocrx_word' id='word_1_461' title='bbox 1362 2222 1416 2252; x_wconf 86' lang='lat' dir='ltr'>aut</span> <span class='ocrx_word' id='word_1_462' title='bbox 1432 2228 1486 2261; x_wconf 86' lang='lat' dir='ltr'>spe</span> <span class='ocrx_word' id='word_1_463' title='bbox 1501 2218 1610 2257; x_wconf 85' lang='lat' dir='ltr'>elatos,</span> <span class='ocrx_word' id='word_1_464' title='bbox 1627 2225 1707 2259; x_wconf 83' lang='lat' dir='ltr'>quae</span> <span class='ocrx_word' id='word_1_465' title='bbox 1723 2223 1860 2257; x_wconf 87' lang='lat' dir='ltr'>aequum</span> 
     </span>
     <span class='ocr_line' id='line_1_87' title="bbox 1116 2265 1861 2319; baseline -0.017 -9"><span class='ocrx_word' id='word_1_466' title='bbox 1116 2277 1155 2310; x_wconf 92' lang='lat' dir='ltr'>ab</span> <span class='ocrx_word' id='word_1_467' title='bbox 1180 2275 1289 2319; x_wconf 89' lang='lat' dir='ltr'>iniquo</span> <span class='ocrx_word' id='word_1_468' title='bbox 1314 2271 1450 2305; x_wconf 87' lang='lat' dir='ltr'>discerni</span> <span class='ocrx_word' id='word_1_469' title='bbox 1474 2271 1567 2314; x_wconf 88' lang='lat' dir='ltr'>plene</span> <span class='ocrx_word' id='word_1_470' title='bbox 1590 2279 1653 2301; x_wconf 93' lang='lat' dir='ltr'>non</span> <span class='ocrx_word' id='word_1_471' title='bbox 1676 2266 1806 2310; x_wconf 91' lang='lat' dir='ltr'>patitur,</span> <span class='ocrx_word' id='word_1_472' title='bbox 1823 2265 1861 2297; x_wconf 93' lang='lat' dir='ltr'>il-</span> 
     </span>
     <span class='ocr_line' id='line_1_88' title="bbox 1115 2321 1860 2366; baseline -0.017 -4"><span class='ocrx_word' id='word_1_473' title='bbox 1115 2331 1218 2362; x_wconf 91' lang='lat' dir='ltr'>lorum</span> <span class='ocrx_word' id='word_1_474' title='bbox 1256 2325 1401 2360; x_wconf 89' lang='lat' dir='ltr'>electioni</span> <span class='ocrx_word' id='word_1_475' title='bbox 1419 2351 1426 2365; x_wconf 85' lang='lat'>,</span> <span class='ocrx_word' id='word_1_476' title='bbox 1463 2322 1517 2366; x_wconf 88' lang='lat' dir='ltr'>qui</span> <span class='ocrx_word' id='word_1_477' title='bbox 1557 2321 1639 2354; x_wconf 89' lang='lat' dir='ltr'>vitae</span> <span class='ocrx_word' id='word_1_478' title='bbox 1673 2330 1709 2352; x_wconf 90' lang='lat' dir='ltr'>ac</span> <span class='ocrx_word' id='word_1_479' title='bbox 1734 2328 1860 2351; x_wconf 91' lang='lat' dir='ltr'>morum</span> 
     </span>
     <span class='ocr_line' id='line_1_89' title="bbox 1116 2372 1861 2419; baseline -0.016 -5"><span class='ocrx_word' id='word_1_480' title='bbox 1116 2381 1279 2414; x_wconf 87' lang='lat' dir='ltr'>sanctitate</span> <span class='ocrx_word' id='word_1_481' title='bbox 1303 2377 1573 2419; x_wconf 87' lang='lat' dir='ltr'>scientiarumque</span> <span class='ocrx_word' id='word_1_482' title='bbox 1590 2372 1770 2417; x_wconf 80' lang='lat' dir='ltr'>cognitione</span> <span class='ocrx_word' id='word_1_483' title='bbox 1784 2380 1861 2414; x_wconf 88' lang='lat' dir='ltr'>prae</span> 
     </span>
     <span class='ocr_line' id='line_1_90' title="bbox 1116 2423 1861 2469; baseline -0.017 -2"><span class='ocrx_word' id='word_1_484' title='bbox 1116 2433 1229 2467; x_wconf 88' lang='lat' dir='ltr'>ceteris</span> <span class='ocrx_word' id='word_1_485' title='bbox 1263 2432 1295 2465; x_wconf 92' lang='lat' dir='ltr'>in</span> <span class='ocrx_word' id='word_1_486' title='bbox 1334 2430 1448 2464; x_wconf 87' lang='lat' dir='ltr'>Ordine</span> <span class='ocrx_word' id='word_1_487' title='bbox 1488 2429 1609 2461; x_wconf 86' lang='lat' dir='ltr'>clarent</span> <span class='ocrx_word' id='word_1_488' title='bbox 1626 2454 1633 2467; x_wconf 91' lang='lat'>‚</span> <span class='ocrx_word' id='word_1_489' title='bbox 1673 2429 1780 2469; x_wconf 83' lang='lat' dir='ltr'>aperte</span> <span class='ocrx_word' id='word_1_490' title='bbox 1804 2423 1861 2455; x_wconf 87' lang='lat' dir='ltr'>ad-</span> 
     </span>
     <span class='ocr_line' id='line_1_91' title="bbox 1116 2482 1860 2525; baseline -0.015 -6"><span class='ocrx_word' id='word_1_491' title='bbox 1116 2485 1245 2525; x_wconf 81' lang='lat' dir='ltr'>versari,</span> <span class='ocrx_word' id='word_1_492' title='bbox 1270 2495 1306 2517; x_wconf 91' lang='lat' dir='ltr'>ac</span> <span class='ocrx_word' id='word_1_493' title='bbox 1329 2483 1398 2516; x_wconf 87' lang='lat' dir='ltr'>aliis</span> <span class='ocrx_word' id='word_1_494' title='bbox 1429 2491 1583 2515; x_wconf 82' lang='lat' dir='ltr'>novarum</span> <span class='ocrx_word' id='word_1_495' title='bbox 1621 2489 1728 2512; x_wconf 87' lang='lat' dir='ltr'>rerum</span> <span class='ocrx_word' id='word_1_496' title='bbox 1753 2482 1860 2510; x_wconf 90' lang='lat' dir='ltr'>aucto-</span> 
     </span>
     <span class='ocr_line' id='line_1_92' title="bbox 1116 2529 1860 2579; baseline -0.019 -6"><span class='ocrx_word' id='word_1_497' title='bbox 1116 2540 1205 2572; x_wconf 92' lang='lat' dir='ltr'>ribus</span> <span class='ocrx_word' id='word_1_498' title='bbox 1222 2565 1230 2579; x_wconf 92' lang='lat'>,</span> <span class='ocrx_word' id='word_1_499' title='bbox 1254 2549 1290 2570; x_wconf 88' lang='lat' dir='ltr'>ac</span> <span class='ocrx_word' id='word_1_500' title='bbox 1313 2536 1494 2570; x_wconf 90' lang='lat' dir='ltr'>conditione</span> <span class='ocrx_word' id='word_1_501' title='bbox 1528 2541 1699 2574; x_wconf 87' lang='lat' dir='ltr'>rerumque</span> <span class='ocrx_word' id='word_1_502' title='bbox 1722 2529 1860 2572; x_wconf 86' lang='lat' dir='ltr'>agenda-</span> 
     </span>
     <span class='ocr_line' id='line_1_93' title="bbox 1116 2580 1862 2627; baseline -0.019 -1"><span class='ocrx_word' id='word_1_503' title='bbox 1116 2603 1187 2626; x_wconf 89' lang='lat' dir='ltr'>rum</span> <span class='ocrx_word' id='word_1_504' title='bbox 1212 2602 1271 2624; x_wconf 89' lang='lat' dir='ltr'>usu</span> <span class='ocrx_word' id='word_1_505' title='bbox 1287 2588 1491 2623; x_wconf 84' lang='lat' dir='ltr'>inferioribus</span> <span class='ocrx_word' id='word_1_506' title='bbox 1507 2587 1621 2625; x_wconf 81' lang='lat' dir='ltr'>favere,</span> <span class='ocrx_word' id='word_1_507' title='bbox 1638 2580 1862 2627; x_wconf 85' lang='lat' dir='ltr'>suppressione</span> 
     </span>
    </p>
   </div>
   <div class='ocr_carea' id='block_1_14' title="bbox 1160 2654 1688 2695">
    <p class='ocr_par' dir='ltr' id='par_1_17' title="bbox 1160 2654 1688 2695">
     <span class='ocr_line' id='line_1_94' title="bbox 1160 2654 1688 2695; baseline -0.019 -5"><span class='ocrx_word' id='word_1_508' title='bbox 1160 2665 1173 2689; x_wconf 90' lang='lat'>1</span> <span class='ocrx_word' id='word_1_509' title='bbox 1193 2662 1237 2689; x_wconf 82' lang='lat' dir='ltr'>Ex</span> <span class='ocrx_word' id='word_1_510' title='bbox 1254 2660 1366 2695; x_wconf 81' lang='lat' dir='ltr'>Regest.</span> <span class='ocrx_word' id='word_1_511' title='bbox 1383 2658 1413 2685; x_wconf 84' lang='lat' dir='ltr'>in</span> <span class='ocrx_word' id='word_1_512' title='bbox 1431 2657 1532 2684; x_wconf 85' lang='lat' dir='ltr'>Secret.</span> <span class='ocrx_word' id='word_1_513' title='bbox 1552 2654 1688 2682; x_wconf 77' lang='lat' dir='ltr'>Brevium.</span> 
     </span>
    </p>
   </div>
   <div class='ocr_carea' id='block_1_15' title="bbox 1935 0 2059 3228">
    <p class='ocr_par' dir='ltr' id='par_1_18' title="bbox 1935 0 2059 3228">
     <span class='ocr_line' id='line_1_95' title="bbox 1935 0 2059 3228; baseline 0 0"><span class='ocrx_word' id='word_1_514' title='bbox 1935 0 2059 3228; x_wconf 95' lang='lat' dir='ltr'> </span> 
     </span>
    </p>
   </div>
   <div class='ocr_carea' id='block_1_16' title="bbox 1863 1296 1995 1380">
    <p class='ocr_par' dir='ltr' id='par_1_19' title="bbox 1863 1296 1995 1380">
     <span class='ocr_line' id='line_1_96' title="bbox 1902 1296 1995 1336; baseline -0.011 0"><span class='ocrx_word' id='word_1_515' title='bbox 1902 1296 1995 1336; x_wconf 64' lang='grc' dir='ltr'>σει-σῖ</span> 
     </span>
     <span class='ocr_line' id='line_1_97' title="bbox 1864 1333 1948 1354; baseline 0.012 -2"><span class='ocrx_word' id='word_1_516' title='bbox 1864 1333 1948 1354; x_wconf 73' lang='lat' dir='ltr'>stitutio</span> 
     </span>
     <span class='ocr_line' id='line_1_98' title="bbox 1863 1360 1913 1380; baseline -0.02 0"><span class='ocrx_word' id='word_1_517' title='bbox 1863 1360 1913 1380; x_wconf 71' lang='lat' dir='ltr'>dne.</span> 
     </span>
    </p>
   </div>
  </div>
 </body>
</html>
