2059 3228
28 0 143 94 w
185 2 191 7 ,

43 89 58 125 ²:

41 231 71 280 ξί
85 233 152 265 1583

205 284 270 330 §⁶2-
295 285 379 318 llaec
403 294 475 317 eum
505 285 641 328 pessima
663 285 739 327 sint,
769 287 910 320 animae-

26 348 224 381 ,ouuuoon--que
246 337 428 382 periculum
453 343 483 371 et
506 338 735 371 detrimentum
761 338 907 379 afferant,

30 379 87 433 ἐπ”
123 383 150 400 ⁶*
161 396 193 426 et
202 391 365 437 publicam
376 392 445 426 eius
456 392 626 426 comitatus
633 392 773 435 quietem
786 398 910 437 pertur-

157 445 248 486 bent,
275 445 486 490 maximisque
498 446 713 480 incommodis
723 452 754 480 et
769 447 907 480 difficul-

138 499 279 533 'tatibus
298 498 537 539 illudatliciant,
556 499 869 543 communitatesque
879 504 909 533 et

158 553 393 593 universitates,
416 558 571 597 concepta
590 563 647 597 spe
666 553 831 596 deceptae,
843 552 907 586 vini

155 617 196 642 ac
212 607 363 641 frumenti
384 608 432 640 vei
453 607 516 640 olei
531 605 741 649 quantitatem
767 616 906 639 conven-

157 667 222 696 tam
243 672 301 706 pro
330 662 469 706 pecunia
497 664 660 705 praestare
689 665 902 703 nequeuntes,

155 715 333 750 maioribus
370 716 485 750 debitis
511 721 542 749 et
570 714 723 748 oneribus
748 724 781 747 se
807 714 907 748 invol-

155 775 234 805 vunt
247 775 344 815 atque
364 770 542 814 implicant,
554 780 591 803 ac
609 769 754 809 demum,
773 779 843 802 eam
864 769 905 802 oh

156 831 303 866 causam,
336 825 524 859 facultatum
571 833 704 857 suarum
746 822 903 856 iacturam

155 879 289 912 omnino
309 878 428 912 faciant
440 890 448 918 3
466 877 626 922 agricolae
645 885 720 909 vero
741 881 772 909 et
782 875 903 917 rustici,

152 927 233 966 dum
257 932 317 966 sibi
337 943 419 976 quae
436 930 623 976 quotidiano
643 930 904 963 usuinecessaria

153 991 229 1020 sunt
252 996 379 1020 summo
404 986 514 1018 labore
541 984 687 1027 undique
715 984 901 1025 corradunt,

153 1050 264 1074 semen
288 1039 328 1073 ad
347 1039 501 1073 serendos
521 1047 615 1081 agros
641 1037 674 1070 in
694 1048 797 1070 unum
818 1037 903 1070 redi-

153 1104 229 1137 gere
266 1098 444 1137 nequeunt3
479 1092 512 1125 in
539 1102 606 1132 eos,
629 1091 686 1135 qui
715 1091 902 1124 huiusmodi

152 1147 281 1192 negotia
296 1152 408 1181 contra
428 1147 509 1180 iuris
520 1145 676 1179 rationem
691 1150 900 1189 pertractare,

132 1192 190 1236 'ac
215 1202 403 1236 comitatum
428 1199 663 1244 amplissimum
687 1199 737 1232 his
762 1199 794 1231 in
819 1199 902 1231 diffi-

153 1255 328 1289 cultatibus
347 1254 508 1288 adducere
533 1250 597 1286 non
622 1252 827 1292 erubeseunt,
843 1262 902 1295 pro

152 1319 288 1342 munere
310 1307 404 1341 n'obis
416 1307 572 1347 iniuncto,
583 1306 901 1339 animadvertendum

153 1368 184 1397 et
216 1362 451 1407 providendum
486 1371 554 1394 esse
594 1371 775 1400 censemus,
806 1364 903 1404 prout

57 1430 66 1443 ·
153 1417 276 1450 dudum
287 1415 391 1449 felic-is
402 1414 635 1448 recordationis
646 1413 805 1447 Adrianus
816 1413 903 1456 Papa

150 1469 201 1511 Vl,
223 1469 454 1514 praedecessor
473 1473 593 1509 noster,
620 1466 781 1501 similibus
806 1466 902 1499 ratio-

150 1523 247 1558 nibus
261 1523 444 1564 inclinatus,
458 1522 577 1556 civitati
591 1521 903 1564 Caesaraugustanae

152 1582 183 1611 et
202 1587 301 1621 regno
319 1576 498 1620 Aragoniae
510 1575 568 1620 per
581 1585 654 1608 suas
672 1574 834 1618 expeditas
853 1573 903 1606 lit-

152 1637 236 1666 teras
268 1632 408 1676 desuper
440 1631 590 1676 providit,
626 1640 705 1673 quas
738 1640 796 1673 per
825 1629 902 1662 alias

99 1678 105 1685 ¹
152 1691 277 1720 nostras
290 1686 429 1730 desuper
443 1685 475 1717 in
483 1685 585 1717 forma
594 1683 710 1723 brevis,
720 1683 779 1716 sub
793 1682 902 1715 datum

153 1740 205 1773 xlv
224 1739 311 1780 maii,
331 1738 536 1783 pontificatus
556 1737 658 1771 nostri
683 1747 767 1770 anno
793 1741 900 1776 sexto,

153 1792 317 1838 expeditas
336 1791 458 1825 litteras
483 1790 713 1831 innovavimus,
738 1801 775 1823 ac
785 1790 902 1823 nedum

153 1845 330 1890 antiquitus
358 1857 377 1879 a
413 1846 498 1880 dicto
525 1845 771 1888 praedecessore
793 1849 904 1877 eontra

153 1899 272 1934 similia
291 1905 420 1943 agentes
441 1905 549 1933 sancte
581 1904 714 1933 statutas
735 1904 766 1932 et
786 1909 904 1942 propo-

153 1953 230 1988 sitas
250 1964 371 1999 poenas
384 1954 424 1987 ad
439 1965 532 1987 nsum
545 1953 776 1993 revocavimus,
792 1963 902 1985 verum

153 2007 250 2041 etiam
264 2003 405 2041 severius
416 2007 737 2041 animadvertendum
749 2017 817 2039 esse
832 2016 904 2039 cen—

154 2061 291 2095 suimus.

198 2114 214 2158 §
233 2113 265 2148 3.
297 2114 419 2158 Itaque,
442 2119 532 2147 motu
553 2114 685 2158 proprio
711 2119 741 2147 et
761 2124 797 2147 ex
818 2118 905 2146 certa

36 2167 292 2226 .²⁴fi’a¹ii‡2}⁵⁰i‘³¹¹²i³
310 2178 347 2201 ac
373 2172 500 2200 matura
529 2167 759 2201 deliberatione
786 2173 904 2207 nostra,

40 2235 145 2264 imm
156 2221 381 2264 dicturumque
404 2221 659 2266 praedecessoris
677 2227 708 2254 et
723 2227 904 2254 nostrarum

43 2267 146 2321 *Ῑζῗζξ
157 2274 339 2308 litterarum
352 2280 480 2309 tenores
500 2275 722 2319 praesentilms
738 2286 797 2319 pro
814 2275 906 2318 plene

43 2329 190 2362 ''¹¹³⁰”i-et
212 2327 409 2361 sufficienter
427 2339 464 2361 ac
494 2329 533 2361 de
560 2329 656 2362 verbo
687 2329 727 2361 ad
759 2328 904 2368 verbum,

37 2375 40 2379 ⁴
159 2383 241 2416 nihil
261 2383 389 2427 penitus
409 2383 539 2424 omisso,
560 2383 716 2427 expressis
741 2384 906 2424 babentes,

160 2447 278 2481 easque
298 2442 497 2478 renovantes,
515 2442 545 2470 et
564 2438 603 2470 ad
614 2437 801 2470 comitatum
818 2446 909 2481 prae-

162 2485 285 2519 dictum
319 2485 524 2519 extendentes
557 2491 588 2518 et
615 2486 817 2529 ampliantes,
850 2486 909 2518 sub

164 2643 224 2677 pro
244 2643 309 2666 una
331 2632 479 2667 videlicet
498 2632 576 2676 regi,
601 2637 632 2666 et
651 2632 714 2666 alia
733 2633 908 2673 executori,

774 233 949 259 auricomus
972 235 1027 259 xm
1052 235 1097 258 ΓΡ.

1592 231 1650 265 421

950 286 1076 330 reliqua
1098 297 1172 320 vero
1197 289 1343 331 partibus
1364 289 1699 340 ‹lenuntiatoriappti-

951 340 1273 386 candis,'p0enisipso
1290 344 1373 377 sacto
1388 345 1605 390 incurrendis,
1623 349 1699 393 pro-

950 394 1101 427 bibemus
1120 405 1160 428 ne
1185 396 1349 440 cuiquam,
1377 400 1488 441 quovis
1517 408 1696 445 praetextu,

950 447 1045 480 liceat
1063 448 1140 489 vini,
1164 448 1315 482 frumenti
1341 462 1396 484 scu
1414 453 1697 498 olei(111.'111titatem

948 499 1103 543 aliquam,
1126 512 1222 535 causa
1242 496 1513 547 1'ev*enden<li,‘in
1534 510 1698 551 praedicto

949 553 1115 595 comitatu,
1137 566 1344 600 quacumque
1364 559 1498 601 ratione,
1525 573 1597 594 eum
1619 563 1699 596 anti-

949 607 1112 650 cipatIOne
1132 609 1303 643 solutionis
1323 613 1416 655 pretii
1430 624 1485 646 seu
1511 615 1601 657 alias,
1625 617 1697 650 reti-

948 670 1037 702 nere,
1059 666 1114 694 aut
1133 662 1236 695 dictos
1268 664 1504 707 quietamentos
1525 669 1698 712 vulgariter

947 720 1162 759 nuncupatOS,
1184 727 1240 749 seu
1253 728 1474 763 quascumque
1488 722 1566 755 alias
1576 723 1697 757 similes

947 768 995 801 vel
1015 767 1186 803 dissimiles
1197 771 1439 806 arrendationes
1459 774 1696 809 frumentorum

947 827 977 855 et
995 821 1161 857 fructuum
1181 835 1218 858 ac
1238 825 1378 859 cuiusvis
1402 829 1528 870 generis
1568 836 1695 863 eontra-

946 876 1052 918 ctus1,
1066 888 1102 910 ex
1115 878 1235 921 quibus
1254 879 1384 923 publica
1404 881 1526 914 utilitas
1540 883 1695 923 laedatur,

946 929 1127 974 caritasque
1151 942 1298 965 annonae
1318 939 1488 976 sequatur;
1501 947 1580 979 quas
1598 939 1693 971 etiam

945 994 1066 1028 poenas
1095 986 1263 1020 incurrere
1300 987 1449 1021 volumus
1473 995 1695 1035 quoscumque

945 1039 1058 1073 dantes
1080 1040 1112 1072 in
1125 1040 1175 1073 bis
1186 1041 1356 1082 auxilium,
1370 1043 1540 1076 consilium
1555 1045 1600 1077 vel
1614 1045 1697 1077 savo-

945 1104 1026 1134 rem,
1053 1094 1184 1137 publice
1203 1095 1252 1128 vel
1272 1096 1411 1137 occulte,
1431 1096 1697 1131 directevelimli-

946 1153 1044 1189 recte,
1055 1149 1166 1191 quovis
1178 1155 1344 1192 praetextu
1357 1156 1412 1183 aut
1421 1152 1567 1194 qtiaesito
1578 1153 1695 1193 colore,

944 1211 1073 1246 praeter
1090 1214 1107 1236 a
1126 1203 1196 1236 iure
1217 1204 1697 1249 communipropositasetcon—

945 1256 1072 1290 stitutas
1091 1268 1211 1302 poenas
1228 1258 1261 1291 in
1281 1264 1473 1292 exercentes·
1490 1261 1694 1304 monopolia,

944 1310 1062 1354 quibus
1071 1312 1146 1344 talia
1154 1312 1390 1346 committentes
1400 1313 1533 1352 omnino
1541 1313 1695 1347 obnoxios

945 1375 1012 1398 esse
1028 1365 1197 1406 volumus;
1223 1377 1260 1399 ae
1279 1366 1442 1410 praesenti
1468 1372 1577 1400 nostro
1591 1367 1695 1401 edicto
1734 1372 1839 1407 Peenaffl

944 1419 1108 1453 sane-imus
1121 1430 1160 1453 ne
1172 1431 1270 1464 super
1279 1420 1498 1458 contractibus
1508 1421 1693 1465 praedictis,
1708 1403 1820 1425 hemme*

944 1484 1025 1517 quos
1045 1474 1178 1507 omnino
1195 1474 1420 1518 reprobamus,
1446 1474 1637 1508 tabelliones
1647 1476 1696 1508 vel

944 1527 1062 1560 notarii
1083 1527 1219 1571 publici,
1237 1528 1301 1561 sive
1326 1527 1503 1571 apostolica
1522 1533 1579 1561 aut
1595 1528 1697 1573 impe-

944 1581 1029 1622 riali,
1062 1581 1163 1623 regali
1193 1582 1241 1614 vel
1270 1581 1332 1614 alia
1360 1591 1567 1625 quacumque
1597 1583 1694 1616 creati

944 1634 1065 1668 suerint
1075 1635 1278 1674 auctoritate,
1297 1635 1428 1679 aliquod
1444 1636 1695 1670 instrumentum

945 1688 1118 1728 conticere,
1140 1690 1189 1722 vel
1221 1689 1254 1722 in
1284 1689 1501 1733 protocollum
1535 1690 1694 1733 redigere,

945 1742 993 1775 vel
1014 1742 1155 1786 aliquam
1181 1742 1386 1786 scripturam,
1414 1742 1510 1776 etiam
1527 1743 1694 1786 privatam,

945 1792 1085 1835 desuper
1105 1791 1310 1825 conscribere
1329 1801 1388 1835 pro
1409 1793 1535 1825 cautela
1557 1792 1695 1836 simplici

945 1840 1085 1873 audeaut
1108 1841 1155 1873 vel
1173 1846 1406 1883 praesumant3
1435 1842 1522 1884 quod
1548 1842 1572 1874 si
1604 1852 1697 1875 secus

946 1890 1092 1930 iecerint,
1116 1890 1148 1921 in
1165 1890 1366 1929 tabelliones,
1385 1894 1550 1933 ‘tamquam
1572 1890 1695 1923 crimen

946 1938 1014 1971 salsi
1036 1939 1285 1979 committentes,
1308 1939 1596 1979 animadvertatur,
1611 1945 1642 1972 et
1657 1940 1697 1973 ad

946 1989 1056 2022 eadem
1078 1994 1109 2021 et
1129 1989 1189 2022 alia
1211 1998 1437 2031 quaecumque
1447 1998 1582 2021 munera
1593 1988 1697 2031 publi-

946 2048 1063 2081 casque
1076 2038 1258 2071 functiones
1269 2043 1425 2081 perpetuo
1438 2037 1598 2070 inhabiles
1618 2037 1694 2071 sint.

1715 238 1766 267 ΛΠ.
1782 237 1809 265 C.
1826 238 1893 267 1583

990 2087 1045 2127 §42
1058 2088 1118 2119 Eos
1127 2097 1213 2127 vero,
1225 2087 1278 2129 qui
1292 2087 1323 2118 in
1335 2087 1444 2129 atiquo
1455 2086 1695 2130 praedictorum
1723 2098 1816 2119 Aerem
1824 2099 1892 2122 mato-⁴

947 2137 1216 2169 contrzu'enerint.
1244 2142 1371 2179 praeter
1389 2135 1489 2168 dictas
1508 2136 1681 2170 sententias
1711 2129 1775 2149 ΜΝ
1804 2131 1823 2150 “’

1853 2135 1891 2151 803

1686 2163 1694 2178 5
1711 2161 1745 2187 qui
1770 2162 1892 2186 praemissis

947 2197 1098 2219 censuras
1110 2192 1139 2219 et
1154 2195 1284 2229 poenas,
1303 2184 1519 2217 maledictioni
1533 2189 1692 2228 aeternae,
1715 2191 1892 2217 prohibitionibus

947 2246 1042 2278 quam
1058 2240 1194 2278 exparte
1206 2234 1436 2277 omnipotentis
1449 2234 1503 2266 Dei
1518 2233 1551 2266 in
1567 2234 1695 2278 scriptis
1710 2254 1787 2279 verm„
1808 2256 1830 2274 οι

948 2284 1093 2324 serimus,
1112 2295 1149 2317 ac
1170 2283 1319 2316 infamiae
1335 2289 1510 2326 perpetuae
1522 2289 1553 2315 et
1566 2283 1695 2317 crimini
1710 2289 1802 2312 Ρῡῦῃθθ·

950 2333 1126 2377 monopolii
1151 2339 1182 2367 et
1202 2332 1477 2371 indebitarun‘toet
1502 2332 1695 2366 iniustarum

951 2394 1137 2423 nstu‘arum,
1160 2381 1382 2415 confiscationi
1403 2392 1439 2413 ae
1460 2381 1629 2424 privationi
1643 2382 1698 2416 bo-

950 2443 1066 2465 norum
1096 2439 1379 2475 quoruuntumque
1404 2429 1620 2463 immobilium
1639 2441 1696 2465 seu

950 2480 1254 2514 iurisdietionalium
1263 2490 1299 2512 ac
1308 2478 1619 2513 feudorumomnino
1628 2490 1697 2514 esse

163 2533 506 2568 excommunicationis
531 2534 612 2567 latae
629 2534 806 2567 sententiae
822 2545 857 2567 ac
878 2545 911 2567 a·
951 2530 1123 2567 subiectos,
1136 2534 1165 2561 Εἰ
1180 2540 1195 2561 a
1209 2528 1323 2562 Christi
1341 2538 1477 2571 corpore
1493 2535 1524 2562 et
1536 2528 1705 2563 Ecclesiae.

164 2583 327 2617 missionis
351 2583 427 2616 dicti
458 2582 625 2624 frumenti,
655 2582 738 2616 vinei
769 2588 801 2616 et
833 2583 908 2623 olei,
950 2579 1006 2613 Dei
1034 2579 1155 2612 unitate
1181 2583 1358 2621 separatos,
1386 2589 1423 2611 ac
1449 2578 1536 2612 omni
1562 2584 1591 2612 et
1619 2590 1698 2623 quo-

988 2644 1000 2670 1
1022 2642 1106 2670 Deest
1119 2641 1215 2669 forsan
1229 2641 1318 2676 facere
1337 2641 1383 2669 vel
1399 2641 1467 2669 mire
1486 2641 1525 2676 (3.
1541 2641 1591 2676 Τ.).

1711 2228 1751 2243 non
1766 2222 1891 2250 obtempera.

1853 2254 1894 2275 ntia
