2059 3228
50 276 103 300 An.
120 276 149 301 C.
172 274 236 300 1572
299 266 340 299 ⁵22>
842 273 1016 296 armararii

253 333 328 359 tunc
349 337 494 369 expressa
517 323 665 364 faciendi,
684 323 816 356 liberam
836 323 998 357 licentiam

251 379 472 414 tribuerimus,
491 377 570 409 sieut
581 376 695 409 litteris
710 376 826 409 nostris
841 387 938 420 super
950 377 998 408 his

249 432 402 465 consectis
424 431 516 463 latius
537 429 732 463 continetur.

292 486 306 527 ξ
328 486 357 518 2).
388 485 449 518 Nos
469 489 596 528 postea,
619 483 763 525 diligenti
791 484 997 516 meditatione

105 549 234 568 *cnm-mur
248 538 486 571 considerantes
512 536 613 580 ipsam
637 536 676 569 de
700 546 782 569 novo
807 541 946 569 erectam
968 541 995 567 et

51 579 235 632 isssss‘ssuffiff'wd‘ssi'ss
248 589 481 624 conficiendam
515 588 660 622 militiam
703 599 836 632 magnos
877 588 996 631 absque

50 640 345 690 it'ssl‘f.1.,l‘.¹.{1‡.ff;dubiO
367 643 499 682 fructus,
518 642 573 675 tali
586 642 773 686 praesertim
795 642 928 674 ductore
948 646 996 673 at-

49 702 136 751 3:12¹&
157 703 178 721 >1
196 701 233 721 La-
247 695 503 739 que‘magistro‚
526 695 600 728 fidei
624 695 801 728 catholicae
822 705 889 727 esse
917 694 996 726 alla-

248 755 365 788 turam,
392 748 447 782 sed
468 749 570 781 multo
591 754 697 781 tamen
718 748 867 786 maiores,
889 746 915 779 si
927 746 996 778 aliis

246 801 442 835 adiumentis
465 808 497 835 et
516 801 642 834 auxiliis
668 801 777 833 fulcita
804 806 899 843 atque
924 810 996 831 mu-

247 855 313 887 nita
333 853 445 895 suerit;
467 865 503 887 ac
523 859 689 898 praeterea
714 858 882 886 cernentes
910 851 996 883 mili-

247 908 322 940 tiam
342 907 509 952 hospitalis
521 908 552 941 S.
574 907 680 940 Lazari
701 904 993 949 Ilierosolymitani,

245 960 305 993 sub
318 960 440 1003 Regula
456 960 488 993 S.
511 959 691 1002 Augustini,
718 958 906 1002 iampridem
927 968 996 990 ma-

245 1013 336 1057 gistri
356 1013 513 1056 regimine
533 1012 730 1051 destitutam,
752 1011 893 1044 nobilem
909 1011 996 1043 illam

245 1067 377 1110 quidem
400 1071 431 1100 ct
453 1065 638 1109 antiquam,
666 1064 719 1097 sed
745 1065 813 1107 ipsa
841 1069 996 1097 vetutaste

245 1131 282 1153 ac
307 1125 494 1164 temporum
524 1118 641 1151 iniuria
664 1117 755 1150 valde
779 1117 936 1150 deiectam
967 1122 998 1149 et

245 1173 431 1217 prolapsam
451 1183 531 1214 esse,
553 1172 712 1215 optimum
728 1169 820 1203 nobis
833 1170 934 1203 visum
952 1175 997 1202 est

245 1226 271 1260 si
295 1227 380 1259 hanc
405 1230 542 1259 veterem
572 1224 618 1257 illi
643 1234 742 1257 novae
768 1228 799 1256 et
828 1233 915 1256 nunc
940 1233 998 1255 na-

245 1279 348 1313 scenti
367 1278 628 1322 adiungeremus,
642 1283 677 1310 ut
692 1277 779 1320 quod
797 1276 866 1309 haee
882 1276 914 1308 in
929 1276 998 1319 ipso

246 1332 339 1366 initio
368 1343 426 1376 per
445 1342 477 1365 se
502 1341 596 1374 agere
621 1330 761 1374 perfecte
788 1340 854 1363 non
874 1335 995 1373 posset,

246 1385 290 1426 id,
312 1384 445 1419 alterius
464 1384 573 1418 adiuta
592 1383 712 1417 auxilio
740 1389 770 1417 et
792 1383 916 1416 viribus
943 1393 998 1425 ge-

245 1438 389 1479 minatis,
419 1437 534 1471 fortior
561 1437 601 1470 sit
626 1437 667 1470 ad
693 1436 870 1479 agendum,
904 1441 999 1479 atque

247 1491 344 1525 citius
363 1497 394 1525 et
414 1490 539 1524 facilius
557 1491 618 1523 hae
638 1490 733 1523 simul
758 1489 886 1522 iunctae
910 1494 1000 1532 opta-

248 1544 466 1578 tosEcelesiae
480 1543 535 1576 Dei
549 1549 579 1576 et
597 1543 772 1576 christiano
790 1542 911 1586 populo
936 1542 1000 1574 sru-

250 1603 320 1631 ctus
339 1597 456 1630 afferre
476 1596 609 1640 possint.

295 1651 310 1694 §
334 1650 365 1683 3.
397 1650 431 1683 Id
459 1660 534 1683 vero
561 1650 665 1682 facere
700 1647 897 1681 instituimus
925 1658 998 1680 eum

78 1708 167 1730 Maxime
183 1707 237 1744 wod
252 1714 290 1737 eo
309 1703 396 1748 quod
416 1702 572 1735 Emanuel
592 1701 788 1734 Philibertus
804 1705 833 1733 et
848 1711 906 1744 pro
922 1706 1000 1732 tem-

52 1740 104 1793 iiis
121 1740 239 1792 Sii'tar‘ssiiiiss
252 1767 331 1801 pore
351 1756 488 1790 existens
500 1756 564 1789 dux
583 1761 613 1788 et
628 1754 780 1797 magister
802 1753 998 1797 praedictus,

53 1802 238 1860 {fgflffdepssfflj
251 1809 440 1843 annexionis
458 1807 646 1842 huiusmodi
660 1807 796 1847 ratione,
814 1807 893 1839 duas
910 1807 1002 1839 trire-

54 1867 187 1917 gffifffim
204 1864 239 1884 ἀθ-
253 1874 321 1896 mes
337 1863 431 1896 dictis
457 1861 612 1895 militibus
635 1861 808 1894 instructas
832 1871 891 1904 pro
913 1859 1002 1892 Sedis

252 1915 455 1961 Apostolieae
475 1914 661 1948 defensione
681 1919 792 1947 contra
810 1913 1001 1951 haereticos,

254 1969 413 2009 infideles,
429 1969 548 2013 piratas
563 1973 594 2001 et
606 1977 830 2011 quoscumque
841 1966 921 1999 alios
934 1966 1003 1999 eius

254 2024 363 2057 hostes
387 2022 541 2056 continue
562 2021 602 2054 de
629 2031 688 2053 suo
708 2026 918 2053 manutenere
945 2019 1002 2052 de-

253 2077 338 2110 beat.

298 2129 313 2173 §
332 2129 364 2161 4.
387 2133 491 2167 Quare
511 2127 662 2160 eumdem
678 2126 887 2159 Emanuelem
907 2125 1003 2157 Phili-

94 2185 150 2222 ,Unio
169 2186 239 2235 ἰηψῗε
254 2182 382 2215 bertum
402 2181 519 2214 (lucem
540 2185 570 2213 et
594 2189 747 2223 magnum
774 2178 960 2221 magistrum
987 2190 1004 2210 a

58 2221 242 2269 {¹3:3⁰⁵'1't25m'12'ss
256 2233 418 2278 quibusw's
437 2233 796 2272 excommunicationis,
820 2232 1004 2275 suspensio-

59 2279 243 2330 {fficdens‘ssffl'ssgj
257 2288 306 2321 nis
325 2293 356 2320 et
368 2287 526 2320 interdicti
542 2286 676 2329 aliisque
692 2284 918 2318 ecclesiasticis
933 2295 1005 2317 sen-

58 2339 242 2397 ss'f„⁵i¹;·²¹‘³¹³⁵⁸¹
257 2340 377 2379 tentiis,
400 2339 546 2373 censuris
565 2346 593 2372 et
614 2339 739 2383 poenis,
761 2349 778 2370 a
798 2338 869 2371 iure
894 2339 941 2371 vel
967 2338 1005 2370 ab

258 2393 401 2433 homine,
421 2393 531 2436 quavis
542 2392 712 2425 occasione
723 2391 771 2425 vel
784 2402 909 2431 causas,
922 2392 1003 2431 latis,

260 2442 284 2475 si
304 2442 423 2485 quibus
442 2441 683 2485 quomodolibet
701 2441 872 2474 innodatus
892 2441 1006 2481 existit,

260 2491 300 2524 ad
324 2490 474 2524 ellectum
504 2490 721 2533 praesentium
745 2491 909 2523 dumtaxat
934 2501 1008 2524 con-

261 2538 475 2583 sequendum,
507 2539 621 2571 harum
650 2539 731 2572 serie
756 2539 952 2572 absolventes
978 2546 1007 2572 et

261 2587 443 2620 absolutum
466 2587 533 2620 sore
554 2594 731 2628 censentes,
750 2594 840 2621 motu
861 2588 1005 2632 proprie,

262 2646 326 2669 non
352 2635 391 2668 ad
419 2635 519 2679 ipsius
542 2635 727 2669 Emanuelis
754 2636 920 2670 philiberti
951 2636 1032 2684 du-¹

1044 270 1189 294 tamixrn

1041 321 1086 354 eis
1111 321 1157 353 vel
1182 318 1315 352 alterius
1336 328 1394 360 pro
1423 328 1461 350 eo
1486 317 1578 350 nobis
1603 328 1701 362 super
1729 319 1791 352 hoc

1041 374 1164 405 oblatae
1186 370 1350 415 petitionis
1370 369 1565 411 instantiam,
1581 371 1634 404 sed
1650 381 1687 404 ex
1703 382 1792 404 mera

1040 425 1229 458 liberalitate
1251 429 1281 456 et
1301 428 1388 455 certa
1407 422 1540 456 seientia
1567 428 1676 456 nostra
1696 435 1731 457 ac
1753 425 1792 457 de

1039 477 1235 521 apostolicae
1265 475 1431 519 potestatis
1459 476 1683 519 plenitudine,
1705 476 1791 510 mili-

1039 531 1113 562 tiam
1135 532 1166 562 S.
1185 529 1292 561 Lazari
1309 528 1517 572 praedictam,
1535 540 1608 562 cum
1623 529 1711 562 illius
1726 540 1792 562 ma-

1039 583 1173 625 gistratu
1183 593 1219 614 ac
1231 581 1381 614 omnibus
1389 588 1419 614 et
1429 581 1689 625 quibuscumque
1705 581 1791 615 illius

1038 636 1247 679 prioratibus,
1267 634 1506 679 praeceptoriis,
1530 636 1744 679 hospitalibus
1760 641 1791 668 ct

1038 688 1109 720 aliis
1146 687 1312 720 benefieiis
1346 687 1552 729 regularibus
1565 714 1572 727 ,
1609 698 1790 732 eorumque

1039 740 1208 780 membris,
1230 741 1390 784 grangiis,
1413 740 1541 781 castris,
1563 741 1665 781 villis,
1688 741 1791 775 domi-

1038 794 1109 834 bus,
1132 794 1407 836 possessionibus,
1429 793 1700 838 proprietatibus,
1721 795 1790 828 sru-

1038 847 1142 880 cubus
1162 852 1193 880 ct
1211 846 1315 887 bonis,
1335 852 1397 880 tam
1421 847 1597 880 mobilibus
1616 858 1713 890 quam
1732 847 1792 881 im-

1039 900 1211 933 mobilibus
1227 911 1264 933 ac
1282 901 1533 940 semoventibus,
1549 901 1674 933 iuribus
1690 907 1723 934 et
1740 911 1791 934 ac-

1039 954 1180 986 tionibus
1199 953 1373 995 universis,
1391 964 1518 986 necnon
1535 953 1696 992 ecclesiis,
1717 964 1792 998 cap-

1039 1007 1143 1050 pellis,
1161 1006 1308 1040 tcrminis
1320 1012 1351 1039 et
1365 1006 1566 1050 pertinentiis
1580 1007 1792 1051 quibuscum-

1038 1071 1114 1104 que,
1136 1060 1174 1092 ad
1194 1059 1312 1092 dictam
1342 1059 1492 1092 militiam
1515 1060 1547 1093 S.
1577 1059 1689 1092 Lazari
1719 1070 1792 1104 spe-

1039 1113 1217 1153 ctantibus,
1258 1123 1504 1156 quaecumque,
1541 1118 1786 1157 quotcumque,

1039 1167 1291 1210 qualiacumque
1326 1171 1357 1199 et
1388 1166 1587 1209 ubicumque
1614 1165 1696 1207 sint,
1724 1176 1790 1199 non

1039 1226 1146 1253 tamen
1166 1219 1236 1253 aliis
1259 1219 1414 1260 ecclesiis,
1436 1219 1498 1262 piis
1517 1218 1598 1252 locis
1617 1225 1648 1252 et
1666 1219 1791 1252 militiis

1040 1274 1196 1308 canonice
1216 1273 1318 1314 unita,
1339 1284 1421 1316 quae
1439 1273 1477 1306 ab
1493 1272 1553 1320 bis,
1567 1272 1687 1316 quibus
1700 1273 1791 1305 unita

1040 1332 1127 1367 sunt,
1147 1327 1286 1367 avocari,
1309 1331 1365 1359 aut
1384 1326 1518 1359 illorum
1534 1326 1659 1359 ratione
1677 1336 1792 1369 quem-

1040 1391 1137 1424 quam
1158 1380 1320 1413 molestari
1344 1380 1508 1412 noluimus
1521 1405 1529 1419 ,
1550 1390 1587 1412 ac
1608 1378 1704 1412 etiam
1736 1389 1790 1412 ex-

1041 1434 1142 1477 ceptis
1160 1433 1198 1466 iis
1221 1443 1303 1476 quae
1323 1432 1355 1465 in
1382 1432 1489 1474 regnis
1509 1438 1539 1465 et
1566 1431 1717 1465 dominiis
1737 1442 1792 1464 ca-

1041 1486 1158 1521 rissimi
1180 1487 1213 1519 in
1232 1486 1356 1520 Christo
1377 1486 1434 1518 filii
1455 1484 1555 1518 nostri
1576 1484 1717 1528 Philippi
1738 1484 1792 1517 Hi-

1041 1540 1228 1584 spaniarum
1246 1540 1331 1582 regis
1346 1538 1495 1571 catholici
1511 1538 1662 1578 existunt,
1685 1537 1790 1571 eidem

1041 1593 1175 1627 militiae
1194 1593 1299 1626 Sancti
1318 1592 1467 1631 Mauritii,
1483 1601 1565 1635 quae
1580 1591 1612 1623 in
1625 1595 1791 1635 posterum

1042 1646 1155 1680 militia
1187 1646 1235 1680 Ss.
1276 1645 1414 1679 Mauritii
1453 1650 1481 1677 et
1517 1644 1626 1677 Lazari
1661 1654 1791 1677 nuncu-

1042 1707 1149 1744 petur,
1171 1699 1360 1733 auctoritate
1381 1697 1568 1742 apostolica,
1582 1703 1694 1731 tenore
1711 1707 1793 1741 prae-

1042 1754 1181 1788 sentium
1195 1780 1202 1794 ,
1225 1753 1268 1787 ita
1295 1758 1453 1797 perpetuo
1473 1751 1624 1791 unimus,
1646 1751 1794 1784 annecti-

1042 1819 1114 1841 mus
1133 1812 1163 1841 et
1182 1807 1440 1851 incorporamus,
1464 1811 1497 1838 ut
1510 1811 1584 1849 post
1597 1805 1656 1838 hac
1674 1805 1707 1837 in
1722 1815 1793 1848 per-

1043 1866 1177 1906 petuum
1205 1859 1390 1905 praedictus
1418 1859 1574 1892 Emanuel
1599 1858 1794 1891 philibertus

1043 1921 1074 1948 et
1101 1925 1160 1959 pro
1184 1916 1330 1956 tempore
1356 1912 1494 1945 existens
1509 1911 1688 1945 Sabaudiae
1715 1911 1791 1952 dux;

1044 1967 1176 2001 militiae
1203 1966 1250 2000 Ss.
1283 1965 1421 1998 Mauritii
1451 1970 1482 1998 et
1505 1965 1614 1998 Lazari
1643 1963 1795 2007 magister

1043 2022 1083 2055 sit
1102 2027 1133 2055 et
1152 2020 1345 2065 appelletur.

1088 2075 1147 2118 ἓξ).
1164 2074 1208 2106 Ac
1223 2073 1397 2116 prioratus,
1416 2075 1660 2116 praeceptoriae
1685 2076 1716 2103 et
1731 2069 1795 2103 alia
1854 2077 1991 2114 uiltnamqap

1044 2127 1202 2161 beneficia
1211 2126 1343 2158 militiae
1363 2125 1394 2159 S.
1410 2125 1531 2165 Lazari,
1545 2130 1574 2158 et
1590 2135 1627 2157 ea
1642 2123 1793 2157 obtinen-
1808 2107 1994 2162 ῗξιιᾶῗὲζζξζῗ

1046 2181 1217 2224 tesaliique
1229 2179 1359 2220 milites,
1369 2178 1554 2218 servientes,
1572 2176 1795 2220 cappellaniet
1809 2173 1994 2231 ‘'Bssfrff‘ffp'ss]

1048 2243 1217 2279 personae,
1233 2243 1347 2273 curae,
1364 2230 1590 2275 gubernationi
1614 2236 1646 2263 et
1668 2229 1795 2263 iurisdi-
1809 2238 1903 2262 remum-

1047 2287 1145 2321 ctioni
1158 2286 1259 2330 ipsius
1266 2285 1357 2318 ducis
1369 2290 1397 2318 et
1408 2285 1514 2327 magni
1523 2283 1667 2327 magistri
1678 2283 1713 2316 in
1724 2293 1795 2316 om-

1047 2340 1141 2374 nibus
1151 2344 1181 2373 et
1189 2338 1362 2384 peremnia
1373 2338 1509 2378 subsint,
1524 2342 1621 2381 prout
1632 2347 1691 2370 suo
1702 2341 1797 2369 antea

1048 2394 1199 2436 magistro
1206 2392 1369 2431 suberant,
1379 2391 1471 2434 eique
1481 2397 1644 2434 tamquam
1651 2389 1797 2422 membra

1049 2441 1577 2486 capitiobediantetobseq11antur;
1587 2439 1747 2481 liceatque
1756 2438 1798 2471 ei-

1049 2491 1121 2524 dem
1130 2491 1206 2524 duci
1214 2495 1245 2524 et
1253 2489 1405 2531 magistro
1416 2489 1618 2532 corporalem
1626 2487 1798 2531 possessio-

1049 2550 1122 2572 nem
1143 2538 1275 2572 militiae
1296 2538 1327 2571 S.
1347 2538 1455 2570 Lazari
1478 2538 1611 2580 eiusque
1632 2535 1798 2578 magistra-

1051 2595 1100 2621 tus
1112 2594 1142 2622 ct
1153 2588 1292 2621 aliorum
1309 2587 1473 2619 unitorum
1487 2586 1728 2629 przedietorum,
1739 2595 1798 2628 per

1050 2647 1082 2670 se
1095 2637 1141 2670 vcl
1154 2636 1252 2670 alium
1266 2646 1323 2669 scu
1336 2634 1426 2676 alios,
1448 2635 1581 2678 propria
1596 2634 1796 2673 auctoritate,
