2059 3228
96 232 146 261 An.
163 234 192 263 C.
211 235 276 261 {3573

341 226 376 255 'dl

292 285 365 319 Pius
384 285 438 325 tv,
461 282 595 318 Romani
617 281 786 314 Pontifices
805 281 1034 324 etpraedeces-

293 348 380 371 sores
404 337 515 376 nostri,
543 346 600 378 per
619 334 756 367 diversas
776 343 889 367 eorum
900 333 1033 370 litteras,

292 390 325 422 in
345 390 437 423 terris
456 390 616 422 Romanae
636 387 796 420 Ecclesiae
826 386 961 420 mediate
986 385 1033 417 vel

290 442 472 475 immediate
501 440 672 480 subiectis,
703 450 762 484 per
788 448 1031 483 quoscumque,

289 496 398 539 quavis
423 494 610 527 auctoritate
631 498 661 527 et
679 498 833 536 potestate
857 503 894 525 ac
920 490 1034 524 nobili-

288 553 352 581 tate
392 549 547 591 fulgentes
561 574 569 587 ,
606 547 665 580 snb
693 543 1033 580 excommunicationis

291 602 372 634 latae
399 600 573 634 sententiae
607 611 729 644 poena,
769 610 805 632 ex
828 606 1032 641 quacumque

290 664 402 694 causa,
425 654 520 686 etiam
546 664 564 686 a
590 653 716 695 legibus
749 651 922 695 permissa,
962 648 1032 682 fieri

289 706 423 739 omnino
443 706 686 749 proliibuerint;
709 710 737 737 et
759 704 864 736 taliter
888 711 1033 746 pugnan-

290 765 337 792 tes
363 758 483 803 uhique
510 758 643 802 impune
672 757 743 800 capi
764 766 855 801 posse
875 761 905 788 et
924 753 1031 798 puniri

288 821 349 855 pro
358 810 536 845 homicidio
545 811 592 844 vel
603 811 747 849 vulnere,
760 810 846 842 iuxta
858 808 937 840 iuris
947 817 1034 840 com-

289 864 396 897 munis
415 863 674 907 dispositionem,
697 863 785 895 nulla
805 861 849 894 eis
864 865 1034 894 consuetu-

289 917 364 951 dine
383 917 594 961 suffragante,
620 916 788 949 statuerint
798 927 808 953 ,·
831 923 1033 957 corporaque

288 970 324 1003 in
342 970 461 1011 duello,
478 970 511 1002 in
531 970 624 1003 terris
644 968 804 1002 Ecclesiae
828 967 964 1000 mediate
984 966 1032 998 rel

287 1022 471 1056 immediate
485 1022 638 1056 subiectis
657 1023 751 1061 facto,
770 1019 977 1053 morientium
998 1018 1030 1050 in

288 1086 381 1109 sacro
408 1075 537 1119 sepeliri
566 1073 804 1114 interdixerint,
839 1073 899 1105 sub
936 1071 1032 1104 simili

289 1129 631 1163 excommunicationis
670 1138 774 1172 poena
805 1132 835 1159 et
871 1125 1033 1158 interdicti

288 1182 510 1222 ecclesiastici;
521 1182 670 1215 omnibus
678 1185 707 1213 et
724 1179 856 1222 singulis
865 1178 1033 1221 utriusque

289 1246 384 1269 sexus
403 1235 550 1275 ducibus,
573 1234 752 1273 comitibus,
773 1231 1031 1270 marchionibus,

289 1289 472 1323 domicellis
484 1315 492 1327 ‚
518 1288 692 1321 baronibus
711 1292 742 1320 et
761 1286 832 1319 aliis
846 1285 1034 1328 temporali-

286 1342 349 1376 bus
375 1342 533 1382 dominis‚
571 1340 716 1381 vicariis,
749 1339 1036 1373 communitatibus

288 1401 321 1429 et
345 1395 605 1429 universitatibus
624 1393 802 1433 civitatum,
822 1398 981 1425 terrarum
1005 1396 1036 1423 et

288 1449 437 1482 locorum
466 1448 649 1492 praedictae
681 1447 842 1480 Romanae
874 1445 1034 1478 Ecclesiae

290 1502 429 1535 mediate
448 1502 496 1534 vel
513 1501 697 1534 immediate
715 1500 933 1533 subiectorum
949 1509 1036 1531 man-

289 1554 401 1588 dantes
412 1565 452 1588 ne
464 1555 502 1587 de
516 1560 633 1592 cetero,
646 1552 808 1597 perpetuis
824 1551 940 1584 futuris
958 1557 1036 1584 tem-

288 1608 435 1652 poribus,
455 1608 639 1651 aliquibus,
670 1607 903 1648 cuiuscumque
935 1605 1037 1648 digni-

288 1660 363 1694 tatis
382 1667 413 1694 et
431 1661 609 1694 nobilitatis
624 1659 743 1700 forent,
773 1664 804 1692 et
823 1669 859 1692 ex
879 1669 1036 1701 quacum-

289 1725 353 1759 que
364 1725 472 1755 causa,
490 1713 584 1747 etiam
596 1724 613 1746 a
629 1713 754 1756 legibus
768 1723 833 1746 non
844 1712 1035 1756 improbata,

288 1768 399 1801 locum
424 1778 480 1801 seu
501 1777 651 1811 campum
670 1766 809 1799 liberum
829 1766 869 1798 ad
890 1765 1035 1798 duellum

291 1831 349 1854 seu
367 1820 446 1854 alias
465 1820 503 1853 ad
524 1819 734 1863 pugnandum
753 1825 858 1852 tutum
883 1824 938 1851 aut
954 1829 1036 1861 quo-

291 1873 467 1907 modolibet
485 1872 702 1916 assignarent,
729 1872 891 1905 traderent
915 1877 943 1904 ct
960 1882 1037 1904 con-

292 1926 462 1966 cederent,
490 1931 545 1958 aut
563 1925 737 1968 assignari,
760 1925 840 1958 tradi
858 1930 887 1958 et
905 1925 1037 1958 concedi

293 1979 435 2013 facerent
462 1979 510 2011 rel
538 1978 784 2022 permitterent;
811 1989 847 2011 ac
876 1978 934 2021 ipsi
969 1989 1037 2011 cer-

294 2039 394 2065 tantes
408 2059 416 2073 ,
443 2032 631 2065 comitantes
643 2059 650 2072 ,
678 2032 881 2064 consulentes
894 2058 901 2071 ,
922 2031 1038 2064 adhae-

295 2090 418 2126 rentes,
444 2086 602 2125 fautores,
623 2095 749 2118 necnon
770 2090 872 2117 cartas
891 2085 1039 2117 certami-

295 2138 345 2171 nis
378 2139 613 2171 subscribentes
637 2143 667 2170 et
687 2137 899 2180 publicantes,
935 2137 967 2169 in
987 2149 1039 2171 ex-

296 2191 595 2224 communicationis
618 2191 699 2223 latac
722 2190 915 2231 sententiae,
941 2201 957 2223 a
978 2203 1040 2234 qua

296 2255 361 2278 non
380 2244 441 2277 nisi
461 2256 519 2288 per
542 2245 721 2278 Romanum
743 2243 930 2277 Pontificem
957 2250 987 2276 et
1008 2245 1039 2276 in

297 2298 410 2331 mortis
429 2298 564 2331 articulo
585 2298 702 2330 absolvi
724 2303 870 2340 possent,
905 2303 936 2329 et
962 2308 1040 2340 qua-

297 2357 371 2384 tuor
384 2351 520 2383 millium
535 2351 724 2384 ducatorum
741 2350 891 2383 Gamerae
910 2351 1041 2392 Aposto-

298 2399 377 2432 licae
404 2399 669 2442 applicandorum
687 2409 823 2442 poenam
833 2409 890 2441 pro
901 2399 1040 2441 qualibet

298 2449 367 2481 vice
382 2448 608 2480 incurrendam
621 2459 627 2485 ;
649 2453 679 2480 et
695 2448 719 2480 si
732 2447 1042 2481 huiusmodiconsti-

299 2496 432 2530 tutionis
456 2496 624 2529 violatores
656 2497 740 2529 ultra
764 2496 881 2529 dictam
906 2496 1041 2539 primam

301 2546 402 2579 vicem
424 2545 545 2583 forent,
567 2545 650 2577 ultra
669 2544 768 2577 dictas
792 2555 922 2588 poenas,
954 2544 1040 2576 feudi

890 228 1069 253 mum-mim!
1091 224 1241 251 nomam(

1073 277 1169 311 clesia
1183 274 1625 318 obtinuissent‚priva1ionem
1637 273 1816 316 incurrere,

1073 340 1198 363 necnon
1214 327 1399 361 carceribus
1418 326 1596 370 mancipari
1616 332 1647 360 et
1663 327 1818 369 detineri,

1073 394 1109 416 ac
1130 383 1167 415 ad
1190 383 1317 414 illarum
1338 380 1562 413 executionem
1590 381 1723 413 omnino
1743 391 1820 424 pro—

1073 435 1142 469 cedi
1165 445 1255 477 posse
1275 432 1494 473 decreverint;
1521 432 1590 466 etsi
1611 433 1820 467 ecclesiastici

1074 488 1191 527 forent,
1213 486 1364 520 omnibus
1379 491 1410 519 et
1425 486 1559 529 singulis
1571 486 1728 527 ecclesiis,
1749 497 1820 520 mo-

1075 539 1239 579 nasteriis,
1270 538 1478 582 dignitatibus
1506 544 1537 572 et
1563 539 1633 572 aliis
1654 539 1822 573 beneficiis

1073 592 1296 626 ecclesiasticis
1315 603 1374 636 per
1392 602 1446 625 eos
1459 592 1606 633 obtentis,
1629 603 1686 626 seu
1701 593 1734 626 in
1751 593 1822 636 qui—

1072 646 1131 678 bus
1157 650 1188 677 et
1211 645 1251 678 ad
1269 655 1352 688 quae
1371 645 1422 678 ius
1447 644 1506 678 sibi
1531 646 1751 689 competebat,
1781 656 1820 680 eo
1866 662 1869 664 ·

1072 699 1142 742 ipso
1158 698 1292 742 privati,
1314 703 1345 731 et
1363 698 1402 731 ad
1417 697 1471 731 illa
1486 703 1517 730 et
1533 698 1594 731 alia
1605 699 1637 731 in
1652 705 1819 743 posterum

1072 751 1244 784 obtinenda
1278 751 1437 784 inhabiles
1471 750 1666 791 existerent;
1691 742 1821 786 necnon

1072 803 1139 843 illa,
1157 809 1319 847 tamquam
1331 815 1389 848 per
1400 804 1611 848 privationem
1630 803 1819 839 huiusmodi

1070 856 1226 897 vacantia,
1248 858 1287 890 ab
1306 857 1376 890 aliis
1403 857 1569 901 impetrari
1595 863 1745 901 possent,
1770 869 1821 892 re·

1071 911 1215 943 vocando
1244 920 1356 944 omnes
1381 915 1411 944 et
1434 911 1576 954 singulas
1595 911 1821 945 concessiones

1074 963 1270 1004 duellorum,
1283 962 1394 1007 quovis
1403 963 1511 1003 modo,
1524 974 1582 1007 per
1597 974 1821 1008 quoscumque

1072 1016 1238 1059 quibusvis
1263 1027 1451 1057 concessas,
1485 1021 1515 1049 et
1543 1022 1724 1060 pugnantes
1757 1017 1820 1061 ipsi

1072 1079 1138 1102 non
1161 1070 1267 1102 solum
1286 1069 1399 1113 poenis
1418 1069 1589 1113 praedictis
1605 1070 1819 1113 subiacerent,

1073 1122 1138 1163 sed,
1163 1133 1276 1156 corum
1296 1123 1453 1157 memoria
1473 1129 1628 1167 perpetuo
1648 1124 1817 1166 damnata,

1071 1176 1158 1209 bona
1189 1176 1369 1221 proscripta
1401 1182 1433 1209 et
1468 1176 1620 1210 Gamerae
1656 1177 1820 1221 Apostoli-

1074 1240 1129 1262 cae
1144 1239 1182 1262 eo
1202 1229 1272 1273 ipso
1285 1229 1457 1262 confiscata
1472 1234 1593 1270 essent;
1616 1230 1714 1263 duces
1741 1240 1821 1274 quo-

1072 1293 1135 1325 que
1153 1308 1160 1321 ,
1202 1282 1363 1323 barones,
1406 1282 1538 1316 comites
1555 1309 1563 1323 ,
1615 1283 1820 1318 marchiones

1074 1340 1104 1367 et
1115 1335 1237 1367 domini
1248 1336 1442 1379 temporales
1452 1362 1460 1376 ,
1482 1335 1608 1377 vicarii,
1634 1336 1818 1373 feudatarii.

1074 1398 1188 1421 eorum
1208 1388 1385 1432 capitanei,
1422 1388 1668 1422 communitates
1690 1399 1820 1433 quoque

1075 1441 1252 1482 civitatum,
1267 1447 1427 1474 terrarum
1445 1442 1629 1475 etlocorum
1641 1442 1745 1476 eidem
1759 1443 1820 1477 Ro-

1074 1505 1189 1528 manae
1207 1495 1368 1528 Ecclesiae
1402 1495 1538 1528 mcdiate
1566 1495 1615 1528 vel
1636 1496 1822 1530 immediate

1075 1548 1295 1581 subiectorum
1313 1574 1322 1589 ,
1364 1559 1514 1592 campum
1543 1549 1583 1582 ad
1610 1550 1822 1593 pugnandum

1075 1606 1294 1646 praestantes,
1336 1601 1420 1634 ultra
1446 1602 1638 1646 praemissa,
1669 1603 1708 1636 ah
1733 1602 1821 1636 omni

1075 1656 1146 1688 iure
1158 1682 1166 1696 ,
1188 1654 1275 1698 quod
1294 1654 1326 1687 in
1347 1655 1518 1688 territoriis
1537 1655 1602 1688 suis
1621 1656 1820 1697 obtinebant,

1075 1708 1145 1752 ipso
1165 1708 1247 1741 facto
1274 1707 1442 1748 caderent,
1472 1708 1616 1752 illudque
1640 1708 1678 1741 ad
1707 1709 1821 1742 Came-

1076 1773 1144 1794 ram
1164 1761 1381 1805 Apostolicam
1402 1761 1623 1795 devolveretur
1642 1767 1671 1795 et
1690 1762 1823 1797 devolu-

1075 1822 1144 1849 tum
1165 1826 1232 1848 esse
1252 1820 1459 1855 censeretur,
1490 1814 1609 1859 absque
1634 1815 1695 1848 alia
1714 1816 1822 1850 decla-

1077 1869 1201 1901 ratione
1233 1868 1373 1911 desuper
1396 1868 1560 1901 facienda:
1599 1868 1656 1911 qui
1687 1879 1763 1902 vero
1782 1869 1824 1903 ad

1077 1922 1151 1955 talia
1171 1927 1303 1954 cruenta
1323 1921 1505 1964 spectacula
1531 1922 1770 1963 convenissent,
1796 1922 1824 1956 si

1077 1975 1213 2015 nobiles,
1223 1975 1488 2018 quingentorum,
1497 1975 1522 2007 si
1537 1975 1707 2009 mediocris
1718 1976 1823 2010 sortu-

1079 2039 1139 2068 nae,
1152 2034 1294 2067 centum;
1304 2027 1330 2059 si
1340 2038 1413 2060 vero
1427 2027 1596 2070 ignobiles,
1606 2028 1717 2072 viginti
1730 2029 1824 2072 quin·
1864 2022 1869 2028 ’

1078 2092 1140 2125 que
1160 2080 1499 2121 ducatorum,necnon
1516 2081 1822 2128 excommunicatio-

1079 2134 1128 2167 nis
1144 2139 1174 2167 et
1188 2139 1363 2178 perpetuae
1377 2134 1609 2167 maledictionis
1628 2145 1765 2178 poenam
1777 2135 1825 2168 in-

1079 2193 1264 2227 currerent,
1290 2192 1321 2220 et
1343 2188 1435 2220 locus
1457 2187 1525 2231 ipse
1541 2187 1758 2221 ecclesiastico
1773 2199 1824 2222 su-

1079 2241 1220 2274 biaceret
1232 2240 1413 2278 interdicto,
1430 2251 1465 2273 ac
1479 2241 1503 2273 si
1525 2241 1702 2285 praemissa
1716 2241 1824 2274 omnia

1080 2294 1175 2327 ctiam
1186 2304 1244 2337 per
1258 2293 1387 2327 concilii
1402 2293 1577 2326 Tridentini
1593 2294 1718 2327 decreta
1737 2305 1824 2327 com-

1082 2347 1214 2391 probata
1233 2353 1263 2380 et
1283 2346 1502 2380 efficacissime
1522 2346 1669 2380 innovata
1690 2347 1820 2381 suerint.

1123 2397 1138 2439 ξ,
1162 2396 1192 2429 2.
1220 2395 1299 2429 Cum
1318 2401 1425 2428 tamen
1448 2405 1553 2438 nuper
1576 2394 1759 2438 accepimus
1790 2395 1824 2428 in

1081 2445 1187 2488 regnis
1215 2443 1391 2487 Aragoniae
1415 2449 1445 2476 ct
1468 2444 1630 2476 Valentiae
1649 2454 1685 2476 ac
1706 2443 1824 2486 princi-

1082 2501 1156 2537 patu
1176 2492 1355 2526 Cataloniae
1380 2502 1506 2524 necnon
1523 2491 1724 2524 comitatibus
1744 2491 1821 2524 Ros-

1082 2542 1202 2575 silionis
1222 2552 1258 2575 ac
1283 2540 1483 2580 Germaniae,
1514 2551 1578 2573 non
1605 2540 1707 2573 solam
1728 2551 1823 2582 prae-

301 2605 355 2627 <cu
376 2593 556 2633 vicariatus,
572 2603 666 2636 quem
687 2606 704 2626 a
723 2594 807 2626 dicta
825 2593 969 2627 Romana
987 2592 1042 2625 Ec·
1058 2622 1065 2641 Ι
1083 2592 1176 2625 missa
1196 2590 1355 2631 exerceri,
1376 2600 1487 2623 rerum
1503 2589 1596 2623 etiam
1608 2589 1732 2632 aliquos
1752 2589 1822 2622 illa-

1869 2399 1929 2422 Facti
1939 2400 2017 2422 serim·
