<?xml version="1.0" encoding="UTF-8"?>
<!DOCTYPE html PUBLIC "-//W3C//DTD XHTML 1.0 Transitional//EN"
    "http://www.w3.org/TR/xhtml1/DTD/xhtml1-transitional.dtd">
<html xmlns="http://www.w3.org/1999/xhtml" xml:lang="en" lang="en">
 <head>
  <title>
</title>
<meta http-equiv="Content-Type" content="text/html;charset=utf-8" />
  <meta name='ocr-system' content='tesseract 3.04.00' />
  <meta name='ocr-capabilities' content='ocr_page ocr_carea ocr_par ocr_line ocrx_word'/>
</head>
<body>
  <div class='ocr_page' id='page_1' title='image "./bullarumdiplomat08cath_0753.png"; bbox 0 0 2059 3228; ppageno 0'>
   <div class='ocr_carea' id='block_1_1' title="bbox 58 0 171 115">
    <p class='ocr_par' dir='ltr' id='par_1_1' title="bbox 58 0 171 115">
     <span class='ocr_line' id='line_1_1' title="bbox 58 0 171 115; baseline 0 0"><span class='ocrx_word' id='word_1_1' title='bbox 58 0 171 115; x_wconf 65' lang='lat' dir='ltr'>r·</span> 
     </span>
    </p>
   </div>
   <div class='ocr_carea' id='block_1_2' title="bbox 57 118 1698 260">
    <p class='ocr_par' dir='ltr' id='par_1_2' title="bbox 57 118 1698 278">
     <span class='ocr_line' id='line_1_2' title="bbox 68 118 87 138; baseline 0 -11"><span class='ocrx_word' id='word_1_2' title='bbox 68 118 87 138; x_wconf 65' lang='lat'>,</span> 
     </span>
     <span class='ocr_line' id='line_1_3' title="bbox 69 153 92 195; baseline 0 -30"><span class='ocrx_word' id='word_1_3' title='bbox 69 153 92 195; x_wconf 35' lang='grc' dir='ltr'>ἦ,</span> 
     </span>
     <span class='ocr_line' id='line_1_4' title="bbox 57 193 1698 260; baseline -0.001 0"><span class='ocrx_word' id='word_1_4' title='bbox 57 193 109 260; x_wconf 46' lang='grc' dir='ltr'>,ἦ</span> <span class='ocrx_word' id='word_1_5' title='bbox 121 229 190 258; x_wconf 77' lang='lat'>¹586</span> <span class='ocrx_word' id='word_1_6' title='bbox 1634 215 1698 259; x_wconf 73' lang='lat'>737</span> 
     </span>
    </p>
   </div>
   <div class='ocr_carea' id='block_1_3' title="bbox 66 275 1747 496">
    <p class='ocr_par' dir='ltr' id='par_1_3' title="bbox 66 275 1747 496">
     <span class='ocr_line' id='line_1_5' title="bbox 113 275 1746 330; baseline 0.002 -13"><span class='ocrx_word' id='word_1_7' title='bbox 113 294 185 317; x_wconf 73' lang='grc' dir='ltr'><strong>οιοι-</strong></span> <span class='ocrx_word' id='word_1_8' title='bbox 204 281 378 323; x_wconf 76' lang='lat' dir='ltr'>collegium</span> <span class='ocrx_word' id='word_1_9' title='bbox 399 281 508 323; x_wconf 68' lang='lat' dir='ltr'>viginti</span> <span class='ocrx_word' id='word_1_10' title='bbox 528 287 557 314; x_wconf 86' lang='lat' dir='ltr'>et</span> <span class='ocrx_word' id='word_1_11' title='bbox 578 282 674 315; x_wconf 63' lang='lat' dir='ltr'>unius</span> <span class='ocrx_word' id='word_1_12' title='bbox 695 289 862 314; x_wconf 80' lang='lat' dir='ltr'>cantorum</span> <span class='ocrx_word' id='word_1_13' title='bbox 877 295 952 326; x_wconf 79' lang='lat' dir='ltr'>cap-</span> <span class='ocrx_word' id='word_1_14' title='bbox 996 283 1133 326; x_wconf 75' lang='lat' dir='ltr'>eupatis.</span> <span class='ocrx_word' id='word_1_15' title='bbox 1162 283 1191 317; x_wconf 91' lang='lat' dir='ltr'>in</span> <span class='ocrx_word' id='word_1_16' title='bbox 1215 285 1300 318; x_wconf 85' lang='lat' dir='ltr'>dicta</span> <span class='ocrx_word' id='word_1_17' title='bbox 1327 275 1475 329; x_wconf 76' lang='lat' dir='ltr'>cappella</span> <span class='ocrx_word' id='word_1_18' title='bbox 1494 285 1638 330; x_wconf 82' lang='lat' dir='ltr'>quotidie</span> <span class='ocrx_word' id='word_1_19' title='bbox 1652 314 1659 327; x_wconf 91' lang='lat'>‚</span> <span class='ocrx_word' id='word_1_20' title='bbox 1682 298 1746 321; x_wconf 88' lang='lat' dir='ltr'>non</span> 
     </span>
     <span class='ocr_line' id='line_1_6' title="bbox 66 324 1747 383; baseline 0.004 -17"><span class='ocrx_word' id='word_1_21' title='bbox 66 324 186 383; x_wconf 47' lang='lat' dir='ltr'>73¹3„ss</span> <span class='ocrx_word' id='word_1_22' title='bbox 202 334 418 378; x_wconf 87' lang='lat' dir='ltr'>pellanorum,</span> <span class='ocrx_word' id='word_1_23' title='bbox 445 341 478 367; x_wconf 87' lang='lat' dir='ltr'>ut</span> <span class='ocrx_word' id='word_1_24' title='bbox 505 338 684 378; x_wconf 72' lang='lat' dir='ltr'>praefertur</span> <span class='ocrx_word' id='word_1_25' title='bbox 706 335 951 379; x_wconf 74' lang='lat' dir='ltr'>descriptorum,</span> <span class='ocrx_word' id='word_1_26' title='bbox 996 342 1102 369; x_wconf 87' lang='lat' dir='ltr'>tamen</span> <span class='ocrx_word' id='word_1_27' title='bbox 1135 336 1164 369; x_wconf 92' lang='lat' dir='ltr'>in</span> <span class='ocrx_word' id='word_1_28' title='bbox 1190 339 1370 381; x_wconf 80' lang='lat' dir='ltr'>praesentia</span> <span class='ocrx_word' id='word_1_29' title='bbox 1392 344 1510 378; x_wconf 81' lang='lat' dir='ltr'>nostra,</span> <span class='ocrx_word' id='word_1_30' title='bbox 1539 339 1747 374; x_wconf 79' lang='lat' dir='ltr'>ministranti-</span> 
     </span>
     <span class='ocr_line' id='line_1_7' title="bbox 68 386 1746 443; baseline 0.005 -26"><span class='ocrx_word' id='word_1_31' title='bbox 68 395 182 443; x_wconf 45' lang='grc' dir='ltr'><strong>...1ἕᾶᾞῶ</strong></span> <span class='ocrx_word' id='word_1_32' title='bbox 201 386 271 419; x_wconf 89' lang='lat' dir='ltr'>loco</span> <span class='ocrx_word' id='word_1_33' title='bbox 300 398 439 430; x_wconf 86' lang='lat' dir='ltr'>quorum</span> <span class='ocrx_word' id='word_1_34' title='bbox 469 399 526 431; x_wconf 91' lang='lat' dir='ltr'>pro</span> <span class='ocrx_word' id='word_1_35' title='bbox 553 394 697 431; x_wconf 75' lang='lat' dir='ltr'>tempore</span> <span class='ocrx_word' id='word_1_36' title='bbox 722 388 950 422; x_wconf 67' lang='lat' dir='ltr'>decedentium</span> <span class='ocrx_word' id='word_1_37' title='bbox 971 395 974 399; x_wconf 91' lang='grc'>’</span> <span class='ocrx_word' id='word_1_38' title='bbox 994 389 1065 429; x_wconf 63' lang='lat' dir='ltr'>bus,</span> <span class='ocrx_word' id='word_1_39' title='bbox 1092 400 1129 422; x_wconf 91' lang='lat' dir='ltr'>ac</span> <span class='ocrx_word' id='word_1_40' title='bbox 1155 391 1302 433; x_wconf 70' lang='lat' dir='ltr'>scriptori</span> <span class='ocrx_word' id='word_1_41' title='bbox 1333 397 1363 424; x_wconf 86' lang='lat' dir='ltr'>et</span> <span class='ocrx_word' id='word_1_42' title='bbox 1392 392 1514 425; x_wconf 78' lang='lat' dir='ltr'>custodi</span> <span class='ocrx_word' id='word_1_43' title='bbox 1537 392 1694 426; x_wconf 82' lang='lat' dir='ltr'>librorum</span> <span class='ocrx_word' id='word_1_44' title='bbox 1716 404 1746 427; x_wconf 87' lang='lat' dir='ltr'>e-</span> 
     </span>
     <span class='ocr_line' id='line_1_8' title="bbox 103 426 1740 496; baseline 0.004 -24"><span class='ocrx_word' id='word_1_45' title='bbox 103 456 122 472; x_wconf 85' lang='grc' dir='ltr'>ιιι</span> <span class='ocrx_word' id='word_1_46' title='bbox 137 426 182 472; x_wconf 61' lang='lat'>’00-</span> <span class='ocrx_word' id='word_1_47' title='bbox 199 441 246 474; x_wconf 89' lang='lat' dir='ltr'>vel</span> <span class='ocrx_word' id='word_1_48' title='bbox 272 441 492 474; x_wconf 77' lang='lat' dir='ltr'>recedentium</span> <span class='ocrx_word' id='word_1_49' title='bbox 515 442 580 481; x_wconf 82' lang='lat' dir='ltr'>alii,</span> <span class='ocrx_word' id='word_1_50' title='bbox 607 442 683 474; x_wconf 82' lang='lat' dir='ltr'>artis</span> <span class='ocrx_word' id='word_1_51' title='bbox 710 443 850 475; x_wconf 75' lang='lat' dir='ltr'>musicae</span> <span class='ocrx_word' id='word_1_52' title='bbox 865 443 948 485; x_wconf 91' lang='lat' dir='ltr'>peri·</span> <span class='ocrx_word' id='word_1_53' title='bbox 970 434 973 469; x_wconf 64' lang='grc' dir='ltr'>ἶ</span> <span class='ocrx_word' id='word_1_54' title='bbox 994 441 1117 496; x_wconf 56' lang='lat' dir='ltr'>iusdgm</span> <span class='ocrx_word' id='word_1_55' title='bbox 1147 444 1312 486; x_wconf 82' lang='lat' dir='ltr'>cappellae</span> <span class='ocrx_word' id='word_1_56' title='bbox 1333 455 1508 487; x_wconf 74' lang='lat' dir='ltr'>congruam</span> <span class='ocrx_word' id='word_1_57' title='bbox 1544 446 1740 489; x_wconf 81' lang='lat' dir='ltr'>portionem,</span> 
     </span>
    </p>
   </div>
   <div class='ocr_carea' id='block_1_4' title="bbox 54 483 1741 551">
    <p class='ocr_par' dir='ltr' id='par_1_4' title="bbox 54 483 1741 551">
     <span class='ocr_line' id='line_1_9' title="bbox 54 483 1741 551; baseline 0.004 -25"><span class='ocrx_word' id='word_1_58' title='bbox 54 483 107 504; x_wconf 48' lang='grc' dir='ltr'>η’</span> <span class='ocrx_word' id='word_1_59' title='bbox 200 493 242 527; x_wconf 88' lang='lat' dir='ltr'>tia</span> <span class='ocrx_word' id='word_1_60' title='bbox 263 499 294 527; x_wconf 88' lang='lat' dir='ltr'>et</span> <span class='ocrx_word' id='word_1_61' title='bbox 313 494 397 527; x_wconf 72' lang='lat' dir='ltr'>vocis</span> <span class='ocrx_word' id='word_1_62' title='bbox 418 494 571 528; x_wconf 66' lang='lat' dir='ltr'>suavitate</span> <span class='ocrx_word' id='word_1_63' title='bbox 592 495 814 538; x_wconf 73' lang='lat' dir='ltr'>pollentes,ab</span> <span class='ocrx_word' id='word_1_64' title='bbox 830 495 950 528; x_wconf 84' lang='lat' dir='ltr'>aliisde</span> <span class='ocrx_word' id='word_1_65' title='bbox 992 494 1063 527; x_wconf 80' lang='lat' dir='ltr'>loco</span> <span class='ocrx_word' id='word_1_66' title='bbox 1101 495 1220 534; x_wconf 82' lang='lat' dir='ltr'>salarii,</span> <span class='ocrx_word' id='word_1_67' title='bbox 1253 497 1385 530; x_wconf 86' lang='lat' dir='ltr'>arbitrio</span> <span class='ocrx_word' id='word_1_68' title='bbox 1420 498 1520 541; x_wconf 82' lang='lat' dir='ltr'>ipsius</span> <span class='ocrx_word' id='word_1_69' title='bbox 1546 499 1741 551; x_wconf 61' lang='lat' dir='ltr'>protectoris</span> 
     </span>
    </p>
   </div>
   <div class='ocr_carea' id='block_1_5' title="bbox 0 358 102 514">
    <p class='ocr_par' dir='ltr' id='par_1_5' title="bbox 0 358 102 514">
     <span class='ocr_line' id='line_1_10' title="bbox 0 358 102 514; baseline 0 -52"><span class='ocrx_word' id='word_1_70' title='bbox 0 358 102 514; x_wconf 95' lang='lat' dir='ltr'>       </span> 
     </span>
    </p>
   </div>
   <div class='ocr_carea' id='block_1_6' title="bbox 866 231 1944 263">
    <p class='ocr_par' dir='ltr' id='par_1_6' title="bbox 866 231 1944 263">
     <span class='ocr_line' id='line_1_11' title="bbox 866 231 1944 263; baseline 0.009 -10"><span class='ocrx_word' id='word_1_71' title='bbox 866 231 968 254; x_wconf 59' lang='lat' dir='ltr'>sixrrs</span> <span class='ocrx_word' id='word_1_72' title='bbox 988 232 1006 254; x_wconf 80' lang='lat' dir='ltr'>v</span> <span class='ocrx_word' id='word_1_73' title='bbox 1027 231 1073 255; x_wconf 67' lang='grc' dir='ltr'>Μ’.</span> <span class='ocrx_word' id='word_1_74' title='bbox 1760 231 1814 262; x_wconf 83' lang='grc' dir='ltr'><strong>Αιι.</strong></span> <span class='ocrx_word' id='word_1_75' title='bbox 1828 231 1858 261; x_wconf 81' lang='lat' dir='ltr'>C.</span> <span class='ocrx_word' id='word_1_76' title='bbox 1875 233 1944 263; x_wconf 72' lang='lat'>1580</span> 
     </span>
    </p>
   </div>
   <div class='ocr_carea' id='block_1_7' title="bbox 0 514 104 3228">
    <p class='ocr_par' dir='ltr' id='par_1_7' title="bbox 0 514 104 3228">
     <span class='ocr_line' id='line_1_12' title="bbox 0 514 104 3228; baseline 0 0"><span class='ocrx_word' id='word_1_77' title='bbox 0 514 104 3228; x_wconf 95' lang='lat' dir='ltr'> </span> 
     </span>
    </p>
   </div>
   <div class='ocr_carea' id='block_1_8' title="bbox 199 547 947 751">
    <p class='ocr_par' dir='ltr' id='par_1_8' title="bbox 199 547 947 751">
     <span class='ocr_line' id='line_1_13' title="bbox 199 547 945 591; baseline 0.001 -11"><span class='ocrx_word' id='word_1_78' title='bbox 199 547 323 591; x_wconf 83' lang='lat' dir='ltr'>gremio</span> <span class='ocrx_word' id='word_1_79' title='bbox 353 548 478 590; x_wconf 68' lang='lat' dir='ltr'>collegii</span> <span class='ocrx_word' id='word_1_80' title='bbox 512 548 698 581; x_wconf 84' lang='lat' dir='ltr'>huiusmodi</span> <span class='ocrx_word' id='word_1_81' title='bbox 726 548 945 588; x_wconf 73' lang='lat' dir='ltr'>existentibus,</span> 
     </span>
     <span class='ocr_line' id='line_1_14' title="bbox 199 601 946 645; baseline 0.001 -12"><span class='ocrx_word' id='word_1_82' title='bbox 199 601 328 645; x_wconf 79' lang='lat' dir='ltr'>praevio</span> <span class='ocrx_word' id='word_1_83' title='bbox 348 601 492 644; x_wconf 72' lang='lat' dir='ltr'>diligenti</span> <span class='ocrx_word' id='word_1_84' title='bbox 514 601 672 641; x_wconf 81' lang='lat' dir='ltr'>examine,</span> <span class='ocrx_word' id='word_1_85' title='bbox 696 612 732 634; x_wconf 89' lang='lat' dir='ltr'>ac</span> <span class='ocrx_word' id='word_1_86' title='bbox 757 601 836 634; x_wconf 83' lang='lat' dir='ltr'>alias</span> <span class='ocrx_word' id='word_1_87' title='bbox 863 602 946 634; x_wconf 87' lang='lat' dir='ltr'>iuxta</span> 
     </span>
     <span class='ocr_line' id='line_1_15' title="bbox 199 653 947 687; baseline -0.001 0"><span class='ocrx_word' id='word_1_88' title='bbox 199 654 393 687; x_wconf 80' lang='lat' dir='ltr'>laudabilem</span> <span class='ocrx_word' id='word_1_89' title='bbox 420 653 687 687; x_wconf 73' lang='lat' dir='ltr'>consuetudinem</span> <span class='ocrx_word' id='word_1_90' title='bbox 710 654 865 687; x_wconf 87' lang='lat' dir='ltr'>hactenus</span> <span class='ocrx_word' id='word_1_91' title='bbox 889 655 947 687; x_wconf 90' lang='lat' dir='ltr'>ob-</span> 
     </span>
     <span class='ocr_line' id='line_1_16' title="bbox 199 708 947 751; baseline 0 -11"><span class='ocrx_word' id='word_1_92' title='bbox 199 713 367 747; x_wconf 81' lang='lat' dir='ltr'>servatam,</span> <span class='ocrx_word' id='word_1_93' title='bbox 390 708 463 750; x_wconf 75' lang='lat' dir='ltr'>eligi</span> <span class='ocrx_word' id='word_1_94' title='bbox 481 708 639 747; x_wconf 78' lang='lat' dir='ltr'>debeant;</span> <span class='ocrx_word' id='word_1_95' title='bbox 661 708 706 740; x_wconf 89' lang='lat' dir='ltr'>sic</span> <span class='ocrx_word' id='word_1_96' title='bbox 726 714 833 741; x_wconf 87' lang='lat' dir='ltr'>tamen</span> <span class='ocrx_word' id='word_1_97' title='bbox 859 708 947 751; x_wconf 90' lang='lat' dir='ltr'>quod</span> 
     </span>
    </p>
   </div>
   <div class='ocr_carea' id='block_1_9' title="bbox 199 760 949 803">
    <p class='ocr_par' dir='ltr' id='par_1_9' title="bbox 199 760 949 803">
     <span class='ocr_line' id='line_1_17' title="bbox 199 760 949 803; baseline 0 -9"><span class='ocrx_word' id='word_1_98' title='bbox 199 760 320 794; x_wconf 90' lang='lat' dir='ltr'>dictum</span> <span class='ocrx_word' id='word_1_99' title='bbox 347 771 518 793; x_wconf 85' lang='lat' dir='ltr'>numerum</span> <span class='ocrx_word' id='word_1_100' title='bbox 549 761 661 803; x_wconf 81' lang='lat' dir='ltr'>viginti</span> <span class='ocrx_word' id='word_1_101' title='bbox 683 766 714 793; x_wconf 86' lang='lat' dir='ltr'>et</span> <span class='ocrx_word' id='word_1_102' title='bbox 738 761 836 794; x_wconf 90' lang='lat' dir='ltr'>unius</span> <span class='ocrx_word' id='word_1_103' title='bbox 856 772 949 794; x_wconf 89' lang='lat' dir='ltr'>num-</span> 
     </span>
    </p>
   </div>
   <div class='ocr_carea' id='block_1_10' title="bbox 192 814 947 964">
    <p class='ocr_par' dir='ltr' id='par_1_10' title="bbox 192 814 947 964">
     <span class='ocr_line' id='line_1_18' title="bbox 196 814 947 858; baseline 0.001 -11"><span class='ocrx_word' id='word_1_104' title='bbox 196 824 294 858; x_wconf 84' lang='lat' dir='ltr'>quam</span> <span class='ocrx_word' id='word_1_105' title='bbox 315 814 481 854; x_wconf 80' lang='lat' dir='ltr'>excedant,</span> <span class='ocrx_word' id='word_1_106' title='bbox 509 820 540 847; x_wconf 87' lang='lat' dir='ltr'>et</span> <span class='ocrx_word' id='word_1_107' title='bbox 569 824 710 856; x_wconf 86' lang='lat' dir='ltr'>quorum</span> <span class='ocrx_word' id='word_1_108' title='bbox 735 824 820 847; x_wconf 88' lang='lat' dir='ltr'>unus</span> <span class='ocrx_word' id='word_1_109' title='bbox 844 814 947 848; x_wconf 84' lang='lat' dir='ltr'>dietae</span> 
     </span>
     <span class='ocr_line' id='line_1_19' title="bbox 192 867 676 911; baseline -0.002 -11"><span class='ocrx_word' id='word_1_110' title='bbox 192 867 363 911; x_wconf 73' lang='lat' dir='ltr'>cappellae</span> <span class='ocrx_word' id='word_1_111' title='bbox 384 867 534 909; x_wconf 45' lang='lat' dir='ltr'>magister</span> <span class='ocrx_word' id='word_1_112' title='bbox 553 867 676 899; x_wconf 81' lang='lat' dir='ltr'>existat.</span> 
     </span>
     <span class='ocr_line' id='line_1_20' title="bbox 241 920 946 964; baseline -0.001 -10"><span class='ocrx_word' id='word_1_113' title='bbox 241 921 256 964; x_wconf 64' lang='grc' dir='ltr'>ξ</span> <span class='ocrx_word' id='word_1_114' title='bbox 280 920 312 954; x_wconf 83' lang='grc'>3.</span> <span class='ocrx_word' id='word_1_115' title='bbox 339 921 376 953; x_wconf 86' lang='lat' dir='ltr'>Et</span> <span class='ocrx_word' id='word_1_116' title='bbox 405 926 468 953; x_wconf 86' lang='lat' dir='ltr'>tam</span> <span class='ocrx_word' id='word_1_117' title='bbox 499 921 566 964; x_wconf 77' lang='lat' dir='ltr'>ipse</span> <span class='ocrx_word' id='word_1_118' title='bbox 588 932 685 964; x_wconf 90' lang='lat' dir='ltr'>quam</span> <span class='ocrx_word' id='word_1_119' title='bbox 710 920 763 953; x_wconf 84' lang='lat' dir='ltr'>aiii</span> <span class='ocrx_word' id='word_1_120' title='bbox 785 932 844 964; x_wconf 87' lang='lat' dir='ltr'>pro</span> <span class='ocrx_word' id='word_1_121' title='bbox 864 926 946 953; x_wconf 88' lang='lat' dir='ltr'>tem-</span> 
     </span>
    </p>
   </div>
   <div class='ocr_carea' id='block_1_11' title="bbox 173 974 945 1018">
    <p class='ocr_par' dir='ltr' id='par_1_11' title="bbox 173 974 945 1018">
     <span class='ocr_line' id='line_1_21' title="bbox 173 974 945 1018; baseline -0.001 -11"><span class='ocrx_word' id='word_1_122' title='bbox 173 985 275 1018; x_wconf 86' lang='lat' dir='ltr'>-pore</span> <span class='ocrx_word' id='word_1_123' title='bbox 303 974 474 1007; x_wconf 82' lang='lat' dir='ltr'>existentes</span> <span class='ocrx_word' id='word_1_124' title='bbox 503 979 650 1007; x_wconf 83' lang='lat' dir='ltr'>cantores</span> <span class='ocrx_word' id='word_1_125' title='bbox 680 974 872 1016; x_wconf 86' lang='lat' dir='ltr'>cappellani,</span> <span class='ocrx_word' id='word_1_126' title='bbox 907 974 945 1006; x_wconf 87' lang='lat' dir='ltr'>de</span> 
     </span>
    </p>
   </div>
   <div class='ocr_carea' id='block_1_12' title="bbox 193 1027 946 1714">
    <p class='ocr_par' dir='ltr' id='par_1_12' title="bbox 193 1027 946 1714">
     <span class='ocr_line' id='line_1_22' title="bbox 196 1027 946 1071; baseline 0 -11"><span class='ocrx_word' id='word_1_127' title='bbox 196 1027 321 1071; x_wconf 78' lang='lat' dir='ltr'>gremio</span> <span class='ocrx_word' id='word_1_128' title='bbox 346 1027 472 1070; x_wconf 71' lang='lat' dir='ltr'>collegii</span> <span class='ocrx_word' id='word_1_129' title='bbox 488 1027 673 1060; x_wconf 82' lang='lat' dir='ltr'>huiusmodi</span> <span class='ocrx_word' id='word_1_130' title='bbox 686 1027 867 1067; x_wconf 73' lang='lat' dir='ltr'>existentes,</span> <span class='ocrx_word' id='word_1_131' title='bbox 884 1027 946 1060; x_wconf 87' lang='lat' dir='ltr'>sint</span> 
     </span>
     <span class='ocr_line' id='line_1_23' title="bbox 195 1081 945 1123; baseline -0.001 -9"><span class='ocrx_word' id='word_1_132' title='bbox 195 1087 226 1114; x_wconf 90' lang='lat' dir='ltr'>et</span> <span class='ocrx_word' id='word_1_133' title='bbox 250 1091 319 1114; x_wconf 84' lang='lat' dir='ltr'>esse</span> <span class='ocrx_word' id='word_1_134' title='bbox 343 1086 546 1121; x_wconf 75' lang='lat' dir='ltr'>censeantur,</span> <span class='ocrx_word' id='word_1_135' title='bbox 571 1086 667 1123; x_wconf 84' lang='lat' dir='ltr'>prout</span> <span class='ocrx_word' id='word_1_136' title='bbox 685 1081 842 1113; x_wconf 87' lang='lat' dir='ltr'>hactenus</span> <span class='ocrx_word' id='word_1_137' title='bbox 861 1092 945 1114; x_wconf 89' lang='lat' dir='ltr'>sem-</span> 
     </span>
     <span class='ocr_line' id='line_1_24' title="bbox 195 1135 944 1178; baseline -0.003 -10"><span class='ocrx_word' id='word_1_138' title='bbox 195 1145 254 1178; x_wconf 90' lang='lat' dir='ltr'>per</span> <span class='ocrx_word' id='word_1_139' title='bbox 278 1135 420 1174; x_wconf 78' lang='lat' dir='ltr'>fuerunt,</span> <span class='ocrx_word' id='word_1_140' title='bbox 443 1135 543 1167; x_wconf 68' lang='lat' dir='ltr'>nostri</span> <span class='ocrx_word' id='word_1_141' title='bbox 565 1141 595 1167; x_wconf 85' lang='lat' dir='ltr'>et</span> <span class='ocrx_word' id='word_1_142' title='bbox 620 1145 678 1178; x_wconf 83' lang='lat' dir='ltr'>pro</span> <span class='ocrx_word' id='word_1_143' title='bbox 704 1140 851 1178; x_wconf 85' lang='lat' dir='ltr'>tempore</span> <span class='ocrx_word' id='word_1_144' title='bbox 880 1135 944 1168; x_wconf 79' lang='lat' dir='ltr'>exi-</span> 
     </span>
     <span class='ocr_line' id='line_1_25' title="bbox 194 1187 945 1221; baseline -0.001 0"><span class='ocrx_word' id='word_1_145' title='bbox 194 1189 305 1221; x_wconf 86' lang='lat' dir='ltr'>stentis</span> <span class='ocrx_word' id='word_1_146' title='bbox 321 1187 457 1221; x_wconf 80' lang='lat' dir='ltr'>Romani</span> <span class='ocrx_word' id='word_1_147' title='bbox 478 1187 640 1220; x_wconf 77' lang='lat' dir='ltr'>Pontificis</span> <span class='ocrx_word' id='word_1_148' title='bbox 666 1188 730 1220; x_wconf 75' lang='lat' dir='ltr'>veri</span> <span class='ocrx_word' id='word_1_149' title='bbox 760 1193 790 1220; x_wconf 86' lang='lat' dir='ltr'>et</span> <span class='ocrx_word' id='word_1_150' title='bbox 816 1187 945 1220; x_wconf 88' lang='lat' dir='ltr'>indubi-</span> 
     </span>
     <span class='ocr_line' id='line_1_26' title="bbox 195 1241 944 1281; baseline -0.001 -7"><span class='ocrx_word' id='word_1_151' title='bbox 195 1241 251 1274; x_wconf 84' lang='lat' dir='ltr'>tati</span> <span class='ocrx_word' id='word_1_152' title='bbox 273 1241 456 1281; x_wconf 72' lang='lat' dir='ltr'>familiares,</span> <span class='ocrx_word' id='word_1_153' title='bbox 483 1241 628 1274; x_wconf 84' lang='lat' dir='ltr'>continui</span> <span class='ocrx_word' id='word_1_154' title='bbox 649 1242 893 1281; x_wconf 86' lang='lat' dir='ltr'>commensales,</span> <span class='ocrx_word' id='word_1_155' title='bbox 907 1252 944 1274; x_wconf 87' lang='lat' dir='ltr'>ac</span> 
     </span>
     <span class='ocr_line' id='line_1_27' title="bbox 195 1295 944 1339; baseline -0.001 -11"><span class='ocrx_word' id='word_1_156' title='bbox 195 1305 233 1328; x_wconf 84' lang='lat' dir='ltr'>ex</span> <span class='ocrx_word' id='word_1_157' title='bbox 256 1295 378 1328; x_wconf 82' lang='lat' dir='ltr'>Palatio</span> <span class='ocrx_word' id='word_1_158' title='bbox 404 1295 585 1339; x_wconf 83' lang='lat' dir='ltr'>Apostolico</span> <span class='ocrx_word' id='word_1_159' title='bbox 606 1295 731 1327; x_wconf 85' lang='lat' dir='ltr'>solitam</span> <span class='ocrx_word' id='word_1_160' title='bbox 761 1295 944 1338; x_wconf 88' lang='lat' dir='ltr'>portionem</span> 
     </span>
     <span class='ocr_line' id='line_1_28' title="bbox 194 1348 942 1393; baseline -0.001 -12"><span class='ocrx_word' id='word_1_161' title='bbox 194 1349 288 1393; x_wconf 90' lang='lat' dir='ltr'>panis</span> <span class='ocrx_word' id='word_1_162' title='bbox 307 1355 338 1381; x_wconf 90' lang='lat' dir='ltr'>et</span> <span class='ocrx_word' id='word_1_163' title='bbox 354 1349 418 1381; x_wconf 91' lang='lat' dir='ltr'>vini</span> <span class='ocrx_word' id='word_1_164' title='bbox 435 1348 601 1392; x_wconf 82' lang='lat' dir='ltr'>percipere</span> <span class='ocrx_word' id='word_1_165' title='bbox 619 1354 650 1382; x_wconf 91' lang='lat' dir='ltr'>et</span> <span class='ocrx_word' id='word_1_166' title='bbox 664 1348 782 1381; x_wconf 87' lang='lat' dir='ltr'>habere</span> <span class='ocrx_word' id='word_1_167' title='bbox 794 1348 942 1388; x_wconf 86' lang='lat' dir='ltr'>debeant,</span> 
     </span>
     <span class='ocr_line' id='line_1_29' title="bbox 193 1402 945 1436; baseline 0 -2"><span class='ocrx_word' id='word_1_168' title='bbox 193 1412 270 1435; x_wconf 89' lang='lat' dir='ltr'>cum</span> <span class='ocrx_word' id='word_1_169' title='bbox 290 1412 394 1435; x_wconf 88' lang='lat' dir='ltr'>massa</span> <span class='ocrx_word' id='word_1_170' title='bbox 413 1402 578 1435; x_wconf 84' lang='lat' dir='ltr'>communi</span> <span class='ocrx_word' id='word_1_171' title='bbox 604 1413 639 1435; x_wconf 81' lang='lat' dir='ltr'>ex</span> <span class='ocrx_word' id='word_1_172' title='bbox 661 1403 854 1436; x_wconf 86' lang='lat' dir='ltr'>monasterio</span> <span class='ocrx_word' id='word_1_173' title='bbox 867 1402 945 1436; x_wconf 85' lang='lat' dir='ltr'>San-</span> 
     </span>
     <span class='ocr_line' id='line_1_30' title="bbox 193 1456 945 1500; baseline 0.001 -12"><span class='ocrx_word' id='word_1_174' title='bbox 193 1461 262 1489; x_wconf 88' lang='lat' dir='ltr'>ctae</span> <span class='ocrx_word' id='word_1_175' title='bbox 286 1456 400 1489; x_wconf 84' lang='lat' dir='ltr'>Mariae</span> <span class='ocrx_word' id='word_1_176' title='bbox 421 1457 460 1489; x_wconf 88' lang='lat' dir='ltr'>de</span> <span class='ocrx_word' id='word_1_177' title='bbox 476 1456 664 1500; x_wconf 85' lang='lat' dir='ltr'>Crespiano,</span> <span class='ocrx_word' id='word_1_178' title='bbox 687 1456 816 1490; x_wconf 83' lang='lat' dir='ltr'>Ordinis</span> <span class='ocrx_word' id='word_1_179' title='bbox 833 1457 863 1489; x_wconf 81' lang='lat' dir='ltr'>S.</span> <span class='ocrx_word' id='word_1_180' title='bbox 888 1457 945 1489; x_wconf 87' lang='lat' dir='ltr'>Be-</span> 
     </span>
     <span class='ocr_line' id='line_1_31' title="bbox 193 1509 941 1550; baseline 0 -8"><span class='ocrx_word' id='word_1_181' title='bbox 193 1509 322 1549; x_wconf 87' lang='lat' dir='ltr'>nedicti,</span> <span class='ocrx_word' id='word_1_182' title='bbox 339 1509 529 1543; x_wconf 80' lang='lat' dir='ltr'>Tarentinae</span> <span class='ocrx_word' id='word_1_183' title='bbox 550 1509 683 1542; x_wconf 81' lang='lat' dir='ltr'>civitatis</span> <span class='ocrx_word' id='word_1_184' title='bbox 703 1520 759 1543; x_wconf 88' lang='lat' dir='ltr'>seu</span> <span class='ocrx_word' id='word_1_185' title='bbox 773 1509 941 1550; x_wconf 85' lang='lat' dir='ltr'>dioecesis,</span> 
     </span>
     <span class='ocr_line' id='line_1_32' title="bbox 194 1562 943 1607; baseline -0.001 -11"><span class='ocrx_word' id='word_1_186' title='bbox 194 1562 298 1596; x_wconf 89' lang='lat' dir='ltr'>eidem</span> <span class='ocrx_word' id='word_1_187' title='bbox 319 1564 484 1607; x_wconf 85' lang='lat' dir='ltr'>cappellae</span> <span class='ocrx_word' id='word_1_188' title='bbox 504 1574 561 1607; x_wconf 88' lang='lat' dir='ltr'>per</span> <span class='ocrx_word' id='word_1_189' title='bbox 579 1574 636 1596; x_wconf 81' lang='lat' dir='ltr'>nos</span> <span class='ocrx_word' id='word_1_190' title='bbox 657 1574 772 1606; x_wconf 81' lang='lat' dir='ltr'>nuper,</span> <span class='ocrx_word' id='word_1_191' title='bbox 795 1564 833 1595; x_wconf 90' lang='lat' dir='ltr'>ad</span> <span class='ocrx_word' id='word_1_192' title='bbox 849 1574 943 1596; x_wconf 86' lang='lat' dir='ltr'>usum</span> 
     </span>
     <span class='ocr_line' id='line_1_33' title="bbox 194 1617 945 1661; baseline -0.001 -11"><span class='ocrx_word' id='word_1_193' title='bbox 194 1622 226 1650; x_wconf 86' lang='lat' dir='ltr'>et</span> <span class='ocrx_word' id='word_1_194' title='bbox 249 1617 511 1650; x_wconf 79' lang='lat' dir='ltr'>sustentationem</span> <span class='ocrx_word' id='word_1_195' title='bbox 534 1617 677 1661; x_wconf 86' lang='lat' dir='ltr'>ipsorum</span> <span class='ocrx_word' id='word_1_196' title='bbox 691 1623 857 1650; x_wconf 85' lang='lat' dir='ltr'>cantorum</span> <span class='ocrx_word' id='word_1_197' title='bbox 871 1628 945 1661; x_wconf 88' lang='lat' dir='ltr'>cap-</span> 
     </span>
     <span class='ocr_line' id='line_1_34' title="bbox 193 1670 945 1714; baseline -0.001 -11"><span class='ocrx_word' id='word_1_198' title='bbox 193 1670 396 1714; x_wconf 87' lang='lat' dir='ltr'>pellanorum</span> <span class='ocrx_word' id='word_1_199' title='bbox 417 1671 590 1711; x_wconf 82' lang='lat' dir='ltr'>dumtaxat,</span> <span class='ocrx_word' id='word_1_200' title='bbox 611 1671 696 1703; x_wconf 86' lang='lat' dir='ltr'>dieta</span> <span class='ocrx_word' id='word_1_201' title='bbox 708 1670 897 1703; x_wconf 82' lang='lat' dir='ltr'>auctoritate</span> <span class='ocrx_word' id='word_1_202' title='bbox 909 1681 945 1702; x_wconf 93' lang='lat' dir='ltr'>u-</span> 
     </span>
    </p>
   </div>
   <div class='ocr_carea' id='block_1_13' title="bbox 194 1723 964 1772">
    <p class='ocr_par' dir='ltr' id='par_1_13' title="bbox 194 1723 964 1772">
     <span class='ocr_line' id='line_1_35' title="bbox 194 1723 964 1772; baseline -0.001 -16"><span class='ocrx_word' id='word_1_203' title='bbox 194 1723 273 1765; x_wconf 87' lang='lat' dir='ltr'>nito,</span> <span class='ocrx_word' id='word_1_204' title='bbox 292 1734 329 1757; x_wconf 90' lang='lat' dir='ltr'>ae</span> <span class='ocrx_word' id='word_1_205' title='bbox 349 1723 420 1756; x_wconf 76' lang='lat' dir='ltr'>aliis</span> <span class='ocrx_word' id='word_1_206' title='bbox 433 1724 552 1757; x_wconf 86' lang='lat' dir='ltr'>eisdem</span> <span class='ocrx_word' id='word_1_207' title='bbox 569 1735 690 1757; x_wconf 77' lang='lat' dir='ltr'>massae</span> <span class='ocrx_word' id='word_1_208' title='bbox 711 1734 814 1767; x_wconf 82' lang='lat' dir='ltr'>usque</span> <span class='ocrx_word' id='word_1_209' title='bbox 830 1724 866 1755; x_wconf 88' lang='lat' dir='ltr'>ad</span> <span class='ocrx_word' id='word_1_210' title='bbox 889 1734 943 1756; x_wconf 78' lang='lat' dir='ltr'>va-</span> <span class='ocrx_word' id='word_1_211' title='bbox 962 1729 964 1772; x_wconf 78' lang='grc' dir='ltr'>Ι</span> 
     </span>
    </p>
   </div>
   <div class='ocr_carea' id='block_1_14' title="bbox 984 547 1741 1768">
    <p class='ocr_par' dir='ltr' id='par_1_14' title="bbox 987 547 1741 1008">
     <span class='ocr_line' id='line_1_36' title="bbox 991 547 1740 594; baseline 0.008 -16"><span class='ocrx_word' id='word_1_212' title='bbox 991 547 1158 589; x_wconf 78' lang='lat' dir='ltr'>assignari.</span> <span class='ocrx_word' id='word_1_213' title='bbox 1183 548 1245 581; x_wconf 74' lang='lat' dir='ltr'>&#39;Nec</span> <span class='ocrx_word' id='word_1_214' title='bbox 1262 550 1300 581; x_wconf 89' lang='lat' dir='ltr'>de</span> <span class='ocrx_word' id='word_1_215' title='bbox 1321 555 1429 583; x_wconf 85' lang='lat' dir='ltr'>cetero</span> <span class='ocrx_word' id='word_1_216' title='bbox 1449 550 1654 594; x_wconf 86' lang='lat' dir='ltr'>quiequama</span> <span class='ocrx_word' id='word_1_217' title='bbox 1670 562 1740 584; x_wconf 85' lang='lat' dir='ltr'>san-</span> 
     </span>
     <span class='ocr_line' id='line_1_37' title="bbox 992 600 1741 644; baseline 0.008 -12"><span class='ocrx_word' id='word_1_218' title='bbox 992 606 1059 633; x_wconf 88' lang='lat' dir='ltr'>ctae</span> <span class='ocrx_word' id='word_1_219' title='bbox 1076 600 1226 633; x_wconf 80' lang='lat' dir='ltr'>Romame</span> <span class='ocrx_word' id='word_1_220' title='bbox 1239 602 1398 635; x_wconf 83' lang='lat' dir='ltr'>Ecclesiae</span> <span class='ocrx_word' id='word_1_221' title='bbox 1420 604 1653 644; x_wconf 76' lang='lat' dir='ltr'>cardinalibus,</span> <span class='ocrx_word' id='word_1_222' title='bbox 1666 606 1741 638; x_wconf 84' lang='lat' dir='ltr'>mis-</span> 
     </span>
     <span class='ocr_line' id='line_1_38' title="bbox 990 654 1739 701; baseline 0.008 -16"><span class='ocrx_word' id='word_1_223' title='bbox 990 664 1057 686; x_wconf 82' lang='lat' dir='ltr'>sam</span> <span class='ocrx_word' id='word_1_224' title='bbox 1083 654 1115 686; x_wconf 91' lang='lat' dir='ltr'>in</span> <span class='ocrx_word' id='word_1_225' title='bbox 1136 654 1247 687; x_wconf 84' lang='lat' dir='ltr'>eadem</span> <span class='ocrx_word' id='word_1_226' title='bbox 1269 656 1414 699; x_wconf 87' lang='lat' dir='ltr'>cappella</span> <span class='ocrx_word' id='word_1_227' title='bbox 1435 667 1493 699; x_wconf 88' lang='lat' dir='ltr'>pro</span> <span class='ocrx_word' id='word_1_228' title='bbox 1522 662 1666 701; x_wconf 87' lang='lat' dir='ltr'>tempore</span> <span class='ocrx_word' id='word_1_229' title='bbox 1687 669 1739 691; x_wconf 88' lang='lat' dir='ltr'>ee-</span> 
     </span>
     <span class='ocr_line' id='line_1_39' title="bbox 990 707 1738 755; baseline 0.007 -16"><span class='ocrx_word' id='word_1_230' title='bbox 990 707 1201 747; x_wconf 82' lang='lat' dir='ltr'>lebrantibus,</span> <span class='ocrx_word' id='word_1_231' title='bbox 1217 709 1311 741; x_wconf 87' lang='lat' dir='ltr'>etiam</span> <span class='ocrx_word' id='word_1_232' title='bbox 1325 716 1490 752; x_wconf 77' lang='lat' dir='ltr'>praetextu</span> <span class='ocrx_word' id='word_1_233' title='bbox 1504 711 1738 755; x_wconf 82' lang='lat' dir='ltr'>cuiuscumque</span> 
     </span>
     <span class='ocr_line' id='line_1_40' title="bbox 991 761 1736 806; baseline 0.005 -13"><span class='ocrx_word' id='word_1_234' title='bbox 991 761 1246 802; x_wconf 76' lang='lat' dir='ltr'>consuetudinis,</span> <span class='ocrx_word' id='word_1_235' title='bbox 1275 762 1511 806; x_wconf 87' lang='lat' dir='ltr'>quantumlibet</span> <span class='ocrx_word' id='word_1_236' title='bbox 1532 764 1736 804; x_wconf 79' lang='lat' dir='ltr'>inveteratae,</span> 
     </span>
     <span class='ocr_line' id='line_1_41' title="bbox 990 815 1735 861; baseline 0.005 -15"><span class='ocrx_word' id='word_1_237' title='bbox 990 820 1098 857; x_wconf 87' lang='lat' dir='ltr'>petere</span> <span class='ocrx_word' id='word_1_238' title='bbox 1127 821 1157 848; x_wconf 87' lang='lat' dir='ltr'>et</span> <span class='ocrx_word' id='word_1_239' title='bbox 1176 815 1303 858; x_wconf 80' lang='lat' dir='ltr'>exigere</span> <span class='ocrx_word' id='word_1_240' title='bbox 1323 821 1378 848; x_wconf 85' lang='lat' dir='ltr'>aut</span> <span class='ocrx_word' id='word_1_241' title='bbox 1395 816 1490 849; x_wconf 83' lang='lat' dir='ltr'>etiam</span> <span class='ocrx_word' id='word_1_242' title='bbox 1511 823 1623 861; x_wconf 82' lang='lat' dir='ltr'>sponte</span> <span class='ocrx_word' id='word_1_243' title='bbox 1647 818 1735 851; x_wconf 90' lang='lat' dir='ltr'>obla-</span> 
     </span>
     <span class='ocr_line' id='line_1_42' title="bbox 989 867 1738 912; baseline 0.007 -13"><span class='ocrx_word' id='word_1_244' title='bbox 989 873 1057 900; x_wconf 90' lang='lat' dir='ltr'>tum</span> <span class='ocrx_word' id='word_1_245' title='bbox 1077 867 1223 912; x_wconf 85' lang='lat' dir='ltr'>recipere</span> <span class='ocrx_word' id='word_1_246' title='bbox 1251 868 1400 908; x_wconf 87' lang='lat' dir='ltr'>debeant,</span> <span class='ocrx_word' id='word_1_247' title='bbox 1431 870 1621 903; x_wconf 86' lang='lat' dir='ltr'>auctoritate</span> <span class='ocrx_word' id='word_1_248' title='bbox 1642 877 1673 903; x_wconf 89' lang='lat' dir='ltr'>et</span> <span class='ocrx_word' id='word_1_249' title='bbox 1694 877 1738 904; x_wconf 87' lang='lat' dir='ltr'>te-</span> 
     </span>
     <span class='ocr_line' id='line_1_43' title="bbox 989 921 1737 967; baseline 0.007 -16"><span class='ocrx_word' id='word_1_250' title='bbox 989 932 1065 954; x_wconf 86' lang='lat' dir='ltr'>nore</span> <span class='ocrx_word' id='word_1_251' title='bbox 1085 921 1267 965; x_wconf 80' lang='lat' dir='ltr'>praedietis,</span> <span class='ocrx_word' id='word_1_252' title='bbox 1288 929 1446 966; x_wconf 90' lang='lat' dir='ltr'>perpetuo</span> <span class='ocrx_word' id='word_1_253' title='bbox 1463 923 1616 967; x_wconf 81' lang='lat' dir='ltr'>erigimus</span> <span class='ocrx_word' id='word_1_254' title='bbox 1637 930 1666 958; x_wconf 89' lang='lat' dir='ltr'>et</span> <span class='ocrx_word' id='word_1_255' title='bbox 1688 925 1737 956; x_wconf 90' lang='lat' dir='ltr'>in-</span> 
     </span>
     <span class='ocr_line' id='line_1_44' title="bbox 987 975 1161 1008; baseline 0.011 -2"><span class='ocrx_word' id='word_1_256' title='bbox 987 975 1161 1008; x_wconf 75' lang='lat' dir='ltr'>stituimus.</span> 
     </span>
    </p>

    <p class='ocr_par' dir='ltr' id='par_1_15' title="bbox 984 1028 1736 1712">
     <span class='ocr_line' id='line_1_45' title="bbox 1030 1028 1736 1072; baseline 0.006 -12"><span class='ocrx_word' id='word_1_257' title='bbox 1030 1028 1044 1071; x_wconf 66' lang='grc' dir='ltr'>ξ</span> <span class='ocrx_word' id='word_1_258' title='bbox 1068 1028 1099 1061; x_wconf 77' lang='grc'>4.</span> <span class='ocrx_word' id='word_1_259' title='bbox 1128 1029 1240 1072; x_wconf 90' lang='lat' dir='ltr'>Illique</span> <span class='ocrx_word' id='word_1_260' title='bbox 1266 1029 1311 1062; x_wconf 89' lang='lat' dir='ltr'>sic</span> <span class='ocrx_word' id='word_1_261' title='bbox 1336 1035 1442 1063; x_wconf 87' lang='lat' dir='ltr'>erecto</span> <span class='ocrx_word' id='word_1_262' title='bbox 1469 1036 1497 1063; x_wconf 90' lang='lat' dir='ltr'>et</span> <span class='ocrx_word' id='word_1_263' title='bbox 1516 1030 1736 1071; x_wconf 85' lang='lat' dir='ltr'>instituto,ar-</span> 
     </span>
     <span class='ocr_line' id='line_1_46' title="bbox 987 1082 1735 1127; baseline 0.007 -14"><span class='ocrx_word' id='word_1_264' title='bbox 987 1092 1067 1122; x_wconf 84' lang='lat' dir='ltr'>eam,</span> <span class='ocrx_word' id='word_1_265' title='bbox 1088 1082 1227 1125; x_wconf 78' lang='lat' dir='ltr'>sigillum</span> <span class='ocrx_word' id='word_1_266' title='bbox 1249 1083 1375 1127; x_wconf 88' lang='lat' dir='ltr'>aliaque</span> <span class='ocrx_word' id='word_1_267' title='bbox 1397 1084 1576 1126; x_wconf 76' lang='lat' dir='ltr'>collegialia</span> <span class='ocrx_word' id='word_1_268' title='bbox 1605 1084 1675 1117; x_wconf 90' lang='lat' dir='ltr'>iura</span> <span class='ocrx_word' id='word_1_269' title='bbox 1705 1091 1735 1118; x_wconf 87' lang='lat' dir='ltr'>et</span> 
     </span>
     <span class='ocr_line' id='line_1_47' title="bbox 988 1136 1734 1179; baseline 0.003 -11"><span class='ocrx_word' id='word_1_270' title='bbox 988 1136 1134 1179; x_wconf 76' lang='lat' dir='ltr'>iusignia,</span> <span class='ocrx_word' id='word_1_271' title='bbox 1156 1147 1281 1169; x_wconf 86' lang='lat' dir='ltr'>necnon</span> <span class='ocrx_word' id='word_1_272' title='bbox 1302 1138 1486 1170; x_wconf 79' lang='lat' dir='ltr'>facultatem</span> <span class='ocrx_word' id='word_1_273' title='bbox 1509 1143 1539 1170; x_wconf 87' lang='lat' dir='ltr'>et</span> <span class='ocrx_word' id='word_1_274' title='bbox 1563 1139 1734 1171; x_wconf 79' lang='lat' dir='ltr'>auctorita-</span> 
     </span>
     <span class='ocr_line' id='line_1_48' title="bbox 987 1190 1733 1234; baseline 0.004 -13"><span class='ocrx_word' id='word_1_275' title='bbox 987 1196 1048 1222; x_wconf 89' lang='lat' dir='ltr'>tem</span> <span class='ocrx_word' id='word_1_276' title='bbox 1080 1190 1267 1233; x_wconf 75' lang='lat' dir='ltr'>magistrum</span> <span class='ocrx_word' id='word_1_277' title='bbox 1295 1190 1400 1223; x_wconf 83' lang='lat' dir='ltr'>dietae</span> <span class='ocrx_word' id='word_1_278' title='bbox 1429 1191 1606 1234; x_wconf 84' lang='lat' dir='ltr'>cappellae,</span> <span class='ocrx_word' id='word_1_279' title='bbox 1639 1191 1677 1224; x_wconf 91' lang='lat' dir='ltr'>de</span> <span class='ocrx_word' id='word_1_280' title='bbox 1708 1191 1733 1223; x_wconf 90' lang='lat' dir='ltr'>i-</span> 
     </span>
     <span class='ocr_line' id='line_1_49' title="bbox 987 1243 1735 1287; baseline 0.004 -13"><span class='ocrx_word' id='word_1_281' title='bbox 987 1243 1073 1285; x_wconf 72' lang='lat' dir='ltr'>psius</span> <span class='ocrx_word' id='word_1_282' title='bbox 1093 1243 1219 1285; x_wconf 78' lang='lat' dir='ltr'>collegii</span> <span class='ocrx_word' id='word_1_283' title='bbox 1240 1243 1363 1286; x_wconf 79' lang='lat' dir='ltr'>gremio</span> <span class='ocrx_word' id='word_1_284' title='bbox 1376 1244 1574 1283; x_wconf 81' lang='lat' dir='ltr'>existentem,</span> <span class='ocrx_word' id='word_1_285' title='bbox 1600 1244 1654 1287; x_wconf 84' lang='lat' dir='ltr'>qui</span> <span class='ocrx_word' id='word_1_286' title='bbox 1677 1255 1735 1287; x_wconf 86' lang='lat' dir='ltr'>per</span> 
     </span>
     <span class='ocr_line' id='line_1_50' title="bbox 985 1297 1734 1341; baseline 0.004 -13"><span class='ocrx_word' id='word_1_287' title='bbox 985 1297 1170 1340; x_wconf 85' lang='lat' dir='ltr'>quindecim</span> <span class='ocrx_word' id='word_1_288' title='bbox 1183 1308 1283 1330; x_wconf 87' lang='lat' dir='ltr'>annos</span> <span class='ocrx_word' id='word_1_289' title='bbox 1295 1297 1399 1330; x_wconf 89' lang='lat' dir='ltr'>eidem</span> <span class='ocrx_word' id='word_1_290' title='bbox 1413 1298 1566 1341; x_wconf 65' lang='lat' dir='ltr'>cappellae</span> <span class='ocrx_word' id='word_1_291' title='bbox 1576 1298 1734 1331; x_wconf 82' lang='lat' dir='ltr'>deservie-</span> 
     </span>
     <span class='ocr_line' id='line_1_51' title="bbox 987 1349 1734 1394; baseline 0.003 -13"><span class='ocrx_word' id='word_1_292' title='bbox 987 1349 1037 1388; x_wconf 81' lang='lat' dir='ltr'>rit,</span> <span class='ocrx_word' id='word_1_293' title='bbox 1061 1350 1107 1382; x_wconf 74' lang='lat' dir='ltr'>vel</span> <span class='ocrx_word' id='word_1_294' title='bbox 1129 1350 1239 1382; x_wconf 88' lang='lat' dir='ltr'>saltem</span> <span class='ocrx_word' id='word_1_295' title='bbox 1262 1361 1298 1383; x_wconf 79' lang='lat' dir='ltr'>ex</span> <span class='ocrx_word' id='word_1_296' title='bbox 1328 1350 1563 1393; x_wconf 82' lang='lat' dir='ltr'>antiquioribus</span> <span class='ocrx_word' id='word_1_297' title='bbox 1590 1351 1734 1394; x_wconf 84' lang='lat' dir='ltr'>personis</span> 
     </span>
     <span class='ocr_line' id='line_1_52' title="bbox 986 1403 1734 1447; baseline 0.004 -13"><span class='ocrx_word' id='word_1_298' title='bbox 986 1403 1060 1436; x_wconf 79' lang='lat' dir='ltr'>dieti</span> <span class='ocrx_word' id='word_1_299' title='bbox 1081 1404 1207 1446; x_wconf 85' lang='lat' dir='ltr'>collegii</span> <span class='ocrx_word' id='word_1_300' title='bbox 1227 1403 1351 1444; x_wconf 70' lang='lat' dir='ltr'>existat,</span> <span class='ocrx_word' id='word_1_301' title='bbox 1374 1410 1404 1436; x_wconf 88' lang='lat' dir='ltr'>et.</span> <span class='ocrx_word' id='word_1_302' title='bbox 1419 1415 1516 1447; x_wconf 86' lang='lat' dir='ltr'>quem</span> <span class='ocrx_word' id='word_1_303' title='bbox 1531 1404 1610 1437; x_wconf 84' lang='lat' dir='ltr'>duae</span> <span class='ocrx_word' id='word_1_304' title='bbox 1628 1415 1663 1437; x_wconf 84' lang='lat' dir='ltr'>ex</span> <span class='ocrx_word' id='word_1_305' title='bbox 1679 1405 1734 1437; x_wconf 84' lang='lat' dir='ltr'>tri-</span> 
     </span>
     <span class='ocr_line' id='line_1_53' title="bbox 987 1457 1733 1502; baseline 0.005 -15"><span class='ocrx_word' id='word_1_306' title='bbox 987 1458 1045 1490; x_wconf 86' lang='lat' dir='ltr'>bus</span> <span class='ocrx_word' id='word_1_307' title='bbox 1064 1457 1209 1501; x_wconf 85' lang='lat' dir='ltr'>partibus</span> <span class='ocrx_word' id='word_1_308' title='bbox 1229 1458 1316 1490; x_wconf 79' lang='lat' dir='ltr'>illius</span> <span class='ocrx_word' id='word_1_309' title='bbox 1332 1463 1500 1491; x_wconf 87' lang='lat' dir='ltr'>cantorum</span> <span class='ocrx_word' id='word_1_310' title='bbox 1526 1459 1733 1502; x_wconf 85' lang='lat' dir='ltr'>cappellano-</span> 
     </span>
     <span class='ocr_line' id='line_1_54' title="bbox 987 1511 1733 1544; baseline 0.003 -2"><span class='ocrx_word' id='word_1_311' title='bbox 987 1521 1056 1542; x_wconf 82' lang='lat' dir='ltr'>rum</span> <span class='ocrx_word' id='word_1_312' title='bbox 1078 1511 1264 1544; x_wconf 86' lang='lat' dir='ltr'>huiusmodi</span> <span class='ocrx_word' id='word_1_313' title='bbox 1290 1511 1328 1544; x_wconf 89' lang='lat' dir='ltr'>ad</span> <span class='ocrx_word' id='word_1_314' title='bbox 1350 1511 1411 1543; x_wconf 83' lang='lat' dir='ltr'>boc</span> <span class='ocrx_word' id='word_1_315' title='bbox 1432 1511 1583 1544; x_wconf 83' lang='lat' dir='ltr'>idoneum</span> <span class='ocrx_word' id='word_1_316' title='bbox 1611 1511 1733 1544; x_wconf 87' lang='lat' dir='ltr'>iudica-</span> 
     </span>
     <span class='ocr_line' id='line_1_55' title="bbox 986 1563 1734 1607; baseline 0.003 -12"><span class='ocrx_word' id='word_1_317' title='bbox 986 1563 1096 1604; x_wconf 79' lang='lat' dir='ltr'>verint,</span> <span class='ocrx_word' id='word_1_318' title='bbox 1127 1570 1314 1607; x_wconf 76' lang='lat' dir='ltr'>ceterosque</span> <span class='ocrx_word' id='word_1_319' title='bbox 1339 1564 1492 1597; x_wconf 87' lang='lat' dir='ltr'>officiales</span> <span class='ocrx_word' id='word_1_320' title='bbox 1518 1570 1549 1597; x_wconf 90' lang='lat' dir='ltr'>et</span> <span class='ocrx_word' id='word_1_321' title='bbox 1572 1564 1734 1597; x_wconf 64' lang='lat' dir='ltr'>ministros</span> 
     </span>
     <span class='ocr_line' id='line_1_56' title="bbox 984 1617 1734 1662; baseline 0 -13"><span class='ocrx_word' id='word_1_322' title='bbox 984 1617 1181 1650; x_wconf 81' lang='lat' dir='ltr'>necessarios</span> <span class='ocrx_word' id='word_1_323' title='bbox 1201 1617 1239 1650; x_wconf 89' lang='lat' dir='ltr'>ad</span> <span class='ocrx_word' id='word_1_324' title='bbox 1267 1623 1393 1662; x_wconf 90' lang='lat' dir='ltr'>tempus</span> <span class='ocrx_word' id='word_1_325' title='bbox 1423 1618 1562 1661; x_wconf 87' lang='lat' dir='ltr'>desuper</span> <span class='ocrx_word' id='word_1_326' title='bbox 1592 1623 1734 1650; x_wconf 83' lang='lat' dir='ltr'>statuen-</span> 
     </span>
     <span class='ocr_line' id='line_1_57' title="bbox 984 1670 1231 1712; baseline 0.008 -10"><span class='ocrx_word' id='word_1_327' title='bbox 984 1670 1061 1703; x_wconf 87' lang='lat' dir='ltr'>dum</span> <span class='ocrx_word' id='word_1_328' title='bbox 1081 1670 1231 1712; x_wconf 73' lang='lat' dir='ltr'>eligendi.</span> 
     </span>
    </p>

    <p class='ocr_par' dir='ltr' id='par_1_16' title="bbox 1027 1723 1732 1768">
     <span class='ocr_line' id='line_1_58' title="bbox 1027 1723 1732 1768; baseline 0 -12"><span class='ocrx_word' id='word_1_329' title='bbox 1027 1725 1041 1768; x_wconf 64' lang='grc' dir='ltr'>ξ</span> <span class='ocrx_word' id='word_1_330' title='bbox 1066 1723 1096 1756; x_wconf 85' lang='grc'>5.</span> <span class='ocrx_word' id='word_1_331' title='bbox 1112 1724 1254 1764; x_wconf 85' lang='lat' dir='ltr'>Necnon,</span> <span class='ocrx_word' id='word_1_332' title='bbox 1275 1735 1334 1768; x_wconf 91' lang='lat' dir='ltr'>pro</span> <span class='ocrx_word' id='word_1_333' title='bbox 1354 1724 1439 1757; x_wconf 86' lang='lat' dir='ltr'>felici</span> <span class='ocrx_word' id='word_1_334' title='bbox 1456 1730 1550 1763; x_wconf 89' lang='lat' dir='ltr'>statu,</span> <span class='ocrx_word' id='word_1_335' title='bbox 1571 1724 1732 1767; x_wconf 69' lang='lat' dir='ltr'>regimine</span> 
     </span>
    </p>
   </div>
   <div class='ocr_carea' id='block_1_15' title="bbox 193 1770 1732 1822">
    <p class='ocr_par' dir='ltr' id='par_1_17' title="bbox 193 1770 1732 1822">
     <span class='ocr_line' id='line_1_59' title="bbox 193 1770 1732 1822; baseline 0 -12"><span class='ocrx_word' id='word_1_336' title='bbox 193 1777 296 1810; x_wconf 83' lang='lat' dir='ltr'>iorem</span> <span class='ocrx_word' id='word_1_337' title='bbox 316 1787 459 1810; x_wconf 87' lang='lat' dir='ltr'>annuum</span> <span class='ocrx_word' id='word_1_338' title='bbox 490 1777 588 1810; x_wconf 86' lang='lat' dir='ltr'>trium</span> <span class='ocrx_word' id='word_1_339' title='bbox 614 1777 749 1809; x_wconf 87' lang='lat' dir='ltr'>millium</span> <span class='ocrx_word' id='word_1_340' title='bbox 778 1783 942 1809; x_wconf 79' lang='lat' dir='ltr'>scutorum</span> <span class='ocrx_word' id='word_1_341' title='bbox 962 1779 964 1807; x_wconf 76' lang='lat' dir='ltr'>l</span> <span class='ocrx_word' id='word_1_342' title='bbox 983 1783 1014 1810; x_wconf 89' lang='lat' dir='ltr'>et</span> <span class='ocrx_word' id='word_1_343' title='bbox 1033 1777 1191 1821; x_wconf 80' lang='lat' dir='ltr'>gubernio</span> <span class='ocrx_word' id='word_1_344' title='bbox 1203 1778 1280 1811; x_wconf 87' lang='lat' dir='ltr'>dieti</span> <span class='ocrx_word' id='word_1_345' title='bbox 1301 1778 1427 1821; x_wconf 77' lang='lat' dir='ltr'>collegii</span> <span class='ocrx_word' id='word_1_346' title='bbox 1449 1770 1600 1822; x_wconf 77' lang='lat' dir='ltr'>illiusque</span> <span class='ocrx_word' id='word_1_347' title='bbox 1621 1788 1732 1821; x_wconf 86' lang='lat' dir='ltr'>perso-</span> 
     </span>
    </p>
   </div>
   <div class='ocr_carea' id='block_1_16' title="bbox 195 1830 803 1874">
    <p class='ocr_par' dir='ltr' id='par_1_18' title="bbox 195 1830 803 1874">
     <span class='ocr_line' id='line_1_60' title="bbox 195 1830 803 1874; baseline -0.002 -11"><span class='ocrx_word' id='word_1_348' title='bbox 195 1835 364 1871; x_wconf 89' lang='lat' dir='ltr'>monetae,</span> <span class='ocrx_word' id='word_1_349' title='bbox 396 1830 595 1874; x_wconf 74' lang='lat' dir='ltr'>assignandis</span> <span class='ocrx_word' id='word_1_350' title='bbox 626 1830 803 1868; x_wconf 81' lang='lat' dir='ltr'>fructibus,</span> 
     </span>
    </p>
   </div>
   <div class='ocr_carea' id='block_1_17' title="bbox 192 1883 1733 1981">
    <p class='ocr_par' dir='ltr' id='par_1_19' title="bbox 192 1883 1733 1981">
     <span class='ocr_line' id='line_1_61' title="bbox 193 1883 1732 1929; baseline 0 -12"><span class='ocrx_word' id='word_1_351' title='bbox 193 1883 266 1924; x_wconf 90' lang='lat' dir='ltr'>bus,</span> <span class='ocrx_word' id='word_1_352' title='bbox 287 1884 507 1928; x_wconf 67' lang='lat' dir='ltr'>proventibu3‚</span> <span class='ocrx_word' id='word_1_353' title='bbox 533 1884 630 1917; x_wconf 87' lang='lat' dir='ltr'>rebus</span> <span class='ocrx_word' id='word_1_354' title='bbox 657 1890 686 1916; x_wconf 90' lang='lat' dir='ltr'>et</span> <span class='ocrx_word' id='word_1_355' title='bbox 712 1883 826 1921; x_wconf 76' lang='lat' dir='ltr'>bonis;</span> <span class='ocrx_word' id='word_1_356' title='bbox 848 1894 885 1916; x_wconf 88' lang='lat' dir='ltr'>ac</span> <span class='ocrx_word' id='word_1_357' title='bbox 913 1894 944 1916; x_wconf 88' lang='lat' dir='ltr'>e-</span> <span class='ocrx_word' id='word_1_358' title='bbox 984 1885 1062 1917; x_wconf 90' lang='lat' dir='ltr'>lium</span> <span class='ocrx_word' id='word_1_359' title='bbox 1083 1896 1180 1928; x_wconf 90' lang='lat' dir='ltr'>quam</span> <span class='ocrx_word' id='word_1_360' title='bbox 1206 1885 1447 1929; x_wconf 87' lang='lat' dir='ltr'>temporalium,</span> <span class='ocrx_word' id='word_1_361' title='bbox 1479 1896 1515 1917; x_wconf 86' lang='lat' dir='ltr'>ae</span> <span class='ocrx_word' id='word_1_362' title='bbox 1546 1895 1643 1928; x_wconf 85' lang='lat' dir='ltr'>super</span> <span class='ocrx_word' id='word_1_363' title='bbox 1667 1886 1732 1917; x_wconf 81' lang='lat' dir='ltr'>ele-</span> 
     </span>
     <span class='ocr_line' id='line_1_62' title="bbox 192 1937 1733 1981; baseline -0.001 -11"><span class='ocrx_word' id='word_1_364' title='bbox 192 1937 282 1978; x_wconf 86' lang='lat' dir='ltr'>tiam,</span> <span class='ocrx_word' id='word_1_365' title='bbox 297 1937 403 1981; x_wconf 88' lang='lat' dir='ltr'>quoad</span> <span class='ocrx_word' id='word_1_366' title='bbox 417 1937 598 1970; x_wconf 86' lang='lat' dir='ltr'>detotidem</span> <span class='ocrx_word' id='word_1_367' title='bbox 618 1937 801 1970; x_wconf 84' lang='lat' dir='ltr'>reddituum</span> <span class='ocrx_word' id='word_1_368' title='bbox 817 1947 941 1969; x_wconf 90' lang='lat' dir='ltr'>annuo·</span> <span class='ocrx_word' id='word_1_369' title='bbox 962 1969 963 1975; x_wconf 68' lang='grc'>,</span> <span class='ocrx_word' id='word_1_370' title='bbox 983 1938 1156 1977; x_wconf 74' lang='lat' dir='ltr'>ctionilms,</span> <span class='ocrx_word' id='word_1_371' title='bbox 1188 1938 1410 1981; x_wconf 88' lang='lat' dir='ltr'>qualitatibus,</span> <span class='ocrx_word' id='word_1_372' title='bbox 1446 1937 1610 1975; x_wconf 86' lang='lat' dir='ltr'>oneribus,</span> <span class='ocrx_word' id='word_1_373' title='bbox 1638 1938 1733 1970; x_wconf 71' lang='lat' dir='ltr'>serri-</span> 
     </span>
    </p>
   </div>
   <div class='ocr_carea' id='block_1_18' title="bbox 191 1990 943 2353">
    <p class='ocr_par' dir='ltr' id='par_1_20' title="bbox 191 1990 943 2353">
     <span class='ocr_line' id='line_1_63' title="bbox 192 1990 943 2024; baseline -0.003 0"><span class='ocrx_word' id='word_1_374' title='bbox 192 2001 265 2023; x_wconf 88' lang='lat' dir='ltr'>rum</span> <span class='ocrx_word' id='word_1_375' title='bbox 297 2002 422 2024; x_wconf 86' lang='lat' dir='ltr'>summa</span> <span class='ocrx_word' id='word_1_376' title='bbox 443 1991 488 2023; x_wconf 87' lang='lat' dir='ltr'>illi</span> <span class='ocrx_word' id='word_1_377' title='bbox 517 1991 646 2023; x_wconf 73' lang='lat' dir='ltr'>anobis</span> <span class='ocrx_word' id='word_1_378' title='bbox 675 1991 722 2023; x_wconf 72' lang='lat' dir='ltr'>vel</span> <span class='ocrx_word' id='word_1_379' title='bbox 752 1990 943 2023; x_wconf 72' lang='lat' dir='ltr'>successori-</span> 
     </span>
     <span class='ocr_line' id='line_1_64' title="bbox 191 2043 942 2087; baseline -0.003 -10"><span class='ocrx_word' id='word_1_380' title='bbox 191 2043 253 2077; x_wconf 89' lang='lat' dir='ltr'>bus</span> <span class='ocrx_word' id='word_1_381' title='bbox 278 2044 395 2077; x_wconf 83' lang='lat' dir='ltr'>nostris</span> <span class='ocrx_word' id='word_1_382' title='bbox 424 2044 576 2077; x_wconf 75' lang='lat' dir='ltr'>Romanis</span> <span class='ocrx_word' id='word_1_383' title='bbox 603 2044 811 2076; x_wconf 79' lang='lat' dir='ltr'>Pontificibus</span> <span class='ocrx_word' id='word_1_384' title='bbox 838 2043 942 2087; x_wconf 76' lang='lat' dir='ltr'>provi-</span> 
     </span>
     <span class='ocr_line' id='line_1_65' title="bbox 191 2096 942 2140; baseline -0.003 -10"><span class='ocrx_word' id='word_1_385' title='bbox 191 2107 262 2130; x_wconf 87' lang='lat' dir='ltr'>sum</span> <span class='ocrx_word' id='word_1_386' title='bbox 283 2097 391 2137; x_wconf 81' lang='lat' dir='ltr'>suerit,</span> <span class='ocrx_word' id='word_1_387' title='bbox 421 2108 458 2130; x_wconf 81' lang='lat' dir='ltr'>ex</span> <span class='ocrx_word' id='word_1_388' title='bbox 482 2097 633 2130; x_wconf 80' lang='lat' dir='ltr'>Gamerae</span> <span class='ocrx_word' id='word_1_389' title='bbox 658 2096 860 2140; x_wconf 73' lang='lat' dir='ltr'>Apostolicae</span> <span class='ocrx_word' id='word_1_390' title='bbox 889 2108 942 2140; x_wconf 85' lang='lat' dir='ltr'>pe-</span> 
     </span>
     <span class='ocr_line' id='line_1_66' title="bbox 192 2149 942 2193; baseline -0.003 -10"><span class='ocrx_word' id='word_1_391' title='bbox 192 2149 297 2183; x_wconf 88' lang='lat' dir='ltr'>cuniis</span> <span class='ocrx_word' id='word_1_392' title='bbox 316 2150 435 2183; x_wconf 82' lang='lat' dir='ltr'>eisdem</span> <span class='ocrx_word' id='word_1_393' title='bbox 448 2150 634 2183; x_wconf 84' lang='lat' dir='ltr'>cantoribus</span> <span class='ocrx_word' id='word_1_394' title='bbox 647 2149 857 2193; x_wconf 85' lang='lat' dir='ltr'>cappellanis,</span> <span class='ocrx_word' id='word_1_395' title='bbox 871 2150 942 2182; x_wconf 80' lang='lat' dir='ltr'>loco</span> 
     </span>
     <span class='ocr_line' id='line_1_67' title="bbox 192 2202 941 2247; baseline -0.001 -11"><span class='ocrx_word' id='word_1_396' title='bbox 192 2203 313 2243; x_wconf 82' lang='lat' dir='ltr'>salarii,</span> <span class='ocrx_word' id='word_1_397' title='bbox 330 2214 389 2247; x_wconf 88' lang='lat' dir='ltr'>per</span> <span class='ocrx_word' id='word_1_398' title='bbox 404 2214 529 2236; x_wconf 77' lang='lat' dir='ltr'>menses</span> <span class='ocrx_word' id='word_1_399' title='bbox 541 2203 695 2246; x_wconf 71' lang='lat' dir='ltr'>singulos,</span> <span class='ocrx_word' id='word_1_400' title='bbox 719 2202 856 2235; x_wconf 87' lang='lat' dir='ltr'>deducta</span> <span class='ocrx_word' id='word_1_401' title='bbox 873 2208 941 2235; x_wconf 89' lang='lat' dir='ltr'>rata</span> 
     </span>
     <span class='ocr_line' id='line_1_68' title="bbox 191 2256 941 2300; baseline -0.003 -10"><span class='ocrx_word' id='word_1_402' title='bbox 191 2261 284 2300; x_wconf 80' lang='lat' dir='ltr'>parte</span> <span class='ocrx_word' id='word_1_403' title='bbox 308 2257 472 2290; x_wconf 82' lang='lat' dir='ltr'>fructuum</span> <span class='ocrx_word' id='word_1_404' title='bbox 499 2257 626 2300; x_wconf 79' lang='lat' dir='ltr'>collegii</span> <span class='ocrx_word' id='word_1_405' title='bbox 655 2262 684 2289; x_wconf 89' lang='lat' dir='ltr'>et</span> <span class='ocrx_word' id='word_1_406' title='bbox 713 2256 800 2288; x_wconf 81' lang='lat' dir='ltr'>illius</span> <span class='ocrx_word' id='word_1_407' title='bbox 821 2267 941 2289; x_wconf 77' lang='lat' dir='ltr'>massae</span> 
     </span>
     <span class='ocr_line' id='line_1_69' title="bbox 193 2309 941 2353; baseline 0 -11"><span class='ocrx_word' id='word_1_408' title='bbox 193 2309 376 2343; x_wconf 89' lang='lat' dir='ltr'>eommunis</span> <span class='ocrx_word' id='word_1_409' title='bbox 394 2310 596 2348; x_wconf 80' lang='lat' dir='ltr'>huiusmodi,</span> <span class='ocrx_word' id='word_1_410' title='bbox 619 2309 819 2353; x_wconf 81' lang='lat' dir='ltr'>praestandis</span> <span class='ocrx_word' id='word_1_411' title='bbox 843 2310 941 2342; x_wconf 79' lang='lat' dir='ltr'>conti-</span> 
     </span>
    </p>
   </div>
   <div class='ocr_carea' id='block_1_19' title="bbox 983 1990 1733 2354">
    <p class='ocr_par' dir='ltr' id='par_1_21' title="bbox 983 1990 1733 2354">
     <span class='ocr_line' id='line_1_70' title="bbox 983 1990 1733 2034; baseline -0.001 -11"><span class='ocrx_word' id='word_1_412' title='bbox 983 1991 1034 2023; x_wconf 77' lang='lat' dir='ltr'>tiis</span> <span class='ocrx_word' id='word_1_413' title='bbox 1051 1997 1079 2023; x_wconf 88' lang='lat' dir='ltr'>et</span> <span class='ocrx_word' id='word_1_414' title='bbox 1103 1991 1290 2024; x_wconf 85' lang='lat' dir='ltr'>ministeriis</span> <span class='ocrx_word' id='word_1_415' title='bbox 1310 1991 1452 2034; x_wconf 81' lang='lat' dir='ltr'>magistri</span> <span class='ocrx_word' id='word_1_416' title='bbox 1472 1991 1636 2034; x_wconf 86' lang='lat' dir='ltr'>cappellae</span> <span class='ocrx_word' id='word_1_417' title='bbox 1656 1990 1733 2023; x_wconf 88' lang='lat' dir='ltr'>alio-</span> 
     </span>
     <span class='ocr_line' id='line_1_71' title="bbox 983 2043 1732 2086; baseline -0.001 -10"><span class='ocrx_word' id='word_1_418' title='bbox 983 2054 1122 2086; x_wconf 83' lang='lat' dir='ltr'>rumque</span> <span class='ocrx_word' id='word_1_419' title='bbox 1147 2044 1334 2076; x_wconf 80' lang='lat' dir='ltr'>officialium</span> <span class='ocrx_word' id='word_1_420' title='bbox 1357 2049 1387 2076; x_wconf 90' lang='lat' dir='ltr'>et</span> <span class='ocrx_word' id='word_1_421' title='bbox 1407 2043 1627 2076; x_wconf 84' lang='lat' dir='ltr'>ministrorum</span> <span class='ocrx_word' id='word_1_422' title='bbox 1648 2043 1732 2076; x_wconf 72' lang='lat' dir='ltr'>eius-</span> 
     </span>
     <span class='ocr_line' id='line_1_72' title="bbox 984 2097 1730 2140; baseline 0 -11"><span class='ocrx_word' id='word_1_423' title='bbox 984 2098 1056 2130; x_wconf 89' lang='lat' dir='ltr'>dem</span> <span class='ocrx_word' id='word_1_424' title='bbox 1079 2098 1205 2140; x_wconf 80' lang='lat' dir='ltr'>collegii</span> <span class='ocrx_word' id='word_1_425' title='bbox 1227 2108 1454 2140; x_wconf 81' lang='lat' dir='ltr'>quaecumque</span> <span class='ocrx_word' id='word_1_426' title='bbox 1485 2102 1613 2137; x_wconf 78' lang='lat' dir='ltr'>statuta,</span> <span class='ocrx_word' id='word_1_427' title='bbox 1642 2097 1730 2130; x_wconf 50' lang='lat' dir='ltr'>ordio</span> 
     </span>
     <span class='ocr_line' id='line_1_73' title="bbox 984 2150 1732 2191; baseline -0.001 -8"><span class='ocrx_word' id='word_1_428' title='bbox 984 2151 1128 2183; x_wconf 88' lang='lat' dir='ltr'>nationes</span> <span class='ocrx_word' id='word_1_429' title='bbox 1149 2157 1178 2183; x_wconf 85' lang='lat' dir='ltr'>et</span> <span class='ocrx_word' id='word_1_430' title='bbox 1207 2151 1348 2191; x_wconf 80' lang='lat' dir='ltr'>decreta,</span> <span class='ocrx_word' id='word_1_431' title='bbox 1376 2150 1473 2183; x_wconf 77' lang='lat' dir='ltr'>saeris</span> <span class='ocrx_word' id='word_1_432' title='bbox 1499 2150 1679 2184; x_wconf 85' lang='lat' dir='ltr'>canonibus</span> <span class='ocrx_word' id='word_1_433' title='bbox 1702 2157 1732 2183; x_wconf 87' lang='lat' dir='ltr'>et</span> 
     </span>
     <span class='ocr_line' id='line_1_74' title="bbox 984 2203 1730 2242; baseline -0.001 -5"><span class='ocrx_word' id='word_1_434' title='bbox 984 2204 1112 2237; x_wconf 88' lang='lat' dir='ltr'>concilii</span> <span class='ocrx_word' id='word_1_435' title='bbox 1124 2204 1301 2237; x_wconf 88' lang='lat' dir='ltr'>Tridentini</span> <span class='ocrx_word' id='word_1_436' title='bbox 1313 2204 1450 2237; x_wconf 80' lang='lat' dir='ltr'>decretis</span> <span class='ocrx_word' id='word_1_437' title='bbox 1469 2214 1534 2236; x_wconf 87' lang='lat' dir='ltr'>non</span> <span class='ocrx_word' id='word_1_438' title='bbox 1555 2203 1730 2242; x_wconf 85' lang='lat' dir='ltr'>contraria,</span> 
     </span>
     <span class='ocr_line' id='line_1_75' title="bbox 985 2257 1731 2301; baseline -0.003 -11"><span class='ocrx_word' id='word_1_439' title='bbox 985 2257 1156 2294; x_wconf 78' lang='lat' dir='ltr'>condendi.</span> <span class='ocrx_word' id='word_1_440' title='bbox 1180 2263 1210 2290; x_wconf 89' lang='lat' dir='ltr'>et</span> <span class='ocrx_word' id='word_1_441' title='bbox 1231 2258 1370 2297; x_wconf 75' lang='lat' dir='ltr'>condita,</span> <span class='ocrx_word' id='word_1_442' title='bbox 1393 2257 1518 2300; x_wconf 81' lang='lat' dir='ltr'>quoties</span> <span class='ocrx_word' id='word_1_443' title='bbox 1530 2257 1731 2301; x_wconf 87' lang='lat' dir='ltr'>proillorum</span> 
     </span>
     <span class='ocr_line' id='line_1_76' title="bbox 984 2309 1733 2354; baseline 0 -12"><span class='ocrx_word' id='word_1_444' title='bbox 984 2321 1019 2343; x_wconf 87' lang='lat' dir='ltr'>ae</span> <span class='ocrx_word' id='word_1_445' title='bbox 1041 2321 1149 2343; x_wconf 87' lang='lat' dir='ltr'>rerum</span> <span class='ocrx_word' id='word_1_446' title='bbox 1170 2316 1200 2343; x_wconf 90' lang='lat' dir='ltr'>et</span> <span class='ocrx_word' id='word_1_447' title='bbox 1221 2316 1403 2354; x_wconf 86' lang='lat' dir='ltr'>temporum</span> <span class='ocrx_word' id='word_1_448' title='bbox 1424 2309 1578 2353; x_wconf 80' lang='lat' dir='ltr'>qualitate</span> <span class='ocrx_word' id='word_1_449' title='bbox 1589 2309 1637 2342; x_wconf 89' lang='lat' dir='ltr'>vel</span> <span class='ocrx_word' id='word_1_450' title='bbox 1656 2309 1733 2342; x_wconf 85' lang='lat' dir='ltr'>alias</span> 
     </span>
    </p>
   </div>
   <div class='ocr_carea' id='block_1_20' title="bbox 193 2362 1730 2407">
    <p class='ocr_par' dir='ltr' id='par_1_22' title="bbox 193 2362 1730 2407">
     <span class='ocr_line' id='line_1_77' title="bbox 193 2362 1730 2407; baseline -0.001 -11"><span class='ocrx_word' id='word_1_451' title='bbox 193 2362 319 2403; x_wconf 87' lang='lat' dir='ltr'>cienda,</span> <span class='ocrx_word' id='word_1_452' title='bbox 348 2374 385 2396; x_wconf 90' lang='lat' dir='ltr'>ae</span> <span class='ocrx_word' id='word_1_453' title='bbox 413 2363 497 2396; x_wconf 90' lang='lat' dir='ltr'>inter</span> <span class='ocrx_word' id='word_1_454' title='bbox 525 2363 612 2407; x_wconf 85' lang='lat' dir='ltr'>ipsos</span> <span class='ocrx_word' id='word_1_455' title='bbox 638 2362 745 2405; x_wconf 69' lang='lat' dir='ltr'>viginti</span> <span class='ocrx_word' id='word_1_456' title='bbox 782 2369 808 2394; x_wconf 89' lang='lat' dir='ltr'>et</span> <span class='ocrx_word' id='word_1_457' title='bbox 840 2374 940 2395; x_wconf 88' lang='lat' dir='ltr'>unum</span> <span class='ocrx_word' id='word_1_458' title='bbox 985 2364 1156 2406; x_wconf 69' lang='lat' dir='ltr'>expediens</span> <span class='ocrx_word' id='word_1_459' title='bbox 1175 2362 1519 2403; x_wconf 78' lang='lat' dir='ltr'>videbitur‚mutandi‚</span> <span class='ocrx_word' id='word_1_460' title='bbox 1536 2362 1730 2405; x_wconf 72' lang='lat' dir='ltr'>corrigendi,</span> 
     </span>
    </p>
   </div>
   <div class='ocr_carea' id='block_1_21' title="bbox 192 2412 941 2688">
    <p class='ocr_par' dir='ltr' id='par_1_23' title="bbox 193 2412 938 2455">
     <span class='ocr_line' id='line_1_78' title="bbox 193 2412 938 2455; baseline 0 -11"><span class='ocrx_word' id='word_1_461' title='bbox 193 2417 340 2445; x_wconf 88' lang='lat' dir='ltr'>cantores</span> <span class='ocrx_word' id='word_1_462' title='bbox 371 2413 577 2455; x_wconf 83' lang='lat' dir='ltr'>cappellanos</span> <span class='ocrx_word' id='word_1_463' title='bbox 607 2412 938 2455; x_wconf 77' lang='lat' dir='ltr'>proportionabiliter,</span> 
     </span>
    </p>

    <p class='ocr_par' dir='ltr' id='par_1_24' title="bbox 192 2460 940 2503">
     <span class='ocr_line' id='line_1_79' title="bbox 192 2460 940 2503; baseline 0 -11"><span class='ocrx_word' id='word_1_464' title='bbox 192 2466 290 2503; x_wconf 86' lang='lat' dir='ltr'>prout</span> <span class='ocrx_word' id='word_1_465' title='bbox 318 2460 457 2503; x_wconf 82' lang='lat' dir='ltr'>desuper</span> <span class='ocrx_word' id='word_1_466' title='bbox 481 2460 520 2492; x_wconf 83' lang='lat' dir='ltr'>ab</span> <span class='ocrx_word' id='word_1_467' title='bbox 549 2461 649 2503; x_wconf 80' lang='lat' dir='ltr'>ipsius</span> <span class='ocrx_word' id='word_1_468' title='bbox 679 2460 803 2499; x_wconf 60' lang='lat' dir='ltr'>collegii</span> <span class='ocrx_word' id='word_1_469' title='bbox 835 2467 940 2503; x_wconf 82' lang='lat' dir='ltr'>prote-</span> 
     </span>
    </p>

    <p class='ocr_par' dir='ltr' id='par_1_25' title="bbox 193 2509 940 2553">
     <span class='ocr_line' id='line_1_80' title="bbox 193 2509 940 2553; baseline -0.003 -11"><span class='ocrx_word' id='word_1_470' title='bbox 193 2515 281 2543; x_wconf 90' lang='lat' dir='ltr'>ctore</span> <span class='ocrx_word' id='word_1_471' title='bbox 310 2520 370 2553; x_wconf 91' lang='lat' dir='ltr'>pro</span> <span class='ocrx_word' id='word_1_472' title='bbox 399 2515 544 2553; x_wconf 89' lang='lat' dir='ltr'>tempore</span> <span class='ocrx_word' id='word_1_473' title='bbox 574 2510 726 2541; x_wconf 75' lang='lat' dir='ltr'>existente</span> <span class='ocrx_word' id='word_1_474' title='bbox 757 2509 940 2542; x_wconf 83' lang='lat' dir='ltr'>ordinatum</span> 
     </span>
    </p>

    <p class='ocr_par' dir='ltr' id='par_1_26' title="bbox 194 2557 941 2601">
     <span class='ocr_line' id='line_1_81' title="bbox 194 2557 941 2601; baseline -0.001 -10"><span class='ocrx_word' id='word_1_475' title='bbox 194 2558 301 2599; x_wconf 82' lang='lat' dir='ltr'>suerit,</span> <span class='ocrx_word' id='word_1_476' title='bbox 323 2558 504 2598; x_wconf 77' lang='lat' dir='ltr'>dividenda,</span> <span class='ocrx_word' id='word_1_477' title='bbox 530 2569 565 2591; x_wconf 82' lang='lat' dir='ltr'>ex</span> <span class='ocrx_word' id='word_1_478' title='bbox 587 2569 650 2601; x_wconf 83' lang='lat' dir='ltr'>qua</span> <span class='ocrx_word' id='word_1_479' title='bbox 671 2564 778 2590; x_wconf 82' lang='lat' dir='ltr'>tamen</span> <span class='ocrx_word' id='word_1_480' title='bbox 804 2557 941 2590; x_wconf 84' lang='lat' dir='ltr'>diacono</span> 
     </span>
    </p>

    <p class='ocr_par' dir='ltr' id='par_1_27' title="bbox 193 2606 940 2688">
     <span class='ocr_line' id='line_1_82' title="bbox 193 2606 940 2647; baseline -0.001 -7"><span class='ocrx_word' id='word_1_481' title='bbox 193 2611 224 2639; x_wconf 80' lang='lat' dir='ltr'>et</span> <span class='ocrx_word' id='word_1_482' title='bbox 258 2607 478 2647; x_wconf 88' lang='lat' dir='ltr'>subdiacono,</span> <span class='ocrx_word' id='word_1_483' title='bbox 519 2607 594 2639; x_wconf 88' lang='lat' dir='ltr'>olim</span> <span class='ocrx_word' id='word_1_484' title='bbox 638 2606 816 2638; x_wconf 64' lang='lat' dir='ltr'>substitutis</span> <span class='ocrx_word' id='word_1_485' title='bbox 857 2617 940 2639; x_wconf 88' lang='lat' dir='ltr'>nun-</span> 
     </span>
     <span class='ocr_line' id='line_1_83' title="bbox 271 2654 800 2688; baseline -0.002 -2"><span class='ocrx_word' id='word_1_486' title='bbox 271 2656 344 2688; x_wconf 69' lang='lat' dir='ltr'>Ball.</span> <span class='ocrx_word' id='word_1_487' title='bbox 367 2656 442 2685; x_wconf 75' lang='lat' dir='ltr'>Rem.</span> <span class='ocrx_word' id='word_1_488' title='bbox 472 2655 524 2684; x_wconf 75' lang='lat' dir='ltr'>l&#39;ol.</span> <span class='ocrx_word' id='word_1_489' title='bbox 552 2654 622 2684; x_wconf 81' lang='lat' dir='ltr'><em>VIII.</em></span> <span class='ocrx_word' id='word_1_490' title='bbox 763 2655 800 2685; x_wconf 77' lang='lat'>93</span> 
     </span>
    </p>
   </div>
   <div class='ocr_carea' id='block_1_22' title="bbox 961 2547 969 2665">
    <p class='ocr_par' dir='ltr' id='par_1_28' title="bbox 961 2547 969 2665">
     <span class='ocr_line' id='line_1_84' title="bbox 961 2547 969 2665; baseline 0 563"><span class='ocrx_word' id='word_1_491' title='bbox 961 2547 969 2665; x_wconf 95' lang='lat' dir='ltr'> </span> 
     </span>
    </p>
   </div>
   <div class='ocr_carea' id='block_1_23' title="bbox 963 2406 1731 2452">
    <p class='ocr_par' dir='ltr' id='par_1_29' title="bbox 963 2406 1731 2452">
     <span class='ocr_line' id='line_1_85' title="bbox 963 2406 1731 2452; baseline -0.001 -8"><span class='ocrx_word' id='word_1_492' title='bbox 963 2406 965 2451; x_wconf 64' lang='grc' dir='ltr'>ἔ</span> <span class='ocrx_word' id='word_1_493' title='bbox 986 2411 1193 2451; x_wconf 70' lang='lat' dir='ltr'>reformandi,</span> <span class='ocrx_word' id='word_1_494' title='bbox 1216 2411 1385 2451; x_wconf 85' lang='lat' dir='ltr'>alterandi,</span> <span class='ocrx_word' id='word_1_495' title='bbox 1400 2410 1601 2452; x_wconf 85' lang='lat' dir='ltr'>moderandi,</span> <span class='ocrx_word' id='word_1_496' title='bbox 1616 2411 1648 2443; x_wconf 92' lang='lat' dir='ltr'>in</span> <span class='ocrx_word' id='word_1_497' title='bbox 1665 2416 1731 2444; x_wconf 84' lang='lat' dir='ltr'>toto</span> 
     </span>
    </p>
   </div>
   <div class='ocr_carea' id='block_1_24' title="bbox 986 2460 1733 2503">
    <p class='ocr_par' dir='ltr' id='par_1_30' title="bbox 986 2460 1733 2503">
     <span class='ocr_line' id='line_1_86' title="bbox 986 2460 1733 2503; baseline 0 -11"><span class='ocrx_word' id='word_1_498' title='bbox 986 2462 1033 2493; x_wconf 72' lang='lat' dir='ltr'>vel</span> <span class='ocrx_word' id='word_1_499' title='bbox 1044 2461 1073 2492; x_wconf 88' lang='lat' dir='ltr'>in</span> <span class='ocrx_word' id='word_1_500' title='bbox 1088 2467 1175 2503; x_wconf 82' lang='lat' dir='ltr'>parte</span> <span class='ocrx_word' id='word_1_501' title='bbox 1188 2460 1368 2499; x_wconf 72' lang='lat' dir='ltr'>revocandi,</span> <span class='ocrx_word' id='word_1_502' title='bbox 1379 2470 1415 2492; x_wconf 86' lang='lat' dir='ltr'>ac</span> <span class='ocrx_word' id='word_1_503' title='bbox 1427 2460 1487 2492; x_wconf 86' lang='lat' dir='ltr'>alia</span> <span class='ocrx_word' id='word_1_504' title='bbox 1497 2460 1535 2493; x_wconf 87' lang='lat' dir='ltr'>de</span> <span class='ocrx_word' id='word_1_505' title='bbox 1545 2470 1626 2492; x_wconf 83' lang='lat' dir='ltr'>novo</span> <span class='ocrx_word' id='word_1_506' title='bbox 1637 2460 1733 2493; x_wconf 88' lang='lat' dir='ltr'>eden-</span> 
     </span>
    </p>
   </div>
   <div class='ocr_carea' id='block_1_25' title="bbox 964 2508 1732 2552">
    <p class='ocr_par' dir='ltr' id='par_1_31' title="bbox 964 2508 1732 2552">
     <span class='ocr_line' id='line_1_87' title="bbox 964 2508 1732 2552; baseline -0.001 -11"><span class='ocrx_word' id='word_1_507' title='bbox 964 2539 965 2544; x_wconf 67' lang='lat'>,</span> <span class='ocrx_word' id='word_1_508' title='bbox 986 2509 1027 2548; x_wconf 82' lang='lat' dir='ltr'>di,</span> <span class='ocrx_word' id='word_1_509' title='bbox 1042 2520 1142 2551; x_wconf 80' lang='lat' dir='ltr'>eaque</span> <span class='ocrx_word' id='word_1_510' title='bbox 1156 2509 1264 2540; x_wconf 83' lang='lat' dir='ltr'>omma</span> <span class='ocrx_word' id='word_1_511' title='bbox 1277 2535 1284 2548; x_wconf 92' lang='lat'>,</span> <span class='ocrx_word' id='word_1_512' title='bbox 1299 2508 1474 2541; x_wconf 87' lang='lat' dir='ltr'>dummodo</span> <span class='ocrx_word' id='word_1_513' title='bbox 1490 2508 1666 2552; x_wconf 80' lang='lat' dir='ltr'>apostolica</span> <span class='ocrx_word' id='word_1_514' title='bbox 1684 2508 1732 2541; x_wconf 83' lang='lat' dir='ltr'>vel</span> 
     </span>
    </p>
   </div>
   <div class='ocr_carea' id='block_1_26' title="bbox 986 2557 1732 2650">
    <p class='ocr_par' dir='ltr' id='par_1_32' title="bbox 986 2557 1732 2650">
     <span class='ocr_line' id='line_1_88' title="bbox 987 2557 1732 2601; baseline 0 -11"><span class='ocrx_word' id='word_1_515' title='bbox 987 2559 1097 2590; x_wconf 81' lang='lat' dir='ltr'>saltem</span> <span class='ocrx_word' id='word_1_516' title='bbox 1120 2557 1218 2600; x_wconf 72' lang='lat' dir='ltr'>ipsius</span> <span class='ocrx_word' id='word_1_517' title='bbox 1239 2557 1430 2600; x_wconf 84' lang='lat' dir='ltr'>protectoris</span> <span class='ocrx_word' id='word_1_518' title='bbox 1450 2567 1508 2601; x_wconf 90' lang='lat' dir='ltr'>pro</span> <span class='ocrx_word' id='word_1_519' title='bbox 1535 2562 1679 2601; x_wconf 84' lang='lat' dir='ltr'>tempore</span> <span class='ocrx_word' id='word_1_520' title='bbox 1699 2567 1732 2590; x_wconf 87' lang='lat' dir='ltr'>e-</span> 
     </span>
     <span class='ocr_line' id='line_1_89' title="bbox 986 2605 1732 2650; baseline 0 -12"><span class='ocrx_word' id='word_1_521' title='bbox 986 2606 1131 2639; x_wconf 77' lang='lat' dir='ltr'>xistentis</span> <span class='ocrx_word' id='word_1_522' title='bbox 1150 2606 1340 2638; x_wconf 85' lang='lat' dir='ltr'>auctoritate</span> <span class='ocrx_word' id='word_1_523' title='bbox 1356 2606 1532 2650; x_wconf 84' lang='lat' dir='ltr'>approbata</span> <span class='ocrx_word' id='word_1_524' title='bbox 1549 2605 1680 2647; x_wconf 83' lang='lat' dir='ltr'>suerint,</span> <span class='ocrx_word' id='word_1_525' title='bbox 1694 2605 1732 2639; x_wconf 88' lang='lat' dir='ltr'>ab</span> 
     </span>
    </p>
   </div>
   <div class='ocr_carea' id='block_1_27' title="bbox 1748 1045 1934 1290">
    <p class='ocr_par' dir='ltr' id='par_1_33' title="bbox 1748 1045 1934 1290">
     <span class='ocr_line' id='line_1_90' title="bbox 1775 1045 1934 1067; baseline 0 0"><span class='ocrx_word' id='word_1_526' title='bbox 1775 1045 1934 1067; x_wconf 70' lang='lat' dir='ltr'>concessioni·</span> 
     </span>
     <span class='ocr_line' id='line_1_91' title="bbox 1749 1078 1933 1102; baseline 0.005 -6"><span class='ocrx_word' id='word_1_527' title='bbox 1749 1078 1837 1102; x_wconf 71' lang='lat' dir='ltr'>signium</span> <span class='ocrx_word' id='word_1_528' title='bbox 1863 1078 1933 1098; x_wconf 74' lang='lat' dir='ltr'>culle-</span> 
     </span>
     <span class='ocr_line' id='line_1_92' title="bbox 1748 1109 1932 1133; baseline 0.011 -6"><span class='ocrx_word' id='word_1_529' title='bbox 1748 1109 1775 1133; x_wconf 77' lang='lat' dir='ltr'>gii</span> <span class='ocrx_word' id='word_1_530' title='bbox 1813 1115 1836 1129; x_wconf 78' lang='lat' dir='ltr'>ae</span> <span class='ocrx_word' id='word_1_531' title='bbox 1865 1109 1932 1129; x_wconf 62' lang='lat' dir='ltr'>tacut-</span> 
     </span>
     <span class='ocr_line' id='line_1_93' title="bbox 1749 1140 1931 1166; baseline 0.011 -8"><span class='ocrx_word' id='word_1_532' title='bbox 1749 1140 1797 1158; x_wconf 69' lang='lat' dir='ltr'>tatis</span> <span class='ocrx_word' id='word_1_533' title='bbox 1839 1140 1931 1166; x_wconf 72' lang='lat' dir='ltr'>eligendi</span> 
     </span>
     <span class='ocr_line' id='line_1_94' title="bbox 1749 1170 1932 1195; baseline 0.011 -7"><span class='ocrx_word' id='word_1_534' title='bbox 1749 1170 1773 1189; x_wconf 78' lang='lat' dir='ltr'>de</span> <span class='ocrx_word' id='word_1_535' title='bbox 1789 1174 1861 1190; x_wconf 81' lang='lat' dir='ltr'>eorum</span> <span class='ocrx_word' id='word_1_536' title='bbox 1882 1175 1932 1195; x_wconf 77' lang='lat' dir='ltr'>gro—</span> 
     </span>
     <span class='ocr_line' id='line_1_95' title="bbox 1748 1203 1931 1227; baseline 0.011 -7"><span class='ocrx_word' id='word_1_537' title='bbox 1748 1203 1788 1220; x_wconf 81' lang='lat' dir='ltr'>mio</span> <span class='ocrx_word' id='word_1_538' title='bbox 1812 1203 1931 1227; x_wconf 72' lang='lat' dir='ltr'>magistrum</span> 
     </span>
     <span class='ocr_line' id='line_1_96' title="bbox 1749 1233 1931 1259; baseline -0.005 -6"><span class='ocrx_word' id='word_1_539' title='bbox 1749 1233 1857 1259; x_wconf 79' lang='lat' dir='ltr'>cappellae</span> <span class='ocrx_word' id='word_1_540' title='bbox 1910 1236 1931 1252; x_wconf 73' lang='lat' dir='ltr'>et</span> 
     </span>
     <span class='ocr_line' id='line_1_97' title="bbox 1749 1265 1930 1290; baseline 0 -7"><span class='ocrx_word' id='word_1_541' title='bbox 1749 1265 1800 1285; x_wconf 77' lang='lat' dir='ltr'>alios</span> <span class='ocrx_word' id='word_1_542' title='bbox 1814 1265 1930 1290; x_wconf 76' lang='lat' dir='ltr'>ministros,</span> 
     </span>
    </p>
   </div>
   <div class='ocr_carea' id='block_1_28' title="bbox 1806 1743 1929 1771">
    <p class='ocr_par' dir='ltr' id='par_1_34' title="bbox 1806 1743 1929 1771">
     <span class='ocr_line' id='line_1_98' title="bbox 1806 1743 1929 1771; baseline 0.016 -8"><span class='ocrx_word' id='word_1_543' title='bbox 1806 1743 1929 1771; x_wconf 73' lang='lat' dir='ltr'>Statutnque</span> 
     </span>
    </p>
   </div>
   <div class='ocr_carea' id='block_1_29' title="bbox 835 1774 1930 1874">
    <p class='ocr_par' dir='ltr' id='par_1_35' title="bbox 835 1774 1930 1874">
     <span class='ocr_line' id='line_1_99' title="bbox 1746 1774 1930 1799; baseline 0.005 -6"><span class='ocrx_word' id='word_1_544' title='bbox 1746 1778 1784 1799; x_wconf 82' lang='lat' dir='ltr'>pro</span> <span class='ocrx_word' id='word_1_545' title='bbox 1806 1774 1861 1794; x_wconf 80' lang='lat' dir='ltr'>bono</span> <span class='ocrx_word' id='word_1_546' title='bbox 1883 1776 1930 1794; x_wconf 85' lang='lat' dir='ltr'>cot-</span> 
     </span>
     <span class='ocr_line' id='line_1_100' title="bbox 1746 1805 1929 1831; baseline 0.011 -7"><span class='ocrx_word' id='word_1_547' title='bbox 1746 1805 1795 1830; x_wconf 75' lang='lat' dir='ltr'>legii</span> <span class='ocrx_word' id='word_1_548' title='bbox 1827 1806 1929 1831; x_wconf 74' lang='lat' dir='ltr'>regimine</span> 
     </span>
     <span class='ocr_line' id='line_1_101' title="bbox 835 1830 1857 1874; baseline 0.001 -12"><span class='ocrx_word' id='word_1_549' title='bbox 835 1830 944 1862; x_wconf 88' lang='lat' dir='ltr'>rediti-</span> <span class='ocrx_word' id='word_1_550' title='bbox 984 1842 1111 1871; x_wconf 88' lang='lat' dir='ltr'>narum,</span> <span class='ocrx_word' id='word_1_551' title='bbox 1129 1843 1238 1864; x_wconf 86' lang='lat' dir='ltr'>rerum</span> <span class='ocrx_word' id='word_1_552' title='bbox 1260 1838 1290 1865; x_wconf 89' lang='lat' dir='ltr'>et</span> <span class='ocrx_word' id='word_1_553' title='bbox 1309 1832 1483 1872; x_wconf 88' lang='lat' dir='ltr'>bonorum,</span> <span class='ocrx_word' id='word_1_554' title='bbox 1506 1837 1568 1864; x_wconf 82' lang='lat' dir='ltr'>tam</span> <span class='ocrx_word' id='word_1_555' title='bbox 1581 1831 1732 1874; x_wconf 79' lang='lat' dir='ltr'>spiritua·</span> <span class='ocrx_word' id='word_1_556' title='bbox 1746 1837 1857 1857; x_wconf 58' lang='lat' dir='ltr'>conde-:dh</span> 
     </span>
    </p>
   </div>
  </div>
 </body>
</html>
