2059 3228
133 234 186 261 An.
207 234 235 262 c.
258 236 327 263 1579
383 236 447 270 304

335 365 368 387 se
392 351 728 386 excommunicationis
751 352 832 385 latae
856 352 1032 385 sententiae
1049 352 1083 384 in

332 405 504 450 praedictis
517 405 631 437 litteris
648 405 808 448 irrogatae
825 406 950 439 vinculo
963 416 1083 449 nequa·
1115 406 1256 449 divagari
1282 411 1335 438 aut
1361 406 1401 439 ad
1426 407 1532 447 alium,
1550 412 1660 439 contra
1677 405 1863 450 praemissa,

331 469 427 501 quam
452 457 599 490 innodari
624 468 682 490 nec
706 458 788 491 affici
815 459 1030 502 praetendant,
1048 460 1082 491 in

330 511 513 543 animarum
538 521 668 543 suarum
694 511 874 545 damnabile
903 513 1082 556 periculum

333 563 499 606 dictaeque
514 562 678 596 Societatis
692 563 846 597 iacturam
864 570 895 598 et
911 575 1081 608 gravamen

330 627 367 650 ac
391 616 603 660 plurimorum
645 617 855 657 scandalum3
880 618 1081 660 postmodum

328 679 413 709 vero,
439 680 511 702 cum
536 669 576 702 ad
594 670 947 711 brachium-saeculare
973 681 1080 703 recur-

327 723 420 763 ritur,
436 722 598 766 principes
615 734 651 756 ac
664 724 868 767 magistratus
881 724 1081 767 temporales,

329 786 455 809 necnon
473 776 592 810 iudices
609 781 640 809 et
657 782 838 810 executores
863 782 915 809 aut
943 776 1081 809 iustitiae

328 829 468 862 ministri
493 840 548 863 seu
572 830 678 871 etiam,
708 831 815 873 vigore
840 830 1079 874 privilegiorum

329 881 504 924 Societatis‚
529 883 683 927 assumpti
698 889 946 924 conservatores,
956 889 1080 916 contra-

327 935 521 978 recipientes
545 942 576 970 et
600 937 773 971 retinentes
809 937 991 970 huiusmodi
1024 947 1079 970 seu

327 987 438 1021 dantes
462 989 642 1031 consilium,
668 990 820 1023 auxilium
837 991 885 1023 vel
913 990 1052 1023 savorem
1070 1017 1077 1031 ,

327 1040 386 1074 sub
409 1048 573 1085 praetextu
596 1043 681 1086 quod
705 1043 765 1087 ipsi
798 1043 842 1076 sic
863 1041 1079 1076 excommuni-

330 1094 392 1127 cati
418 1094 452 1127 in
477 1096 603 1128 easdem
629 1106 778 1129 censuras
802 1096 952 1129 incidisse
989 1095 1078 1139 prius

330 1147 510 1182 declarandi
535 1150 673 1190 veniant,
698 1149 868 1193 procedere
907 1153 1076 1187 recusant,

329 1201 438 1245 sicque
463 1202 662 1246 apostatandi
687 1201 831 1246 aperitur
847 1207 877 1235 et
893 1201 1015 1235 fovetur
1027 1211 1077 1233 oc—

328 1254 423 1288 casio.

374 1308 390 1351 ᾗ
413 1308 442 1341 5.
468 1308 544 1342 Cum
569 1314 692 1350 autem,
716 1309 798 1342 sicut
821 1309 932 1342 eadem
966 1307 1076 1352 petitio

122 1356 554 1407 qussu‘gssufleffiggjsubiungebat,
579 1373 716 1406 aequum
740 1362 838 1395 videri
867 1373 931 1395 non
965 1361 1076 1394 debeat

122 1411 365 1457 ‘fissiifflfnffl'ut
389 1415 443 1458 qui
468 1415 508 1447 ad
531 1415 604 1448 fidei
621 1415 796 1449 catholicae
814 1415 1028 1448 defensionem
1046 1420 1075 1447 et

328 1466 415 1500 inter
438 1468 570 1511 gentiles
593 1470 857 1512 propagationem
881 1480 953 1502 cum
969 1468 1076 1501 divina

328 1520 432 1563 gratia
456 1522 690 1565 procurandam
715 1523 828 1565 vocati,
851 1529 882 1556 et
906 1523 938 1556 in
961 1534 995 1556 ea
1021 1523 1075 1556 diu

327 1575 453 1608 educati
477 1580 508 1608 et
531 1576 646 1608 versati
671 1581 752 1617 sunt,
777 1576 811 1617 ii,
835 1577 893 1610 levi
918 1576 1021 1619 aliqua
1040 1576 1076 1608 il-

325 1627 449 1661 lusione
473 1634 526 1661 aut
550 1631 647 1662 etiam
671 1631 759 1673 gravi
784 1641 984 1675 quacumque
1009 1636 1074 1664 ten-

323 1682 446 1715 tatione
469 1683 516 1715 vel
541 1683 658 1716 laboris
682 1683 865 1727 perferendi
890 1685 1005 1725 taedio,
1020 1690 1073 1717 aut

324 1735 421 1768 etiam
439 1735 598 1769 honorum
613 1742 644 1769 et
657 1736 851 1780 dignitatum
869 1737 1027 1770 desiderio
1043 1744 1074 1771 et

325 1788 512 1830 ambitione,
536 1789 577 1822 ab
601 1800 706 1833 opere,
730 1790 816 1823 iuxta
832 1801 921 1824 suam
938 1792 1073 1824 vocatio—

323 1851 398 1874 nem
421 1841 549 1886 incepto
565 1870 574 1884 ,
598 1843 767 1884 desistant,
792 1848 847 1876 aut
870 1855 904 1877 ex
929 1845 996 1878 acie
1020 1856 1072 1889 pe-

325 1896 394 1929 dem
421 1897 569 1938 reserant,
594 1896 730 1930 maxime
746 1908 820 1930 vero
838 1897 871 1929 in
887 1898 1072 1941 regionibus

325 1949 398 1991 illis,
422 1950 455 1982 in
479 1950 595 1994 quibus
618 1950 730 1983 messis
753 1950 880 1993 quidem
898 1951 988 1994 copia
1006 1961 1073 1983 ma-

326 2014 399 2046 gna,
424 2003 646 2047 operariorum
683 2013 757 2036 vero
797 2003 905 2047 inopia
935 2004 1072 2037 maxima

323 2057 437 2097 existit,
462 2056 518 2089 ubi
542 2056 638 2089 etiam
661 2056 719 2089 has
742 2066 852 2089 omnes
876 2055 1006 2098 spiritus
1021 2067 1072 2089 er-

324 2110 414 2143 ratici
439 2120 507 2143 esse
531 2110 692 2143 illusiones
708 2110 936 2153 sperimentum
951 2111 1069 2150 docuit;

323 2173 397 2196 nam
422 2174 543 2204 eorum,
568 2164 622 2207 qui
646 2174 683 2197 ex
707 2163 789 2197 illius
805 2164 960 2206 partibus,
979 2175 1069 2207 prae-

324 2222 408 2250 textu
434 2217 595 2260 ingressus
612 2217 644 2249 in
661 2216 892 2250 Cartusiensem
909 2216 1069 2258 Ordinem,

323 2281 355 2303 se
380 2271 615 2310 subtraxerunt,
640 2271 746 2303 nullus
785 2270 938 2303 hactenus
963 2276 1010 2303 est
1034 2270 1068 2302 il-

324 2325 389 2357 lum
414 2325 585 2367 ingressus,
611 2324 664 2357 sed
688 2323 816 2367 quidam
832 2351 839 2364 ‚
865 2334 940 2357 sano
968 2323 1071 2356 consi-

323 2379 366 2410 lio
390 2384 418 2410 et
445 2378 673 2421 resipiscentia,
698 2387 815 2420 magno
841 2377 893 2410 Dei
918 2376 1070 2409 beneficio

323 2431 435 2471 adiuti,
460 2432 498 2464 ad
523 2432 709 2464 Societatem
734 2431 869 2473 regressi
895 2436 967 2463 sunt
985 2458 992 2469 ,
1017 2430 1068 2462 alii

323 2494 397 2516 vero
422 2484 454 2516 in
479 2486 612 2525 saeculo,
637 2495 699 2517 non
726 2484 794 2517 sine
806 2484 986 2516 animarum
1000 2494 1070 2516 sua-

322 2547 394 2569 rum
418 2538 557 2579 periculo
581 2543 610 2570 et
635 2538 807 2570 multorum
831 2537 998 2576 scandalo,
1022 2547 1070 2570 re-

322 2595 520 2629 manserunt,
546 2590 733 2632 quinimmo,
766 2589 913 2622 simulato
941 2588 973 2621 in
998 2588 1069 2622 Car·
1098 2587 1201 2620 dictae
1230 2585 1392 2620 So=:ietatis
1424 2584 1639 2628 praepositum
1663 2585 1841 2626 generalem

321 2642 490 2675 tusiensem
532 2641 680 2675 Ordinem
696 2669 703 2682 ,
728 2642 818 2676 cuius
847 2643 931 2676 nulla
958 2642 1070 2675 domus
1099 2652 1152 2675 seu
1176 2641 1216 2674 ab
1240 2651 1277 2674 eo
1301 2639 1498 2683 deputandos
1522 2637 1702 2670 huiusmodi
1723 2636 1841 2670 absolvi

928 246 1111 272 nummum
1127 247 1281 273 nonnum

337 300 463 333 mittere
488 298 698 340 intenderent,
722 299 895 345 regulareS,
913 310 948 333 ac
967 299 1147 332 idcircotin
1170 300 1268 332 Indiis
1285 327 1292 340 ,
1318 305 1382 332 tam
1414 299 1622 334 orientalibus
1645 310 1741 344 quam
1780 301 1865 335 occi-

1114 352 1303 389 dentalibus,
1329 352 1487 395 reperitur
1518 352 1718 396 ingrediendi
1743 352 1862 395 animo,

1115 460 1299 503 religiosum
1347 459 1497 493 Ordinem
1529 469 1562 492 se
1600 459 1767 492 traducere
1797 460 1862 492 hon

1115 518 1272 545 verentur.
1291 512 1394 551 Quare
1426 523 1485 556 pito
1510 517 1601 556 parte
1619 512 1694 546 dicti
1710 511 1861 545 Everardi

1112 565 1203 598 nobis
1231 565 1289 597 fuit
1320 565 1483 598 humiliter
1522 565 1734 608 supplicatum
1767 563 1860 597 utin

1111 618 1292 660 praemissis
1316 622 1494 661 opportune
1519 618 1684 661 providere
1708 617 1747 651 de
1769 616 1860 651 heni-

1111 670 1230 713 gnitate
1254 670 1426 714 apostolica
1450 671 1668 714 dignaremur.

1155 724 1169 766 ἓ
1193 723 1222 757 6.
1246 724 1308 756 Nos
1332 723 1442 766 igitur,
1465 725 1520 768 qui
1545 725 1607 768 piis
1623 735 1659 758 ac
1676 724 1767 758 iustis
1783 735 1858 768 sup·
1869 760 1914 779 qu
1934 755 1964 778 tn·

1110 776 1295 818 plicantium
1314 776 1392 810 votis
1410 777 1545 810 libenter
1568 777 1750 821 annuimus,
1765 789 1858 822 prae-
1868 779 1981 821 ‘'flfflsj'
2019 779 2022 786 “

1110 829 1214 863 missis
1237 830 1365 864 obviare
1389 832 1547 872 volentes,
1572 831 1740 875 ipsumque
1783 832 1874 865 Eve--
1971 838 1981 872 ξ’

1109 883 1239 916 rardum
1267 894 1284 916 a
1323 884 1487 927 quibusvis
1521 885 1857 919 excommunicationis

1107 938 1161 968 etc.
1185 942 1357 977 censentes;
1382 947 1504 970 necnon
1523 937 1720 981 singularum
1736 938 1857 972 littera—

1108 999 1179 1022 rum
1218 991 1432 1033 praefatarum
1467 997 1592 1024 tenores
1635 991 1857 1035 praesentibus

1108 1052 1164 1084 pro
1187 1043 1341 1086 expressis
1365 1044 1527 1085 habentes,
1553 1044 1701 1088 ipsasque
1732 1045 1856 1079 litteras

1107 1095 1221 1128 harum
1245 1096 1325 1129 serie
1349 1097 1572 1130 confirmantes
1597 1103 1627 1131 et
1651 1097 1852 1141 ampliantes,

1107 1147 1289 1182 huiusmodi
1314 1150 1598 1193 supplicationibus
1630 1150 1797 1193 inclinati,
1821 1156 1856 1184 ut

1107 1200 1325 1244 imposterum,
1350 1208 1414 1235 tam
1432 1203 1465 1236 in
1480 1203 1687 1238 orientalibus
1711 1215 1808 1248 quam
1823 1209 1856 1238 et

1106 1254 1353 1288 occidentalibus
1378 1267 1473 1299 quam
1497 1257 1647 1290 omnibus
1670 1263 1700 1291 et
1718 1258 1853 1301 singulis

1106 1306 1175 1339 aliis
1197 1307 1385 1351 regionibus
1408 1315 1494 1343 extra
1517 1310 1677 1354 Europam
1694 1312 1800 1345 nullus
1815 1322 1852 1345 ex

1106 1360 1251 1394 admissis
1275 1361 1308 1394 in
1332 1362 1400 1405 ipsa
1424 1362 1587 1403 Societate,
1612 1363 1677 1396 sive
1693 1364 1852 1407 professus

1105 1413 1168 1446 sive
1181 1413 1344 1455 scholaris,
1361 1415 1425 1448 sive
1441 1417 1617 1458 coadiutor,
1636 1428 1668 1450 se
1684 1417 1725 1450 ab
1740 1418 1851 1451 eadem

1105 1465 1270 1508 Societate,
1293 1468 1424 1510 quavis,
1463 1469 1559 1502 etiam
1591 1470 1795 1514 perfectionis
1818 1478 1850 1505 et

1106 1519 1244 1553 melioris
1267 1520 1348 1554 vitae
1372 1523 1640 1566 praesumptione,
1657 1534 1694 1556 ac
1709 1524 1852 1558 sc1·icti0-·

1105 1573 1148 1605 ris
1172 1572 1298 1607 Ordinis
1321 1580 1486 1617 praetextu
1502 1585 1557 1608 seu
1570 1577 1850 1620 contemplatione,

1104 1631 1155 1658 aut
1180 1626 1241 1659 alia
1264 1626 1360 1659 etiam
1385 1627 1468 1662 iusta
1491 1634 1522 1661 et
1537 1629 1695 1672 probabili
1712 1630 1759 1663 vel
1775 1631 1852 1674 legi-v

1104 1679 1180 1712 tima
1203 1690 1308 1721 causa,
1333 1687 1399 1724 post
1426 1682 1541 1715 emissa
1570 1683 1604 1716 in
1639 1685 1723 1718 dicta
1747 1685 1850 1719 Socie-

1103 1737 1165 1765 tate
1188 1737 1269 1773 vota,
1293 1733 1389 1766 etiam
1414 1734 1580 1778 simplicia,
1604 1737 1710 1781 elapso
1734 1738 1775 1770 ab
1797 1748 1850 1771 eoa

1102 1796 1174 1819 rum
1196 1786 1343 1829 ingressu
1381 1788 1415 1820 in
1439 1788 1627 1834 Societatem
1664 1790 1794 1824 hiennio
1817 1802 1848 1824 e-

1101 1839 1184 1872 mitti
1200 1840 1302 1881 solita,
1319 1840 1438 1884 absque
1454 1846 1562 1874 nostra
1575 1846 1630 1875 aut
1647 1843 1738 1876 Sedis
1754 1853 1844 1886 prae·
1864 1841 1869 1847 ’

1101 1892 1202 1926 dictae
1226 1904 1281 1926 seu
1305 1893 1379 1926 dicti
1403 1894 1553 1927 Everardi
1566 1896 1612 1928 vel
1628 1906 1687 1939 pro
1700 1900 1843 1940 tempore

1100 1946 1262 1979 existentis
1300 1946 1439 1980 eiusdem
1479 1946 1643 1981 Societatis
1674 1949 1846 1993 praepositi
1991 1954 2007 1979 .¹
2035 1949 2038 1978 f

1099 1999 1256 2042 generalis
1279 1999 1343 2033 sive
1367 1999 1408 2032 ab
1432 2010 1468 2032 eo
1493 2000 1666 2042 deputandi
1684 2001 1732 2034 vel
1748 2001 1846 2044 depua

1101 2053 1267 2086 tandorum
1291 2052 1418 2096 speciali
1441 2058 1471 2086 et
1496 2053 1540 2101 in.
1553 2054 1679 2097 scriptis
1717 2054 1846 2087 obtenta

1099 2106 1237 2147 licentia,
1261 2106 1320 2139 sub
1344 2106 1521 2150 apostasiae
1544 2112 1576 2140 et
1599 2107 1750 2140 infamiae
1772 2117 1846 2150 per-

1098 2164 1211 2202 petuae
1234 2164 1320 2200 nota,
1347 2170 1472 2192 necnon
1511 2160 1847 2194 excommunicationis

1099 2214 1179 2247 latae
1204 2213 1377 2246 sententiae
1401 2218 1430 2246 et
1455 2213 1525 2246 aliis
1553 2219 1664 2247 contra
1687 2214 1848 2257 apostatas

1099 2266 1336 2310 quomodolibet
1359 2266 1489 2299 inssictis
1513 2277 1568 2299 seu
1592 2267 1688 2299 etiam
1712 2266 1782 2299 aliis
1806 2266 1846 2298 ab
1990 2278 2005 2291 ν
2047 2300 2049 2302 ,

1099 2320 1175 2363 ipsis
1198 2319 1378 2363 praeposito
1403 2319 1542 2362 generali
1566 2330 1621 2352 seu
1655 2319 1845 2362 deputandis
1988 2315 2003 2353 ν’
2036 2310 2050 2360 ’;

1099 2372 1281 2416 infligendis
1319 2372 1453 2416 poenis,
1489 2383 1506 2404 a
1546 2373 1686 2415 quibus,
1721 2373 1844 2405 excluso
1989 2369 2003 2387 ⁴

1099 2427 1210 2459 mortis
1233 2425 1376 2466 articulo,
1401 2425 1426 2458 si
1453 2425 1486 2457 in
1510 2425 1563 2458 illo
1600 2435 1654 2458 eos
1689 2425 1842 2457 decedere

1099 2478 1262 2521 contingat
1286 2483 1420 2518 tantum,
1453 2477 1580 2511 nonnisi
1599 2485 1661 2521 per
1683 2488 1742 2520 pro
1766 2483 1844 2511 tem-

1099 2543 1175 2576 pore
1192 2532 1376 2565 existentem
1393 2532 1571 2575 Romanum
1589 2530 1772 2564 Pontificem
1788 2538 1839 2562 aut
