2059 3228
102 235 126 253 ²
139 280 146 288 .
158 252 227 292 isso

234 477 598 512 archiconsraternitatis
627 478 666 511 ad
703 478 803 510 altare
839 476 983 510 eiusdem

233 584 370 619 ecclesia
403 586 506 620 dictae
538 587 661 626 domus,
683 586 806 624 devote,
838 585 980 629 qualibet

181 647 184 650 ⁴
230 635 373 669 secunda
393 635 445 669 die
469 635 630 669 dominica
652 635 825 668 cuiuslibet
862 637 980 669 monzis

229 683 330 718 totius
349 685 437 726 anni,
477 684 700 725 interfuerint,
731 684 874 728 qualibet
912 686 976 727 die,

229 739 359 768 centum
379 735 460 775 dies;
482 735 616 779 singulis
630 745 704 768 vero
725 733 839 768 dicbus
854 736 976 769 sabbati

227 783 328 818 totius
345 785 421 818 anni
441 784 562 818 dictum
583 785 682 818 altare
716 784 827 817 devote
848 786 977 820 visitan-

225 832 312 867 tibus
331 839 363 868 et
391 834 483 875 inibi,
509 839 608 878 prout
625 834 882 878 uniuscuiusque
903 846 976 879 sug--

223 888 315 927 geret
334 884 478 925 devotio,
513 884 552 917 ad
585 884 687 917 Deum
724 896 838 929 preces
871 886 974 919 effun-

223 931 385 974 dentibus,
406 934 486 967 alios
505 939 636 968 centurn
656 934 751 973 dies;¹
781 945 908 968 necnon
930 937 973 969 vi-

220 981 394 1016 sitantibus
428 983 554 1027 puellas
583 983 623 1016 ab
648 984 760 1016 eadem
799 985 970 1024 areliieon-

221 1031 421 1066 fraternitate
440 1033 619 1075 nubendas,
642 1044 742 1066 unum
772 1044 894 1067 annum
932 1035 971 1068 de

220 1080 267 1115 eis
289 1081 444 1115 iniunctis
469 1092 526 1115 seu
546 1082 624 1116 alias
647 1082 893 1126 quomodolibet
913 1085 969 1118 de-

217 1128 294 1164 bitis
317 1131 524 1175 poenitentiis
556 1132 810 1166 misericorditer
846 1133 877 1166 in
911 1134 970 1177 Do-

218 1179 308 1214 mino
333 1181 524 1215 relaxamus.
561 1182 740 1222 Praeterea,
761 1182 912 1216 omnibus
938 1191 969 1217 et

217 1229 353 1274 singulis
371 1231 542 1275 utriusque
562 1242 656 1265 sexus
687 1232 964 1274 christifidelibus,

216 1279 365 1313 similiter
383 1291 456 1315 vere
480 1281 721 1325 poenitentibus
748 1288 779 1314 et
812 1284 967 1318 confessis

205 1327 253 1363 ‘ac
272 1340 364 1364 saera
382 1330 612 1364 communione
637 1331 776 1371 resectis,
799 1332 901 1365 dietas
914 1344 966 1366 ec-

215 1377 309 1413 lesias
341 1379 376 1412 in
408 1380 486 1413 sesto
521 1380 789 1414 Annuneiationis
818 1381 963 1416 eiusdem

213 1427 328 1462 Beatae
342 1428 460 1463 Mariae
479 1429 628 1473 Virginis,
650 1436 684 1463 ut
705 1431 898 1474 praefertur,
919 1433 964 1465 vi-

213 1477 384 1512 sitantibus
394 1485 425 1513 et
433 1479 612 1519 orantibus,
626 1480 803 1523 plenariam
816 1481 962 1515 omnium

210 1532 420 1572 peccatorum
437 1539 570 1562 suorum
592 1529 827 1572 indulgentiam
860 1536 891 1563 et
910 1541 962 1563 re-

211 1576 409 1619 missionem,
430 1578 515 1612 dicta
539 1579 743 1620 auctoritate,
773 1581 961 1614 earumdem

209 1631 323 1662 tenore
341 1628 573 1672 praesentium,
594 1629 782 1673 elargimur.

253 1677 270 1721 ἓ
289 1676 321 1711 6.
342 1677 413 1711 Non
439 1677 642 1712 obstantibus
674 1679 960 1713 constitutionibus

96 1735 196 1760 “moon-
209 1731 242 1760 et
273 1727 532 1761 ordinationibus
570 1728 756 1772 apostolicis
790 1729 960 1762 contrariis

82 1777 105 1804 ὃ
155 1771 196 1829 ‚3
209 1777 482 1821 quibuscumque.
505 1777 661 1812 Volumus
680 1784 787 1811 autem
814 1779 912 1820 quod,
933 1779 958 1811 si

96 1826 386 1871 ·=-a=¹-praemissa
417 1828 646 1872 peragentibus
681 1828 789 1872 aliqua
823 1828 885 1861 alia
909 1828 959 1861 in-

94 1921 99 1924 .
207 1875 374 1920 dulgentia
393 1876 426 1910 in
455 1883 650 1923 perpetuum
678 1879 727 1911 vel
760 1878 799 1910 ad
833 1885 957 1912 certum

102 2007 120 2016 „
204 1984 265 2009 nos
288 1986 443 2011 concessa
462 1977 571 2018 fuerit,
606 1983 792 2021 praesentes
830 1871 980 2147 litterae!

205 2024 328 2058 nullius
347 2025 412 2059 sint
430 2026 557 2061 roboris
576 2027 624 2060 vel
644 2028 810 2060 momenti.

96 2133 104 2150 1
127 2130 192 2152 *tm-
205 2129 312 2158 sentes
334 2124 456 2159 litteras
476 2126 515 2158 ad
548 2125 674 2168 singula
703 2137 851 2170 quaeque
884 2129 955 2162 loca

205 2172 334 2215 deferri,
355 2175 505 2208 volumus
525 2181 555 2208 et
575 2175 661 2208 dicta
680 2176 872 2209 auctoritate
898 2178 954 2210 de-

206 2223 370 2257 cernimus
402 2223 490 2267 qudd
523 2224 731 2267 transumptis
767 2226 954 2259 earumdem

107 2315 109 2317 ι
205 2271 400 2315 litterarum,
423 2274 519 2307 etiam
539 2273 714 2318 impressis,
738 2285 835 2307 manu
851 2286 956 2309 secre-

71 2323 104 2363 23'·
205 2321 280 2356 tarii
303 2322 407 2356 dictae
427 2324 790 2357 archiconsraternitatis
815 2325 955 2358 subscri-

204 2370 281 2416 ptis,
302 2376 334 2405 et
351 2372 457 2416 sigillo
477 2373 621 2407 eiusdem
647 2374 954 2407 arcliiconsraterni-

205 2419 278 2454 tatis
294 2421 440 2463 munitis,
462 2422 573 2456 eadem
594 2433 727 2466 prorsus
759 2422 838 2456 fides
855 2423 887 2455 in
907 2424 955 2457 iu-

207 2468 292 2504 dicio
329 2475 361 2504 et
396 2476 484 2504 extra
516 2472 724 2512 adhibeatur,
759 2483 842 2516 quae
877 2473 955 2516 ipsis

39 1755 60 1779 ‘⁸'
82 1788 86 1790 Δ

40 1786 85 1890 5325

8 1967 10 1970 ι
63 1956 81 1979 ‚⁴
205 1929 335 1971 tempus
357 1927 503 1961 nondum
537 1928 682 1971 elapsum
711 1928 868 1961 duratura
900 1940 958 1972 per

26 2077 28 2079 ’
67 2057 87 2116 ξ
249 2074 267 2118 5
285 2073 316 2107 7.
338 2074 499 2117 Ceterum,
523 2076 599 2120 quia
619 2077 752 2110 difficile
772 2078 957 2123 foretprac-

83 2525 86 2538 l
99 2526 109 2537 υ

241 2547 256 2575 ί
283 2547 615 2585 Ripolladditsequentia
629 2551 729 2578 verba:
747 2552 953 2580 intervenienti-

208 2585 258 2614 bus
274 2590 365 2616 autem
379 2589 530 2618 ordinariis
543 2591 628 2618 dictae
643 2591 955 2626 (1rclticonsrulernilulis

208 2629 466 2665 conqreyatz'onibus‚
487 2631 554 2658 alios
572 2633 678 2658 centum
692 2632 764 2666 dies;
781 2640 883 2662 necnon
899 2639 952 2663 etc.

209 2673 248 2703 (a.
288 2669 318 2706 .).

67 2582 78 2596 N

71 2604 100 2667 ἕ

78 2590 104 2610 »S

82 2670 102 2691 {A

79 2724 87 2732 ι

75 2687 98 2721 ²2·
123 2726 126 2728 ,

71 2750 81 2759 v

91 2776 111 2795 Ρ.

802 254 809 262 ”
847 257 1022 284 Gnssflonws
1043 260 1094 283 xiii
1117 261 1161 285 rr.

1667 253 1725 290 371
1789 270 1842 299 An,
1854 270 1884 300 c,
1901 267 1966 296 1531

239 303 328 348 irum
349 319 381 348 et
400 314 541 349 aliorum
564 314 596 349 in
627 325 740 349 norum
766 313 920 348 ecclesiis
951 312 1219 357 ste-originalibus
1240 318 1462 363 adhiberetur,
1497 325 1523 358 si
1551 325 1659 362 forent
1683 329 1772 363 exhi.

232 368 463 413 peliendorum
485 370 639 403 cadavera
660 370 699 402 ad
719 368 918 413 sepulturam
935 377 988 400 us-
1027 369 1110 404 bitae
1135 372 1183 405 vel
1217 380 1373 410 ostensae.
1405 378 1489 412 Nulli
1524 390 1613 424 ergo,
1648 387 1705 417 etc.
1740 383 1773 418 Si

236 431 299 466 que
338 423 578 464 associaverint,
618 428 648 456 et
684 422 799 456 missae
841 421 984 454 eiusdem
1025 424 1109 466 quis,
1127 429 1183 457 ele.

1068 477 1181 512 Datum
1202 481 1321 515 Romae
1355 487 1439 529 apud
1461 487 1612 523 Sanctum
1625 490 1768 533 Petrum,

195 530 201 537 “
235 529 348 565 Beatae
366 531 482 565 Mariae
515 531 794 571 Annunciationis,
831 531 928 564 situm
950 530 981 564 in
1022 542 1106 566 anno
1139 534 1371 571 Incarnationis
1410 541 1590 577 dominicae
1629 555 1766 587 itanxX,

1019 592 1106 620 sexto
1144 588 1216 622 idus
1254 592 1387 629 martii,
1423 597 1629 637 pontificatus
1667 600 1768 635 nostri

1019 650 1103 674 anno
1124 651 1164 673 ix.

1053 700 1116 730 Dat.
1136 701 1184 732 die
1199 703 1236 734 10
1250 705 1348 735 martii
1372 706 1456 745 1580,
1478 711 1582 749 pontis.
1600 722 1723 746 annone.

1011 922 1129 957 Medici
1159 926 1288 959 hebraei
1316 929 1364 961 vel
1380 930 1523 972 infideles
1544 934 1586 966 ad
1604 939 1761 973 curandos

1054 978 1251 1013 christianos
1271 983 1420 1025 infirmos
1440 996 1504 1018 non
1526 989 1761 1032 admiuanlzcoe

1055 1036 1084 1064 et
1099 1034 1215 1066 medici
1229 1046 1337 1069 omnes
1351 1043 1477 1072 servent
1496 1043 1760 1078 constitutionem

1052 1085 1110 1118 Pia·
1140 1087 1166 1118 V
1186 1089 1223 1120 in
1252 1091 1420 1124 monendis
1445 1093 1590 1136 infirmis
1619 1098 1663 1130 ad
1686 1109 1759 1132 con-

1050 1139 1222 1181 fessionem
1238 1149 1442 1186 pacatorum
1464 1146 1488 1179 ¹.

1007 1211 1153 1247 Gregorius
1161 1214 1232 1250 Papa
1241 1215 1309 1249 XIII,
1323 1218 1357 1245 ad
1366 1220 1528 1254 perpetuam
1538 1221 1580 1249 rei
1587 1223 1755 1253 memoriam.

1824 1288 1901 1311 Paulus
1927 1290 1952 1312 lV

1768 1320 1872 1346 prohibuit
1905 1327 1953 1342 me-

1768 1352 1825 1372 dicos
1862 1353 1950 1373 iudaeos

1766 1388 1841 1404 curare
1886 1388 1950 1410 posse

1766 1414 1901 1436 christianos.

1049 1277 1135 1311 Alias
1163 1278 1235 1322 piae
1255 1281 1431 1315 memoriae
1459 1283 1576 1324 Paulus
1596 1285 1680 1331 Papa
1704 1288 1751 1327 lv,

1004 1332 1234 1374 praedecessor
1253 1340 1372 1375 noster,
1394 1336 1478 1369 edita
1502 1344 1659 1382 perpetua
1679 1351 1753 1373 con-

1004 1385 1182 1427 stitutione,
1218 1387 1302 1421 inter
1321 1390 1393 1430 alia,
1414 1391 1546 1425 sancivit
1566 1403 1606 1426 ne
1636 1395 1751 1429 medici

1004 1439 1124 1479 iudaei,
1147 1441 1243 1474 etiam
1272 1444 1373 1476 vocati
1402 1450 1433 1477 et
1465 1446 1577 1488 rogati,
1600 1447 1640 1479 ad
1670 1448 1752 1481 chri—

1002 1492 1181 1527 stianorum
1205 1498 1440 1539 aegrotantium
1466 1510 1578 1533 curam
1598 1502 1751 1537 accedere

1002 1552 1056 1579 aut
1076 1547 1122 1580 illi
1143 1549 1297 1584 interesse
1319 1558 1461 1595 possent.

1045 1601 1059 1644 ξ
1081 1602 1110 1634 ’1.
1139 1603 1240 1642 Quam
1261 1606 1523 1639 constitutionem
1544 1614 1654 1652 postea
1675 1610 1749 1644 Pius
1764 1605 1947 1665 Ξιίιζζζζζεζοξξζ

1000 1654 1085 1698 Papa
1109 1656 1143 1697 V,
1171 1657 1267 1690 etiam
1288 1660 1520 1702 praedeeessor
1543 1668 1663 1703 noster,
1691 1675 1749 1707 per
1763 1669 1866 1695 prob-wit-

1000 1718 1073 1740 suas
1098 1709 1221 1743 litteras
1232 1713 1431 1755 approbavit,
1448 1714 1608 1748 innovavit
1632 1722 1662 1749 et
1673 1728 1748 1751 con-

1000 1761 1147 1804 firmavit,
1175 1770 1205 1797 et
1242 1766 1343 1798 robur
1374 1773 1548 1810 perpetuae
1587 1769 1748 1805 firmitatis

998 1816 1143 1850 obtinere
1165 1818 1305 1852 decrevit
1323 1831 1358 1853 ac
1370 1821 1478 1861 voluit,
1492 1827 1522 1854 et
1542 1823 1601 1855 sul)
1622 1823 1748 1857 intima-

998 1869 1085 1903 tione
1105 1871 1203 1904 (livini
1224 1872 1334 1906 iudicii
1355 1875 1518 1918 praecepit
1538 1881 1568 1908 et
1585 1877 1746 1910 mandavit

998 1924 1106 1957 omnia
1123 1925 1157 1958 in
1177 1927 1287 1960 eadem
1306 1928 1534 1961 constitutione
1548 1935 1697 1963 contenta
1712 1932 1745 1964 in

997 1984 1162 2021 posterum
1187 1980 1325 2014 firmiter
1344 1982 1517 2023 observari,
1540 1993 1603 2016 non
1639 1985 1742 2017 solum

996 2033 1027 2065 in
1054 2033 1146 2066 terris
1167 2040 1197 2067 et
1227 2035 1377 2068 dominiis
1397 2036 1428 2068 S.
1452 2036 1488 2068 R.
1512 2035 1545 2068 E.
1574 2037 1740 2079 subiectis,

996 2088 1050 2121 sed
1071 2089 1166 2122 etiam
1179 2089 1298 2131 ubique
1316 2090 1474 2122 locorum.

1039 2143 1054 2185 ξ
1075 2142 1104 2175 ⁶2.
1129 2143 1207 2182 Quia
1226 2149 1333 2175 tamen
1358 2143 1461 2183 nobis,
1490 2154 1554 2177 non
1580 2145 1648 2178 sine
1673 2157 1741 2179 nia-
1756 2146 1895 2200 “¹⁰23ch
1908 2148 1938 2202 Ἦ

995 2207 1056 2238 gna
1080 2197 1178 2229 animi
1212 2197 1312 2229 nostri
1333 2196 1489 2237 molestia,
1512 2198 1651 2231 innotuit
1670 2211 1739 2232 eam
1754 2212 1838 2231 consui.
1855 2219 1875 2233 w
1898 2214 1939 2234 ius-

996 2250 1127 2283 minime
1141 2251 1314 2291 observari,
1327 2250 1378 2283 sed
1391 2262 1448 2294 per
1461 2252 1578 2284 multos
1587 2252 1691 2286 adhuc
1703 2264 1739 2286 ex
1754 2244 1937 2299 ξῖζωζοξξῗίἰῗῖ

996 2303 1178 2336 christianis
1194 2304 1380 2337 hominibus
1398 2314 1477 2344 esse,
1496 2304 1551 2348 qui
1567 2306 1644 2338 dum
1665 2318 1740 2341 suos
1753 2305 1856 2356 ξζῖτηζέξ
1882 2307 1936 2358 '¹:¹22

995 2365 1168 2400 corporum
1193 2358 1365 2400 languores
1398 2357 1517 2391 illicitis
1551 2359 1678 2399 mediis,
1708 2366 1739 2393 et
1753 2366 1864 2388 e⁰nse⁵s0÷
1901 2374 1937 2389 cu-

995 2411 1168 2454 praecipuc
1191 2411 1381 2443 iudaeorum
1407 2421 1444 2444 ae
1463 2411 1601 2445 aliorum
1624 2413 1738 2447 infide·
1754 2403 1809 2419 ’Μ’

994 2464 1071 2497 lium
1093 2475 1201 2508 opera,
1224 2465 1330 2497 sanari
1351 2464 1499 2508 cupiunt,
1518 2476 1612 2499 verae
1628 2467 1739 2500 salutis

993 2517 1173 2551 animarum
1207 2529 1339 2551 suarum
1363 2524 1395 2551 et
1431 2529 1604 2563 corporum
1642 2520 1740 2554 simul

1033 2597 1039 2622 1
1059 2595 1117 2622 Hoc
1134 2595 1218 2629 idem,
1234 2595 1328 2629 quoad
1337 2595 1462 2623 medicos
1472 2595 1621 2630 hebraeos,
1641 2595 1739 2623 statuit

993 2640 1099 2667 Paulus
1116 2640 1148 2666 IV
1160 2640 1187 2667 in
1199 2640 1260 2667 eius
1275 2643 1416 2674 const.1v‚
1429 2639 1497 2667 Cum
1511 2640 1601 2674 nimis,
1617 2643 1685 2667 tom.
1699 2646 1737 2674 vr,

993 2692 1054 2719 pag.
1072 2686 1130 2712 498.
