2059 3228
89 234 142 262 An.
159 235 187 263 C.
204 234 271 261 1585

142 1929 293 1954 praaepnsitura

111 1965 130 1979 Ν
153 1968 157 1978 ι
175 1966 218 1978 stiae
253 1957 294 1977 Va-

110 1989 204 2011 lffluuae
225 1991 293 2008 vacat.

330 231 393 263 oto

287 294 394 329 omnia
415 292 496 323 bona
517 289 672 326 defluunt,
698 286 736 318 ad
756 285 818 318 hoc
838 285 944 325 nobis,
958 285 1032 316 licet
1073 282 1144 314 stris
1164 287 1277 325 sponte
1297 281 1426 321 factam,
1443 286 1474 314 et
1492 291 1550 325 per
1560 291 1620 315 nos
1635 281 1818 321 admissam,

288 345 466 382 immeritis,
503 352 578 375 suae
605 350 739 383 sponsae
759 338 947 372 universalis
972 338 1031 371 Ec·
1072 335 1157 378 apud
1181 335 1296 368 Sedem
1322 334 1496 378 praefatam
1520 334 1676 367 vacaverit
1692 335 1724 368 et
1733 339 1823 368 vacet

287 400 401 434 clesiae
434 397 576 438 regimen
612 393 813 426 committere
828 421 835 434 ,
857 398 887 426 et
907 397 1033 425 nostrae

287 451 441 486 debilitati
464 451 574 491 iugum
593 447 790 492 apostolicae
805 445 1033 480 servitutisim-

289 515 407 550 ponere
424 503 534 537 voluit.
556 508 589 535 ut
608 507 772 544 tamquam
785 500 822 533 de
833 509 958 533 summo
967 509 1034 531 ver-

289 560 348 591 tice
363 557 481 590 montis
498 556 538 588 ad
558 555 654 588 liuius
675 553 788 587 mundi
814 553 926 586 infima
947 551 1035 585 relle-

289 615 408 644 ctentes
428 609 593 648 intuitum,
612 608 689 652 quid
701 605 953 651 prohuiusmodi
965 605 1037 637 illu—

290 664 418 696 ›ti-anda
435 662 576 696 Ecclesia
594 661 632 693 ad
652 661 727 694 fidei
745 660 940 693 orthodoxae
959 658 1036 691 divi-

290 718 387 760 nique
412 717 518 749 cultus
551 721 581 748 et
609 714 845 748 beneficiorum
876 723 1037 757 propaga-

292 771 409 803 tionem
435 770 598 809 conserat,
620 769 735 812 quidve
761 767 855 800 statui
883 772 913 800 et
932 766 1039 810 prose-

292 823 356 857 ctui
381 824 627 866 animarumque
659 821 753 854 saluti
782 820 927 853 fidelium
957 830 1038 863 quo-

292 877 446 910 rumlibet
477 875 654 916 conveniat,
684 874 835 908 attentius
862 873 1041 918 prospicia-

293 942 376 970 mus,
400 930 574 973 fidelesque
598 929 684 973 ipsos
698 929 738 962 ad
751 928 935 972 quaerenda
954 927 1040 960 litte-

294 995 403 1017 rarum
429 984 544 1023 studia,
564 993 622 1027 per
640 993 724 1026 quae
745 981 910 1020 militantis
929 981 1040 1013 Eccle-

295 1037 359 1071 siae
398 1037 581 1080 respublica
608 1036 742 1079 geritur,
774 1034 870 1068 divini
902 1033 1042 1066 nominis

295 1102 332 1124 ac
356 1091 499 1124 eiusdem
518 1091 591 1124 fidei
613 1091 718 1123 cultus
738 1088 952 1132 protenditur,
975 1097 1044 1120 om-

295 1141 411 1184 nisque
437 1140 630 1184 prosperitas
656 1140 817 1171 humanae
849 1136 1044 1170 conditionis

295 1196 444 1231 augetur,
467 1195 593 1222 nostrae
614 1187 842 1225 sollicitudinis
856 1197 917 1230 ope
929 1186 1046 1219 excite-

296 1249 379 1277 mus3
397 1250 433 1271 ac
454 1239 485 1271 in
507 1238 537 1270 id
558 1249 616 1281 pro
641 1238 742 1270 nostri
758 1236 926 1280 pastoralis
946 1235 1044 1268 officii

296 1288 403 1320 debito
429 1287 621 1331 propensius
640 1286 879 1323 incumbamus,
892 1290 927 1317 ut
937 1284 1046 1327 singu-

298 1333 346 1365 lae
366 1332 551 1365 Studiorum
574 1331 775 1374 generalium
804 1328 1043 1368 Univeisitates,

297 1381 484 1425 praesertim
508 1381 539 1413 in
557 1381 637 1413 loeis
657 1380 841 1412 Maurorum
862 1385 891 1411 et
908 1379 1045 1411 aliorum

299 1430 492 1469 infidelium,
518 1440 583 1462 non
604 1430 646 1462 ita
670 1429 795 1472 pridem
815 1429 853 1461 ad
874 1427 987 1461 Christi
1013 1428 1048 1460 fi-

299 1480 370 1512 dem
393 1489 632 1517 conversorum,
653 1478 808 1521 progenie
828 1477 953 1510 refertis
973 1488 1049 1510 con-

300 1529 440 1566 stitutae,
463 1529 598 1561 lectores
616 1527 679 1560 side
695 1533 726 1560 et
737 1527 919 1560 eruditione
930 1527 1048 1571 proba-

300 1582 360 1618 tos,
371 1577 409 1610 ad
419 1578 556 1610 aliorum
576 1576 819 1609 instructionem
831 1575 844 1598 1
858 1575 1049 1609 nanciscan-

301 1631 366 1666 tur,
389 1637 425 1659 ac
446 1626 564 1659 eisdem
585 1625 773 1666 lectoribus,
794 1635 854 1668 pro
865 1625 929 1657 suis
942 1635 1052 1658 neces-

303 1674 450 1707 sitatibus
497 1674 720 1717 fructuosique
759 1683 872 1706 eorum
914 1673 1050 1706 instituti

302 1724 528 1768 prosecutione
549 1729 579 1756 et
599 1723 763 1763 exercitio,
787 1733 947 1766 congruae
975 1723 1051 1755 sul)-

303 1773 460 1807 ventionis
503 1773 621 1806 auxilia
654 1772 871 1806 favorabiliter
893 1772 1053 1806 submini-

305 1829 458 1856 strentur.

349 1872 364 1915 ξ
387 1871 418 1904 ’1.
445 1871 573 1904 Dudum
591 1870 748 1915 siquidem
761 1871 870 1904 omnia
884 1871 990 1904 officia
1004 1881 1056 1904 ce-

306 1927 440 1964 teraque
460 1920 617 1953 beneficia
651 1919 867 1953 ecclesiastica
886 1921 971 1964 apud
1001 1920 1056 1953 Se-

307 1970 380 2002 ‹lem
407 1970 624 2013 Apostolicam
644 1974 723 2002 tunc
742 1969 888 2002 vacantia
908 1974 938 2002 et
954 1969 987 2001 in
998 1980 1055 2002 an-

309 2026 357 2052 tea
377 2025 527 2052 vacatura
549 2019 714 2052 collationi
738 2024 769 2052 et
781 2018 981 2062 dispositioni
1001 2029 1057 2051 no-

309 2075 392 2100 strae
426 2068 669 2108 reservavimus,
692 2068 901 2101 decernentes
921 2079 958 2101 ex
981 2073 1079 2101 tune*

311 2116 437 2149 irritum
459 2122 490 2149 et
511 2116 618 2156 inane,
633 2118 658 2149 si
672 2127 764 2149 secus
779 2116 939 2159 superbis
951 2127 1058 2159 aquo-

311 2176 418 2208 quam,
436 2165 547 2208 quavis
559 2165 760 2206 auctoritate,
769 2165 961 2198 scientervel
971 2165 1061 2208 igno-

312 2220 430 2253 ranter,
453 2214 654 2257 contingeret
673 2214 833 2248 attentari.
856 2214 934 2248 Cum
954 2214 1060 2258 itaque

314 2262 517 2306 postmodum
541 2263 764 2307 praepositura
778 2263 898 2296 mensis
907 2263 1061 2296 februarii

318 2310 351 2342 in
368 2311 690 2353 ecclcsiax'alentina‚
704 2323 763 2356 per
773 2312 906 2345 liberam
923 2312 1064 2355 resigna-

317 2359 435 2392 tionem
450 2361 554 2393 dilecti
570 2362 628 2393 tilii
644 2361 784 2394 Thomae
796 2362 836 2395 de
849 2362 954 2402 Boria,
970 2373 1065 2396 cano-

319 2408 720 2444 niciecelesiaeToletanae
729 2417 871 2455 etnuper
890 2411 1065 2456 praepositi

322 2458 440 2490 mensis
449 2458 602 2491 februarii
614 2459 736 2492 indicta
746 2460 881 2493 eeclesia
891 2460 1066 2500 valentina,

321 2505 360 2538 de
370 2506 535 2550 illa‚quam
547 2513 622 2542 tunc
631 2508 841 2549 obtinebat‚in
851 2509 1000 2542 manibus
1012 2520 1069 2542 no-

359 2570 368 2596 1
401 2569 436 2596 Et
461 2576 544 2597 sanae
566 2572 705 2599 ‹loeti-inae
734 2573 963 2600 conseri-ationem
993 2573 1068 2601 addit

323 2611 444 2640 Cherub.
461 2614 499 2642 (a.
520 2615 569 2649 r).

876 232 1054 256 BULLARIUM
1080 231 1142 254 ROM
1148 232 1162 253 A
1167 230 1232 255 ,vulti

1832 211 1884 250 Ani
1896 200 1900 203 ⁷
1911 209 1942 262 f„

1073 389 1112 421 ad
1139 398 1303 432 praesens,
1336 388 1512 431 nullusque
1541 387 1581 421 de
1604 386 1671 429 illa,
1695 384 1824 432 praeter

1074 451 1144 482 nos,
1166 441 1227 474 hac
1237 441 1306 474 vice
1326 441 1500 485 disponere
1518 440 1661 485 potuerit
1678 441 1742 474 sive
1752 451 1826 485 pos-

1076 494 1126 535 sit,
1150 495 1365 528 reservatione
1389 499 1420 528 et
1443 494 1572 528 decreto
1596 493 1826 528 obsistentibus

1076 559 1111 581 su
1116 548 1280 592 pradictis.
1299 548 1347 589 Et,
1360 548 1443 581 sieut
1455 546 1594 581 exhibita
1613 547 1707 581 nobis
1721 557 1827 591 nuper

1077 612 1135 644 pro
1155 607 1245 645 parte
1270 601 1464 634 dilectorum
1488 600 1631 634 filiorum
1657 601 1826 634 consulum

1078 655 1271 696 iuratorum,
1304 655 1471 688 rationalis
1499 660 1531 688 et
1549 653 1672 699 syndici
1691 653 1828 688 civitatis

1077 708 1264 741 Valentinae
1283 708 1396 752 petitio
1417 707 1614 749 continebat,
1637 719 1675 741 ex
1708 707 1828 741 duode-

1079 761 1140 794 cim
1165 761 1365 804 singulorum
1386 761 1548 795 mensium
1579 761 1826 806 praeposituris,

1079 814 1155 847 olim
1177 814 1209 847 in
1229 815 1315 848 dicta
1335 815 1472 849 ecclesia
1490 815 1659 848 Valentina
1677 825 1737 859 pro
1756 814 1830 848 toti-

1080 869 1152 901 dem
1178 869 1382 913 praepositis,
1417 869 1473 914 qui
1499 868 1666 902 annuatim
1691 868 1828 909 fructus,

1080 921 1224 955 redditus
1243 929 1274 955 et
1297 929 1472 967 proventus
1501 922 1647 956 eiusdem
1676 923 1831 956 ecclesiae

1081 975 1266 1009 Valentinae
1287 987 1417 1010 mensae
1447 975 1635 1020 capitularis
1660 975 1831 1019 recollige—

1083 1035 1163 1069 rent,
1183 1040 1220 1062 ac
1239 1029 1324 1063 inter
1337 1030 1424 1063 illius
1437 1029 1610 1063 canonicos
1618 1039 1677 1074 pro
1686 1035 1832 1074 tempore

1082 1082 1269 1124 residentes,
1290 1083 1620 1117 iuxtacertamtaxam
1630 1083 1670 1116 ad
1686 1082 1718 1115 id
1737 1090 1848 1126 prae-‘

1084 1136 1249 1179 scriptam,
1271 1136 1404 1180 singulis
1415 1137 1582 1170 mensibus
1593 1135 1832 1176 distribuerent,

1085 1189 1248 1230 institutis,
1258 1190 1342 1224 dicta
1350 1191 1564 1235 praepositura
1574 1190 1694 1224 mensis
1701 1189 1833 1224 februa-

1086 1243 1123 1274 rii
1137 1243 1204 1275 sola
1212 1242 1334 1276 ibidem
1342 1248 1541 1285 remanente,
1553 1254 1666 1277 omnes
1675 1243 1745 1277 aliae
1753 1241 1834 1277 alio-

1086 1307 1159 1329 rum
1170 1297 1329 1330 mensium
1341 1297 1764 1342 praeposituraehuiusmodi
1772 1297 1837 1342 pri·

1087 1349 1159 1381 dem
1180 1350 1359 1393 apostolica
1378 1351 1570 1384 auctoritate
1589 1356 1746 1395 perpetuo
1762 1361 1838 1397 sup-

1088 1413 1216 1446 pressae
1236 1409 1267 1437 et
1290 1405 1462 1445 extinctae,
1486 1405 1681 1448 illarumque
1700 1403 1846 1445 fruetus,·

1089 1456 1234 1489 redditus
1253 1462 1284 1490 et
1303 1463 1478 1501 proventus
1496 1458 1681 1502 praedictae
1709 1467 1839 1491 mensae

1089 1509 1273 1553 capitulari,
1288 1510 1372 1544 dicta
1383 1510 1585 1551 auctoritate,
1608 1510 1702 1544 etiarn
1723 1521 1840 1555 perpe-

1090 1568 1145 1596 tuo
1165 1563 1318 1608 applicati
1333 1570 1364 1597 et
1383 1564 1585 1608 appropriati
1603 1563 1735 1606 suerint,
1752 1575 1789 1597 ac
1803 1575 1841 1598 ex

1090 1616 1269 1655 fructuum,
1283 1618 1471 1651 reddituum
1483 1623 1515 1651 et
1524 1623 1740 1662 proventuum
1751 1627 1842 1651 men-

1091 1680 1144 1703 sae
1167 1670 1354 1704 huiusmodi
1371 1677 1544 1714 augmento
1562 1671 1662 1715 ipsius
1679 1663 1842 1704 =ecclesiae

1091 1723 1277 1758 Valentinae
1294 1724 1441 1758 canonici
1461 1726 1628 1758 decentem
1650 1734 1762 1757 eorum
1772 1734 1844 1768 gra-

1093 1777 1172 1810 dum
1192 1778 1363 1811 commode.
1383 1778 1542 1812 sustinere
1560 1778 1694 1822 possint.

1138 1831 1153 1873 ἓ
1179 1829 1209 1862 2.
1239 1830 1431 1864 Universitas
1453 1842 1529 1864 vero
1556 1831 1658 1865 Studii
1683 1831 1844 1874 generalis
1927 1868 1949 1880 Α

1094 1884 1263 1926 Valentini,
1276 1896 1294 1917 a
1306 1885 1408 1918 felicis
1419 1884 1650 1918 recordationis
1661 1883 1843 1917 Alexandro
1857 1873 1911 1923 ἔξω
1935 1881 1961 1918 ’ζὲ

1095 1937 1154 1970 ΡΡ.
1180 1938 1228 1978 vt,
1263 1938 1512 1981 praedecessore
1543 1943 1666 1978 nostro,
1698 1937 1738 1970 ad
1766 1928 1942 1981 qua-⁵²1¹*

1872 1969 1893 1984 m
1938 1968 1959 1984 Ι

1097 2001 1312 2035 rumcumque
1332 2002 1560 2035 personarum,
1576 1997 1641 2024 tam
1653 1989 1846 2025 ecclesiasti·
1857 1966 1937 2045 :¹¹:¹ss
2020 1994 2032 1996 ’“

1099 2054 1210 2076 carum
1223 2039 1327 2087 'quam
1348 2044 1576 2085 saecularium,
1607 2044 1641 2077 in
1670 2042 1843 2085 theologia,
1858 2029 1956 2077 ῗοιῗᾞῗ

1099 2097 1268 2141 utriusque
1294 2098 1372 2131 iuris
1402 2098 1594 2142 prudentia,
1629 2096 1790 2130 medicina
1817 2101 1849 2128 et
1860 2086 1971 2146 :122¹ss-

1100 2150 1221 2183 artibus
1257 2151 1460 2191 liberalibus,
1500 2162 1537 2184 ac
1572 2151 1736 2195 quibusvis
1778 2149 1850 2183 aliis

1101 2203 1195 2237 licitis
1214 2204 1421 2238 facultatibus
1449 2204 1696 2237 instructionem
1716 2209 1746 2237 et
1772 2213 1849 2247 pro-

1103 2258 1222 2290 fectum
1242 2257 1398 2299 instituta,
1420 2263 1554 2302 propter
1569 2257 1850 2291 illiusreddituum

1104 2315 1133 2343 et
1148 2317 1374 2354 proventuum,
1392 2312 1645 2355 quingentorum
1659 2311 1851 2343 ducatorum

1105 2364 1176 2396 auri
1209 2364 1249 2397 de
1274 2364 1408 2398 Camera
1438 2364 1617 2398 secundum
1645 2372 1852 2396 communem

1107 2412 1348 2446 extimationem
1359 2413 1500 2446 valorem
1517 2423 1662 2445 annuum
1679 2422 1744 2444 non
1763 2421 1854 2444 exce-

1107 2460 1264 2502 dentium,
1285 2461 1485 2502 tenuitatem,
1504 2460 1600 2493 tantis
1611 2458 1854 2494 necessitatibus

1108 2515 1139 2542 et
1159 2511 1312 2554 angustiis
1342 2517 1520 2555 prematur,
1543 2516 1579 2544 ut
1598 2520 1703 2554 neque
1722 2519 1854 2553 compe-

1109 2564 1229 2592 tentem
1251 2559 1432 2593 mercedem
1451 2559 1652 2603 singularum
1666 2558 1854 2592 facultatum

1110 2607 1296 2642 huiusmodi
1317 2608 1493 2642 lectoribus
1505 2613 1680 2652 praestare,
1698 2616 1758 2641 nec
1773 2605 1856 2640 mui-
