2059 3228
37 213 171 249 &21575
787 213 962 239 cannonms
984 214 1040 238 xm
1062 214 1109 239 ιιι.
1601 199 1670 240 '557
1729 208 1778 234 Λη.
1797 206 1825 235 c.
1844 202 1918 237 1575*

184 267 245 306 nis,
268 267 492 312 pecuniarium
510 267 657 307 summis,
678 268 814 309 gemmis
834 274 865 301 et
884 268 929 301 la·
971 266 1128 307 dederint,
1159 273 1193 299 ut
1223 268 1414 308 praefertur,
1451 268 1566 303 clausis
1598 269 1713 310 ianuis,

183 320 312 365 pidibus
321 321 468 365 pretiosis
483 321 615 365 aliisque
632 321 738 361 rebus,
750 320 930 354 cuiuscum-
971 321 1257 354 excommunicatis
1275 329 1302 355 vt
1326 322 1500 356 interdictis
1520 333 1652 366 prorsus
1665 333 1718 356 ex—

182 384 244 418 que
264 374 437 418 qualitatis,
460 374 644 416 quantitatis
668 380 698 407 et
717 374 844 412 valoris,
873 384 930 418 per
971 373 1080 413 elusis,
1106 374 1263 408 submissa
1283 386 1369 415 voce,
1399 376 1572 409 celebrare.
1606 377 1716 410 Decla-

182 437 236 461 eos
252 427 374 460 ratione
391 428 623 460 beneficiorum
635 432 666 460 et
676 437 784 460 rerum
798 427 929 460 militiae
970 433 1076 460 rantes
1097 428 1185 470 quod
1206 439 1310 472 neque
1331 430 1480 473 magister
1503 441 1607 474 neque
1637 431 1717 476 alius

181 480 366 524 praedictae
387 481 550 514 dumtaxat
560 481 805 525 quomodolibet
820 480 930 524 acqui-
969 480 1143 523 quisquam
1165 481 1322 524 priorum,
1352 488 1612 526 praeceptorum,
1635 483 1718 516 mili-

181 533 251 567 sitis
275 539 306 567 et
326 534 364 567 ad
389 534 461 567 illos
493 534 604 578 quovis
628 534 723 567 modo
755 532 928 578 spectanti·
969 538 1038 565 tum
1059 538 1090 566 et
1109 533 1243 567 fratrum
1266 540 1511 579 ceterorumque
1532 536 1635 570 dictae
1656 537 1717 569 mi-

180 586 252 628 bus,
274 587 451 621 dummodo
472 586 616 630 quintam
648 587 778 620 illorum
803 592 927 630 partem
969 585 1068 626 litiae,
1087 592 1220 630 propter
1234 587 1302 620 eius
1316 588 1480 631 Regulam,
1502 589 1718 623 ordinationes

179 641 350 674 conventui
389 640 554 684 praedic-to
590 640 798 684 relinquant,
846 640 929 673 inter
969 644 1001 672 et
1020 644 1147 679 statuta,
1176 651 1263 673 nune
1296 647 1327 674 et
1350 653 1408 685 pro
1440 648 1583 686 tempore
1617 643 1714 684 edita,

179 704 401 738 quoscumque
419 694 677 736 consanguineos
701 699 731 726 et
755 693 833 726 alias
856 704 929 737 per·
971 702 1036 725 non
1061 692 1227 726 observata
1247 695 1293 726 vel
1315 695 1422 727 minus
1451 695 1509 728 rite
1529 696 1714 740 adimpleta,

179 757 273 781 sonas
291 747 413 784 testari.
434 757 471 780 ac
491 747 587 779 etiam
607 757 666 790 per
681 746 858 787 codicillos,
873 747 929 780 do·
970 745 1000 778 in
1016 750 1185 789 peccatum
1199 748 1333 780 mortale
1345 748 1476 787 incidat,
1490 754 1714 792 praeterquam

177 800 326 834 nationes
345 800 429 833 inter
446 800 533 833 vivos
558 810 614 833 seu
639 810 736 833 causa
767 800 878 833 mortis
898 806 928 834 et
970 804 1102 843 propter
1135 800 1382 834 inobedientiam
1417 807 1445 834 et
1481 802 1716 835 contumaciam

177 853 239 887 alia
259 864 465 898 quacumque
484 853 546 894 via,
564 864 646 896 quae
662 853 740 898 ipsis
752 853 924 894 videbitur,
968 852 1091 895 pluries
1112 853 1315 886 commissam
1332 859 1362 886 et
1383 853 1614 895 continuatam,
1633 861 1663 887 et
1678 855 1716 887 ab

177 906 360 950 disponere,
382 917 420 941 ac
435 907 513 940 alias
530 907 585 940 illa
600 906 695 940 etiam
711 906 743 940 in
758 917 823 940 non
842 907 925 951 pios,
968 904 1037 949 ipsa
1056 905 1222 949 Religione
1239 906 1462 947 rebellionem,
1485 914 1515 940 et
1531 919 1715 941 excommu-

175 959 282 993 licitos
301 965 421 1001 tamen,
447 971 526 993 usus
550 971 695 1003 erogare.
968 959 1141 992 nicationis
1165 970 1289 1004 poenae
1311 960 1370 993 sibi
1387 961 1567 1005 impositae,
1589 973 1625 994 ac
1638 962 1716 995 alios

219 1013 236 1057 5
267 1012 321 1048 37.
344 1014 478 1055 Rursus,
512 1013 686 1058 praedictis
715 1014 867 1057 magistro
896 1020 928 1047 et
968 1023 1063 1046 casus
1105 1019 1273 1057 peccatum
1313 1014 1498 1047 huiusmodi
1537 1026 1573 1048 ex
1604 1015 1717 1048 divinis

40 1070 162 1106 “lt-⁸¹²0*
175 1065 346 1101 conventui
366 1067 470 1111 legata
494 1072 525 1100 et
543 1067 673 1107 donata,
696 1072 760 1100 tam
782 1067 865 1101 inter
883 1067 926 1100 vi—
968 1066 1147 1109 praeceptis
1158 1067 1503 1111 sacrisquecanonibus
1514 1074 1714 1111 generantes

155 1117 228 1154 'vos
244 1131 341 1164 quam
362 1121 480 1154 ultima
495 1126 526 1154 et
549 1131 759 1164 quacumque
783 1121 845 1153 alia
871 1132 926 1154 vo-
1012 1120 1026 1163 S
1051 1119 1104 1153 40.
1132 1119 1286 1163 Denique,
1307 1120 1346 1153 ad
1375 1121 1508 1154 salutem
1536 1121 1716 1154 animarum
1778 1121 1904 1165 “suh-‘³¹³³-

174 1173 312 1214 luntate‚
334 1173 461 1217 exigere
481 1179 512 1206 et
528 1173 709 1218 percipere.
732 1173 927 1207 Adiicientes
947 1208 948 1213 ,
968 1173 1124 1216 magistri,
1147 1180 1333 1214 conventus,
1355 1174 1511 1218 priorum,
1530 1181 1718 1219 praecepto·
1731 1161 1902 1177 'mmmmm'

175 1232 212 1261 ut
229 1227 348 1261 notarii
372 1227 474 1271 rogati
495 1227 535 1260 de
558 1227 757 1260 testamentis
781 1228 828 1260 vel
857 1227 927 1260 aliis
946 1216 948 1249 ‘t
968 1237 1053 1267 rum,
1090 1226 1242 1267 militum,
1277 1227 1412 1261 fratrum
1443 1234 1473 1260 et
1506 1239 1719 1272 personarum

174 1279 404 1321 voluntatibus,
441 1280 473 1312 in
505 1279 625 1324 quibus
657 1279 778 1322 aliquid
800 1280 926 1324 disponi
968 1279 1208 1323 praedictorum
1228 1280 1356 1321 intenti,
1379 1281 1539 1321 omnibus,
1561 1281 1616 1325 qui
1637 1287 1718 1315 tem-

177 1333 349 1377 contigerit
373 1333 407 1366 in
427 1333 567 1366 favorem
596 1339 628 1366 et
652 1334 858 1367 commodum
880 1334 928 1366 di-
947 1362 949 1381 Ξ
968 1343 1047 1376 pore
1060 1334 1252 1378 sumptionis
1271 1334 1399 1367 habitus
1415 1334 1635 1368 etemissionis
1647 1345 1720 1378 pro-

177 1391 248 1420 etae
281 1386 429 1428 militiae,
464 1386 650 1420 huiusmodi
683 1387 925 1430 dispositionem
947 1384 949 1418 ἶ
968 1387 1115 1420 fessionis
1135 1387 1304 1430 regularis,
1331 1398 1367 1420 ae
1397 1388 1492 1420 etiam
1522 1388 1554 1420 in
1583 1388 1718 1421 articulo

177 1439 352 1484 praedictis
380 1440 534 1483 magistro
556 1446 585 1473 et
607 1440 778 1474 conventui
804 1441 853 1474 vel
881 1441 927 1473 al·
970 1441 1081 1473 mortis
1102 1441 1280 1482 constituti,
1298 1451 1371 1474 vere
1391 1440 1592 1484 poenitentes
1603 1446 1632 1474 et
1645 1452 1719 1474 eon-

177 1492 251 1534 teri,
274 1504 331 1536 per
349 1504 445 1536 quem
466 1494 496 1526 id
520 1494 635 1537 poterit
656 1494 695 1526 ad
716 1494 847 1527 illorum
867 1505 927 1527 no·
969 1494 1042 1527 fessi
1067 1493 1197 1533 fuerint,
1219 1494 1397 1538 plenariam
1432 1495 1579 1527 omnium
1607 1505 1719 1538 pecca-

178 1545 282 1579 titiam
302 1546 430 1587 deduci,
449 1546 508 1579 sub
529 1557 633 1590 poena
665 1547 926 1580 excommunica·
948 1561 950 1588 ς
968 1553 1074 1580 torum
1095 1558 1228 1581 suorum
1255 1548 1486 1591 indulgentiam
1508 1554 1538 1580 et
1558 1548 1719 1582 remissio·

178 1599 287 1640 tionis,
304 1599 544 1644 quamprimum
575 1599 724 1632 intimare
738 1606 924 1643 procurent.
970 1612 1042 1633 nem
1059 1607 1217 1645 perpetuo
1238 1602 1614 1645 concedimus3talesque
1623 1601 1719 1635 facul-

224 1653 241 1697 §
258 1652 313 1687 38.
334 1653 512 1693 Postremo,
535 1653 629 1686 dictis
644 1653 818 1697 prioribus,
838 1665 930 1698 prae·
970 1660 1067 1687 tatem
1086 1655 1233 1694 habeant,
1247 1660 1391 1698 tempore
1405 1655 1619 1698 susceptionis
1631 1655 1720 1687 habi-

181 1706 366 1751 ceptorihus
383 1712 414 1740 et
432 1707 584 1740 fratribus
604 1707 811 1750 indulgemus
831 1714 866 1740 ut
890 1708 928 1740 li-
970 1713 1020 1740 tus
1052 1713 1082 1740 et
1115 1707 1295 1741 emissionis
1314 1708 1522 1752 professionis
1546 1719 1583 1741 ae
1608 1708 1719 1740 mortis

170 1765 253 1794 -ceat
270 1760 316 1794 eis
328 1760 521 1794 coemeteria
544 1761 577 1793 in
606 1761 672 1793 suis
689 1761 930 1805 parochialibus
950 1758 951 1764 ¹
971 1761 1145 1801 dumtaxat,
1159 1761 1365 1803 eligendisibi
1380 1761 1719 1806 confessorem‚quisit

182 1813 325 1848 eeclesiis
343 1814 475 1854 habere,
497 1819 528 1847 et
544 1824 825 1857 quorumcumque
846 1814 931 1847 chri·
950 1818 952 1855 3
972 1815 1011 1847 ab
1032 1814 1196 1847 ordinario
1217 1814 1423 1858 approbatus.

182 1866 370 1901 stifidelium
391 1868 557 1907 cadavera,
584 1867 680 1900 etiam
705 1873 849 1912 tempore
880 1868 930 1900 in-
950 1858 953 1914 Ξ
1016 1869 1030 1911 ς
1055 1868 1107 1900 41.
1135 1869 1179 1900 Ac
1202 1873 1266 1900 tam
1300 1867 1476 1910 praedictis
1507 1879 1603 1911 quam
1625 1867 1720 1901 etiam

183 1920 323 1960 terdicti‚
344 1921 521 1954 dummodo
550 1920 596 1953 illi
621 1931 750 1954 causam
781 1931 846 1954 non
875 1922 932 1954 de·
951 1915 954 1965 ξ
973 1921 1123 1954 omnibus
1142 1920 1212 1953 aliis
1231 1930 1304 1953 vere
1324 1920 1566 1964 poenitentibus
1594 1926 1624 1954 et
1643 1931 1721 1954 con-

184 1974 291 2007 derint
309 1974 495 2008 huiusmodi
515 1974 701 2015 interdicto,
733 1974 800 2007 sine
833 1975 933 2008 alicu·
952 1967 955 2007 l
973 1974 1073 2015 sessis,
1096 1974 1150 2017 qni
1171 1973 1322 2006 ecelesias
1341 1973 1514 2007 domorum
1534 1979 1565 2007 et
1584 1974 1721 2008 aliorum

185 2027 237 2060 ius
259 2027 472 2071 praeiudicio,
492 2028 639 2071 recipere
660 2034 690 2061 et
710 2028 858 2071 sepelire.
952 2010 955 2070 i
974 2028 1120 2061 locorum
1141 2027 1271 2060 militiae
1297 2026 1501 2066 huiusmodi,
1522 2027 1722 2070 ubicumque

231 2081 246 2124 ἓ
265 2080 318 2114 39,
340 2081 379 2114 Et
397 2081 594 2125 cappellanis
614 2081 757 2114 eiusdem
787 2081 931 2122 militiae,
953 2071 955 2092 Ξ
975 2082 1154 2121 existentes,
1177 2081 1290 2113 diebus
1310 2080 1397 2113 festis
1422 2091 1554 2113 suarum
1566 2081 1724 2124 cuiusque

51 2135 174 2190 θιὼ-ΜΝ·
188 2134 375 2168 examinatis
399 2141 431 2167 et
467 2134 652 2178 approbatis
689 2136 728 2167 ab
764 2135 935 2168 ordinariis
954 2172 957 2177 ι
976 2135 1225 2174 dedicationum,
1248 2145 1265 2166 a
1282 2134 1393 2178 primis
1409 2133 1548 2176 vesperis
1564 2144 1666 2178 usque
1683 2134 1723 2166 ad

90 2174 115 2190 ⁸⁰
138 2173 176 2190 ⁰⁵-
187 2187 348 2228 locorum,
371 2188 587 2221 confessiones
605 2188 762 2230 priorum,
783 2199 936 2232 praecep·
955 2180 958 2238 Ξ
977 2189 1136 2221 loccasum
1155 2187 1230 2220 solis
1248 2187 1372 2220 dierum
1394 2187 1548 2219 festorum
1558 2187 1724 2220 huiusmo-

188 2246 310 2282 torum,
337 2241 490 2280 militum,
513 2241 659 2280 fratrum,
680 2241 887 2274 familiarium
906 2248 937 2275 et
956 2250 958 2272 3
978 2241 1022 2281 di,
1045 2242 1157 2273 devote
1174 2240 1365 2273 visitaverint
1383 2266 1390 2279 ,
1413 2245 1442 2273 et
1463 2250 1521 2283 pro
1542 2250 1620 2283 pace
1640 2240 1724 2273 inter

191 2294 394 2327 subditorum
415 2294 665 2340 suorumsintra
688 2293 849 2336 regularia
866 2295 937 2328 loca
956 2281 959 2306 ¹
978 2295 1140 2338 principes
1161 2294 1335 2326 christiano
1352 2293 1564 2326 sconsovenda
1579 2299 1628 2326 ter
1645 2293 1723 2328 Ora-

191 2346 293 2394 ipsius
312 2347 444 2380 militiae
465 2347 648 2390 degentium
679 2348 803 2387 audire,
825 2349 937 2390 poeni·
958 2348 960 2401 Ξ
980 2349 1098 2381 tionem
1120 2347 1316 2380 Dominicam
1343 2352 1373 2379 et
1397 2347 1527 2380 totidem
1552 2347 1724 2381 Salutatio-

191 2395 325 2429 tentiam
345 2396 518 2428 salutarem
538 2395 584 2428 eis
613 2396 793 2439 iniungere,
816 2396 938 2434 Eueha-
959 2427 961 2434 ,
979 2407 1053 2428 nem
1073 2394 1612 2439 Angelicain1‘eeitaverint,septem
1625 2406 1726 2430 annos

193 2443 302 2477 ristiae
321 2450 352 2477 et
372 2444 433 2476 alin
448 2444 609 2477 Ecclesiae
629 2451 827 2477 sacramenta
844 2444 938 2477 mini·
959 2438 962 2480 l
981 2451 1009 2478 et
1030 2451 1151 2487 septem
1172 2444 1391 2487 quadragenas
1404 2444 1605 2477 deiniunctis
1616 2445 1662 2478 eis
1671 2450 1727 2478 aut

194 2499 307 2534 strare,
334 2492 509 2536 missasque
544 2498 575 2525 et
603 2493 664 2525 alia
697 2493 803 2525 divina
823 2494 937 2533 officia,
981 2494 1059 2526 alias
1075 2493 1190 2526 debitis
1211 2492 1414 2536 poenitentiis
1433 2492 1726 2527 misericorditerin

194 2541 291 2574 etiam
310 2547 456 2585 tempore
476 2541 636 2575 interdicti
654 2542 816 2574 ordinaria
833 2548 941 2575 aucto-
961 2579 962 2582 Ξ
981 2541 1116 2575 Domino
1141 2541 1332 2574 relaxamus.
1371 2541 1584 2575 Decernentes
1620 2542 1726 2575 indul·

195 2591 288 2624 ritate
307 2591 459 2635 appositi,
478 2591 654 2624 dummodo
670 2591 714 2624 illi
732 2601 859 2624 causam
877 2601 940 2626 non
960 2583 964 2618 l
982 2591 1103 2636 gentias
1120 2591 1299 2636 praedictas
1315 2597 1346 2625 et
1365 2597 1530 2634 praeterea
1545 2602 1656 2625 omnes
1680 2592 1708 2625 sa
