<?xml version="1.0" encoding="UTF-8"?>
<!DOCTYPE html PUBLIC "-//W3C//DTD XHTML 1.0 Transitional//EN"
    "http://www.w3.org/TR/xhtml1/DTD/xhtml1-transitional.dtd">
<html xmlns="http://www.w3.org/1999/xhtml" xml:lang="en" lang="en">
 <head>
  <title>
</title>
<meta http-equiv="Content-Type" content="text/html;charset=utf-8" />
  <meta name='ocr-system' content='tesseract 3.04.00' />
  <meta name='ocr-capabilities' content='ocr_page ocr_carea ocr_par ocr_line ocrx_word'/>
</head>
<body>
  <div class='ocr_page' id='page_1' title='image "./bullarumdiplomat08cath_0396.png"; bbox 0 0 2059 3228; ppageno 0'>
   <div class='ocr_carea' id='block_1_1' title="bbox 126 240 307 273">
    <p class='ocr_par' dir='ltr' id='par_1_1' title="bbox 126 240 307 273">
     <span class='ocr_line' id='line_1_1' title="bbox 126 240 307 273; baseline 0.011 -4"><span class='ocrx_word' id='word_1_1' title='bbox 126 240 180 270; x_wconf 75' lang='lat' dir='ltr'>An.</span> <span class='ocrx_word' id='word_1_2' title='bbox 196 241 226 270; x_wconf 87' lang='lat' dir='ltr'>C.</span> <span class='ocrx_word' id='word_1_3' title='bbox 243 243 307 273; x_wconf 76' lang='lat'>1581</span> 
     </span>
    </p>
   </div>
   <div class='ocr_carea' id='block_1_2' title="bbox 109 1919 293 2006">
    <p class='ocr_par' dir='ltr' id='par_1_2' title="bbox 109 1919 293 2006">
     <span class='ocr_line' id='line_1_2' title="bbox 136 1919 293 1947; baseline 0.013 -8"><span class='ocrx_word' id='word_1_4' title='bbox 136 1919 203 1941; x_wconf 64' lang='lat' dir='ltr'>iussio</span> <span class='ocrx_word' id='word_1_5' title='bbox 223 1921 293 1947; x_wconf 80' lang='lat' dir='ltr'>puhli-</span> 
     </span>
     <span class='ocr_line' id='line_1_3' title="bbox 109 1952 292 1972; baseline 0.016 -3"><span class='ocrx_word' id='word_1_6' title='bbox 109 1952 168 1972; x_wconf 60' lang='grc' dir='ltr'><strong>111ιαί</strong></span> <span class='ocrx_word' id='word_1_7' title='bbox 186 1954 206 1971; x_wconf 82' lang='lat' dir='ltr'>et</span> <span class='ocrx_word' id='word_1_8' title='bbox 217 1957 292 1972; x_wconf 68' lang='lat' dir='ltr'>exeru-</span> 
     </span>
     <span class='ocr_line' id='line_1_4' title="bbox 112 1982 273 2006; baseline 0.012 -6"><span class='ocrx_word' id='word_1_9' title='bbox 112 1982 149 2006; x_wconf 71' lang='lat' dir='ltr'>piis</span> <span class='ocrx_word' id='word_1_10' title='bbox 165 1983 273 2003; x_wconf 61' lang='lat' dir='ltr'>creden-ti.</span> 
     </span>
    </p>
   </div>
   <div class='ocr_carea' id='block_1_3' title="bbox 307 295 1078 2538">
    <p class='ocr_par' dir='ltr' id='par_1_3' title="bbox 307 295 1078 1848">
     <span class='ocr_line' id='line_1_5' title="bbox 324 295 1077 342; baseline -0.007 -10"><span class='ocrx_word' id='word_1_11' title='bbox 324 296 433 332; x_wconf 79' lang='lat' dir='ltr'>busvis</span> <span class='ocrx_word' id='word_1_12' title='bbox 457 298 564 341; x_wconf 70' lang='lat' dir='ltr'>regnis</span> <span class='ocrx_word' id='word_1_13' title='bbox 588 304 617 331; x_wconf 82' lang='lat' dir='ltr'>et</span> <span class='ocrx_word' id='word_1_14' title='bbox 648 298 806 342; x_wconf 84' lang='lat' dir='ltr'>partibus,</span> <span class='ocrx_word' id='word_1_15' title='bbox 838 302 902 330; x_wconf 83' lang='lat' dir='ltr'>tam</span> <span class='ocrx_word' id='word_1_16' title='bbox 932 295 1077 328; x_wconf 78' lang='lat' dir='ltr'>fidelium</span> 
     </span>
     <span class='ocr_line' id='line_1_6' title="bbox 324 350 1077 396; baseline -0.001 -11"><span class='ocrx_word' id='word_1_17' title='bbox 324 363 421 396; x_wconf 85' lang='lat' dir='ltr'>quam</span> <span class='ocrx_word' id='word_1_18' title='bbox 432 352 624 391; x_wconf 81' lang='lat' dir='ltr'>infidelium,</span> <span class='ocrx_word' id='word_1_19' title='bbox 640 350 889 391; x_wconf 81' lang='lat' dir='ltr'>confluentibus,</span> <span class='ocrx_word' id='word_1_20' title='bbox 900 360 1077 393; x_wconf 87' lang='lat' dir='ltr'>eorumque</span> 
     </span>
     <span class='ocr_line' id='line_1_7' title="bbox 325 404 1078 449; baseline 0.001 -12"><span class='ocrx_word' id='word_1_21' title='bbox 325 405 496 445; x_wconf 78' lang='lat' dir='ltr'>iudicibus,</span> <span class='ocrx_word' id='word_1_22' title='bbox 519 404 681 438; x_wconf 82' lang='lat' dir='ltr'>advocatis</span> <span class='ocrx_word' id='word_1_23' title='bbox 698 409 728 437; x_wconf 86' lang='lat' dir='ltr'>et</span> <span class='ocrx_word' id='word_1_24' title='bbox 745 404 979 446; x_wconf 72' lang='lat' dir='ltr'>defensoribus,</span> <span class='ocrx_word' id='word_1_25' title='bbox 1002 416 1078 449; x_wconf 90' lang='lat' dir='ltr'>qua-</span> 
     </span>
     <span class='ocr_line' id='line_1_8' title="bbox 323 458 1076 502; baseline 0.003 -12"><span class='ocrx_word' id='word_1_26' title='bbox 323 468 462 502; x_wconf 66' lang='lat' dir='ltr'>rumque</span> <span class='ocrx_word' id='word_1_27' title='bbox 477 458 682 498; x_wconf 85' lang='lat' dir='ltr'>auctoritate,</span> <span class='ocrx_word' id='word_1_28' title='bbox 709 464 865 502; x_wconf 79' lang='lat' dir='ltr'>potestate</span> <span class='ocrx_word' id='word_1_29' title='bbox 876 464 906 492; x_wconf 87' lang='lat' dir='ltr'>et</span> <span class='ocrx_word' id='word_1_30' title='bbox 922 459 1076 502; x_wconf 75' lang='lat' dir='ltr'>dignitate</span> 
     </span>
     <span class='ocr_line' id='line_1_9' title="bbox 322 512 1076 557; baseline 0.005 -13"><span class='ocrx_word' id='word_1_31' title='bbox 322 512 509 554; x_wconf 77' lang='lat' dir='ltr'>iungantur,</span> <span class='ocrx_word' id='word_1_32' title='bbox 531 512 627 544; x_wconf 88' lang='lat' dir='ltr'>etiam</span> <span class='ocrx_word' id='word_1_33' title='bbox 648 512 688 545; x_wconf 85' lang='lat' dir='ltr'>ad</span> <span class='ocrx_word' id='word_1_34' title='bbox 707 512 891 546; x_wconf 87' lang='lat' dir='ltr'>instantiam</span> <span class='ocrx_word' id='word_1_35' title='bbox 905 513 1076 557; x_wconf 82' lang='lat' dir='ltr'>imperato-</span> 
     </span>
     <span class='ocr_line' id='line_1_10' title="bbox 321 565 1074 610; baseline 0.004 -12"><span class='ocrx_word' id='word_1_36' title='bbox 321 565 509 608; x_wconf 77' lang='lat' dir='ltr'>ris‚regum,</span> <span class='ocrx_word' id='word_1_37' title='bbox 530 565 651 599; x_wconf 86' lang='lat' dir='ltr'>ducum</span> <span class='ocrx_word' id='word_1_38' title='bbox 671 572 702 599; x_wconf 88' lang='grc'>01</span> <span class='ocrx_word' id='word_1_39' title='bbox 724 567 911 610; x_wconf 82' lang='lat' dir='ltr'>quorumvis</span> <span class='ocrx_word' id='word_1_40' title='bbox 937 568 1074 601; x_wconf 84' lang='lat' dir='ltr'>aliorum</span> 
     </span>
     <span class='ocr_line' id='line_1_11' title="bbox 320 618 1075 663; baseline 0.004 -12"><span class='ocrx_word' id='word_1_41' title='bbox 320 618 517 662; x_wconf 76' lang='lat' dir='ltr'>principum,</span> <span class='ocrx_word' id='word_1_42' title='bbox 539 625 603 652; x_wconf 90' lang='lat' dir='ltr'>tam</span> <span class='ocrx_word' id='word_1_43' title='bbox 622 631 680 663; x_wconf 80' lang='lat' dir='ltr'>pei·</span> <span class='ocrx_word' id='word_1_44' title='bbox 708 620 812 653; x_wconf 77' lang='lat' dir='ltr'>felicis</span> <span class='ocrx_word' id='word_1_45' title='bbox 842 621 1075 655; x_wconf 80' lang='lat' dir='ltr'>recordationis</span> 
     </span>
     <span class='ocr_line' id='line_1_12' title="bbox 318 671 1073 716; baseline 0.004 -12"><span class='ocrx_word' id='word_1_46' title='bbox 318 671 454 705; x_wconf 87' lang='lat' dir='ltr'>Paulum</span> <span class='ocrx_word' id='word_1_47' title='bbox 481 673 532 714; x_wconf 86' lang='grc' dir='ltr'>ΙΙΙ,</span> <span class='ocrx_word' id='word_1_48' title='bbox 555 673 682 707; x_wconf 84' lang='lat' dir='ltr'>decimo</span> <span class='ocrx_word' id='word_1_49' title='bbox 707 674 770 706; x_wconf 82' lang='lat' dir='ltr'>kal.</span> <span class='ocrx_word' id='word_1_50' title='bbox 801 673 933 716; x_wconf 86' lang='lat' dir='ltr'>martii,</span> <span class='ocrx_word' id='word_1_51' title='bbox 966 682 996 707; x_wconf 84' lang='lat' dir='ltr'>et</span> <span class='ocrx_word' id='word_1_52' title='bbox 1021 675 1073 707; x_wconf 91' lang='lat' dir='ltr'>Iu-</span> 
     </span>
     <span class='ocr_line' id='line_1_13' title="bbox 317 724 1073 767; baseline 0.004 -10"><span class='ocrx_word' id='word_1_53' title='bbox 317 724 397 758; x_wconf 93' lang='lat' dir='ltr'>lium</span> <span class='ocrx_word' id='word_1_54' title='bbox 407 725 502 759; x_wconf 83' lang='lat' dir='ltr'>etiam</span> <span class='ocrx_word' id='word_1_55' title='bbox 512 726 563 767; x_wconf 90' lang='lat'>111,</span> <span class='ocrx_word' id='word_1_56' title='bbox 577 726 670 760; x_wconf 90' lang='lat' dir='ltr'>nonis</span> <span class='ocrx_word' id='word_1_57' title='bbox 681 726 870 767; x_wconf 78' lang='lat' dir='ltr'>decembris,</span> <span class='ocrx_word' id='word_1_58' title='bbox 881 727 975 760; x_wconf 86' lang='lat' dir='ltr'>tertio</span> <span class='ocrx_word' id='word_1_59' title='bbox 989 738 1073 761; x_wconf 85' lang='lat' dir='ltr'>anno</span> 
     </span>
     <span class='ocr_line' id='line_1_14' title="bbox 316 778 1073 824; baseline 0.003 -12"><span class='ocrx_word' id='word_1_60' title='bbox 316 778 366 811; x_wconf 85' lang='lat' dir='ltr'>sui</span> <span class='ocrx_word' id='word_1_61' title='bbox 404 778 561 824; x_wconf 88' lang='lat' dir='ltr'>cuiusque</span> <span class='ocrx_word' id='word_1_62' title='bbox 597 780 818 824; x_wconf 84' lang='lat' dir='ltr'>pontificatus,</span> <span class='ocrx_word' id='word_1_63' title='bbox 849 791 947 823; x_wconf 85' lang='lat' dir='ltr'>quam</span> <span class='ocrx_word' id='word_1_64' title='bbox 975 781 1073 817; x_wconf 82' lang='lat' dir='ltr'>etiam</span> 
     </span>
     <span class='ocr_line' id='line_1_15' title="bbox 315 833 1073 878; baseline 0.005 -14"><span class='ocrx_word' id='word_1_65' title='bbox 315 841 539 877; x_wconf 88' lang='lat' dir='ltr'>quoscumque</span> <span class='ocrx_word' id='word_1_66' title='bbox 562 833 641 867; x_wconf 88' lang='lat' dir='ltr'>alios</span> <span class='ocrx_word' id='word_1_67' title='bbox 658 833 836 867; x_wconf 86' lang='lat' dir='ltr'>anteriores</span> <span class='ocrx_word' id='word_1_68' title='bbox 857 840 887 867; x_wconf 88' lang='lat' dir='ltr'>et</span> <span class='ocrx_word' id='word_1_69' title='bbox 914 835 1073 878; x_wconf 86' lang='lat' dir='ltr'>posterio-</span> 
     </span>
     <span class='ocr_line' id='line_1_16' title="bbox 314 885 1071 922; baseline 0.005 -5"><span class='ocrx_word' id='word_1_70' title='bbox 314 895 365 918; x_wconf 89' lang='lat' dir='ltr'>res</span> <span class='ocrx_word' id='word_1_71' title='bbox 387 885 550 920; x_wconf 87' lang='lat' dir='ltr'>Romanos</span> <span class='ocrx_word' id='word_1_72' title='bbox 568 887 740 920; x_wconf 80' lang='lat' dir='ltr'>Pontifices</span> <span class='ocrx_word' id='word_1_73' title='bbox 765 898 802 920; x_wconf 86' lang='lat' dir='ltr'>ac</span> <span class='ocrx_word' id='word_1_74' title='bbox 826 898 884 920; x_wconf 91' lang='lat' dir='ltr'>nos</span> <span class='ocrx_word' id='word_1_75' title='bbox 900 894 930 921; x_wconf 86' lang='lat' dir='ltr'>et</span> <span class='ocrx_word' id='word_1_76' title='bbox 951 888 1071 922; x_wconf 84' lang='lat' dir='ltr'>Sedem</span> 
     </span>
     <span class='ocr_line' id='line_1_17' title="bbox 313 939 1071 984; baseline 0.007 -14"><span class='ocrx_word' id='word_1_77' title='bbox 313 939 531 982; x_wconf 80' lang='lat' dir='ltr'>Apostolicam</span> <span class='ocrx_word' id='word_1_78' title='bbox 570 940 704 984; x_wconf 86' lang='lat' dir='ltr'>eiusque</span> <span class='ocrx_word' id='word_1_79' title='bbox 750 942 872 983; x_wconf 77' lang='lat' dir='ltr'>legatos</span> <span class='ocrx_word' id='word_1_80' title='bbox 905 953 942 974; x_wconf 87' lang='lat' dir='ltr'>ac</span> <span class='ocrx_word' id='word_1_81' title='bbox 975 942 1071 975; x_wconf 88' lang='lat' dir='ltr'>etiam</span> 
     </span>
     <span class='ocr_line' id='line_1_18' title="bbox 312 990 1069 1038; baseline 0.005 -14"><span class='ocrx_word' id='word_1_82' title='bbox 312 990 479 1026; x_wconf 83' lang='lat' dir='ltr'>Cameram</span> <span class='ocrx_word' id='word_1_83' title='bbox 499 993 730 1038; x_wconf 84' lang='lat' dir='ltr'>Apostolicam‚</span> <span class='ocrx_word' id='word_1_84' title='bbox 765 994 825 1026; x_wconf 86' lang='lat' dir='ltr'>sub</span> <span class='ocrx_word' id='word_1_85' title='bbox 854 995 1069 1038; x_wconf 82' lang='lat' dir='ltr'>quibuscum-</span> 
     </span>
     <span class='ocr_line' id='line_1_19' title="bbox 312 1046 1071 1093; baseline 0.008 -16"><span class='ocrx_word' id='word_1_86' title='bbox 312 1055 375 1087; x_wconf 85' lang='lat' dir='ltr'>que</span> <span class='ocrx_word' id='word_1_87' title='bbox 398 1046 567 1080; x_wconf 88' lang='lat' dir='ltr'>tenoribus</span> <span class='ocrx_word' id='word_1_88' title='bbox 590 1053 622 1080; x_wconf 91' lang='lat' dir='ltr'>et</span> <span class='ocrx_word' id='word_1_89' title='bbox 641 1047 764 1087; x_wconf 79' lang='lat' dir='ltr'>formis,</span> <span class='ocrx_word' id='word_1_90' title='bbox 786 1059 909 1081; x_wconf 81' lang='lat' dir='ltr'>aecum</span> <span class='ocrx_word' id='word_1_91' title='bbox 937 1050 1071 1093; x_wconf 87' lang='lat' dir='ltr'>quibus-</span> 
     </span>
     <span class='ocr_line' id='line_1_20' title="bbox 312 1099 1069 1147; baseline 0.007 -15"><span class='ocrx_word' id='word_1_92' title='bbox 312 1099 518 1134; x_wconf 86' lang='lat' dir='ltr'>visclausulis</span> <span class='ocrx_word' id='word_1_93' title='bbox 537 1107 568 1135; x_wconf 91' lang='lat' dir='ltr'>et</span> <span class='ocrx_word' id='word_1_94' title='bbox 587 1102 737 1140; x_wconf 78' lang='lat' dir='ltr'>decretis,</span> <span class='ocrx_word' id='word_1_95' title='bbox 760 1103 857 1136; x_wconf 87' lang='lat' dir='ltr'>etiam</span> <span class='ocrx_word' id='word_1_96' title='bbox 878 1109 969 1136; x_wconf 88' lang='lat' dir='ltr'>motu</span> <span class='ocrx_word' id='word_1_97' title='bbox 994 1116 1069 1147; x_wconf 86' lang='lat' dir='ltr'>pro-</span> 
     </span>
     <span class='ocr_line' id='line_1_21' title="bbox 313 1152 1070 1200; baseline 0.007 -14"><span class='ocrx_word' id='word_1_98' title='bbox 313 1152 384 1197; x_wconf 84' lang='lat' dir='ltr'>prio</span> <span class='ocrx_word' id='word_1_99' title='bbox 392 1155 507 1188; x_wconf 87' lang='lat' dir='ltr'>etalias</span> <span class='ocrx_word' id='word_1_100' title='bbox 515 1155 822 1200; x_wconf 82' lang='lat' dir='ltr'>quomodocumque</span> <span class='ocrx_word' id='word_1_101' title='bbox 830 1156 986 1190; x_wconf 85' lang='lat' dir='ltr'>hactenus</span> <span class='ocrx_word' id='word_1_102' title='bbox 995 1169 1070 1191; x_wconf 83' lang='lat' dir='ltr'>con-</span> 
     </span>
     <span class='ocr_line' id='line_1_22' title="bbox 313 1211 1069 1258; baseline 0.008 -15"><span class='ocrx_word' id='word_1_103' title='bbox 313 1211 421 1253; x_wconf 86' lang='lat' dir='ltr'>cessis,</span> <span class='ocrx_word' id='word_1_104' title='bbox 450 1212 648 1246; x_wconf 84' lang='lat' dir='ltr'>confirmatis</span> <span class='ocrx_word' id='word_1_105' title='bbox 669 1219 699 1246; x_wconf 87' lang='lat' dir='ltr'>et</span> <span class='ocrx_word' id='word_1_106' title='bbox 723 1213 897 1254; x_wconf 82' lang='lat' dir='ltr'>innovatis,</span> <span class='ocrx_word' id='word_1_107' title='bbox 920 1220 1015 1258; x_wconf 86' lang='lat' dir='ltr'>atque</span> <span class='ocrx_word' id='word_1_108' title='bbox 1036 1216 1069 1249; x_wconf 91' lang='lat' dir='ltr'>in</span> 
     </span>
     <span class='ocr_line' id='line_1_23' title="bbox 313 1267 1070 1309; baseline 0.005 -10"><span class='ocrx_word' id='word_1_109' title='bbox 313 1271 477 1309; x_wconf 90' lang='lat' dir='ltr'>posterum</span> <span class='ocrx_word' id='word_1_110' title='bbox 504 1267 739 1308; x_wconf 87' lang='lat' dir='ltr'>concedendis,</span> <span class='ocrx_word' id='word_1_111' title='bbox 781 1268 1010 1302; x_wconf 80' lang='lat' dir='ltr'>confirmandis</span> <span class='ocrx_word' id='word_1_112' title='bbox 1039 1276 1070 1303; x_wconf 93' lang='lat' dir='ltr'>et</span> 
     </span>
     <span class='ocr_line' id='line_1_24' title="bbox 310 1319 1068 1364; baseline 0.005 -12"><span class='ocrx_word' id='word_1_113' title='bbox 310 1319 513 1360; x_wconf 77' lang='lat' dir='ltr'>innovandis,</span> <span class='ocrx_word' id='word_1_114' title='bbox 534 1331 617 1364; x_wconf 84' lang='lat' dir='ltr'>quae</span> <span class='ocrx_word' id='word_1_115' title='bbox 632 1321 754 1361; x_wconf 90' lang='lat' dir='ltr'>omnia,</span> <span class='ocrx_word' id='word_1_116' title='bbox 777 1321 873 1355; x_wconf 88' lang='lat' dir='ltr'>etiam</span> <span class='ocrx_word' id='word_1_117' title='bbox 898 1322 922 1354; x_wconf 89' lang='lat' dir='ltr'>si</span> <span class='ocrx_word' id='word_1_118' title='bbox 944 1323 984 1356; x_wconf 89' lang='lat' dir='ltr'>de</span> <span class='ocrx_word' id='word_1_119' title='bbox 1006 1323 1068 1357; x_wconf 78' lang='lat' dir='ltr'>illis</span> 
     </span>
     <span class='ocr_line' id='line_1_25' title="bbox 310 1373 1068 1421; baseline 0.008 -16"><span class='ocrx_word' id='word_1_120' title='bbox 310 1373 506 1417; x_wconf 87' lang='lat' dir='ltr'>illorumque</span> <span class='ocrx_word' id='word_1_121' title='bbox 530 1374 603 1407; x_wconf 89' lang='lat' dir='ltr'>totis</span> <span class='ocrx_word' id='word_1_122' title='bbox 627 1375 795 1408; x_wconf 83' lang='lat' dir='ltr'>tenoribus</span> <span class='ocrx_word' id='word_1_123' title='bbox 816 1375 973 1418; x_wconf 86' lang='lat' dir='ltr'>specialis,</span> <span class='ocrx_word' id='word_1_124' title='bbox 999 1388 1068 1421; x_wconf 86' lang='lat' dir='ltr'>spe-</span> 
     </span>
     <span class='ocr_line' id='line_1_26' title="bbox 311 1426 1068 1471; baseline 0.007 -12"><span class='ocrx_word' id='word_1_125' title='bbox 311 1426 412 1467; x_wconf 76' lang='lat' dir='ltr'>cifica,</span> <span class='ocrx_word' id='word_1_126' title='bbox 433 1438 581 1471; x_wconf 83' lang='lat' dir='ltr'>expressa</span> <span class='ocrx_word' id='word_1_127' title='bbox 600 1434 631 1461; x_wconf 87' lang='lat' dir='ltr'>et</span> <span class='ocrx_word' id='word_1_128' title='bbox 652 1428 816 1461; x_wconf 79' lang='lat' dir='ltr'>individua</span> <span class='ocrx_word' id='word_1_129' title='bbox 845 1429 986 1471; x_wconf 87' lang='lat' dir='ltr'>mentio,</span> <span class='ocrx_word' id='word_1_130' title='bbox 1013 1437 1068 1464; x_wconf 86' lang='lat' dir='ltr'>aut</span> 
     </span>
     <span class='ocr_line' id='line_1_27' title="bbox 310 1480 1064 1525; baseline 0.007 -12"><span class='ocrx_word' id='word_1_131' title='bbox 310 1480 418 1524; x_wconf 80' lang='lat' dir='ltr'>aliqua</span> <span class='ocrx_word' id='word_1_132' title='bbox 437 1482 499 1514; x_wconf 85' lang='lat' dir='ltr'>alia</span> <span class='ocrx_word' id='word_1_133' title='bbox 524 1482 627 1515; x_wconf 84' lang='lat' dir='ltr'>forma</span> <span class='ocrx_word' id='word_1_134' title='bbox 646 1483 687 1515; x_wconf 88' lang='lat' dir='ltr'>ad</span> <span class='ocrx_word' id='word_1_135' title='bbox 711 1483 772 1515; x_wconf 87' lang='grc'><strong>1100</strong></span> <span class='ocrx_word' id='word_1_136' title='bbox 793 1484 949 1516; x_wconf 86' lang='lat' dir='ltr'>servanda</span> <span class='ocrx_word' id='word_1_137' title='bbox 970 1484 1064 1525; x_wconf 84' lang='lat' dir='ltr'>foret,</span> 
     </span>
     <span class='ocr_line' id='line_1_28' title="bbox 309 1535 1066 1576; baseline 0.005 -9"><span class='ocrx_word' id='word_1_138' title='bbox 309 1540 439 1568; x_wconf 78' lang='lat' dir='ltr'>tenores</span> <span class='ocrx_word' id='word_1_139' title='bbox 458 1535 657 1576; x_wconf 89' lang='lat' dir='ltr'>huiusmodi,</span> <span class='ocrx_word' id='word_1_140' title='bbox 673 1547 709 1569; x_wconf 78' lang='lat' dir='ltr'>ac</span> <span class='ocrx_word' id='word_1_141' title='bbox 721 1537 746 1568; x_wconf 91' lang='lat' dir='ltr'>si</span> <span class='ocrx_word' id='word_1_142' title='bbox 767 1537 805 1569; x_wconf 78' lang='lat' dir='ltr'>acl</span> <span class='ocrx_word' id='word_1_143' title='bbox 826 1537 959 1570; x_wconf 72' lang='lat' dir='ltr'>verbum</span> <span class='ocrx_word' id='word_1_144' title='bbox 982 1538 1066 1571; x_wconf 91' lang='lat' dir='ltr'>inse-</span> 
     </span>
     <span class='ocr_line' id='line_1_29' title="bbox 309 1590 1065 1635; baseline 0.008 -16"><span class='ocrx_word' id='word_1_145' title='bbox 309 1595 459 1622; x_wconf 81' lang='lat' dir='ltr'>rerentur</span> <span class='ocrx_word' id='word_1_146' title='bbox 480 1590 714 1632; x_wconf 83' lang='lat' dir='ltr'>praesentibus,</span> <span class='ocrx_word' id='word_1_147' title='bbox 736 1601 795 1634; x_wconf 82' lang='lat' dir='ltr'>pro</span> <span class='ocrx_word' id='word_1_148' title='bbox 822 1591 915 1633; x_wconf 81' lang='lat' dir='ltr'>plene</span> <span class='ocrx_word' id='word_1_149' title='bbox 936 1602 1065 1635; x_wconf 83' lang='lat' dir='ltr'>expres-</span> 
     </span>
     <span class='ocr_line' id='line_1_30' title="bbox 307 1643 1065 1688; baseline 0.007 -13"><span class='ocrx_word' id='word_1_150' title='bbox 307 1643 352 1675; x_wconf 82' lang='lat' dir='ltr'>sis</span> <span class='ocrx_word' id='word_1_151' title='bbox 368 1643 534 1683; x_wconf 86' lang='lat' dir='ltr'>habentes,</span> <span class='ocrx_word' id='word_1_152' title='bbox 561 1644 677 1676; x_wconf 85' lang='lat' dir='ltr'>harum</span> <span class='ocrx_word' id='word_1_153' title='bbox 698 1644 794 1683; x_wconf 82' lang='lat' dir='ltr'>serie,</span> <span class='ocrx_word' id='word_1_154' title='bbox 827 1645 1011 1688; x_wconf 74' lang='lat' dir='ltr'>specialiter</span> <span class='ocrx_word' id='word_1_155' title='bbox 1035 1653 1065 1680; x_wconf 90' lang='lat' dir='ltr'>et</span> 
     </span>
     <span class='ocr_line' id='line_1_31' title="bbox 309 1697 1065 1740; baseline 0.004 -11"><span class='ocrx_word' id='word_1_156' title='bbox 309 1706 457 1740; x_wconf 82' lang='lat' dir='ltr'>expresse</span> <span class='ocrx_word' id='word_1_157' title='bbox 467 1707 668 1736; x_wconf 81' lang='lat' dir='ltr'>revocamus,</span> <span class='ocrx_word' id='word_1_158' title='bbox 681 1697 876 1739; x_wconf 73' lang='lat' dir='ltr'>abrogamus</span> <span class='ocrx_word' id='word_1_159' title='bbox 889 1704 920 1731; x_wconf 89' lang='lat' dir='ltr'>et</span> <span class='ocrx_word' id='word_1_160' title='bbox 931 1699 1065 1733; x_wconf 90' lang='grc'><strong>0111111110</strong></span> 
     </span>
     <span class='ocr_line' id='line_1_32' title="bbox 308 1750 1063 1795; baseline 0.005 -13"><span class='ocrx_word' id='word_1_161' title='bbox 308 1750 493 1791; x_wconf 82' lang='lat' dir='ltr'>abolemus;</span> <span class='ocrx_word' id='word_1_162' title='bbox 525 1751 707 1794; x_wconf 85' lang='lat' dir='ltr'>ceterisque</span> <span class='ocrx_word' id='word_1_163' title='bbox 732 1751 903 1784; x_wconf 83' lang='lat' dir='ltr'>contrariis</span> <span class='ocrx_word' id='word_1_164' title='bbox 927 1753 1063 1795; x_wconf 84' lang='lat' dir='ltr'>quibus-</span> 
     </span>
     <span class='ocr_line' id='line_1_33' title="bbox 309 1815 460 1848; baseline 0.007 -11"><span class='ocrx_word' id='word_1_165' title='bbox 309 1815 460 1848; x_wconf 84' lang='lat' dir='ltr'>cumque.</span> 
     </span>
    </p>

    <p class='ocr_par' dir='ltr' id='par_1_4' title="bbox 307 1858 1064 2430">
     <span class='ocr_line' id='line_1_34' title="bbox 351 1858 1064 1903; baseline 0.003 -12"><span class='ocrx_word' id='word_1_166' title='bbox 351 1859 366 1901; x_wconf 69' lang='grc' dir='ltr'>,ξ</span> <span class='ocrx_word' id='word_1_167' title='bbox 385 1858 440 1891; x_wconf 82' lang='grc'>16.</span> <span class='ocrx_word' id='word_1_168' title='bbox 464 1858 733 1892; x_wconf 76' lang='lat' dir='ltr'>Volumusauiem</span> <span class='ocrx_word' id='word_1_169' title='bbox 743 1859 1064 1903; x_wconf 82' lang='lat' dir='ltr'>praesentesinlocis</span> 
     </span>
     <span class='ocr_line' id='line_1_35' title="bbox 309 1911 1062 1955; baseline 0.003 -12"><span class='ocrx_word' id='word_1_170' title='bbox 309 1911 402 1944; x_wconf 81' lang='lat' dir='ltr'>Urbis</span> <span class='ocrx_word' id='word_1_171' title='bbox 422 1911 588 1944; x_wconf 83' lang='lat' dir='ltr'>consuetis</span> <span class='ocrx_word' id='word_1_172' title='bbox 608 1911 648 1945; x_wconf 93' lang='lat' dir='ltr'>de</span> <span class='ocrx_word' id='word_1_173' title='bbox 659 1922 749 1945; x_wconf 88' lang='lat' dir='ltr'>more</span> <span class='ocrx_word' id='word_1_174' title='bbox 769 1912 944 1955; x_wconf 85' lang='lat' dir='ltr'>publicari,</span> <span class='ocrx_word' id='word_1_175' title='bbox 967 1919 998 1945; x_wconf 90' lang='lat' dir='ltr'>et</span> <span class='ocrx_word' id='word_1_176' title='bbox 1008 1925 1062 1946; x_wconf 85' lang='lat' dir='ltr'>ea-</span> 
     </span>
     <span class='ocr_line' id='line_1_36' title="bbox 308 1965 1062 2009; baseline 0.001 -12"><span class='ocrx_word' id='word_1_177' title='bbox 308 1976 380 1997; x_wconf 87' lang='lat' dir='ltr'>rum</span> <span class='ocrx_word' id='word_1_178' title='bbox 420 1965 586 2008; x_wconf 72' lang='lat' dir='ltr'>exemplis,</span> <span class='ocrx_word' id='word_1_179' title='bbox 621 1965 716 1998; x_wconf 83' lang='lat' dir='ltr'>etiam</span> <span class='ocrx_word' id='word_1_180' title='bbox 749 1966 926 2009; x_wconf 79' lang='lat' dir='ltr'>impressis,</span> <span class='ocrx_word' id='word_1_181' title='bbox 963 1977 1062 1999; x_wconf 91' lang='lat' dir='ltr'>manu</span> 
     </span>
     <span class='ocr_line' id='line_1_37' title="bbox 307 2019 1061 2062; baseline 0.004 -13"><span class='ocrx_word' id='word_1_182' title='bbox 307 2019 423 2052; x_wconf 84' lang='lat' dir='ltr'>notarii</span> <span class='ocrx_word' id='word_1_183' title='bbox 447 2019 568 2062; x_wconf 85' lang='lat' dir='ltr'>publici</span> <span class='ocrx_word' id='word_1_184' title='bbox 585 2025 616 2052; x_wconf 87' lang='lat' dir='ltr'>et</span> <span class='ocrx_word' id='word_1_185' title='bbox 632 2019 736 2061; x_wconf 75' lang='lat' dir='ltr'>sigillo</span> <span class='ocrx_word' id='word_1_186' title='bbox 757 2025 885 2052; x_wconf 89' lang='lat' dir='ltr'>sanctae</span> <span class='ocrx_word' id='word_1_187' title='bbox 897 2019 1061 2053; x_wconf 81' lang='lat' dir='ltr'>Romanae</span> 
     </span>
     <span class='ocr_line' id='line_1_38' title="bbox 307 2072 1061 2117; baseline 0.001 -12"><span class='ocrx_word' id='word_1_188' title='bbox 307 2079 337 2105; x_wconf 78' lang='lat' dir='ltr'>et</span> <span class='ocrx_word' id='word_1_189' title='bbox 357 2072 545 2106; x_wconf 84' lang='lat' dir='ltr'>universalis</span> <span class='ocrx_word' id='word_1_190' title='bbox 565 2072 787 2117; x_wconf 83' lang='lat' dir='ltr'>Inquisitionis</span> <span class='ocrx_word' id='word_1_191' title='bbox 799 2073 844 2106; x_wconf 85' lang='lat' dir='ltr'>vel</span> <span class='ocrx_word' id='word_1_192' title='bbox 860 2073 1061 2116; x_wconf 83' lang='lat' dir='ltr'>personaein</span> 
     </span>
     <span class='ocr_line' id='line_1_39' title="bbox 307 2126 1060 2168; baseline 0 -10"><span class='ocrx_word' id='word_1_193' title='bbox 307 2126 462 2168; x_wconf 79' lang='lat' dir='ltr'>dignitate</span> <span class='ocrx_word' id='word_1_194' title='bbox 488 2126 704 2160; x_wconf 86' lang='lat' dir='ltr'>ecclesiastica</span> <span class='ocrx_word' id='word_1_195' title='bbox 730 2126 922 2159; x_wconf 78' lang='lat' dir='ltr'>constitutae</span> <span class='ocrx_word' id='word_1_196' title='bbox 952 2126 1060 2159; x_wconf 88' lang='lat' dir='ltr'>muni-</span> 
     </span>
     <span class='ocr_line' id='line_1_40' title="bbox 308 2178 1058 2224; baseline 0.001 -14"><span class='ocrx_word' id='word_1_197' title='bbox 308 2179 359 2218; x_wconf 80' lang='lat' dir='ltr'>tis,</span> <span class='ocrx_word' id='word_1_198' title='bbox 381 2180 527 2213; x_wconf 82' lang='lat' dir='ltr'>eamdem</span> <span class='ocrx_word' id='word_1_199' title='bbox 554 2190 687 2224; x_wconf 85' lang='lat' dir='ltr'>prorsus</span> <span class='ocrx_word' id='word_1_200' title='bbox 706 2180 804 2212; x_wconf 85' lang='lat' dir='ltr'>fidem</span> <span class='ocrx_word' id='word_1_201' title='bbox 835 2178 965 2222; x_wconf 84' lang='lat' dir='ltr'>ubique,</span> <span class='ocrx_word' id='word_1_202' title='bbox 995 2186 1058 2212; x_wconf 82' lang='lat' dir='ltr'>tam</span> 
     </span>
     <span class='ocr_line' id='line_1_41' title="bbox 309 2233 1057 2278; baseline 0.003 -14"><span class='ocrx_word' id='word_1_203' title='bbox 309 2233 340 2265; x_wconf 91' lang='lat' dir='ltr'>in</span> <span class='ocrx_word' id='word_1_204' title='bbox 365 2233 487 2267; x_wconf 87' lang='lat' dir='ltr'>iudicio</span> <span class='ocrx_word' id='word_1_205' title='bbox 525 2245 623 2278; x_wconf 91' lang='lat' dir='ltr'>quam</span> <span class='ocrx_word' id='word_1_206' title='bbox 653 2239 741 2267; x_wconf 80' lang='lat' dir='ltr'>extra</span> <span class='ocrx_word' id='word_1_207' title='bbox 770 2233 862 2272; x_wconf 87' lang='lat' dir='ltr'>illud,</span> <span class='ocrx_word' id='word_1_208' title='bbox 899 2233 1057 2275; x_wconf 83' lang='lat' dir='ltr'>adhiberi,</span> 
     </span>
     <span class='ocr_line' id='line_1_42' title="bbox 307 2286 1059 2331; baseline -0.001 -12"><span class='ocrx_word' id='word_1_209' title='bbox 307 2297 390 2330; x_wconf 84' lang='lat' dir='ltr'>quae</span> <span class='ocrx_word' id='word_1_210' title='bbox 409 2287 618 2321; x_wconf 82' lang='lat' dir='ltr'>adhiberetur</span> <span class='ocrx_word' id='word_1_211' title='bbox 636 2287 757 2321; x_wconf 85' lang='lat' dir='ltr'>eisdem</span> <span class='ocrx_word' id='word_1_212' title='bbox 777 2286 1015 2331; x_wconf 84' lang='lat' dir='ltr'>praesentibus,</span> <span class='ocrx_word' id='word_1_213' title='bbox 1033 2286 1059 2320; x_wconf 90' lang='lat' dir='ltr'>si</span> 
     </span>
     <span class='ocr_line' id='line_1_43' title="bbox 308 2339 1058 2382; baseline 0 -10"><span class='ocrx_word' id='word_1_214' title='bbox 308 2347 414 2373; x_wconf 84' lang='lat' dir='ltr'>essent</span> <span class='ocrx_word' id='word_1_215' title='bbox 434 2341 596 2374; x_wconf 82' lang='lat' dir='ltr'>exhibitae</span> <span class='ocrx_word' id='word_1_216' title='bbox 620 2341 668 2374; x_wconf 88' lang='lat' dir='ltr'>vel</span> <span class='ocrx_word' id='word_1_217' title='bbox 695 2347 853 2374; x_wconf 84' lang='lat' dir='ltr'>ostensae.</span> <span class='ocrx_word' id='word_1_218' title='bbox 876 2339 961 2372; x_wconf 86' lang='lat' dir='ltr'>Nulli</span> <span class='ocrx_word' id='word_1_219' title='bbox 982 2350 1058 2382; x_wconf 77' lang='lat' dir='ltr'>ergo</span> 
     </span>
     <span class='ocr_line' id='line_1_44' title="bbox 308 2395 797 2430; baseline 0.01 -5"><span class='ocrx_word' id='word_1_220' title='bbox 308 2395 441 2426; x_wconf 84' lang='lat' dir='ltr'>omnino</span> <span class='ocrx_word' id='word_1_221' title='bbox 465 2399 523 2428; x_wconf 80' lang='lat' dir='ltr'>ecc.</span> <span class='ocrx_word' id='word_1_222' title='bbox 793 2427 797 2430; x_wconf 88' lang='lat'>.</span> 
     </span>
    </p>

    <p class='ocr_par' dir='ltr' id='par_1_5' title="bbox 307 2447 1058 2538">
     <span class='ocr_line' id='line_1_45' title="bbox 351 2447 1058 2492; baseline -0.003 -12"><span class='ocrx_word' id='word_1_223' title='bbox 351 2447 466 2481; x_wconf 86' lang='lat' dir='ltr'>Datum</span> <span class='ocrx_word' id='word_1_224' title='bbox 494 2449 614 2481; x_wconf 79' lang='lat' dir='ltr'>Romae</span> <span class='ocrx_word' id='word_1_225' title='bbox 633 2448 719 2492; x_wconf 83' lang='lat' dir='ltr'>apud</span> <span class='ocrx_word' id='word_1_226' title='bbox 739 2447 769 2480; x_wconf 88' lang='lat' dir='ltr'>S.</span> <span class='ocrx_word' id='word_1_227' title='bbox 793 2447 922 2480; x_wconf 83' lang='lat' dir='ltr'>Petrum</span> <span class='ocrx_word' id='word_1_228' title='bbox 939 2472 946 2486; x_wconf 93' lang='lat'>‚</span> <span class='ocrx_word' id='word_1_229' title='bbox 973 2455 1058 2478; x_wconf 89' lang='lat' dir='ltr'>anno</span> 
     </span>
     <span class='ocr_line' id='line_1_46' title="bbox 307 2494 1057 2538; baseline -0.004 -9"><span class='ocrx_word' id='word_1_230' title='bbox 307 2497 540 2530; x_wconf 75' lang='lat' dir='ltr'>incarnationis</span> <span class='ocrx_word' id='word_1_231' title='bbox 559 2497 741 2530; x_wconf 77' lang='lat' dir='ltr'>dominicae</span> <span class='ocrx_word' id='word_1_232' title='bbox 766 2496 937 2529; x_wconf 90' lang='lat' dir='ltr'>millesimo</span> <span class='ocrx_word' id='word_1_233' title='bbox 961 2494 1057 2538; x_wconf 86' lang='lat' dir='ltr'>quin-</span> 
     </span>
    </p>
   </div>
   <div class='ocr_carea' id='block_1_4' title="bbox 307 2543 1058 2636">
    <p class='ocr_par' dir='ltr' id='par_1_6' title="bbox 307 2543 1058 2636">
     <span class='ocr_line' id='line_1_47' title="bbox 307 2543 1058 2588; baseline -0.003 -10"><span class='ocrx_word' id='word_1_234' title='bbox 307 2545 487 2588; x_wconf 81' lang='lat' dir='ltr'>gentesimo</span> <span class='ocrx_word' id='word_1_235' title='bbox 515 2545 735 2588; x_wconf 77' lang='lat' dir='ltr'>octuagesimo</span> <span class='ocrx_word' id='word_1_236' title='bbox 765 2545 882 2588; x_wconf 88' lang='lat' dir='ltr'>primo,</span> <span class='ocrx_word' id='word_1_237' title='bbox 912 2543 1058 2576; x_wconf 83' lang='lat' dir='ltr'>kalendis</span> 
     </span>
     <span class='ocr_line' id='line_1_48' title="bbox 307 2592 1021 2636; baseline -0.003 -10"><span class='ocrx_word' id='word_1_238' title='bbox 307 2593 402 2630; x_wconf 82' lang='lat' dir='ltr'>iunii,</span> <span class='ocrx_word' id='word_1_239' title='bbox 426 2594 630 2636; x_wconf 78' lang='lat' dir='ltr'>pontificatus</span> <span class='ocrx_word' id='word_1_240' title='bbox 650 2594 750 2627; x_wconf 80' lang='lat' dir='ltr'>nostri</span> <span class='ocrx_word' id='word_1_241' title='bbox 775 2603 859 2626; x_wconf 85' lang='lat' dir='ltr'>anno</span> <span class='ocrx_word' id='word_1_242' title='bbox 884 2592 1021 2625; x_wconf 86' lang='lat' dir='ltr'>decimo.</span> 
     </span>
    </p>
   </div>
   <div class='ocr_carea' id='block_1_5' title="bbox 1094 464 1098 612">
    <p class='ocr_par' dir='ltr' id='par_1_7' title="bbox 1094 464 1098 612">
     <span class='ocr_line' id='line_1_49' title="bbox 1094 464 1098 612; baseline 0 2616"><span class='ocrx_word' id='word_1_243' title='bbox 1094 464 1098 612; x_wconf 95' lang='lat' dir='ltr'> </span> 
     </span>
    </p>
   </div>
   <div class='ocr_carea' id='block_1_6' title="bbox 1078 1669 1087 2420">
    <p class='ocr_par' dir='ltr' id='par_1_8' title="bbox 1078 1669 1087 2420">
     <span class='ocr_line' id='line_1_50' title="bbox 1078 1669 1087 2420; baseline 0 0"><span class='ocrx_word' id='word_1_244' title='bbox 1078 1669 1087 2420; x_wconf 95' lang='lat' dir='ltr'> </span> 
     </span>
    </p>
   </div>
   <div class='ocr_carea' id='block_1_7' title="bbox 919 240 1271 266">
    <p class='ocr_par' dir='ltr' id='par_1_9' title="bbox 919 240 1271 266">
     <span class='ocr_line' id='line_1_51' title="bbox 919 240 1271 266; baseline -0.009 0"><span class='ocrx_word' id='word_1_245' title='bbox 919 241 1096 266; x_wconf 65' lang='lat' dir='ltr'>thLAmUM</span> <span class='ocrx_word' id='word_1_246' title='bbox 1121 240 1271 264; x_wconf 58' lang='lat' dir='ltr'>nonaum</span> 
     </span>
    </p>
   </div>
   <div class='ocr_carea' id='block_1_8' title="bbox 1114 285 1870 1033">
    <p class='ocr_par' dir='ltr' id='par_1_10' title="bbox 1114 285 1870 1033">
     <span class='ocr_line' id='line_1_52' title="bbox 1121 285 1870 332; baseline -0.007 -7"><span class='ocrx_word' id='word_1_247' title='bbox 1121 293 1227 326; x_wconf 84' lang='lat' dir='ltr'>ctione</span> <span class='ocrx_word' id='word_1_248' title='bbox 1247 301 1289 332; x_wconf 76' lang='lat' dir='ltr'>ix,</span> <span class='ocrx_word' id='word_1_249' title='bbox 1312 290 1363 326; x_wconf 91' lang='lat' dir='ltr'>die</span> <span class='ocrx_word' id='word_1_250' title='bbox 1383 301 1459 324; x_wconf 82' lang='lat' dir='ltr'>vero</span> <span class='ocrx_word' id='word_1_251' title='bbox 1477 300 1497 323; x_wconf 76' lang='lat' dir='ltr'>x</span> <span class='ocrx_word' id='word_1_252' title='bbox 1517 288 1636 324; x_wconf 78' lang='lat' dir='ltr'>mensis</span> <span class='ocrx_word' id='word_1_253' title='bbox 1655 287 1746 329; x_wconf 81' lang='lat' dir='ltr'>iunii,</span> <span class='ocrx_word' id='word_1_254' title='bbox 1763 285 1870 331; x_wconf 89' lang='lat' dir='ltr'>ponti-</span> 
     </span>
     <span class='ocr_line' id='line_1_53' title="bbox 1120 340 1853 379; baseline -0.008 0"><span class='ocrx_word' id='word_1_255' title='bbox 1120 346 1233 379; x_wconf 82' lang='lat' dir='ltr'>ficatus</span> <span class='ocrx_word' id='word_1_256' title='bbox 1257 343 1448 378; x_wconf 77' lang='lat' dir='ltr'>sanctissimi</span> <span class='ocrx_word' id='word_1_257' title='bbox 1470 343 1501 375; x_wconf 90' lang='grc'><strong>’111</strong></span> <span class='ocrx_word' id='word_1_258' title='bbox 1521 342 1646 375; x_wconf 80' lang='lat' dir='ltr'>Christo</span> <span class='ocrx_word' id='word_1_259' title='bbox 1662 340 1764 374; x_wconf 86' lang='lat' dir='ltr'>Patris</span> <span class='ocrx_word' id='word_1_260' title='bbox 1783 340 1853 374; x_wconf 86' lang='lat' dir='ltr'>etD</span> 
     </span>
     <span class='ocr_line' id='line_1_54' title="bbox 1118 394 1868 441; baseline -0.004 -9"><span class='ocrx_word' id='word_1_261' title='bbox 1118 400 1154 432; x_wconf 69' lang='lat' dir='ltr'>N.</span> <span class='ocrx_word' id='word_1_262' title='bbox 1177 399 1212 431; x_wconf 91' lang='lat' dir='ltr'>D.</span> <span class='ocrx_word' id='word_1_263' title='bbox 1235 397 1394 441; x_wconf 80' lang='lat' dir='ltr'>Gregorii,</span> <span class='ocrx_word' id='word_1_264' title='bbox 1412 397 1518 431; x_wconf 80' lang='lat' dir='ltr'>divina</span> <span class='ocrx_word' id='word_1_265' title='bbox 1539 395 1740 440; x_wconf 86' lang='lat' dir='ltr'>providentia</span> <span class='ocrx_word' id='word_1_266' title='bbox 1763 394 1868 439; x_wconf 82' lang='lat' dir='ltr'>Papae</span> 
     </span>
     <span class='ocr_line' id='line_1_55' title="bbox 1118 449 1867 494; baseline -0.005 -9"><span class='ocrx_word' id='word_1_267' title='bbox 1118 453 1195 492; x_wconf 80' lang='lat' dir='ltr'>Xlll,</span> <span class='ocrx_word' id='word_1_268' title='bbox 1225 463 1308 485; x_wconf 87' lang='lat' dir='ltr'>anno</span> <span class='ocrx_word' id='word_1_269' title='bbox 1328 462 1359 491; x_wconf 82' lang='lat' dir='ltr'>x,</span> <span class='ocrx_word' id='word_1_270' title='bbox 1387 451 1613 494; x_wconf 83' lang='lat' dir='ltr'>retroscriptae</span> <span class='ocrx_word' id='word_1_271' title='bbox 1636 449 1763 482; x_wconf 85' lang='lat' dir='ltr'>litterae</span> <span class='ocrx_word' id='word_1_272' title='bbox 1788 458 1867 493; x_wconf 85' lang='lat' dir='ltr'>apo-</span> 
     </span>
     <span class='ocr_line' id='line_1_56' title="bbox 1118 502 1867 548; baseline -0.004 -9"><span class='ocrx_word' id='word_1_273' title='bbox 1118 506 1249 539; x_wconf 79' lang='lat' dir='ltr'>stolieae</span> <span class='ocrx_word' id='word_1_274' title='bbox 1264 506 1375 538; x_wconf 76' lang='lat' dir='ltr'>affixae</span> <span class='ocrx_word' id='word_1_275' title='bbox 1395 510 1426 538; x_wconf 88' lang='lat' dir='ltr'>et</span> <span class='ocrx_word' id='word_1_276' title='bbox 1449 504 1632 548; x_wconf 82' lang='lat' dir='ltr'>publicatae</span> <span class='ocrx_word' id='word_1_277' title='bbox 1666 503 1800 536; x_wconf 76' lang='lat' dir='ltr'>suerunt</span> <span class='ocrx_word' id='word_1_278' title='bbox 1827 502 1867 536; x_wconf 80' lang='lat' dir='ltr'>ad</span> 
     </span>
     <span class='ocr_line' id='line_1_57' title="bbox 1118 555 1863 598; baseline -0.003 -6"><span class='ocrx_word' id='word_1_279' title='bbox 1118 561 1219 593; x_wconf 77' lang='lat' dir='ltr'>valvas</span> <span class='ocrx_word' id='word_1_280' title='bbox 1244 559 1397 592; x_wconf 79' lang='lat' dir='ltr'>ecclesiae</span> <span class='ocrx_word' id='word_1_281' title='bbox 1427 559 1458 591; x_wconf 84' lang='lat' dir='ltr'>S.</span> <span class='ocrx_word' id='word_1_282' title='bbox 1489 557 1616 591; x_wconf 86' lang='lat' dir='ltr'>Ioannis</span> <span class='ocrx_word' id='word_1_283' title='bbox 1631 555 1863 598; x_wconf 83' lang='lat' dir='ltr'>Lateranensis‚</span> 
     </span>
     <span class='ocr_line' id='line_1_58' title="bbox 1117 610 1862 656; baseline -0.003 -10"><span class='ocrx_word' id='word_1_284' title='bbox 1117 614 1268 647; x_wconf 70' lang='lat' dir='ltr'>basilicae</span> <span class='ocrx_word' id='word_1_285' title='bbox 1289 613 1446 656; x_wconf 85' lang='lat' dir='ltr'>Principis</span> <span class='ocrx_word' id='word_1_286' title='bbox 1460 612 1687 656; x_wconf 73' lang='lat' dir='ltr'>Apostolorum</span> <span class='ocrx_word' id='word_1_287' title='bbox 1707 611 1747 644; x_wconf 90' lang='lat' dir='ltr'>de</span> <span class='ocrx_word' id='word_1_288' title='bbox 1765 610 1862 652; x_wconf 82' lang='lat' dir='ltr'>Urbe,</span> 
     </span>
     <span class='ocr_line' id='line_1_59' title="bbox 1116 662 1865 710; baseline -0.003 -11"><span class='ocrx_word' id='word_1_289' title='bbox 1116 667 1333 700; x_wconf 79' lang='lat' dir='ltr'>Cancellariae</span> <span class='ocrx_word' id='word_1_290' title='bbox 1354 665 1566 710; x_wconf 67' lang='lat' dir='ltr'>Apostolicae,</span> <span class='ocrx_word' id='word_1_291' title='bbox 1587 665 1665 698; x_wconf 78' lang='lat' dir='ltr'>etin</span> <span class='ocrx_word' id='word_1_292' title='bbox 1678 664 1746 698; x_wconf 87' lang='lat' dir='ltr'>acic</span> <span class='ocrx_word' id='word_1_293' title='bbox 1756 662 1865 708; x_wconf 84' lang='lat' dir='ltr'>Campi</span> 
     </span>
     <span class='ocr_line' id='line_1_60' title="bbox 1116 718 1866 762; baseline -0.003 -8"><span class='ocrx_word' id='word_1_294' title='bbox 1116 721 1227 754; x_wconf 83' lang='lat' dir='ltr'>Florae</span> <span class='ocrx_word' id='word_1_295' title='bbox 1252 732 1288 753; x_wconf 88' lang='lat' dir='ltr'>ac</span> <span class='ocrx_word' id='word_1_296' title='bbox 1309 720 1404 753; x_wconf 83' lang='lat' dir='ltr'>ctiam</span> <span class='ocrx_word' id='word_1_297' title='bbox 1425 720 1462 752; x_wconf 90' lang='lat' dir='ltr'>ad</span> <span class='ocrx_word' id='word_1_298' title='bbox 1484 719 1586 752; x_wconf 75' lang='lat' dir='ltr'>valvas</span> <span class='ocrx_word' id='word_1_299' title='bbox 1606 718 1685 762; x_wconf 89' lang='lat' dir='ltr'>septi</span> <span class='ocrx_word' id='word_1_300' title='bbox 1706 718 1866 752; x_wconf 86' lang='lat' dir='ltr'>Hebraeo-</span> 
     </span>
     <span class='ocr_line' id='line_1_61' title="bbox 1116 770 1862 817; baseline -0.004 -9"><span class='ocrx_word' id='word_1_301' title='bbox 1116 786 1200 814; x_wconf 85' lang='lat' dir='ltr'>rum,</span> <span class='ocrx_word' id='word_1_302' title='bbox 1226 785 1283 817; x_wconf 88' lang='lat' dir='ltr'>per</span> <span class='ocrx_word' id='word_1_303' title='bbox 1302 785 1361 806; x_wconf 85' lang='lat' dir='ltr'>nos</span> <span class='ocrx_word' id='word_1_304' title='bbox 1386 773 1516 806; x_wconf 83' lang='lat' dir='ltr'>Petrum</span> <span class='ocrx_word' id='word_1_305' title='bbox 1537 771 1700 816; x_wconf 70' lang='lat' dir='ltr'>Aloysium</span> <span class='ocrx_word' id='word_1_306' title='bbox 1719 770 1862 816; x_wconf 78' lang='lat' dir='ltr'>Gaytam‚</span> 
     </span>
     <span class='ocr_line' id='line_1_62' title="bbox 1115 825 1866 870; baseline -0.001 -9"><span class='ocrx_word' id='word_1_307' title='bbox 1115 834 1146 861; x_wconf 88' lang='lat' dir='ltr'>et</span> <span class='ocrx_word' id='word_1_308' title='bbox 1164 829 1331 861; x_wconf 74' lang='lat' dir='ltr'>Nicolaum</span> <span class='ocrx_word' id='word_1_309' title='bbox 1349 827 1554 870; x_wconf 76' lang='lat' dir='ltr'>Tagliettum,</span> <span class='ocrx_word' id='word_1_310' title='bbox 1580 825 1773 870; x_wconf 87' lang='lat' dir='ltr'>apostolicos</span> <span class='ocrx_word' id='word_1_311' title='bbox 1792 837 1866 860; x_wconf 83' lang='lat' dir='ltr'>cur·</span> 
     </span>
     <span class='ocr_line' id='line_1_63' title="bbox 1114 893 1214 916; baseline -0.01 0"><span class='ocrx_word' id='word_1_312' title='bbox 1114 893 1214 916; x_wconf 90' lang='lat' dir='ltr'>sores.</span> 
     </span>
     <span class='ocr_line' id='line_1_64' title="bbox 1229 934 1816 977; baseline 0 -9"><span class='ocrx_word' id='word_1_313' title='bbox 1229 935 1386 968; x_wconf 75' lang='lat' dir='ltr'>Antonius</span> <span class='ocrx_word' id='word_1_314' title='bbox 1405 934 1594 975; x_wconf 80' lang='lat' dir='ltr'>Ludovicus,</span> <span class='ocrx_word' id='word_1_315' title='bbox 1618 943 1702 977; x_wconf 85' lang='lat' dir='ltr'>mag.</span> <span class='ocrx_word' id='word_1_316' title='bbox 1731 943 1816 968; x_wconf 83' lang='lat' dir='ltr'>curs.</span> 
     </span>
     <span class='ocr_line' id='line_1_65' title="bbox 1187 992 1782 1033; baseline 0 -11"><span class='ocrx_word' id='word_1_317' title='bbox 1187 993 1249 1022; x_wconf 83' lang='lat' dir='ltr'>Dat.</span> <span class='ocrx_word' id='word_1_318' title='bbox 1273 993 1319 1023; x_wconf 87' lang='lat' dir='ltr'>die</span> <span class='ocrx_word' id='word_1_319' title='bbox 1342 994 1352 1022; x_wconf 88' lang='lat' dir='ltr'>l</span> <span class='ocrx_word' id='word_1_320' title='bbox 1375 993 1441 1022; x_wconf 89' lang='lat' dir='ltr'>iulii</span> <span class='ocrx_word' id='word_1_321' title='bbox 1462 992 1666 1033; x_wconf 43' lang='lat' dir='ltr'>*1581,p0ntis.</span> <span class='ocrx_word' id='word_1_322' title='bbox 1688 1001 1736 1022; x_wconf 82' lang='lat' dir='ltr'>an.</span> <span class='ocrx_word' id='word_1_323' title='bbox 1754 1001 1782 1022; x_wconf 87' lang='lat' dir='ltr'>x.</span> 
     </span>
    </p>
   </div>
   <div class='ocr_carea' id='block_1_9' title="bbox 1381 1076 1587 1085">
    <p class='ocr_par' dir='ltr' id='par_1_11' title="bbox 1381 1076 1587 1085">
     <span class='ocr_line' id='line_1_66' title="bbox 1381 1076 1587 1085; baseline 0 0"><span class='ocrx_word' id='word_1_324' title='bbox 1381 1076 1587 1085; x_wconf 95' lang='lat' dir='ltr'> </span> 
     </span>
    </p>
   </div>
   <div class='ocr_carea' id='block_1_10' title="bbox 1410 1169 1554 1202">
    <p class='ocr_par' dir='ltr' id='par_1_12' title="bbox 1410 1169 1554 1202">
     <span class='ocr_line' id='line_1_67' title="bbox 1410 1169 1554 1202; baseline 0 0"><span class='ocrx_word' id='word_1_325' title='bbox 1410 1169 1458 1202; x_wconf 85' lang='lat' dir='ltr'>CX</span> <span class='ocrx_word' id='word_1_326' title='bbox 1465 1169 1554 1202; x_wconf 77' lang='lat' dir='ltr'>xxii.</span> 
     </span>
    </p>
   </div>
   <div class='ocr_carea' id='block_1_11' title="bbox 1112 1241 1872 1284">
    <p class='ocr_par' dir='ltr' id='par_1_13' title="bbox 1112 1241 1872 1284">
     <span class='ocr_line' id='line_1_68' title="bbox 1112 1241 1872 1284; baseline 0.004 -11"><span class='ocrx_word' id='word_1_327' title='bbox 1112 1241 1272 1274; x_wconf 60' lang='lat' dir='ltr'>Parma-51·</span> <span class='ocrx_word' id='word_1_328' title='bbox 1294 1241 1397 1279; x_wconf 67' lang='lat' dir='ltr'>Urbis,</span> <span class='ocrx_word' id='word_1_329' title='bbox 1419 1251 1477 1283; x_wconf 79' lang='lat' dir='ltr'>pro</span> <span class='ocrx_word' id='word_1_330' title='bbox 1491 1242 1594 1283; x_wconf 77' lang='lat' dir='ltr'>prelio</span> <span class='ocrx_word' id='word_1_331' title='bbox 1607 1242 1716 1284; x_wconf 79' lang='lat' dir='ltr'>pam&#39;s,</span> <span class='ocrx_word' id='word_1_332' title='bbox 1735 1243 1768 1274; x_wconf 75' lang='grc' dir='ltr'>ἰη</span> <span class='ocrx_word' id='word_1_333' title='bbox 1789 1241 1872 1276; x_wconf 55' lang='lat' dir='ltr'>cans</span> 
     </span>
    </p>
   </div>
   <div class='ocr_carea' id='block_1_12' title="bbox 1109 1294 1860 1565">
    <p class='ocr_par' dir='ltr' id='par_1_14' title="bbox 1153 1294 1860 1500">
     <span class='ocr_line' id='line_1_69' title="bbox 1154 1294 1860 1332; baseline 0.003 -6"><span class='ocrx_word' id='word_1_334' title='bbox 1154 1296 1197 1327; x_wconf 62' lang='lat' dir='ltr'>sais·</span> <span class='ocrx_word' id='word_1_335' title='bbox 1217 1295 1465 1332; x_wconf 47' lang='lat' dir='ltr'>[Iiscussz&#39;ommm</span> <span class='ocrx_word' id='word_1_336' title='bbox 1497 1295 1608 1326; x_wconf 72' lang='lat' dir='ltr'>ceteris</span> <span class='ocrx_word' id='word_1_337' title='bbox 1627 1294 1704 1326; x_wconf 81' lang='lat' dir='ltr'>aliis</span> <span class='ocrx_word' id='word_1_338' title='bbox 1727 1295 1860 1328; x_wconf 82' lang='lat' dir='ltr'>credito-</span> 
     </span>
     <span class='ocr_line' id='line_1_70' title="bbox 1153 1347 1860 1392; baseline 0 -12"><span class='ocrx_word' id='word_1_339' title='bbox 1153 1349 1242 1381; x_wconf 76' lang='lat' dir='ltr'>ribus</span> <span class='ocrx_word' id='word_1_340' title='bbox 1257 1347 1503 1392; x_wconf 73' lang='lat' dir='ltr'>praeferamur,</span> <span class='ocrx_word' id='word_1_341' title='bbox 1539 1351 1567 1381; x_wconf 81' lang='lat' dir='ltr'>et</span> <span class='ocrx_word' id='word_1_342' title='bbox 1601 1358 1709 1381; x_wconf 78' lang='lat' dir='ltr'>omnes</span> <span class='ocrx_word' id='word_1_343' title='bbox 1739 1347 1860 1381; x_wconf 84' lang='lat' dir='ltr'>iudices</span> 
     </span>
     <span class='ocr_line' id='line_1_71' title="bbox 1157 1401 1860 1446; baseline -0.001 -11"><span class='ocrx_word' id='word_1_344' title='bbox 1157 1401 1250 1435; x_wconf 69' lang='lat' dir='ltr'>Urbis</span> <span class='ocrx_word' id='word_1_345' title='bbox 1269 1403 1303 1435; x_wconf 76' lang='lat' dir='ltr'>in</span> <span class='ocrx_word' id='word_1_346' title='bbox 1315 1413 1435 1435; x_wconf 72' lang='lat' dir='ltr'>eorum</span> <span class='ocrx_word' id='word_1_347' title='bbox 1450 1401 1560 1434; x_wconf 70' lang='lat' dir='ltr'>litibus</span> <span class='ocrx_word' id='word_1_348' title='bbox 1574 1412 1676 1434; x_wconf 75' lang='lat' dir='ltr'>manu</span> <span class='ocrx_word' id='word_1_349' title='bbox 1689 1401 1779 1444; x_wconf 75' lang='lat' dir='ltr'>reyia</span> <span class='ocrx_word' id='word_1_350' title='bbox 1787 1411 1860 1446; x_wconf 80' lang='lat' dir='ltr'>pro-</span> 
     </span>
     <span class='ocr_line' id='line_1_72' title="bbox 1153 1454 1455 1500; baseline -0.003 -11"><span class='ocrx_word' id='word_1_351' title='bbox 1153 1457 1260 1490; x_wconf 80' lang='lat' dir='ltr'>cedere</span> <span class='ocrx_word' id='word_1_352' title='bbox 1276 1456 1402 1500; x_wconf 75' lang='lat' dir='ltr'>possint</span> <span class='ocrx_word' id='word_1_353' title='bbox 1427 1454 1455 1488; x_wconf 81' lang='lat'>¹.</span> 
     </span>
    </p>

    <p class='ocr_par' dir='ltr' id='par_1_15' title="bbox 1109 1521 1858 1565">
     <span class='ocr_line' id='line_1_73' title="bbox 1109 1521 1858 1565; baseline -0.003 -7"><span class='ocrx_word' id='word_1_354' title='bbox 1109 1529 1255 1565; x_wconf 83' lang='lat' dir='ltr'>Gregorius</span> <span class='ocrx_word' id='word_1_355' title='bbox 1264 1529 1334 1564; x_wconf 76' lang='lat' dir='ltr'>Papa</span> <span class='ocrx_word' id='word_1_356' title='bbox 1343 1528 1412 1561; x_wconf 80' lang='lat' dir='ltr'>xlii.</span> <span class='ocrx_word' id='word_1_357' title='bbox 1423 1527 1457 1556; x_wconf 77' lang='lat' dir='ltr'>acl</span> <span class='ocrx_word' id='word_1_358' title='bbox 1464 1527 1626 1564; x_wconf 74' lang='lat' dir='ltr'>perpetuam</span> <span class='ocrx_word' id='word_1_359' title='bbox 1640 1521 1679 1556; x_wconf 80' lang='lat' dir='ltr'>r&#39;ei</span> <span class='ocrx_word' id='word_1_360' title='bbox 1689 1527 1858 1556; x_wconf 74' lang='lat' dir='ltr'>memoriam.</span> 
     </span>
    </p>
   </div>
   <div class='ocr_carea' id='block_1_13' title="bbox 1099 1590 1859 2549">
    <p class='ocr_par' dir='ltr' id='par_1_16' title="bbox 1099 1590 1859 2492">
     <span class='ocr_line' id='line_1_74' title="bbox 1152 1590 1859 1635; baseline -0.001 -10"><span class='ocrx_word' id='word_1_361' title='bbox 1152 1593 1244 1633; x_wconf 90' lang='lat' dir='ltr'>Cum,</span> <span class='ocrx_word' id='word_1_362' title='bbox 1267 1592 1351 1625; x_wconf 87' lang='lat' dir='ltr'>sicut</span> <span class='ocrx_word' id='word_1_363' title='bbox 1371 1591 1570 1634; x_wconf 88' lang='lat' dir='ltr'>accepimus,</span> <span class='ocrx_word' id='word_1_364' title='bbox 1593 1590 1703 1624; x_wconf 88' lang='lat' dir='ltr'>dilecti</span> <span class='ocrx_word' id='word_1_365' title='bbox 1721 1591 1780 1624; x_wconf 80' lang='lat' dir='ltr'>lilii</span> <span class='ocrx_word' id='word_1_366' title='bbox 1811 1590 1859 1635; x_wconf 87' lang='lat' dir='ltr'>pi-</span> 
     </span>
     <span class='ocr_line' id='line_1_75' title="bbox 1108 1644 1856 1688; baseline -0.003 -9"><span class='ocrx_word' id='word_1_367' title='bbox 1108 1652 1209 1679; x_wconf 81' lang='lat' dir='ltr'>stores</span> <span class='ocrx_word' id='word_1_368' title='bbox 1228 1646 1333 1678; x_wconf 85' lang='lat' dir='ltr'>almae</span> <span class='ocrx_word' id='word_1_369' title='bbox 1355 1644 1448 1678; x_wconf 87' lang='lat' dir='ltr'>Urbis</span> <span class='ocrx_word' id='word_1_370' title='bbox 1467 1650 1654 1685; x_wconf 79' lang='lat' dir='ltr'>nostrae,ut</span> <span class='ocrx_word' id='word_1_371' title='bbox 1666 1645 1856 1688; x_wconf 86' lang='lat' dir='ltr'>plurimum,</span> 
     </span>
     <span class='ocr_line' id='line_1_76' title="bbox 1108 1698 1857 1743; baseline 0 -11"><span class='ocrx_word' id='word_1_372' title='bbox 1108 1710 1224 1743; x_wconf 87' lang='lat' dir='ltr'>panem</span> <span class='ocrx_word' id='word_1_373' title='bbox 1245 1704 1276 1732; x_wconf 89' lang='lat' dir='ltr'>et</span> <span class='ocrx_word' id='word_1_374' title='bbox 1296 1699 1403 1731; x_wconf 76' lang='lat' dir='ltr'>furfur</span> <span class='ocrx_word' id='word_1_375' title='bbox 1423 1698 1455 1730; x_wconf 92' lang='lat' dir='ltr'>in</span> <span class='ocrx_word' id='word_1_376' title='bbox 1477 1708 1591 1731; x_wconf 85' lang='lat' dir='ltr'>eorum</span> <span class='ocrx_word' id='word_1_377' title='bbox 1611 1699 1778 1742; x_wconf 84' lang='lat' dir='ltr'>apothecis</span> <span class='ocrx_word' id='word_1_378' title='bbox 1798 1709 1857 1742; x_wconf 88' lang='lat' dir='ltr'>pro</span> 
     </span>
     <span class='ocr_line' id='line_1_77' title="bbox 1107 1751 1856 1797; baseline 0 -11"><span class='ocrx_word' id='word_1_379' title='bbox 1107 1759 1252 1797; x_wconf 81' lang='lat' dir='ltr'>tempore</span> <span class='ocrx_word' id='word_1_380' title='bbox 1282 1752 1449 1786; x_wconf 77' lang='lat' dir='ltr'>existentia</span> <span class='ocrx_word' id='word_1_381' title='bbox 1475 1751 1607 1785; x_wconf 86' lang='lat' dir='ltr'>diversis</span> <span class='ocrx_word' id='word_1_382' title='bbox 1627 1752 1774 1795; x_wconf 86' lang='lat' dir='ltr'>personis</span> <span class='ocrx_word' id='word_1_383' title='bbox 1787 1752 1856 1786; x_wconf 89' lang='lat' dir='ltr'>dic-</span> 
     </span>
     <span class='ocr_line' id='line_1_78' title="bbox 1105 1805 1854 1847; baseline -0.001 -7"><span class='ocrx_word' id='word_1_384' title='bbox 1105 1812 1155 1840; x_wconf 87' lang='lat' dir='ltr'>tae</span> <span class='ocrx_word' id='word_1_385' title='bbox 1169 1806 1262 1839; x_wconf 85' lang='lat' dir='ltr'>Urbis</span> <span class='ocrx_word' id='word_1_386' title='bbox 1275 1806 1392 1839; x_wconf 85' lang='lat' dir='ltr'>ineolis</span> <span class='ocrx_word' id='word_1_387' title='bbox 1407 1805 1446 1838; x_wconf 88' lang='lat' dir='ltr'>ad</span> <span class='ocrx_word' id='word_1_388' title='bbox 1458 1805 1669 1846; x_wconf 84' lang='lat' dir='ltr'>credentiam,</span> <span class='ocrx_word' id='word_1_389' title='bbox 1683 1812 1719 1839; x_wconf 94' lang='lat' dir='ltr'>ut</span> <span class='ocrx_word' id='word_1_390' title='bbox 1731 1812 1854 1847; x_wconf 67' lang='lat' dir='ltr'>vocant,</span> 
     </span>
     <span class='ocr_line' id='line_1_79' title="bbox 1105 1858 1856 1903; baseline 0 -10"><span class='ocrx_word' id='word_1_391' title='bbox 1105 1861 1182 1893; x_wconf 83' lang='lat' dir='ltr'>dare</span> <span class='ocrx_word' id='word_1_392' title='bbox 1201 1859 1286 1893; x_wconf 88' lang='lat' dir='ltr'>soliti</span> <span class='ocrx_word' id='word_1_393' title='bbox 1307 1859 1381 1899; x_wconf 84' lang='lat' dir='ltr'>sim,</span> <span class='ocrx_word' id='word_1_394' title='bbox 1404 1865 1436 1892; x_wconf 89' lang='lat' dir='ltr'>et</span> <span class='ocrx_word' id='word_1_395' title='bbox 1459 1869 1518 1903; x_wconf 88' lang='lat' dir='ltr'>pro</span> <span class='ocrx_word' id='word_1_396' title='bbox 1549 1858 1681 1892; x_wconf 89' lang='lat' dir='ltr'>illorum</span> <span class='ocrx_word' id='word_1_397' title='bbox 1710 1859 1856 1902; x_wconf 83' lang='lat' dir='ltr'>pecuniis</span> 
     </span>
     <span class='ocr_line' id='line_1_80' title="bbox 1104 1911 1855 1957; baseline -0.001 -10"><span class='ocrx_word' id='word_1_398' title='bbox 1104 1914 1180 1947; x_wconf 80' lang='lat' dir='ltr'>inde</span> <span class='ocrx_word' id='word_1_399' title='bbox 1200 1911 1432 1957; x_wconf 87' lang='lat' dir='ltr'>recuperandis</span> <span class='ocrx_word' id='word_1_400' title='bbox 1467 1917 1529 1945; x_wconf 82' lang='lat' dir='ltr'>tani</span> <span class='ocrx_word' id='word_1_401' title='bbox 1549 1913 1589 1945; x_wconf 85' lang='lat' dir='ltr'>ab</span> <span class='ocrx_word' id='word_1_402' title='bbox 1609 1912 1686 1956; x_wconf 87' lang='lat' dir='ltr'>ipsis</span> <span class='ocrx_word' id='word_1_403' title='bbox 1710 1913 1855 1956; x_wconf 77' lang='lat' dir='ltr'>personis</span> 
     </span>
     <span class='ocr_line' id='line_1_81' title="bbox 1104 1967 1856 2011; baseline -0.001 -11"><span class='ocrx_word' id='word_1_404' title='bbox 1104 1978 1201 2011; x_wconf 88' lang='lat' dir='ltr'>quam</span> <span class='ocrx_word' id='word_1_405' title='bbox 1219 1967 1316 2000; x_wconf 88' lang='lat' dir='ltr'>etiam</span> <span class='ocrx_word' id='word_1_406' title='bbox 1329 1967 1556 1999; x_wconf 81' lang='lat' dir='ltr'>defunctarum</span> <span class='ocrx_word' id='word_1_407' title='bbox 1572 1976 1784 2009; x_wconf 84' lang='lat' dir='ltr'>personarum</span> <span class='ocrx_word' id='word_1_408' title='bbox 1795 1967 1856 2000; x_wconf 90' lang='lat' dir='ltr'>hu-</span> 
     </span>
     <span class='ocr_line' id='line_1_82' title="bbox 1102 2018 1855 2063; baseline 0 -10"><span class='ocrx_word' id='word_1_409' title='bbox 1102 2020 1244 2053; x_wconf 89' lang='lat' dir='ltr'>iusmodi</span> <span class='ocrx_word' id='word_1_410' title='bbox 1263 2019 1471 2056; x_wconf 78' lang='lat' dir='ltr'>haeredibus,</span> <span class='ocrx_word' id='word_1_411' title='bbox 1489 2019 1561 2051; x_wconf 90' lang='lat' dir='ltr'>lites</span> <span class='ocrx_word' id='word_1_412' title='bbox 1572 2018 1736 2063; x_wconf 76' lang='lat' dir='ltr'>suscipere</span> <span class='ocrx_word' id='word_1_413' title='bbox 1756 2025 1787 2052; x_wconf 89' lang='lat' dir='ltr'>et</span> <span class='ocrx_word' id='word_1_414' title='bbox 1807 2019 1855 2053; x_wconf 85' lang='lat' dir='ltr'>iu-</span> 
     </span>
     <span class='ocr_line' id='line_1_83' title="bbox 1102 2071 1852 2113; baseline 0 -7"><span class='ocrx_word' id='word_1_415' title='bbox 1102 2073 1186 2107; x_wconf 86' lang='lat' dir='ltr'>dicia</span> <span class='ocrx_word' id='word_1_416' title='bbox 1206 2083 1348 2113; x_wconf 82' lang='lat' dir='ltr'>movere,</span> <span class='ocrx_word' id='word_1_417' title='bbox 1369 2082 1436 2105; x_wconf 90' lang='lat' dir='ltr'>non</span> <span class='ocrx_word' id='word_1_418' title='bbox 1461 2073 1528 2105; x_wconf 86' lang='lat' dir='ltr'>sine</span> <span class='ocrx_word' id='word_1_419' title='bbox 1562 2071 1708 2105; x_wconf 85' lang='lat' dir='ltr'>maximis</span> <span class='ocrx_word' id='word_1_420' title='bbox 1739 2083 1852 2106; x_wconf 85' lang='lat' dir='ltr'>eorum</span> 
     </span>
     <span class='ocr_line' id='line_1_84' title="bbox 1102 2126 1850 2170; baseline -0.001 -10"><span class='ocrx_word' id='word_1_421' title='bbox 1102 2127 1258 2170; x_wconf 88' lang='lat' dir='ltr'>impensis</span> <span class='ocrx_word' id='word_1_422' title='bbox 1268 2132 1297 2160; x_wconf 87' lang='lat' dir='ltr'>et</span> <span class='ocrx_word' id='word_1_423' title='bbox 1313 2126 1491 2165; x_wconf 83' lang='lat' dir='ltr'>laboribus,</span> <span class='ocrx_word' id='word_1_424' title='bbox 1510 2132 1684 2167; x_wconf 69' lang='lat' dir='ltr'>cogantur:</span> <span class='ocrx_word' id='word_1_425' title='bbox 1704 2137 1740 2159; x_wconf 88' lang='lat' dir='ltr'>ac</span> <span class='ocrx_word' id='word_1_426' title='bbox 1757 2127 1850 2160; x_wconf 84' lang='lat' dir='ltr'>etiam</span> 
     </span>
     <span class='ocr_line' id='line_1_85' title="bbox 1102 2179 1853 2224; baseline -0.004 -10"><span class='ocrx_word' id='word_1_427' title='bbox 1102 2191 1197 2224; x_wconf 87' lang='lat' dir='ltr'>saepe</span> <span class='ocrx_word' id='word_1_428' title='bbox 1217 2179 1383 2222; x_wconf 75' lang='lat' dir='ltr'>contingat</span> <span class='ocrx_word' id='word_1_429' title='bbox 1402 2179 1536 2222; x_wconf 85' lang='lat' dir='ltr'>ut,ipsis</span> <span class='ocrx_word' id='word_1_430' title='bbox 1555 2180 1702 2223; x_wconf 87' lang='lat' dir='ltr'>personis</span> <span class='ocrx_word' id='word_1_431' title='bbox 1711 2180 1853 2213; x_wconf 75' lang='lat' dir='ltr'>decoctis</span> 
     </span>
     <span class='ocr_line' id='line_1_86' title="bbox 1101 2232 1848 2272; baseline -0.001 -5"><span class='ocrx_word' id='word_1_432' title='bbox 1101 2234 1165 2267; x_wconf 76' lang='lat' dir='ltr'>sive</span> <span class='ocrx_word' id='word_1_433' title='bbox 1190 2234 1361 2272; x_wconf 78' lang='lat' dir='ltr'>defunctis,</span> <span class='ocrx_word' id='word_1_434' title='bbox 1375 2243 1488 2266; x_wconf 85' lang='lat' dir='ltr'>eorum</span> <span class='ocrx_word' id='word_1_435' title='bbox 1507 2232 1666 2266; x_wconf 89' lang='lat' dir='ltr'>bonorum</span> <span class='ocrx_word' id='word_1_436' title='bbox 1688 2238 1719 2265; x_wconf 88' lang='lat' dir='ltr'>et</span> <span class='ocrx_word' id='word_1_437' title='bbox 1737 2233 1848 2266; x_wconf 83' lang='lat' dir='ltr'>haere-</span> 
     </span>
     <span class='ocr_line' id='line_1_87' title="bbox 1101 2286 1850 2327; baseline -0.001 -7"><span class='ocrx_word' id='word_1_438' title='bbox 1101 2288 1239 2321; x_wconf 84' lang='lat' dir='ltr'>ditatum</span> <span class='ocrx_word' id='word_1_439' title='bbox 1264 2286 1464 2320; x_wconf 87' lang='lat' dir='ltr'>discussione</span> <span class='ocrx_word' id='word_1_440' title='bbox 1484 2286 1579 2327; x_wconf 81' lang='lat' dir='ltr'>sacta,</span> <span class='ocrx_word' id='word_1_441' title='bbox 1594 2287 1681 2320; x_wconf 85' lang='lat' dir='ltr'>bona</span> <span class='ocrx_word' id='word_1_442' title='bbox 1699 2297 1755 2320; x_wconf 83' lang='lat' dir='ltr'>scu</span> <span class='ocrx_word' id='word_1_443' title='bbox 1776 2287 1850 2319; x_wconf 85' lang='lat' dir='ltr'>liac-</span> 
     </span>
     <span class='ocr_line' id='line_1_88' title="bbox 1100 2339 1847 2385; baseline -0.003 -11"><span class='ocrx_word' id='word_1_444' title='bbox 1100 2341 1214 2375; x_wconf 86' lang='lat' dir='ltr'>ditates</span> <span class='ocrx_word' id='word_1_445' title='bbox 1249 2341 1337 2385; x_wconf 82' lang='lat' dir='ltr'>ipsae</span> <span class='ocrx_word' id='word_1_446' title='bbox 1374 2340 1414 2373; x_wconf 80' lang='lat' dir='ltr'>ad</span> <span class='ocrx_word' id='word_1_447' title='bbox 1448 2339 1556 2373; x_wconf 87' lang='lat' dir='ltr'>omnia</span> <span class='ocrx_word' id='word_1_448' title='bbox 1585 2350 1698 2372; x_wconf 85' lang='lat' dir='ltr'>eorum</span> <span class='ocrx_word' id='word_1_449' title='bbox 1742 2339 1847 2372; x_wconf 83' lang='lat' dir='ltr'>debita</span> 
     </span>
     <span class='ocr_line' id='line_1_89' title="bbox 1100 2393 1847 2436; baseline -0.004 -8"><span class='ocrx_word' id='word_1_450' title='bbox 1100 2394 1323 2428; x_wconf 81' lang='lat' dir='ltr'>satisfacienda</span> <span class='ocrx_word' id='word_1_451' title='bbox 1349 2393 1483 2427; x_wconf 91' lang='lat' dir='ltr'>minime</span> <span class='ocrx_word' id='word_1_452' title='bbox 1513 2393 1696 2434; x_wconf 65' lang='lat' dir='ltr'>sufficiant,</span> <span class='ocrx_word' id='word_1_453' title='bbox 1722 2393 1847 2436; x_wconf 75' lang='lat' dir='ltr'>ipsique</span> 
     </span>
     <span class='ocr_line' id='line_1_90' title="bbox 1099 2445 1847 2492; baseline -0.004 -11"><span class='ocrx_word' id='word_1_454' title='bbox 1099 2449 1247 2492; x_wconf 84' lang='lat' dir='ltr'>pistores,</span> <span class='ocrx_word' id='word_1_455' title='bbox 1281 2447 1423 2490; x_wconf 86' lang='lat' dir='ltr'>quamvis</span> <span class='ocrx_word' id='word_1_456' title='bbox 1442 2457 1556 2481; x_wconf 91' lang='lat' dir='ltr'>eorum</span> <span class='ocrx_word' id='word_1_457' title='bbox 1574 2457 1674 2490; x_wconf 84' lang='lat' dir='ltr'>panes</span> <span class='ocrx_word' id='word_1_458' title='bbox 1691 2445 1777 2479; x_wconf 85' lang='lat' dir='ltr'>inter</span> <span class='ocrx_word' id='word_1_459' title='bbox 1796 2456 1847 2478; x_wconf 84' lang='lat' dir='ltr'>res</span> 
     </span>
    </p>

    <p class='ocr_par' dir='ltr' id='par_1_17' title="bbox 1134 2512 1846 2549">
     <span class='ocr_line' id='line_1_91' title="bbox 1134 2512 1846 2549; baseline -0.006 -7"><span class='ocrx_word' id='word_1_460' title='bbox 1134 2516 1144 2542; x_wconf 89' lang='grc'>1</span> <span class='ocrx_word' id='word_1_461' title='bbox 1166 2515 1209 2549; x_wconf 86' lang='lat' dir='ltr'>Et,</span> <span class='ocrx_word' id='word_1_462' title='bbox 1228 2514 1322 2549; x_wconf 85' lang='lat' dir='ltr'>quoad</span> <span class='ocrx_word' id='word_1_463' title='bbox 1333 2513 1536 2549; x_wconf 86' lang='lat' dir='ltr'>praelationem</span> <span class='ocrx_word' id='word_1_464' title='bbox 1558 2514 1587 2540; x_wconf 86' lang='lat' dir='ltr'>in</span> <span class='ocrx_word' id='word_1_465' title='bbox 1598 2512 1773 2540; x_wconf 75' lang='lat' dir='ltr'>discussione</span> <span class='ocrx_word' id='word_1_466' title='bbox 1794 2517 1846 2538; x_wconf 85' lang='lat' dir='ltr'>seu</span> 
     </span>
    </p>
   </div>
   <div class='ocr_carea' id='block_1_14' title="bbox 1098 2556 1844 2645">
    <p class='ocr_par' dir='ltr' id='par_1_18' title="bbox 1098 2556 1844 2645">
     <span class='ocr_line' id='line_1_92' title="bbox 1098 2556 1843 2592; baseline -0.009 -5"><span class='ocrx_word' id='word_1_467' title='bbox 1098 2566 1244 2587; x_wconf 84' lang='lat' dir='ltr'>concursu</span> <span class='ocrx_word' id='word_1_468' title='bbox 1263 2558 1446 2592; x_wconf 82' lang='lat' dir='ltr'>creditorum,</span> <span class='ocrx_word' id='word_1_469' title='bbox 1461 2557 1525 2585; x_wconf 85' lang='lat' dir='ltr'>vide</span> <span class='ocrx_word' id='word_1_470' title='bbox 1541 2557 1583 2585; x_wconf 91' lang='lat' dir='ltr'>Pii</span> <span class='ocrx_word' id='word_1_471' title='bbox 1598 2557 1617 2583; x_wconf 87' lang='lat' dir='ltr'>V</span> <span class='ocrx_word' id='word_1_472' title='bbox 1637 2556 1747 2584; x_wconf 83' lang='lat' dir='ltr'>constit.</span> <span class='ocrx_word' id='word_1_473' title='bbox 1767 2561 1843 2584; x_wconf 72' lang='lat' dir='ltr'>xxiv,</span> 
     </span>
     <span class='ocr_line' id='line_1_93' title="bbox 1098 2598 1844 2645; baseline -0.005 -16"><span class='ocrx_word' id='word_1_474' title='bbox 1098 2603 1250 2637; x_wconf 75' lang='lat' dir='ltr'>Cupientes,</span> <span class='ocrx_word' id='word_1_475' title='bbox 1273 2606 1340 2630; x_wconf 86' lang='lat' dir='ltr'>tom.</span> <span class='ocrx_word' id='word_1_476' title='bbox 1359 2608 1406 2636; x_wconf 76' lang='lat' dir='ltr'>vu,</span> <span class='ocrx_word' id='word_1_477' title='bbox 1427 2608 1490 2637; x_wconf 80' lang='lat' dir='ltr'>pag.</span> <span class='ocrx_word' id='word_1_478' title='bbox 1508 2601 1570 2645; x_wconf 66' lang='grc'>479,</span> <span class='ocrx_word' id='word_1_479' title='bbox 1587 2604 1614 2628; x_wconf 86' lang='lat' dir='ltr'>et</span> <span class='ocrx_word' id='word_1_480' title='bbox 1629 2607 1702 2635; x_wconf 82' lang='lat' dir='ltr'>quae</span> <span class='ocrx_word' id='word_1_481' title='bbox 1725 2598 1772 2626; x_wconf 82' lang='lat' dir='ltr'>tibi</span> <span class='ocrx_word' id='word_1_482' title='bbox 1789 2598 1844 2626; x_wconf 79' lang='lat' dir='ltr'>illic</span> 
     </span>
    </p>
   </div>
   <div class='ocr_carea' id='block_1_15' title="bbox 350 2639 1228 2682">
    <p class='ocr_par' dir='ltr' id='par_1_19' title="bbox 350 2639 1228 2682">
     <span class='ocr_line' id='line_1_94' title="bbox 350 2639 1228 2682; baseline 0 -6"><span class='ocrx_word' id='word_1_483' title='bbox 350 2644 442 2676; x_wconf 88' lang='lat' dir='ltr'>Anno</span> <span class='ocrx_word' id='word_1_484' title='bbox 462 2654 480 2675; x_wconf 85' lang='lat' dir='ltr'>a</span> <span class='ocrx_word' id='word_1_485' title='bbox 511 2642 677 2675; x_wconf 79' lang='lat' dir='ltr'>Nativitate</span> <span class='ocrx_word' id='word_1_486' title='bbox 710 2641 835 2676; x_wconf 85' lang='lat' dir='ltr'>Domini</span> <span class='ocrx_word' id='word_1_487' title='bbox 860 2639 1055 2682; x_wconf 66' lang='lat' dir='ltr'>1581,indi-</span> <span class='ocrx_word' id='word_1_488' title='bbox 1096 2647 1228 2677; x_wconf 84' lang='lat' dir='ltr'>indicavi.</span> 
     </span>
    </p>
   </div>
   <div class='ocr_carea' id='block_1_16' title="bbox 1938 0 2059 3228">
    <p class='ocr_par' dir='ltr' id='par_1_20' title="bbox 1938 0 2059 3228">
     <span class='ocr_line' id='line_1_95' title="bbox 1938 0 2059 3228; baseline 0 0"><span class='ocrx_word' id='word_1_489' title='bbox 1938 0 2059 3228; x_wconf 95' lang='lat' dir='ltr'> </span> 
     </span>
    </p>
   </div>
   <div class='ocr_carea' id='block_1_17' title="bbox 1895 1587 1965 1624">
    <p class='ocr_par' dir='ltr' id='par_1_21' title="bbox 1895 1587 1965 1624">
     <span class='ocr_line' id='line_1_96' title="bbox 1895 1587 1965 1624; baseline 0 -4"><span class='ocrx_word' id='word_1_490' title='bbox 1895 1587 1965 1624; x_wconf 45' lang='lat' dir='ltr'>(husa</span> 
     </span>
    </p>
   </div>
   <div class='ocr_carea' id='block_1_18' title="bbox 1871 1631 1966 1652">
    <p class='ocr_par' dir='ltr' id='par_1_22' title="bbox 1871 1631 1966 1652">
     <span class='ocr_line' id='line_1_97' title="bbox 1871 1631 1966 1652; baseline 0.011 -1"><span class='ocrx_word' id='word_1_491' title='bbox 1871 1631 1966 1652; x_wconf 67' lang='lat' dir='ltr'>tutionis:</span> 
     </span>
    </p>
   </div>
  </div>
 </body>
</html>
