<?xml version="1.0" encoding="UTF-8"?>
<!DOCTYPE html PUBLIC "-//W3C//DTD XHTML 1.0 Transitional//EN"
    "http://www.w3.org/TR/xhtml1/DTD/xhtml1-transitional.dtd">
<html xmlns="http://www.w3.org/1999/xhtml" xml:lang="en" lang="en">
 <head>
  <title>
</title>
<meta http-equiv="Content-Type" content="text/html;charset=utf-8" />
  <meta name='ocr-system' content='tesseract 3.04.00' />
  <meta name='ocr-capabilities' content='ocr_page ocr_carea ocr_par ocr_line ocrx_word'/>
</head>
<body>
  <div class='ocr_page' id='page_1' title='image "./bullarumdiplomat08cath_0433.png"; bbox 0 0 2059 3228; ppageno 0'>
   <div class='ocr_carea' id='block_1_1' title="bbox 0 0 190 3228">
    <p class='ocr_par' dir='ltr' id='par_1_1' title="bbox 0 0 190 3228">
     <span class='ocr_line' id='line_1_1' title="bbox 0 0 190 1103; baseline 0 -769"><span class='ocrx_word' id='word_1_1' title='bbox 0 0 190 1103; x_wconf 95' lang='lat' dir='ltr'>   </span> <span class='ocrx_word' id='word_1_2' title='bbox 186 233 190 334; x_wconf 95' lang='lat' dir='ltr'> </span> 
     </span>
     <span class='ocr_line' id='line_1_2' title="bbox 0 1103 99 1344; baseline 0 0"><span class='ocrx_word' id='word_1_3' title='bbox 0 1103 99 1344; x_wconf 95' lang='lat' dir='ltr'>        </span> 
     </span>
     <span class='ocr_line' id='line_1_3' title="bbox 0 1344 100 3228; baseline 0 -811"><span class='ocrx_word' id='word_1_4' title='bbox 0 1344 100 3228; x_wconf 95' lang='lat' dir='ltr'>      </span> 
     </span>
    </p>
   </div>
   <div class='ocr_carea' id='block_1_2' title="bbox 34 258 945 2344">
    <p class='ocr_par' dir='ltr' id='par_1_2' title="bbox 52 258 945 1001">
     <span class='ocr_line' id='line_1_4' title="bbox 55 258 186 303; baseline 0.015 -15"><span class='ocrx_word' id='word_1_5' title='bbox 55 258 186 303; x_wconf 65' lang='lat' dir='ltr'>3c.1583</span> 
     </span>
     <span class='ocr_line' id='line_1_5' title="bbox 52 306 943 361; baseline 0.001 -15"><span class='ocrx_word' id='word_1_6' title='bbox 52 306 53 309; x_wconf 30' lang='lat'>¹</span> <span class='ocrx_word' id='word_1_7' title='bbox 199 313 262 347; x_wconf 86' lang='lat' dir='ltr'>lam</span> <span class='ocrx_word' id='word_1_8' title='bbox 282 315 329 348; x_wconf 85' lang='lat' dir='ltr'>vcl</span> <span class='ocrx_word' id='word_1_9' title='bbox 350 316 489 356; x_wconf 78' lang='lat' dir='ltr'>occulte,</span> <span class='ocrx_word' id='word_1_10' title='bbox 511 321 672 361; x_wconf 85' lang='lat' dir='ltr'>praestare</span> <span class='ocrx_word' id='word_1_11' title='bbox 694 325 756 349; x_wconf 89' lang='lat' dir='ltr'>non</span> <span class='ocrx_word' id='word_1_12' title='bbox 782 319 943 354; x_wconf 79' lang='lat' dir='ltr'>verentur,</span> 
     </span>
     <span class='ocr_line' id='line_1_6' title="bbox 198 367 945 414; baseline 0.001 -14"><span class='ocrx_word' id='word_1_13' title='bbox 198 367 434 412; x_wconf 85' lang='lat' dir='ltr'>cuiuscumque</span> <span class='ocrx_word' id='word_1_14' title='bbox 452 370 514 403; x_wconf 84' lang='lat' dir='ltr'>sint</span> <span class='ocrx_word' id='word_1_15' title='bbox 541 369 812 414; x_wconf 67' lang='lat' dir='ltr'>prmcntinentiae,</span> <span class='ocrx_word' id='word_1_16' title='bbox 840 368 945 411; x_wconf 69' lang='lat' dir='ltr'>digni-</span> 
     </span>
     <span class='ocr_line' id='line_1_7' title="bbox 196 421 944 463; baseline -0.001 -9"><span class='ocrx_word' id='word_1_17' title='bbox 196 421 279 462; x_wconf 82' lang='lat' dir='ltr'>tatis,</span> <span class='ocrx_word' id='word_1_18' title='bbox 295 422 428 463; x_wconf 78' lang='lat' dir='ltr'>ordinis,</span> <span class='ocrx_word' id='word_1_19' title='bbox 443 423 636 457; x_wconf 80' lang='lat' dir='ltr'>conditionis</span> <span class='ocrx_word' id='word_1_20' title='bbox 656 428 710 456; x_wconf 82' lang='lat' dir='ltr'>aut</span> <span class='ocrx_word' id='word_1_21' title='bbox 730 427 838 462; x_wconf 81' lang='lat' dir='ltr'>status,</span> <span class='ocrx_word' id='word_1_22' title='bbox 849 421 944 454; x_wconf 77' lang='lat' dir='ltr'>etiam</span> 
     </span>
     <span class='ocr_line' id='line_1_8' title="bbox 154 473 944 521; baseline -0.001 -13"><span class='ocrx_word' id='word_1_23' title='bbox 154 481 172 500; x_wconf 82' lang='lat'><em>⁰</em></span> <span class='ocrx_word' id='word_1_24' title='bbox 196 473 223 508; x_wconf 88' lang='lat' dir='ltr'>si</span> <span class='ocrx_word' id='word_1_25' title='bbox 254 474 416 520; x_wconf 87' lang='lat' dir='ltr'>imperiali</span> <span class='ocrx_word' id='word_1_26' title='bbox 441 483 495 510; x_wconf 87' lang='lat' dir='ltr'>aut</span> <span class='ocrx_word' id='word_1_27' title='bbox 522 477 619 520; x_wconf 74' lang='lat' dir='ltr'>regali</span> <span class='ocrx_word' id='word_1_28' title='bbox 655 476 872 521; x_wconf 66' lang='lat' dir='ltr'>praefulgeant</span> <span class='ocrx_word' id='word_1_29' title='bbox 895 475 944 507; x_wconf 86' lang='lat' dir='ltr'>‹li-</span> 
     </span>
     <span class='ocr_line' id='line_1_9' title="bbox 195 527 941 575; baseline 0 -14"><span class='ocrx_word' id='word_1_30' title='bbox 195 527 330 572; x_wconf 84' lang='lat' dir='ltr'>gnitate,</span> <span class='ocrx_word' id='word_1_31' title='bbox 369 540 424 563; x_wconf 85' lang='lat' dir='ltr'>seu</span> <span class='ocrx_word' id='word_1_32' title='bbox 457 529 629 575; x_wconf 71' lang='lat' dir='ltr'>principos</span> <span class='ocrx_word' id='word_1_33' title='bbox 668 531 776 570; x_wconf 78' lang='lat' dir='ltr'>duces,</span> <span class='ocrx_word' id='word_1_34' title='bbox 798 529 941 568; x_wconf 81' lang='lat' dir='ltr'>comites,</span> 
     </span>
     <span class='ocr_line' id='line_1_10' title="bbox 195 580 944 628; baseline 0 -14"><span class='ocrx_word' id='word_1_35' title='bbox 195 580 345 623; x_wconf 85' lang='lat' dir='ltr'>barones,</span> <span class='ocrx_word' id='word_1_36' title='bbox 372 583 575 628; x_wconf 80' lang='lat' dir='ltr'>respublicae</span> <span class='ocrx_word' id='word_1_37' title='bbox 610 588 641 616; x_wconf 84' lang='lat' dir='ltr'>et</span> <span class='ocrx_word' id='word_1_38' title='bbox 675 582 728 615; x_wconf 87' lang='lat' dir='ltr'>alii</span> <span class='ocrx_word' id='word_1_39' title='bbox 763 587 944 626; x_wconf 77' lang='lat' dir='ltr'>potentatus</span> 
     </span>
     <span class='ocr_line' id='line_1_11' title="bbox 195 634 943 681; baseline -0.001 -13"><span class='ocrx_word' id='word_1_40' title='bbox 195 634 410 679; x_wconf 88' lang='lat' dir='ltr'>quicumque,</span> <span class='ocrx_word' id='word_1_41' title='bbox 432 637 527 670; x_wconf 86' lang='lat' dir='ltr'>etiam</span> <span class='ocrx_word' id='word_1_42' title='bbox 548 636 668 680; x_wconf 74' lang='lat' dir='ltr'>regnis,</span> <span class='ocrx_word' id='word_1_43' title='bbox 691 635 875 681; x_wconf 80' lang='lat' dir='ltr'>provinciis,</span> <span class='ocrx_word' id='word_1_44' title='bbox 899 635 943 667; x_wconf 88' lang='lat' dir='ltr'>ci-</span> 
     </span>
     <span class='ocr_line' id='line_1_12' title="bbox 194 688 944 734; baseline -0.001 -12"><span class='ocrx_word' id='word_1_45' title='bbox 194 688 357 730; x_wconf 86' lang='lat' dir='ltr'>vitatibus,</span> <span class='ocrx_word' id='word_1_46' title='bbox 381 690 475 723; x_wconf 88' lang='lat' dir='ltr'>terris</span> <span class='ocrx_word' id='word_1_47' title='bbox 499 690 730 734; x_wconf 87' lang='lat' dir='ltr'>quoquomodo</span> <span class='ocrx_word' id='word_1_48' title='bbox 760 689 944 733; x_wconf 87' lang='lat' dir='ltr'>praesiden-</span> 
     </span>
     <span class='ocr_line' id='line_1_13' title="bbox 194 743 943 788; baseline 0 -12"><span class='ocrx_word' id='word_1_49' title='bbox 194 747 251 784; x_wconf 84' lang='lat' dir='ltr'>tes,</span> <span class='ocrx_word' id='word_1_50' title='bbox 263 749 315 776; x_wconf 85' lang='lat' dir='ltr'>aut</span> <span class='ocrx_word' id='word_1_51' title='bbox 329 744 449 788; x_wconf 85' lang='lat' dir='ltr'>quavis,</span> <span class='ocrx_word' id='word_1_52' title='bbox 467 744 562 777; x_wconf 92' lang='lat' dir='ltr'>etiam</span> <span class='ocrx_word' id='word_1_53' title='bbox 579 743 771 788; x_wconf 86' lang='lat' dir='ltr'>pontificali,</span> <span class='ocrx_word' id='word_1_54' title='bbox 789 743 943 785; x_wconf 82' lang='lat' dir='ltr'>dignitate</span> 
     </span>
     <span class='ocr_line' id='line_1_14' title="bbox 193 795 943 841; baseline 0 -12"><span class='ocrx_word' id='word_1_55' title='bbox 193 795 347 840; x_wconf 83' lang='lat' dir='ltr'>insigniti.</span> <span class='ocrx_word' id='word_1_56' title='bbox 386 798 578 831; x_wconf 87' lang='lat' dir='ltr'>Innovantes</span> <span class='ocrx_word' id='word_1_57' title='bbox 602 797 730 830; x_wconf 87' lang='lat' dir='ltr'>decreta</span> <span class='ocrx_word' id='word_1_58' title='bbox 763 808 861 841; x_wconf 84' lang='lat' dir='ltr'>snper</span> <span class='ocrx_word' id='word_1_59' title='bbox 894 797 943 829; x_wconf 91' lang='lat' dir='ltr'>his</span> 
     </span>
     <span class='ocr_line' id='line_1_15' title="bbox 192 850 941 894; baseline -0.003 -10"><span class='ocrx_word' id='word_1_60' title='bbox 192 860 252 894; x_wconf 87' lang='lat' dir='ltr'>per</span> <span class='ocrx_word' id='word_1_61' title='bbox 277 860 387 884; x_wconf 84' lang='lat' dir='ltr'>sacros</span> <span class='ocrx_word' id='word_1_62' title='bbox 407 861 556 891; x_wconf 88' lang='lat' dir='ltr'>canones,</span> <span class='ocrx_word' id='word_1_63' title='bbox 576 855 640 883; x_wconf 91' lang='lat' dir='ltr'>tam</span> <span class='ocrx_word' id='word_1_64' title='bbox 671 851 704 883; x_wconf 94' lang='lat' dir='ltr'>in</span> <span class='ocrx_word' id='word_1_65' title='bbox 737 850 941 883; x_wconf 74' lang='lat' dir='ltr'>Latet-ancnsi</span> 
     </span>
     <span class='ocr_line' id='line_1_16' title="bbox 192 904 943 948; baseline 0.001 -12"><span class='ocrx_word' id='word_1_66' title='bbox 192 904 365 938; x_wconf 81' lang='lat' dir='ltr'>novissime</span> <span class='ocrx_word' id='word_1_67' title='bbox 386 905 558 946; x_wconf 87' lang='lat' dir='ltr'>celebrato,</span> <span class='ocrx_word' id='word_1_68' title='bbox 578 915 675 948; x_wconf 89' lang='lat' dir='ltr'>quam</span> <span class='ocrx_word' id='word_1_69' title='bbox 701 904 772 937; x_wconf 89' lang='lat' dir='ltr'>aliis</span> <span class='ocrx_word' id='word_1_70' title='bbox 797 904 943 937; x_wconf 85' lang='lat' dir='ltr'>conciliis</span> 
     </span>
     <span class='ocr_line' id='line_1_17' title="bbox 192 958 942 1001; baseline 0 -10"><span class='ocrx_word' id='word_1_71' title='bbox 192 958 398 1001; x_wconf 82' lang='lat' dir='ltr'>generalibus</span> <span class='ocrx_word' id='word_1_72' title='bbox 417 958 512 999; x_wconf 89' lang='lat' dir='ltr'>edita,</span> <span class='ocrx_word' id='word_1_73' title='bbox 535 958 632 991; x_wconf 86' lang='lat' dir='ltr'>etiam</span> <span class='ocrx_word' id='word_1_74' title='bbox 653 969 726 991; x_wconf 93' lang='lat' dir='ltr'>cum</span> <span class='ocrx_word' id='word_1_75' title='bbox 747 958 892 991; x_wconf 77' lang='lat' dir='ltr'>censuris</span> <span class='ocrx_word' id='word_1_76' title='bbox 912 963 942 991; x_wconf 89' lang='lat' dir='ltr'>et</span> 
     </span>
    </p>

    <p class='ocr_par' dir='ltr' id='par_1_3' title="bbox 192 1010 613 1055">
     <span class='ocr_line' id='line_1_18' title="bbox 192 1010 613 1055; baseline 0 -11"><span class='ocrx_word' id='word_1_77' title='bbox 192 1011 306 1055; x_wconf 90' lang='lat' dir='ltr'>poenis</span> <span class='ocrx_word' id='word_1_78' title='bbox 325 1010 360 1045; x_wconf 91' lang='lat' dir='ltr'>in</span> <span class='ocrx_word' id='word_1_79' title='bbox 379 1010 424 1045; x_wconf 90' lang='lat' dir='ltr'>eis</span> <span class='ocrx_word' id='word_1_80' title='bbox 441 1011 613 1045; x_wconf 88' lang='lat' dir='ltr'>contentis.</span> 
     </span>
    </p>

    <p class='ocr_par' dir='ltr' id='par_1_4' title="bbox 34 1063 942 1323">
     <span class='ocr_line' id='line_1_19' title="bbox 235 1063 941 1108; baseline 0.001 -11"><span class='ocrx_word' id='word_1_81' title='bbox 235 1065 251 1108; x_wconf 63' lang='grc' dir='ltr'>ἓ</span> <span class='ocrx_word' id='word_1_82' title='bbox 273 1063 327 1098; x_wconf 83' lang='lat'>19.</span> <span class='ocrx_word' id='word_1_83' title='bbox 349 1064 428 1098; x_wconf 89' lang='lat' dir='ltr'>Item</span> <span class='ocrx_word' id='word_1_84' title='bbox 460 1066 780 1099; x_wconf 77' lang='lat' dir='ltr'>excommunicamus</span> <span class='ocrx_word' id='word_1_85' title='bbox 810 1070 840 1098; x_wconf 91' lang='lat' dir='ltr'>et</span> <span class='ocrx_word' id='word_1_86' title='bbox 864 1076 941 1098; x_wconf 92' lang='lat' dir='ltr'>ana-</span> 
     </span>
     <span class='ocr_line' id='line_1_20' title="bbox 36 1115 942 1169; baseline -0.001 -17"><span class='ocrx_word' id='word_1_87' title='bbox 36 1115 179 1169; x_wconf 50' lang='lat' dir='ltr'>ffl&#39;oe&#39;ss</span> <span class='ocrx_word' id='word_1_88' title='bbox 191 1118 437 1152; x_wconf 85' lang='lat' dir='ltr'>thematizamus</span> <span class='ocrx_word' id='word_1_89' title='bbox 456 1129 569 1153; x_wconf 90' lang='lat' dir='ltr'>omnes</span> <span class='ocrx_word' id='word_1_90' title='bbox 584 1124 614 1152; x_wconf 87' lang='lat' dir='ltr'>et</span> <span class='ocrx_word' id='word_1_91' title='bbox 634 1130 858 1163; x_wconf 90' lang='lat' dir='ltr'>quoscumque</span> <span class='ocrx_word' id='word_1_92' title='bbox 875 1130 942 1152; x_wconf 89' lang='lat' dir='ltr'>ma-</span> 
     </span>
     <span class='ocr_line' id='line_1_21' title="bbox 34 1171 940 1231; baseline 0 -26"><span class='ocrx_word' id='word_1_93' title='bbox 34 1178 178 1231; x_wconf 44' lang='lat' dir='ltr'>anqffffiniarj</span> <span class='ocrx_word' id='word_1_94' title='bbox 190 1171 354 1215; x_wconf 83' lang='lat' dir='ltr'>gistratus,</span> <span class='ocrx_word' id='word_1_95' title='bbox 379 1179 552 1214; x_wconf 83' lang='lat' dir='ltr'>senatores,</span> <span class='ocrx_word' id='word_1_96' title='bbox 586 1172 816 1217; x_wconf 83' lang='lat' dir='ltr'>praesidentes,</span> <span class='ocrx_word' id='word_1_97' title='bbox 848 1173 940 1206; x_wconf 88' lang='lat' dir='ltr'>audi-</span> 
     </span>
     <span class='ocr_line' id='line_1_22' title="bbox 42 1226 940 1273; baseline -0.001 -13"><span class='ocrx_word' id='word_1_98' title='bbox 42 1232 56 1273; x_wconf 65' lang='lat' dir='ltr'>‘q</span> <span class='ocrx_word' id='word_1_99' title='bbox 103 1242 178 1261; x_wconf 68' lang='lat' dir='ltr'>coum</span> <span class='ocrx_word' id='word_1_100' title='bbox 190 1229 277 1260; x_wconf 88' lang='lat' dir='ltr'>tores</span> <span class='ocrx_word' id='word_1_101' title='bbox 295 1231 327 1260; x_wconf 92' lang='lat' dir='ltr'>et</span> <span class='ocrx_word' id='word_1_102' title='bbox 345 1226 425 1263; x_wconf 86' lang='lat' dir='ltr'>alios</span> <span class='ocrx_word' id='word_1_103' title='bbox 440 1226 574 1268; x_wconf 88' lang='lat' dir='ltr'>iudices,</span> <span class='ocrx_word' id='word_1_104' title='bbox 588 1234 796 1270; x_wconf 81' lang='lat' dir='ltr'>quocumque</span> <span class='ocrx_word' id='word_1_105' title='bbox 809 1226 940 1259; x_wconf 91' lang='lat' dir='ltr'>nomine</span> 
     </span>
     <span class='ocr_line' id='line_1_23' title="bbox 107 1271 941 1323; baseline 0 -10"><span class='ocrx_word' id='word_1_106' title='bbox 107 1271 176 1294; x_wconf 68' lang='lat'><strong>‘⁰⁰¹⁶&#39;</strong></span> <span class='ocrx_word' id='word_1_107' title='bbox 189 1285 357 1323; x_wconf 88' lang='lat' dir='ltr'>vocentur,</span> <span class='ocrx_word' id='word_1_108' title='bbox 378 1291 416 1314; x_wconf 88' lang='lat' dir='ltr'>ac</span> <span class='ocrx_word' id='word_1_109' title='bbox 450 1280 670 1321; x_wconf 77' lang='lat' dir='ltr'>cancellarios,</span> <span class='ocrx_word' id='word_1_110' title='bbox 695 1280 941 1314; x_wconf 75' lang='lat' dir='ltr'>vice-cancella-</span> 
     </span>
    </p>

    <p class='ocr_par' dir='ltr' id='par_1_5' title="bbox 102 1332 941 2344">
     <span class='ocr_line' id='line_1_24' title="bbox 190 1332 941 1375; baseline 0.001 -9"><span class='ocrx_word' id='word_1_111' title='bbox 190 1332 266 1375; x_wconf 89' lang='lat' dir='ltr'>rios,</span> <span class='ocrx_word' id='word_1_112' title='bbox 286 1334 440 1375; x_wconf 87' lang='lat' dir='ltr'>notarios,</span> <span class='ocrx_word' id='word_1_113' title='bbox 462 1334 583 1368; x_wconf 84' lang='lat' dir='ltr'>scribas</span> <span class='ocrx_word' id='word_1_114' title='bbox 620 1345 658 1367; x_wconf 87' lang='lat' dir='ltr'>ac</span> <span class='ocrx_word' id='word_1_115' title='bbox 691 1340 876 1367; x_wconf 82' lang='lat' dir='ltr'>executores</span> <span class='ocrx_word' id='word_1_116' title='bbox 910 1339 941 1367; x_wconf 82' lang='lat' dir='ltr'>et</span> 
     </span>
     <span class='ocr_line' id='line_1_25' title="bbox 190 1387 940 1431; baseline 0.001 -11"><span class='ocrx_word' id='word_1_117' title='bbox 190 1387 451 1429; x_wconf 80' lang='lat' dir='ltr'>subexecutores,</span> <span class='ocrx_word' id='word_1_118' title='bbox 478 1394 509 1421; x_wconf 88' lang='lat' dir='ltr'>et</span> <span class='ocrx_word' id='word_1_119' title='bbox 533 1388 613 1421; x_wconf 87' lang='lat' dir='ltr'>alios</span> <span class='ocrx_word' id='word_1_120' title='bbox 632 1396 764 1431; x_wconf 76' lang='lat' dir='ltr'>quoquo</span> <span class='ocrx_word' id='word_1_121' title='bbox 786 1388 882 1421; x_wconf 89' lang='lat' dir='ltr'>modo</span> <span class='ocrx_word' id='word_1_122' title='bbox 907 1398 940 1421; x_wconf 91' lang='lat' dir='ltr'>se</span> 
     </span>
     <span class='ocr_line' id='line_1_26' title="bbox 189 1440 940 1485; baseline 0 -11"><span class='ocrx_word' id='word_1_123' title='bbox 189 1440 433 1485; x_wconf 81' lang='lat' dir='ltr'>interponentes</span> <span class='ocrx_word' id='word_1_124' title='bbox 456 1441 489 1474; x_wconf 92' lang='lat' dir='ltr'>in</span> <span class='ocrx_word' id='word_1_125' title='bbox 519 1441 623 1474; x_wconf 79' lang='lat' dir='ltr'>causis</span> <span class='ocrx_word' id='word_1_126' title='bbox 657 1441 849 1485; x_wconf 81' lang='lat' dir='ltr'>capitalibus</span> <span class='ocrx_word' id='word_1_127' title='bbox 883 1451 940 1474; x_wconf 86' lang='lat' dir='ltr'>seu</span> 
     </span>
     <span class='ocr_line' id='line_1_27' title="bbox 190 1494 940 1540; baseline -0.001 -12"><span class='ocrx_word' id='word_1_128' title='bbox 190 1494 415 1538; x_wconf 77' lang='lat' dir='ltr'>criminalibus</span> <span class='ocrx_word' id='word_1_129' title='bbox 434 1500 547 1531; x_wconf 82' lang='lat' dir='ltr'>eontra</span> <span class='ocrx_word' id='word_1_130' title='bbox 567 1505 722 1540; x_wconf 80' lang='lat' dir='ltr'>personas</span> <span class='ocrx_word' id='word_1_131' title='bbox 748 1494 940 1528; x_wconf 82' lang='lat' dir='ltr'>ecclesiasti-</span> 
     </span>
     <span class='ocr_line' id='line_1_28' title="bbox 190 1548 938 1593; baseline -0.001 -11"><span class='ocrx_word' id='word_1_132' title='bbox 190 1559 253 1590; x_wconf 88' lang='lat' dir='ltr'>cas,</span> <span class='ocrx_word' id='word_1_133' title='bbox 272 1549 344 1582; x_wconf 90' lang='lat' dir='ltr'>illas</span> <span class='ocrx_word' id='word_1_134' title='bbox 366 1549 564 1590; x_wconf 86' lang='lat' dir='ltr'>banniendo,</span> <span class='ocrx_word' id='word_1_135' title='bbox 599 1548 771 1593; x_wconf 84' lang='lat' dir='ltr'>capiendo,</span> <span class='ocrx_word' id='word_1_136' title='bbox 807 1559 938 1593; x_wconf 87' lang='lat' dir='ltr'>proces-</span> 
     </span>
     <span class='ocr_line' id='line_1_29' title="bbox 189 1601 939 1645; baseline -0.003 -9"><span class='ocrx_word' id='word_1_137' title='bbox 189 1601 302 1643; x_wconf 86' lang='lat' dir='ltr'>sand0‚</span> <span class='ocrx_word' id='word_1_138' title='bbox 324 1613 381 1636; x_wconf 88' lang='lat' dir='ltr'>seu</span> <span class='ocrx_word' id='word_1_139' title='bbox 400 1602 574 1636; x_wconf 89' lang='lat' dir='ltr'>sententias</span> <span class='ocrx_word' id='word_1_140' title='bbox 594 1608 707 1635; x_wconf 88' lang='lat' dir='ltr'>contra</span> <span class='ocrx_word' id='word_1_141' title='bbox 736 1602 807 1634; x_wconf 87' lang='lat' dir='ltr'>illas</span> <span class='ocrx_word' id='word_1_142' title='bbox 831 1602 939 1645; x_wconf 81' lang='lat' dir='ltr'>profe-</span> 
     </span>
     <span class='ocr_line' id='line_1_30' title="bbox 189 1655 939 1700; baseline -0.003 -10"><span class='ocrx_word' id='word_1_143' title='bbox 189 1655 292 1690; x_wconf 85' lang='lat' dir='ltr'>rendo</span> <span class='ocrx_word' id='word_1_144' title='bbox 325 1656 374 1690; x_wconf 89' lang='lat' dir='ltr'>vel</span> <span class='ocrx_word' id='word_1_145' title='bbox 409 1656 609 1700; x_wconf 81' lang='lat' dir='ltr'>exequendo,</span> <span class='ocrx_word' id='word_1_146' title='bbox 643 1656 741 1689; x_wconf 86' lang='lat' dir='ltr'>etiam</span> <span class='ocrx_word' id='word_1_147' title='bbox 772 1660 939 1699; x_wconf 80' lang='lat' dir='ltr'>praetextu</span> 
     </span>
     <span class='ocr_line' id='line_1_31' title="bbox 190 1709 940 1754; baseline -0.001 -11"><span class='ocrx_word' id='word_1_148' title='bbox 190 1718 472 1754; x_wconf 88' lang='lat' dir='ltr'>quorumcumque</span> <span class='ocrx_word' id='word_1_149' title='bbox 493 1709 737 1754; x_wconf 74' lang='lat' dir='ltr'>privilegiorum</span> <span class='ocrx_word' id='word_1_150' title='bbox 759 1720 776 1742; x_wconf 91' lang='lat' dir='ltr'>a</span> <span class='ocrx_word' id='word_1_151' title='bbox 800 1709 881 1742; x_wconf 89' lang='lat' dir='ltr'>Sede</span> <span class='ocrx_word' id='word_1_152' title='bbox 900 1710 940 1742; x_wconf 91' lang='grc' dir='ltr'>Α-</span> 
     </span>
     <span class='ocr_line' id='line_1_32' title="bbox 190 1763 940 1808; baseline -0.003 -11"><span class='ocrx_word' id='word_1_153' title='bbox 190 1763 359 1808; x_wconf 82' lang='lat' dir='ltr'>postolica,</span> <span class='ocrx_word' id='word_1_154' title='bbox 381 1774 419 1797; x_wconf 89' lang='lat' dir='ltr'>ex</span> <span class='ocrx_word' id='word_1_155' title='bbox 429 1763 593 1808; x_wconf 85' lang='lat' dir='ltr'>quibusvis</span> <span class='ocrx_word' id='word_1_156' title='bbox 613 1763 717 1796; x_wconf 87' lang='lat' dir='ltr'>causis</span> <span class='ocrx_word' id='word_1_157' title='bbox 738 1774 775 1796; x_wconf 90' lang='lat' dir='ltr'>ac</span> <span class='ocrx_word' id='word_1_158' title='bbox 795 1763 853 1796; x_wconf 87' lang='lat' dir='ltr'>sub</span> <span class='ocrx_word' id='word_1_159' title='bbox 870 1763 940 1806; x_wconf 90' lang='lat' dir='ltr'>qui-</span> 
     </span>
     <span class='ocr_line' id='line_1_33' title="bbox 184 1816 938 1862; baseline -0.003 -11"><span class='ocrx_word' id='word_1_160' title='bbox 184 1816 394 1862; x_wconf 76' lang='lat' dir='ltr'>buscumque</span> <span class='ocrx_word' id='word_1_161' title='bbox 417 1818 584 1851; x_wconf 89' lang='lat' dir='ltr'>tenoribus</span> <span class='ocrx_word' id='word_1_162' title='bbox 605 1823 635 1850; x_wconf 91' lang='lat' dir='ltr'>et</span> <span class='ocrx_word' id='word_1_163' title='bbox 660 1817 782 1857; x_wconf 85' lang='lat' dir='ltr'>formis,</span> <span class='ocrx_word' id='word_1_164' title='bbox 817 1817 850 1849; x_wconf 93' lang='lat' dir='ltr'>in</span> <span class='ocrx_word' id='word_1_165' title='bbox 883 1828 938 1860; x_wconf 77' lang='lat' dir='ltr'>ge-</span> 
     </span>
     <span class='ocr_line' id='line_1_34' title="bbox 190 1871 939 1916; baseline -0.001 -12"><span class='ocrx_word' id='word_1_166' title='bbox 190 1880 269 1905; x_wconf 84' lang='lat' dir='ltr'>nere</span> <span class='ocrx_word' id='word_1_167' title='bbox 287 1876 318 1905; x_wconf 92' lang='lat' dir='ltr'>et</span> <span class='ocrx_word' id='word_1_168' title='bbox 351 1871 385 1906; x_wconf 92' lang='lat' dir='ltr'>in</span> <span class='ocrx_word' id='word_1_169' title='bbox 417 1872 535 1916; x_wconf 90' lang='lat' dir='ltr'>specie,</span> <span class='ocrx_word' id='word_1_170' title='bbox 556 1882 785 1906; x_wconf 86' lang='lat' dir='ltr'>concessorum</span> <span class='ocrx_word' id='word_1_171' title='bbox 806 1871 939 1915; x_wconf 87' lang='lat' dir='ltr'>quibus-</span> 
     </span>
     <span class='ocr_line' id='line_1_35' title="bbox 189 1925 936 1969; baseline 0.001 -11"><span class='ocrx_word' id='word_1_172' title='bbox 189 1935 331 1968; x_wconf 71' lang='lat' dir='ltr'>‚cumque</span> <span class='ocrx_word' id='word_1_173' title='bbox 367 1925 509 1969; x_wconf 85' lang='lat' dir='ltr'>regibus,</span> <span class='ocrx_word' id='word_1_174' title='bbox 543 1925 692 1967; x_wconf 89' lang='lat' dir='ltr'>ducibus,</span> <span class='ocrx_word' id='word_1_175' title='bbox 723 1925 936 1969; x_wconf 84' lang='lat' dir='ltr'>principibus,</span> 
     </span>
     <span class='ocr_line' id='line_1_36' title="bbox 190 1978 939 2023; baseline -0.001 -11"><span class='ocrx_word' id='word_1_176' title='bbox 190 1978 439 2023; x_wconf 85' lang='lat' dir='ltr'>rebuspublicis,</span> <span class='ocrx_word' id='word_1_177' title='bbox 469 1979 666 2020; x_wconf 86' lang='lat' dir='ltr'>monarchis,</span> <span class='ocrx_word' id='word_1_178' title='bbox 703 1979 884 2012; x_wconf 87' lang='lat' dir='ltr'>civitatibus</span> <span class='ocrx_word' id='word_1_179' title='bbox 909 1984 939 2011; x_wconf 91' lang='lat' dir='ltr'>et</span> 
     </span>
     <span class='ocr_line' id='line_1_37' title="bbox 190 2032 940 2078; baseline -0.003 -11"><span class='ocrx_word' id='word_1_180' title='bbox 190 2032 264 2067; x_wconf 84' lang='lat' dir='ltr'>aliis</span> <span class='ocrx_word' id='word_1_181' title='bbox 294 2033 555 2078; x_wconf 88' lang='lat' dir='ltr'>quibuscumque</span> <span class='ocrx_word' id='word_1_182' title='bbox 589 2033 820 2077; x_wconf 84' lang='lat' dir='ltr'>potentatibus,</span> <span class='ocrx_word' id='word_1_183' title='bbox 861 2043 940 2076; x_wconf 91' lang='lat' dir='ltr'>quo-</span> 
     </span>
     <span class='ocr_line' id='line_1_38' title="bbox 185 2080 940 2131; baseline -0.003 -10"><span class='ocrx_word' id='word_1_184' title='bbox 185 2080 332 2131; x_wconf 79' lang='lat' dir='ltr'>cumque</span> <span class='ocrx_word' id='word_1_185' title='bbox 356 2087 487 2121; x_wconf 90' lang='lat' dir='ltr'>nomine</span> <span class='ocrx_word' id='word_1_186' title='bbox 522 2093 724 2127; x_wconf 85' lang='lat' dir='ltr'>censeantur,</span> <span class='ocrx_word' id='word_1_187' title='bbox 743 2097 827 2130; x_wconf 75' lang='lat' dir='ltr'>quae</span> <span class='ocrx_word' id='word_1_188' title='bbox 847 2088 940 2119; x_wconf 90' lang='lat' dir='ltr'>nolu-</span> 
     </span>
     <span class='ocr_line' id='line_1_39' title="bbox 192 2140 939 2185; baseline -0.001 -11"><span class='ocrx_word' id='word_1_189' title='bbox 192 2151 265 2175; x_wconf 87' lang='lat' dir='ltr'>mus</span> <span class='ocrx_word' id='word_1_190' title='bbox 286 2140 351 2175; x_wconf 84' lang='lat' dir='ltr'>iltis</span> <span class='ocrx_word' id='word_1_191' title='bbox 365 2141 399 2174; x_wconf 92' lang='lat' dir='ltr'>in</span> <span class='ocrx_word' id='word_1_192' title='bbox 418 2141 526 2185; x_wconf 90' lang='lat' dir='ltr'>aliquo</span> <span class='ocrx_word' id='word_1_193' title='bbox 546 2141 730 2184; x_wconf 73' lang='lat' dir='ltr'>suffragari,</span> <span class='ocrx_word' id='word_1_194' title='bbox 761 2141 815 2174; x_wconf 90' lang='lat' dir='ltr'>illa</span> <span class='ocrx_word' id='word_1_195' title='bbox 831 2141 939 2174; x_wconf 90' lang='lat' dir='ltr'>omnia</span> 
     </span>
     <span class='ocr_line' id='line_1_40' title="bbox 192 2194 750 2229; baseline -0.004 0"><span class='ocrx_word' id='word_1_196' title='bbox 192 2204 228 2229; x_wconf 81' lang='lat' dir='ltr'>ex</span> <span class='ocrx_word' id='word_1_197' title='bbox 247 2204 336 2228; x_wconf 88' lang='lat' dir='ltr'>nunc</span> <span class='ocrx_word' id='word_1_198' title='bbox 355 2194 389 2228; x_wconf 91' lang='lat' dir='ltr'>in</span> <span class='ocrx_word' id='word_1_199' title='bbox 408 2194 537 2228; x_wconf 86' lang='lat' dir='ltr'>irritum</span> <span class='ocrx_word' id='word_1_200' title='bbox 557 2195 750 2228; x_wconf 86' lang='lat' dir='ltr'>revocando.</span> 
     </span>
     <span class='ocr_line' id='line_1_41' title="bbox 190 2247 939 2291; baseline -0.005 -9"><span class='ocrx_word' id='word_1_201' title='bbox 190 2283 193 2285; x_wconf 82' lang='grc'><strong>,</strong></span> <span class='ocrx_word' id='word_1_202' title='bbox 236 2247 325 2291; x_wconf 64' lang='lat'>520.</span> <span class='ocrx_word' id='word_1_203' title='bbox 346 2248 426 2281; x_wconf 83' lang='lat' dir='ltr'>Item</span> <span class='ocrx_word' id='word_1_204' title='bbox 459 2248 779 2282; x_wconf 81' lang='lat' dir='ltr'>excommunicamus</span> <span class='ocrx_word' id='word_1_205' title='bbox 808 2252 839 2280; x_wconf 85' lang='lat' dir='ltr'>et</span> <span class='ocrx_word' id='word_1_206' title='bbox 862 2256 939 2279; x_wconf 86' lang='lat' dir='ltr'>ana-</span> 
     </span>
     <span class='ocr_line' id='line_1_42' title="bbox 102 2300 940 2344; baseline -0.002 -10"><span class='ocrx_word' id='word_1_207' title='bbox 102 2303 178 2328; x_wconf 69' lang='lat'>⁹¹⁸⁸⁰³</span> <span class='ocrx_word' id='word_1_208' title='bbox 193 2301 437 2335; x_wconf 88' lang='lat' dir='ltr'>thematizamus</span> <span class='ocrx_word' id='word_1_209' title='bbox 455 2305 568 2335; x_wconf 78' lang='lat' dir='ltr'>omnes</span> <span class='ocrx_word' id='word_1_210' title='bbox 587 2302 669 2341; x_wconf 89' lang='lat' dir='ltr'>illos,</span> <span class='ocrx_word' id='word_1_211' title='bbox 690 2301 758 2344; x_wconf 80' lang='lat' dir='ltr'>qui,</span> <span class='ocrx_word' id='word_1_212' title='bbox 773 2311 831 2343; x_wconf 90' lang='lat' dir='ltr'>per</span> <span class='ocrx_word' id='word_1_213' title='bbox 846 2310 879 2333; x_wconf 91' lang='lat' dir='ltr'>se</span> <span class='ocrx_word' id='word_1_214' title='bbox 891 2300 940 2332; x_wconf 90' lang='lat' dir='ltr'>vel</span> 
     </span>
    </p>
   </div>
   <div class='ocr_carea' id='block_1_3' title="bbox 49 2332 942 2513">
    <p class='ocr_par' dir='ltr' id='par_1_6' title="bbox 49 2332 942 2513">
     <span class='ocr_line' id='line_1_43' title="bbox 49 2332 938 2396; baseline -0.004 -7"><span class='ocrx_word' id='word_1_215' title='bbox 49 2359 70 2383; x_wconf 58' lang='lat' dir='ltr'>a</span> <span class='ocrx_word' id='word_1_216' title='bbox 89 2332 179 2385; x_wconf 50' lang='lat' dir='ltr'>‘ti-¹22:</span> <span class='ocrx_word' id='word_1_217' title='bbox 192 2355 293 2389; x_wconf 89' lang='lat' dir='ltr'>alium</span> <span class='ocrx_word' id='word_1_218' title='bbox 320 2365 378 2388; x_wconf 88' lang='lat' dir='ltr'>seu</span> <span class='ocrx_word' id='word_1_219' title='bbox 411 2355 502 2396; x_wconf 90' lang='lat' dir='ltr'>alios,</span> <span class='ocrx_word' id='word_1_220' title='bbox 534 2355 654 2388; x_wconf 85' lang='lat' dir='ltr'>directe</span> <span class='ocrx_word' id='word_1_221' title='bbox 686 2355 735 2387; x_wconf 80' lang='lat' dir='ltr'>vel</span> <span class='ocrx_word' id='word_1_222' title='bbox 770 2353 938 2393; x_wconf 82' lang='lat' dir='ltr'>indirecte,</span> 
     </span>
     <span class='ocr_line' id='line_1_44' title="bbox 55 2391 941 2453; baseline -0.006 -9"><span class='ocrx_word' id='word_1_223' title='bbox 55 2391 179 2446; x_wconf 41' lang='lat' dir='ltr'>reznam:</span> <span class='ocrx_word' id='word_1_224' title='bbox 193 2409 252 2442; x_wconf 81' lang='lat' dir='ltr'>sub</span> <span class='ocrx_word' id='word_1_225' title='bbox 277 2418 485 2453; x_wconf 87' lang='lat' dir='ltr'>quocumque</span> <span class='ocrx_word' id='word_1_226' title='bbox 506 2408 598 2441; x_wconf 90' lang='lat' dir='ltr'>titulo</span> <span class='ocrx_word' id='word_1_227' title='bbox 619 2408 668 2441; x_wconf 78' lang='lat' dir='ltr'>vel</span> <span class='ocrx_word' id='word_1_228' title='bbox 689 2408 808 2444; x_wconf 79' lang='lat' dir='ltr'>colore,</span> <span class='ocrx_word' id='word_1_229' title='bbox 824 2408 864 2440; x_wconf 90' lang='lat' dir='ltr'>de</span> <span class='ocrx_word' id='word_1_230' title='bbox 895 2407 941 2439; x_wconf 88' lang='lat' dir='ltr'>sa-</span> 
     </span>
     <span class='ocr_line' id='line_1_45' title="bbox 54 2457 942 2513; baseline -0.005 -17"><span class='ocrx_word' id='word_1_231' title='bbox 54 2457 84 2480; x_wconf 75' lang='lat'>“‘</span> <span class='ocrx_word' id='word_1_232' title='bbox 99 2459 246 2513; x_wconf 55' lang='grc' dir='ltr'>00111’Ἳοῑο</span> <span class='ocrx_word' id='word_1_233' title='bbox 268 2467 430 2506; x_wconf 87' lang='lat' dir='ltr'>occupant</span> <span class='ocrx_word' id='word_1_234' title='bbox 449 2462 498 2494; x_wconf 68' lang='lat' dir='ltr'>vel</span> <span class='ocrx_word' id='word_1_235' title='bbox 518 2460 675 2502; x_wconf 87' lang='lat' dir='ltr'>detinent,</span> <span class='ocrx_word' id='word_1_236' title='bbox 704 2461 754 2493; x_wconf 79' lang='lat' dir='ltr'>vel</span> <span class='ocrx_word' id='word_1_237' title='bbox 781 2459 942 2493; x_wconf 82' lang='lat' dir='ltr'>hostiliter</span> 
     </span>
    </p>
   </div>
   <div class='ocr_carea' id='block_1_4' title="bbox 193 2509 942 2553">
    <p class='ocr_par' dir='ltr' id='par_1_7' title="bbox 193 2509 942 2553">
     <span class='ocr_line' id='line_1_46' title="bbox 193 2509 942 2553; baseline -0.005 -8"><span class='ocrx_word' id='word_1_238' title='bbox 193 2511 363 2545; x_wconf 87' lang='lat' dir='ltr'>destruunt</span> <span class='ocrx_word' id='word_1_239' title='bbox 373 2512 422 2544; x_wconf 73' lang='lat' dir='ltr'>vel</span> <span class='ocrx_word' id='word_1_240' title='bbox 439 2511 604 2551; x_wconf 80' lang='lat' dir='ltr'>invadunt,</span> <span class='ocrx_word' id='word_1_241' title='bbox 627 2516 682 2543; x_wconf 85' lang='lat' dir='ltr'>aut</span> <span class='ocrx_word' id='word_1_242' title='bbox 702 2520 875 2553; x_wconf 81' lang='lat' dir='ltr'>occupare,</span> <span class='ocrx_word' id='word_1_243' title='bbox 892 2509 942 2542; x_wconf 86' lang='lat' dir='ltr'>dc-</span> 
     </span>
    </p>
   </div>
   <div class='ocr_carea' id='block_1_5' title="bbox 32 1301 102 1330">
    <p class='ocr_par' dir='ltr' id='par_1_8' title="bbox 32 1301 102 1330">
     <span class='ocr_line' id='line_1_47' title="bbox 32 1301 102 1330; baseline -0.029 -4"><span class='ocrx_word' id='word_1_244' title='bbox 32 1301 102 1330; x_wconf 62' lang='lat' dir='ltr'>minag</span> 
     </span>
    </p>
   </div>
   <div class='ocr_carea' id='block_1_6' title="bbox 193 2655 940 2738">
    <p class='ocr_par' dir='ltr' id='par_1_9' title="bbox 193 2655 940 2738">
     <span class='ocr_line' id='line_1_48' title="bbox 193 2655 940 2701; baseline -0.003 -11"><span class='ocrx_word' id='word_1_245' title='bbox 193 2663 270 2700; x_wconf 87' lang='lat' dir='ltr'>tem,</span> <span class='ocrx_word' id='word_1_246' title='bbox 296 2659 415 2692; x_wconf 88' lang='lat' dir='ltr'>almam</span> <span class='ocrx_word' id='word_1_247' title='bbox 451 2658 571 2692; x_wconf 88' lang='lat' dir='ltr'>Urbem</span> <span class='ocrx_word' id='word_1_248' title='bbox 588 2686 595 2699; x_wconf 95' lang='lat'>,</span> <span class='ocrx_word' id='word_1_249' title='bbox 622 2667 761 2701; x_wconf 67' lang='lat' dir='ltr'>regnum</span> <span class='ocrx_word' id='word_1_250' title='bbox 799 2655 940 2696; x_wconf 85' lang='lat' dir='ltr'>Siciliae,</span> 
     </span>
     <span class='ocr_line' id='line_1_49' title="bbox 272 2704 825 2738; baseline -0.009 0"><span class='ocrx_word' id='word_1_251' title='bbox 272 2707 348 2738; x_wconf 77' lang='lat' dir='ltr'>Ball.</span> <span class='ocrx_word' id='word_1_252' title='bbox 362 2707 427 2737; x_wconf 84' lang='lat' dir='ltr'>Rom</span> <span class='ocrx_word' id='word_1_253' title='bbox 449 2707 504 2736; x_wconf 59' lang='lat' dir='ltr'>Vol.</span> <span class='ocrx_word' id='word_1_254' title='bbox 527 2707 596 2736; x_wconf 76' lang='lat' dir='ltr'>vm.</span> <span class='ocrx_word' id='word_1_255' title='bbox 788 2704 825 2733; x_wconf 64' lang='lat'>53</span> 
     </span>
    </p>
   </div>
   <div class='ocr_carea' id='block_1_7' title="bbox 819 261 1134 287">
    <p class='ocr_par' dir='ltr' id='par_1_10' title="bbox 819 261 1134 287">
     <span class='ocr_line' id='line_1_50' title="bbox 819 261 1134 287; baseline -0.006 0"><span class='ocrx_word' id='word_1_256' title='bbox 819 261 995 287; x_wconf 77' lang='lat' dir='ltr'>fiREGORtUS</span> <span class='ocrx_word' id='word_1_257' title='bbox 1014 261 1067 285; x_wconf 87' lang='lat' dir='ltr'>x111</span> <span class='ocrx_word' id='word_1_258' title='bbox 1088 261 1134 285; x_wconf 78' lang='lat' dir='ltr'>PP.</span> 
     </span>
    </p>
   </div>
   <div class='ocr_carea' id='block_1_8' title="bbox 193 2557 944 2654">
    <p class='ocr_par' dir='ltr' id='par_1_11' title="bbox 193 2557 944 2654">
     <span class='ocr_line' id='line_1_51' title="bbox 194 2557 944 2594; baseline -0.003 -2"><span class='ocrx_word' id='word_1_259' title='bbox 194 2559 297 2594; x_wconf 88' lang='lat' dir='ltr'>tinere</span> <span class='ocrx_word' id='word_1_260' title='bbox 319 2561 368 2594; x_wconf 86' lang='lat' dir='ltr'>vel</span> <span class='ocrx_word' id='word_1_261' title='bbox 391 2561 558 2593; x_wconf 81' lang='lat' dir='ltr'>destruere</span> <span class='ocrx_word' id='word_1_262' title='bbox 578 2565 633 2592; x_wconf 83' lang='lat' dir='ltr'>aut</span> <span class='ocrx_word' id='word_1_263' title='bbox 648 2559 798 2591; x_wconf 89' lang='lat' dir='ltr'>invadere</span> <span class='ocrx_word' id='word_1_264' title='bbox 820 2557 944 2591; x_wconf 87' lang='lat' dir='ltr'>hostili-</span> 
     </span>
     <span class='ocr_line' id='line_1_52' title="bbox 193 2606 944 2654; baseline -0.004 -13"><span class='ocrx_word' id='word_1_265' title='bbox 193 2613 243 2642; x_wconf 85' lang='lat' dir='ltr'>ter</span> <span class='ocrx_word' id='word_1_266' title='bbox 264 2609 552 2654; x_wconf 83' lang='lat' dir='ltr'>praesumpserint,</span> <span class='ocrx_word' id='word_1_267' title='bbox 580 2609 613 2642; x_wconf 89' lang='lat' dir='ltr'>in</span> <span class='ocrx_word' id='word_1_268' title='bbox 633 2613 737 2641; x_wconf 86' lang='lat' dir='ltr'>totum</span> <span class='ocrx_word' id='word_1_269' title='bbox 754 2607 803 2640; x_wconf 86' lang='lat' dir='ltr'>vel</span> <span class='ocrx_word' id='word_1_270' title='bbox 823 2606 855 2639; x_wconf 94' lang='lat' dir='ltr'>in</span> <span class='ocrx_word' id='word_1_271' title='bbox 871 2617 944 2649; x_wconf 85' lang='lat' dir='ltr'>par-</span> 
     </span>
    </p>
   </div>
   <div class='ocr_carea' id='block_1_9' title="bbox 1626 253 1688 286">
    <p class='ocr_par' dir='ltr' id='par_1_12' title="bbox 1626 253 1688 286">
     <span class='ocr_line' id='line_1_53' title="bbox 1626 253 1688 286; baseline 0 0"><span class='ocrx_word' id='word_1_272' title='bbox 1626 253 1688 286; x_wconf 76' lang='grc'>417</span> 
     </span>
    </p>
   </div>
   <div class='ocr_carea' id='block_1_10' title="bbox 980 313 1927 1951">
    <p class='ocr_par' dir='ltr' id='par_1_13' title="bbox 981 313 1734 1485">
     <span class='ocr_line' id='line_1_54' title="bbox 988 313 1733 354; baseline 0.001 -8"><span class='ocrx_word' id='word_1_273' title='bbox 988 313 1108 347; x_wconf 86' lang='lat' dir='ltr'>insulas</span> <span class='ocrx_word' id='word_1_274' title='bbox 1127 313 1291 348; x_wconf 84' lang='lat' dir='ltr'>Sardiniae</span> <span class='ocrx_word' id='word_1_275' title='bbox 1311 319 1342 347; x_wconf 88' lang='lat' dir='ltr'>et</span> <span class='ocrx_word' id='word_1_276' title='bbox 1373 313 1532 354; x_wconf 75' lang='lat' dir='ltr'>Corsicae,</span> <span class='ocrx_word' id='word_1_277' title='bbox 1560 318 1662 347; x_wconf 78' lang='lat' dir='ltr'>terras</span> <span class='ocrx_word' id='word_1_278' title='bbox 1687 315 1733 347; x_wconf 92' lang='lat' dir='ltr'>ci-</span> 
     </span>
     <span class='ocr_line' id='line_1_55' title="bbox 987 367 1733 411; baseline 0.003 -13"><span class='ocrx_word' id='word_1_279' title='bbox 987 372 1034 399; x_wconf 88' lang='lat' dir='ltr'>tra</span> <span class='ocrx_word' id='word_1_280' title='bbox 1055 367 1206 407; x_wconf 84' lang='lat' dir='ltr'>Pharum,</span> <span class='ocrx_word' id='word_1_281' title='bbox 1230 368 1461 411; x_wconf 84' lang='lat' dir='ltr'>patrimonium</span> <span class='ocrx_word' id='word_1_282' title='bbox 1487 367 1572 401; x_wconf 89' lang='lat' dir='ltr'>Beati</span> <span class='ocrx_word' id='word_1_283' title='bbox 1590 367 1675 401; x_wconf 89' lang='lat' dir='ltr'>Petri</span> <span class='ocrx_word' id='word_1_284' title='bbox 1702 368 1733 401; x_wconf 93' lang='lat' dir='ltr'>in</span> 
     </span>
     <span class='ocr_line' id='line_1_56' title="bbox 986 420 1733 466; baseline 0.004 -14"><span class='ocrx_word' id='word_1_285' title='bbox 986 420 1111 460; x_wconf 81' lang='lat' dir='ltr'>Tuscia,</span> <span class='ocrx_word' id='word_1_286' title='bbox 1132 420 1284 454; x_wconf 74' lang='lat' dir='ltr'>(luculum</span> <span class='ocrx_word' id='word_1_287' title='bbox 1306 422 1527 466; x_wconf 85' lang='lat' dir='ltr'>Spoletanum,</span> <span class='ocrx_word' id='word_1_288' title='bbox 1543 421 1733 455; x_wconf 84' lang='lat' dir='ltr'>comitatum</span> 
     </span>
     <span class='ocr_line' id='line_1_57' title="bbox 987 473 1734 516; baseline 0.003 -10"><span class='ocrx_word' id='word_1_289' title='bbox 987 473 1219 513; x_wconf 78' lang='lat' dir='ltr'>Venaissinum,</span> <span class='ocrx_word' id='word_1_290' title='bbox 1240 475 1465 516; x_wconf 84' lang='lat' dir='ltr'>Sabinensem,</span> <span class='ocrx_word' id='word_1_291' title='bbox 1492 475 1650 508; x_wconf 84' lang='lat' dir='ltr'>Marchiae</span> <span class='ocrx_word' id='word_1_292' title='bbox 1671 475 1734 508; x_wconf 82' lang='lat' dir='ltr'>An-</span> 
     </span>
     <span class='ocr_line' id='line_1_58' title="bbox 987 527 1732 569; baseline 0.001 -9"><span class='ocrx_word' id='word_1_293' title='bbox 987 527 1166 569; x_wconf 56' lang='lat' dir='ltr'>constantio,</span> <span class='ocrx_word' id='word_1_294' title='bbox 1190 528 1306 562; x_wconf 81' lang='lat' dir='ltr'>Massac</span> <span class='ocrx_word' id='word_1_295' title='bbox 1327 529 1508 569; x_wconf 86' lang='lat' dir='ltr'>Trebariae,</span> <span class='ocrx_word' id='word_1_296' title='bbox 1533 528 1732 562; x_wconf 87' lang='lat' dir='ltr'>Romandio-</span> 
     </span>
     <span class='ocr_line' id='line_1_59' title="bbox 986 580 1729 626; baseline 0 -13"><span class='ocrx_word' id='word_1_297' title='bbox 986 580 1046 622; x_wconf 88' lang='lat' dir='ltr'>lae,</span> <span class='ocrx_word' id='word_1_298' title='bbox 1069 581 1262 625; x_wconf 81' lang='lat' dir='ltr'>Campaniae</span> <span class='ocrx_word' id='word_1_299' title='bbox 1287 587 1318 615; x_wconf 84' lang='lat' dir='ltr'>et</span> <span class='ocrx_word' id='word_1_300' title='bbox 1338 582 1511 616; x_wconf 85' lang='lat' dir='ltr'>Maritimae</span> <span class='ocrx_word' id='word_1_301' title='bbox 1532 581 1729 626; x_wconf 69' lang='lat' dir='ltr'>provincias,</span> 
     </span>
     <span class='ocr_line' id='line_1_60' title="bbox 987 634 1732 679; baseline 0.003 -13"><span class='ocrx_word' id='word_1_302' title='bbox 987 634 1180 678; x_wconf 86' lang='lat' dir='ltr'>illarumque</span> <span class='ocrx_word' id='word_1_303' title='bbox 1198 640 1299 667; x_wconf 85' lang='lat' dir='ltr'>terras</span> <span class='ocrx_word' id='word_1_304' title='bbox 1309 641 1337 667; x_wconf 85' lang='lat' dir='ltr'>et</span> <span class='ocrx_word' id='word_1_305' title='bbox 1350 636 1433 675; x_wconf 87' lang='lat' dir='ltr'>loca,</span> <span class='ocrx_word' id='word_1_306' title='bbox 1444 646 1480 668; x_wconf 91' lang='lat' dir='ltr'>ac</span> <span class='ocrx_word' id='word_1_307' title='bbox 1492 641 1593 668; x_wconf 86' lang='lat' dir='ltr'>terras</span> <span class='ocrx_word' id='word_1_308' title='bbox 1610 635 1732 679; x_wconf 86' lang='lat' dir='ltr'>specia-</span> 
     </span>
     <span class='ocr_line' id='line_1_61' title="bbox 986 687 1730 732; baseline 0.003 -12"><span class='ocrx_word' id='word_1_309' title='bbox 986 687 1023 720; x_wconf 86' lang='lat' dir='ltr'>lis</span> <span class='ocrx_word' id='word_1_310' title='bbox 1040 687 1275 721; x_wconf 76' lang='lat' dir='ltr'>commissionis</span> <span class='ocrx_word' id='word_1_311' title='bbox 1295 688 1549 732; x_wconf 70' lang='lat' dir='ltr'>Arnulphorum,</span> <span class='ocrx_word' id='word_1_312' title='bbox 1572 689 1730 722; x_wconf 84' lang='lat' dir='ltr'>civitates-</span> 
     </span>
     <span class='ocr_line' id='line_1_62' title="bbox 985 735 1731 784; baseline 0 -11"><span class='ocrx_word' id='word_1_313' title='bbox 985 752 1047 784; x_wconf 86' lang='lat' dir='ltr'>que</span> <span class='ocrx_word' id='word_1_314' title='bbox 1072 747 1197 774; x_wconf 87' lang='lat' dir='ltr'>nostras</span> <span class='ocrx_word' id='word_1_315' title='bbox 1231 735 1418 781; x_wconf 74' lang='lat' dir='ltr'>Bononiam,</span> <span class='ocrx_word' id='word_1_316' title='bbox 1447 741 1633 783; x_wconf 84' lang='lat' dir='ltr'>Caesenam,</span> <span class='ocrx_word' id='word_1_317' title='bbox 1661 741 1731 774; x_wconf 80' lang='lat' dir='ltr'>Ari-</span> 
     </span>
     <span class='ocr_line' id='line_1_63' title="bbox 986 795 1730 836; baseline 0 -8"><span class='ocrx_word' id='word_1_318' title='bbox 986 796 1122 836; x_wconf 78' lang='lat' dir='ltr'>minum,</span> <span class='ocrx_word' id='word_1_319' title='bbox 1142 796 1372 836; x_wconf 76' lang='lat' dir='ltr'>Beneventum,</span> <span class='ocrx_word' id='word_1_320' title='bbox 1398 795 1579 835; x_wconf 78' lang='lat' dir='ltr'>Perusiam,</span> <span class='ocrx_word' id='word_1_321' title='bbox 1601 795 1730 829; x_wconf 84' lang='lat' dir='ltr'>Avinio-</span> 
     </span>
     <span class='ocr_line' id='line_1_64' title="bbox 984 847 1730 889; baseline -0.001 -7"><span class='ocrx_word' id='word_1_322' title='bbox 984 860 1071 889; x_wconf 87' lang='lat' dir='ltr'>nem,</span> <span class='ocrx_word' id='word_1_323' title='bbox 1093 848 1257 882; x_wconf 74' lang='lat' dir='ltr'>Civitatem</span> <span class='ocrx_word' id='word_1_324' title='bbox 1278 847 1415 889; x_wconf 86' lang='lat' dir='ltr'>Castelli,</span> <span class='ocrx_word' id='word_1_325' title='bbox 1449 849 1623 881; x_wconf 88' lang='lat' dir='ltr'>Tudertum</span> <span class='ocrx_word' id='word_1_326' title='bbox 1645 853 1676 882; x_wconf 85' lang='lat' dir='ltr'>et</span> <span class='ocrx_word' id='word_1_327' title='bbox 1699 860 1730 881; x_wconf 89' lang='lat' dir='ltr'>a-</span> 
     </span>
     <span class='ocr_line' id='line_1_65' title="bbox 985 902 1730 940; baseline -0.001 -5"><span class='ocrx_word' id='word_1_328' title='bbox 985 903 1041 936; x_wconf 90' lang='lat' dir='ltr'>lias</span> <span class='ocrx_word' id='word_1_329' title='bbox 1062 902 1214 940; x_wconf 72' lang='lat' dir='ltr'>civitates,</span> <span class='ocrx_word' id='word_1_330' title='bbox 1238 907 1339 935; x_wconf 84' lang='lat' dir='ltr'>terras</span> <span class='ocrx_word' id='word_1_331' title='bbox 1359 907 1387 934; x_wconf 92' lang='lat' dir='ltr'>et</span> <span class='ocrx_word' id='word_1_332' title='bbox 1418 902 1488 935; x_wconf 87' lang='lat' dir='ltr'>loca</span> <span class='ocrx_word' id='word_1_333' title='bbox 1512 903 1559 934; x_wconf 72' lang='lat' dir='ltr'>vel</span> <span class='ocrx_word' id='word_1_334' title='bbox 1594 903 1664 935; x_wconf 90' lang='lat' dir='ltr'>iura</span> <span class='ocrx_word' id='word_1_335' title='bbox 1691 902 1730 934; x_wconf 88' lang='lat' dir='ltr'>ad</span> 
     </span>
     <span class='ocr_line' id='line_1_66' title="bbox 985 955 1727 1000; baseline -0.001 -11"><span class='ocrx_word' id='word_1_336' title='bbox 985 957 1086 1000; x_wconf 89' lang='lat' dir='ltr'>ipsam</span> <span class='ocrx_word' id='word_1_337' title='bbox 1117 956 1293 989; x_wconf 80' lang='lat' dir='ltr'>Romanam</span> <span class='ocrx_word' id='word_1_338' title='bbox 1325 955 1501 988; x_wconf 85' lang='lat' dir='ltr'>Ecclesiam</span> <span class='ocrx_word' id='word_1_339' title='bbox 1522 955 1727 998; x_wconf 81' lang='lat' dir='ltr'>pertinentia,</span> 
     </span>
     <span class='ocr_line' id='line_1_67' title="bbox 983 1009 1730 1054; baseline -0.004 -10"><span class='ocrx_word' id='word_1_340' title='bbox 983 1011 1152 1054; x_wconf 84' lang='lat' dir='ltr'>dictaeque</span> <span class='ocrx_word' id='word_1_341' title='bbox 1190 1010 1352 1043; x_wconf 85' lang='lat' dir='ltr'>Romanae</span> <span class='ocrx_word' id='word_1_342' title='bbox 1392 1009 1551 1042; x_wconf 86' lang='lat' dir='ltr'>Ecclesiae</span> <span class='ocrx_word' id='word_1_343' title='bbox 1592 1009 1730 1042; x_wconf 78' lang='lat' dir='ltr'>mediate</span> 
     </span>
     <span class='ocr_line' id='line_1_68' title="bbox 983 1062 1729 1107; baseline -0.004 -10"><span class='ocrx_word' id='word_1_344' title='bbox 983 1065 1029 1098; x_wconf 85' lang='lat' dir='ltr'>vel</span> <span class='ocrx_word' id='word_1_345' title='bbox 1064 1063 1248 1097; x_wconf 81' lang='lat' dir='ltr'>immediate</span> <span class='ocrx_word' id='word_1_346' title='bbox 1288 1063 1450 1104; x_wconf 74' lang='lat' dir='ltr'>subiecta3</span> <span class='ocrx_word' id='word_1_347' title='bbox 1489 1062 1583 1107; x_wconf 83' lang='lat' dir='ltr'>quive</span> <span class='ocrx_word' id='word_1_348' title='bbox 1616 1073 1729 1106; x_wconf 84' lang='lat' dir='ltr'>supre-</span> 
     </span>
     <span class='ocr_line' id='line_1_69' title="bbox 984 1116 1730 1157; baseline -0.005 -5"><span class='ocrx_word' id='word_1_349' title='bbox 984 1129 1069 1152; x_wconf 80' lang='lat' dir='ltr'>mam</span> <span class='ocrx_word' id='word_1_350' title='bbox 1090 1117 1358 1157; x_wconf 72' lang='lat' dir='ltr'>iurisdictionem,</span> <span class='ocrx_word' id='word_1_351' title='bbox 1382 1117 1415 1149; x_wconf 90' lang='lat' dir='ltr'>in</span> <span class='ocrx_word' id='word_1_352' title='bbox 1439 1116 1501 1149; x_wconf 91' lang='lat' dir='ltr'>illis</span> <span class='ocrx_word' id='word_1_353' title='bbox 1521 1116 1613 1149; x_wconf 90' lang='lat' dir='ltr'>nobis</span> <span class='ocrx_word' id='word_1_354' title='bbox 1638 1122 1667 1149; x_wconf 86' lang='lat' dir='ltr'>et</span> <span class='ocrx_word' id='word_1_355' title='bbox 1687 1116 1730 1149; x_wconf 83' lang='lat' dir='ltr'>ci-</span> 
     </span>
     <span class='ocr_line' id='line_1_70' title="bbox 981 1171 1726 1215; baseline -0.005 -9"><span class='ocrx_word' id='word_1_356' title='bbox 981 1173 1055 1206; x_wconf 86' lang='lat' dir='ltr'>dem</span> <span class='ocrx_word' id='word_1_357' title='bbox 1088 1172 1250 1205; x_wconf 85' lang='lat' dir='ltr'>Romanae</span> <span class='ocrx_word' id='word_1_358' title='bbox 1284 1171 1445 1204; x_wconf 83' lang='lat' dir='ltr'>Ecclesiae</span> <span class='ocrx_word' id='word_1_359' title='bbox 1478 1175 1726 1215; x_wconf 87' lang='lat' dir='ltr'>competentem,</span> 
     </span>
     <span class='ocr_line' id='line_1_71' title="bbox 982 1224 1728 1269; baseline -0.004 -10"><span class='ocrx_word' id='word_1_360' title='bbox 982 1227 1022 1260; x_wconf 86' lang='lat' dir='ltr'>de</span> <span class='ocrx_word' id='word_1_361' title='bbox 1043 1227 1124 1259; x_wconf 84' lang='lat' dir='ltr'>sacto</span> <span class='ocrx_word' id='word_1_362' title='bbox 1147 1236 1315 1269; x_wconf 77' lang='lat' dir='ltr'>usurpare,</span> <span class='ocrx_word' id='word_1_363' title='bbox 1352 1224 1555 1268; x_wconf 87' lang='lat' dir='ltr'>perturbare,</span> <span class='ocrx_word' id='word_1_364' title='bbox 1589 1224 1728 1256; x_wconf 81' lang='lat' dir='ltr'>retinere</span> 
     </span>
     <span class='ocr_line' id='line_1_72' title="bbox 983 1276 1728 1322; baseline -0.007 -8"><span class='ocrx_word' id='word_1_365' title='bbox 983 1286 1013 1314; x_wconf 87' lang='lat' dir='ltr'>et</span> <span class='ocrx_word' id='word_1_366' title='bbox 1032 1291 1143 1313; x_wconf 77' lang='lat' dir='ltr'>vexare</span> <span class='ocrx_word' id='word_1_367' title='bbox 1168 1279 1263 1313; x_wconf 90' lang='lat' dir='ltr'>variis</span> <span class='ocrx_word' id='word_1_368' title='bbox 1289 1278 1392 1311; x_wconf 89' lang='lat' dir='ltr'>modis</span> <span class='ocrx_word' id='word_1_369' title='bbox 1412 1282 1635 1322; x_wconf 87' lang='lat' dir='ltr'>praesumunt.</span> <span class='ocrx_word' id='word_1_370' title='bbox 1653 1276 1728 1310; x_wconf 88' lang='lat' dir='ltr'>Nec-</span> 
     </span>
     <span class='ocr_line' id='line_1_73' title="bbox 981 1331 1729 1373; baseline -0.007 -6"><span class='ocrx_word' id='word_1_371' title='bbox 981 1344 1047 1368; x_wconf 91' lang='lat' dir='ltr'>non</span> <span class='ocrx_word' id='word_1_372' title='bbox 1066 1334 1288 1373; x_wconf 80' lang='lat' dir='ltr'>adhaerentes,</span> <span class='ocrx_word' id='word_1_373' title='bbox 1320 1333 1461 1365; x_wconf 81' lang='lat' dir='ltr'>fautores</span> <span class='ocrx_word' id='word_1_374' title='bbox 1481 1337 1511 1364; x_wconf 89' lang='lat' dir='ltr'>et</span> <span class='ocrx_word' id='word_1_375' title='bbox 1546 1331 1729 1364; x_wconf 84' lang='lat' dir='ltr'>defensores</span> 
     </span>
     <span class='ocr_line' id='line_1_74' title="bbox 982 1383 1727 1428; baseline -0.008 -6"><span class='ocrx_word' id='word_1_376' title='bbox 982 1399 1106 1428; x_wconf 90' lang='lat' dir='ltr'>eorum,</span> <span class='ocrx_word' id='word_1_377' title='bbox 1127 1398 1183 1421; x_wconf 88' lang='lat' dir='ltr'>seu</span> <span class='ocrx_word' id='word_1_378' title='bbox 1204 1387 1267 1420; x_wconf 88' lang='lat' dir='ltr'>illis</span> <span class='ocrx_word' id='word_1_379' title='bbox 1287 1385 1453 1426; x_wconf 83' lang='lat' dir='ltr'>auxilium,</span> <span class='ocrx_word' id='word_1_380' title='bbox 1482 1384 1653 1419; x_wconf 84' lang='lat' dir='ltr'>consilium</span> <span class='ocrx_word' id='word_1_381' title='bbox 1679 1383 1727 1416; x_wconf 81' lang='lat' dir='ltr'>vel</span> 
     </span>
     <span class='ocr_line' id='line_1_75' title="bbox 983 1440 1638 1485; baseline -0.006 -10"><span class='ocrx_word' id='word_1_382' title='bbox 983 1443 1122 1475; x_wconf 69' lang='lat' dir='ltr'>savorem</span> <span class='ocrx_word' id='word_1_383' title='bbox 1157 1440 1403 1485; x_wconf 72' lang='lat' dir='ltr'>quomodolibet</span> <span class='ocrx_word' id='word_1_384' title='bbox 1429 1443 1638 1483; x_wconf 86' lang='lat' dir='ltr'>praestantes.</span> 
     </span>
    </p>

    <p class='ocr_par' dir='ltr' id='par_1_14' title="bbox 980 1492 1927 1951">
     <span class='ocr_line' id='line_1_76' title="bbox 1024 1492 1926 1540; baseline -0.01 -11"><span class='ocrx_word' id='word_1_385' title='bbox 1024 1495 1111 1540; x_wconf 61' lang='lat' dir='ltr'>§Q&#39;L</span> <span class='ocrx_word' id='word_1_386' title='bbox 1134 1495 1266 1528; x_wconf 85' lang='lat' dir='ltr'>Necnon</span> <span class='ocrx_word' id='word_1_387' title='bbox 1299 1501 1411 1527; x_wconf 82' lang='lat' dir='ltr'>omnes</span> <span class='ocrx_word' id='word_1_388' title='bbox 1444 1499 1475 1526; x_wconf 87' lang='lat' dir='ltr'>et</span> <span class='ocrx_word' id='word_1_389' title='bbox 1505 1492 1649 1535; x_wconf 80' lang='lat' dir='ltr'>singulos</span> <span class='ocrx_word' id='word_1_390' title='bbox 1677 1502 1729 1524; x_wconf 86' lang='lat' dir='ltr'>su·</span> <span class='ocrx_word' id='word_1_391' title='bbox 1770 1499 1926 1537; x_wconf 49' lang='lat' dir='ltr'>flamereshe-</span> 
     </span>
     <span class='ocr_line' id='line_1_77' title="bbox 981 1532 1926 1594; baseline -0.006 -11"><span class='ocrx_word' id='word_1_392' title='bbox 981 1549 1203 1594; x_wconf 78' lang='lat' dir='ltr'>pellectilium,</span> <span class='ocrx_word' id='word_1_393' title='bbox 1226 1549 1398 1588; x_wconf 84' lang='lat' dir='ltr'>librorum,</span> <span class='ocrx_word' id='word_1_394' title='bbox 1431 1546 1666 1590; x_wconf 88' lang='lat' dir='ltr'>scripturarum</span> <span class='ocrx_word' id='word_1_395' title='bbox 1698 1532 1926 1589; x_wconf 53' lang='lat' dir='ltr'>etss&#39;ssguffssposs&#39;g&#39;ssssg</span> 
     </span>
     <span class='ocr_line' id='line_1_78' title="bbox 980 1595 1927 1646; baseline -0.007 -9"><span class='ocrx_word' id='word_1_396' title='bbox 980 1604 1141 1638; x_wconf 85' lang='lat' dir='ltr'>bonorum</span> <span class='ocrx_word' id='word_1_397' title='bbox 1167 1604 1318 1638; x_wconf 87' lang='lat' dir='ltr'>Gamerae</span> <span class='ocrx_word' id='word_1_398' title='bbox 1353 1606 1383 1635; x_wconf 88' lang='lat' dir='ltr'>et</span> <span class='ocrx_word' id='word_1_399' title='bbox 1415 1599 1527 1633; x_wconf 87' lang='lat' dir='ltr'>Palatii</span> <span class='ocrx_word' id='word_1_400' title='bbox 1552 1595 1927 1646; x_wconf 43' lang='lat' dir='ltr'>Apostoliciffiffaffssgepssnffi</span> 
     </span>
     <span class='ocr_line' id='line_1_79' title="bbox 981 1652 1926 1708; baseline -0.011 -15"><span class='ocrx_word' id='word_1_401' title='bbox 981 1669 1019 1692; x_wconf 80' lang='lat' dir='ltr'>ex</span> <span class='ocrx_word' id='word_1_402' title='bbox 1042 1659 1155 1692; x_wconf 85' lang='lat' dir='ltr'>eodem</span> <span class='ocrx_word' id='word_1_403' title='bbox 1190 1656 1322 1696; x_wconf 82' lang='lat' dir='ltr'>Palatio,</span> <span class='ocrx_word' id='word_1_404' title='bbox 1363 1654 1558 1687; x_wconf 82' lang='lat' dir='ltr'>infirmitatis</span> <span class='ocrx_word' id='word_1_405' title='bbox 1591 1652 1726 1685; x_wconf 83' lang='lat' dir='ltr'>Romani</span> <span class='ocrx_word' id='word_1_406' title='bbox 1743 1656 1926 1708; x_wconf 38' lang='lat' dir='ltr'>genilfffsaggdsscxz</span> 
     </span>
     <span class='ocr_line' id='line_1_80' title="bbox 980 1705 1869 1752; baseline -0.009 -7"><span class='ocrx_word' id='word_1_407' title='bbox 980 1711 1145 1745; x_wconf 84' lang='lat' dir='ltr'>Pontificis</span> <span class='ocrx_word' id='word_1_408' title='bbox 1164 1722 1200 1744; x_wconf 89' lang='lat' dir='ltr'>ac</span> <span class='ocrx_word' id='word_1_409' title='bbox 1220 1710 1311 1743; x_wconf 84' lang='lat' dir='ltr'>Sedis</span> <span class='ocrx_word' id='word_1_410' title='bbox 1331 1708 1535 1752; x_wconf 83' lang='lat' dir='ltr'>Apostolicae</span> <span class='ocrx_word' id='word_1_411' title='bbox 1554 1705 1727 1740; x_wconf 78' lang='lat' dir='ltr'>vacationis</span> <span class='ocrx_word' id='word_1_412' title='bbox 1742 1717 1869 1744; x_wconf 58' lang='lat' dir='ltr'>postoima.</span> 
     </span>
     <span class='ocr_line' id='line_1_81' title="bbox 980 1755 1727 1806; baseline -0.012 -11"><span class='ocrx_word' id='word_1_413' title='bbox 980 1768 1139 1806; x_wconf 83' lang='lat' dir='ltr'>tempore,</span> <span class='ocrx_word' id='word_1_414' title='bbox 1175 1760 1345 1798; x_wconf 75' lang='lat' dir='ltr'>ablatores,</span> <span class='ocrx_word' id='word_1_415' title='bbox 1372 1762 1518 1801; x_wconf 85' lang='lat' dir='ltr'>raptores</span> <span class='ocrx_word' id='word_1_416' title='bbox 1542 1761 1572 1789; x_wconf 88' lang='lat' dir='ltr'>et</span> <span class='ocrx_word' id='word_1_417' title='bbox 1596 1755 1727 1788; x_wconf 89' lang='lat' dir='ltr'>illorum</span> 
     </span>
     <span class='ocr_line' id='line_1_82' title="bbox 981 1805 1728 1852; baseline -0.011 -9"><span class='ocrx_word' id='word_1_418' title='bbox 981 1811 1174 1850; x_wconf 87' lang='lat' dir='ltr'>detentores,</span> <span class='ocrx_word' id='word_1_419' title='bbox 1198 1820 1234 1841; x_wconf 86' lang='lat' dir='ltr'>ac</span> <span class='ocrx_word' id='word_1_420' title='bbox 1253 1816 1473 1852; x_wconf 84' lang='lat' dir='ltr'>quoscumque</span> <span class='ocrx_word' id='word_1_421' title='bbox 1487 1805 1577 1845; x_wconf 85' lang='lat' dir='ltr'>alios,</span> <span class='ocrx_word' id='word_1_422' title='bbox 1596 1805 1632 1837; x_wconf 90' lang='lat' dir='ltr'>ad</span> <span class='ocrx_word' id='word_1_423' title='bbox 1648 1814 1728 1847; x_wconf 88' lang='lat' dir='ltr'>quo-</span> 
     </span>
     <span class='ocr_line' id='line_1_83' title="bbox 980 1855 1726 1900; baseline -0.011 -7"><span class='ocrx_word' id='word_1_424' title='bbox 980 1871 1052 1893; x_wconf 91' lang='lat' dir='ltr'>rum</span> <span class='ocrx_word' id='word_1_425' title='bbox 1078 1870 1192 1892; x_wconf 82' lang='lat' dir='ltr'>manus</span> <span class='ocrx_word' id='word_1_426' title='bbox 1225 1858 1309 1890; x_wconf 82' lang='lat' dir='ltr'>bona</span> <span class='ocrx_word' id='word_1_427' title='bbox 1333 1855 1495 1900; x_wconf 87' lang='lat' dir='ltr'>praedicta</span> <span class='ocrx_word' id='word_1_428' title='bbox 1521 1863 1726 1897; x_wconf 89' lang='lat' dir='ltr'>quocumque</span> 
     </span>
     <span class='ocr_line' id='line_1_84' title="bbox 981 1904 1726 1951; baseline -0.011 -9"><span class='ocrx_word' id='word_1_429' title='bbox 981 1909 1075 1942; x_wconf 90' lang='lat' dir='ltr'>titulo</span> <span class='ocrx_word' id='word_1_430' title='bbox 1095 1914 1125 1942; x_wconf 90' lang='lat' dir='ltr'>et</span> <span class='ocrx_word' id='word_1_431' title='bbox 1145 1919 1181 1942; x_wconf 84' lang='lat' dir='ltr'>ex</span> <span class='ocrx_word' id='word_1_432' title='bbox 1203 1907 1312 1951; x_wconf 89' lang='lat' dir='ltr'>quavis</span> <span class='ocrx_word' id='word_1_433' title='bbox 1340 1915 1436 1938; x_wconf 85' lang='lat' dir='ltr'>causa</span> <span class='ocrx_word' id='word_1_434' title='bbox 1457 1904 1596 1937; x_wconf 88' lang='lat' dir='ltr'>scienter</span> <span class='ocrx_word' id='word_1_435' title='bbox 1615 1913 1726 1946; x_wconf 89' lang='lat' dir='ltr'>perve-</span> 
     </span>
    </p>
   </div>
   <div class='ocr_carea' id='block_1_11' title="bbox 981 1963 1926 2635">
    <p class='ocr_par' dir='ltr' id='par_1_15' title="bbox 981 1963 1099 1991">
     <span class='ocr_line' id='line_1_85' title="bbox 981 1963 1099 1991; baseline 0 -1"><span class='ocrx_word' id='word_1_436' title='bbox 981 1963 1099 1991; x_wconf 84' lang='lat' dir='ltr'>nerlnt.</span> 
     </span>
    </p>

    <p class='ocr_par' dir='ltr' id='par_1_16' title="bbox 981 2006 1926 2335">
     <span class='ocr_line' id='line_1_86' title="bbox 1024 2006 1925 2049; baseline -0.007 -9"><span class='ocrx_word' id='word_1_437' title='bbox 1024 2008 1038 2049; x_wconf 65' lang='lat' dir='ltr'>g</span> <span class='ocrx_word' id='word_1_438' title='bbox 1058 2006 1111 2039; x_wconf 66' lang='lat'>22.</span> <span class='ocrx_word' id='word_1_439' title='bbox 1134 2006 1282 2039; x_wconf 85' lang='lat' dir='ltr'>Volentes</span> <span class='ocrx_word' id='word_1_440' title='bbox 1304 2008 1487 2047; x_wconf 86' lang='lat' dir='ltr'>praesentes</span> <span class='ocrx_word' id='word_1_441' title='bbox 1509 2006 1634 2034; x_wconf 85' lang='lat' dir='ltr'>nostros</span> <span class='ocrx_word' id='word_1_442' title='bbox 1654 2010 1727 2043; x_wconf 91' lang='lat' dir='ltr'>pro·</span> <span class='ocrx_word' id='word_1_443' title='bbox 1768 2010 1824 2033; x_wconf 77' lang='lat' dir='ltr'>naec</span> <span class='ocrx_word' id='word_1_444' title='bbox 1841 2014 1925 2034; x_wconf 75' lang='lat' dir='ltr'>consu-</span> 
     </span>
     <span class='ocr_line' id='line_1_87' title="bbox 981 2044 1926 2102; baseline -0.013 -12"><span class='ocrx_word' id='word_1_445' title='bbox 981 2067 1090 2090; x_wconf 85' lang='lat' dir='ltr'>cessus</span> <span class='ocrx_word' id='word_1_446' title='bbox 1118 2066 1155 2088; x_wconf 87' lang='lat' dir='ltr'>ac</span> <span class='ocrx_word' id='word_1_447' title='bbox 1175 2054 1283 2088; x_wconf 89' lang='lat' dir='ltr'>omnia</span> <span class='ocrx_word' id='word_1_448' title='bbox 1307 2060 1338 2085; x_wconf 88' lang='lat' dir='ltr'>et</span> <span class='ocrx_word' id='word_1_449' title='bbox 1357 2060 1579 2094; x_wconf 83' lang='lat' dir='ltr'>quaecumque</span> <span class='ocrx_word' id='word_1_450' title='bbox 1600 2049 1648 2081; x_wconf 90' lang='lat' dir='ltr'>his</span> <span class='ocrx_word' id='word_1_451' title='bbox 1674 2049 1725 2081; x_wconf 88' lang='lat' dir='ltr'>lit·</span> <span class='ocrx_word' id='word_1_452' title='bbox 1742 2044 1926 2102; x_wconf 45' lang='lat' dir='ltr'>ss‘fffdu‘ss&#39;ug&#39;fg</span> 
     </span>
     <span class='ocr_line' id='line_1_88' title="bbox 981 2098 1926 2146; baseline -0.015 -7"><span class='ocrx_word' id='word_1_453' title='bbox 981 2106 1057 2139; x_wconf 89' lang='lat' dir='ltr'>teris</span> <span class='ocrx_word' id='word_1_454' title='bbox 1076 2109 1236 2143; x_wconf 88' lang='lat' dir='ltr'>contenta,</span> <span class='ocrx_word' id='word_1_455' title='bbox 1259 2112 1427 2146; x_wconf 81' lang='lat' dir='ltr'>quousque</span> <span class='ocrx_word' id='word_1_456' title='bbox 1455 2099 1509 2133; x_wconf 85' lang='lat' dir='ltr'>alii</span> <span class='ocrx_word' id='word_1_457' title='bbox 1540 2098 1727 2131; x_wconf 88' lang='lat' dir='ltr'>huiusmodi</span> <span class='ocrx_word' id='word_1_458' title='bbox 1742 2106 1926 2141; x_wconf 32' lang='lat' dir='ltr'>optionem-ane-</span> 
     </span>
     <span class='ocr_line' id='line_1_89' title="bbox 981 2136 1926 2199; baseline -0.012 -11"><span class='ocrx_word' id='word_1_459' title='bbox 981 2165 1152 2199; x_wconf 85' lang='lat' dir='ltr'>processus</span> <span class='ocrx_word' id='word_1_460' title='bbox 1175 2164 1193 2185; x_wconf 86' lang='lat' dir='ltr'>a</span> <span class='ocrx_word' id='word_1_461' title='bbox 1212 2152 1304 2185; x_wconf 89' lang='lat' dir='ltr'>nobis</span> <span class='ocrx_word' id='word_1_462' title='bbox 1324 2156 1378 2183; x_wconf 84' lang='lat' dir='ltr'>aut</span> <span class='ocrx_word' id='word_1_463' title='bbox 1398 2150 1543 2182; x_wconf 85' lang='lat' dir='ltr'>Romano</span> <span class='ocrx_word' id='word_1_464' title='bbox 1572 2136 1926 2188; x_wconf 62' lang='lat' dir='ltr'>P0n1i50022?,{{;31,¹};?⁰⁰¹²·</span> 
     </span>
     <span class='ocr_line' id='line_1_90' title="bbox 982 2196 1729 2248; baseline -0.012 -11"><span class='ocrx_word' id='word_1_465' title='bbox 982 2215 1041 2248; x_wconf 90' lang='lat' dir='ltr'>pro</span> <span class='ocrx_word' id='word_1_466' title='bbox 1063 2209 1207 2246; x_wconf 90' lang='lat' dir='ltr'>tempore</span> <span class='ocrx_word' id='word_1_467' title='bbox 1241 2198 1395 2233; x_wconf 85' lang='lat' dir='ltr'>existente</span> <span class='ocrx_word' id='word_1_468' title='bbox 1432 2197 1510 2230; x_wconf 87' lang='lat' dir='ltr'>fiant</span> <span class='ocrx_word' id='word_1_469' title='bbox 1542 2202 1598 2229; x_wconf 88' lang='lat' dir='ltr'>aut</span> <span class='ocrx_word' id='word_1_470' title='bbox 1621 2196 1729 2240; x_wconf 89' lang='lat' dir='ltr'>publi-</span> 
     </span>
     <span class='ocr_line' id='line_1_91' title="bbox 982 2244 1728 2293; baseline -0.012 -7"><span class='ocrx_word' id='word_1_471' title='bbox 982 2258 1108 2293; x_wconf 84' lang='lat' dir='ltr'>centur,</span> <span class='ocrx_word' id='word_1_472' title='bbox 1131 2252 1260 2290; x_wconf 85' lang='lat' dir='ltr'>durare,</span> <span class='ocrx_word' id='word_1_473' title='bbox 1283 2257 1423 2290; x_wconf 83' lang='lat' dir='ltr'>suosque</span> <span class='ocrx_word' id='word_1_474' title='bbox 1443 2246 1576 2280; x_wconf 80' lang='lat' dir='ltr'>effectus</span> <span class='ocrx_word' id='word_1_475' title='bbox 1595 2244 1728 2279; x_wconf 91' lang='lat' dir='ltr'>omnino</span> 
     </span>
     <span class='ocr_line' id='line_1_92' title="bbox 982 2301 1101 2335; baseline -0.025 0"><span class='ocrx_word' id='word_1_476' title='bbox 982 2301 1101 2335; x_wconf 85' lang='lat' dir='ltr'>sortiri.</span> 
     </span>
    </p>

    <p class='ocr_par' dir='ltr' id='par_1_17' title="bbox 982 2342 1731 2635">
     <span class='ocr_line' id='line_1_93' title="bbox 1026 2342 1729 2393; baseline -0.013 -10"><span class='ocrx_word' id='word_1_477' title='bbox 1026 2351 1041 2393; x_wconf 63' lang='grc' dir='ltr'><strong>ἓ</strong></span> <span class='ocrx_word' id='word_1_478' title='bbox 1074 2349 1127 2382; x_wconf 64' lang='lat'>23.</span> <span class='ocrx_word' id='word_1_479' title='bbox 1155 2348 1303 2381; x_wconf 75' lang='lat' dir='ltr'>Ceterum</span> <span class='ocrx_word' id='word_1_480' title='bbox 1328 2356 1346 2377; x_wconf 91' lang='lat' dir='ltr'>a</span> <span class='ocrx_word' id='word_1_481' title='bbox 1371 2342 1544 2388; x_wconf 87' lang='lat' dir='ltr'>praedictis</span> <span class='ocrx_word' id='word_1_482' title='bbox 1563 2342 1729 2376; x_wconf 87' lang='lat' dir='ltr'>sententiis</span> 
     </span>
     <span class='ocr_line' id='line_1_94' title="bbox 982 2393 1728 2441; baseline -0.011 -9"><span class='ocrx_word' id='word_1_483' title='bbox 982 2400 1091 2432; x_wconf 87' lang='lat' dir='ltr'>nullus</span> <span class='ocrx_word' id='word_1_484' title='bbox 1110 2408 1166 2441; x_wconf 87' lang='lat' dir='ltr'>per</span> <span class='ocrx_word' id='word_1_485' title='bbox 1191 2396 1289 2429; x_wconf 88' lang='lat' dir='ltr'>alium</span> <span class='ocrx_word' id='word_1_486' title='bbox 1324 2404 1422 2438; x_wconf 88' lang='lat' dir='ltr'>quam</span> <span class='ocrx_word' id='word_1_487' title='bbox 1455 2403 1514 2437; x_wconf 88' lang='lat' dir='ltr'>per</span> <span class='ocrx_word' id='word_1_488' title='bbox 1546 2393 1728 2425; x_wconf 88' lang='lat' dir='ltr'>Romanum</span> 
     </span>
     <span class='ocr_line' id='line_1_95' title="bbox 983 2441 1731 2482; baseline -0.009 -2"><span class='ocrx_word' id='word_1_489' title='bbox 983 2448 1183 2482; x_wconf 81' lang='lat' dir='ltr'>Pontificem,</span> <span class='ocrx_word' id='word_1_490' title='bbox 1207 2444 1267 2478; x_wconf 89' lang='lat' dir='ltr'>nisi</span> <span class='ocrx_word' id='word_1_491' title='bbox 1291 2444 1324 2476; x_wconf 82' lang='lat' dir='ltr'>in</span> <span class='ocrx_word' id='word_1_492' title='bbox 1346 2441 1459 2476; x_wconf 87' lang='lat' dir='ltr'>mortis</span> <span class='ocrx_word' id='word_1_493' title='bbox 1487 2441 1625 2475; x_wconf 88' lang='lat' dir='ltr'>articulo</span> <span class='ocrx_word' id='word_1_494' title='bbox 1654 2451 1731 2474; x_wconf 90' lang='lat' dir='ltr'>con-</span> 
     </span>
     <span class='ocr_line' id='line_1_96' title="bbox 984 2490 1730 2535; baseline -0.008 -7"><span class='ocrx_word' id='word_1_495' title='bbox 984 2497 1124 2535; x_wconf 67' lang='lat' dir='ltr'>stitutus,</span> <span class='ocrx_word' id='word_1_496' title='bbox 1152 2504 1211 2527; x_wconf 88' lang='lat' dir='ltr'>nec</span> <span class='ocrx_word' id='word_1_497' title='bbox 1240 2493 1336 2525; x_wconf 89' lang='lat' dir='ltr'>etiam</span> <span class='ocrx_word' id='word_1_498' title='bbox 1356 2497 1446 2532; x_wconf 88' lang='lat' dir='ltr'>tunc,</span> <span class='ocrx_word' id='word_1_499' title='bbox 1475 2490 1536 2524; x_wconf 89' lang='lat' dir='ltr'>nisi</span> <span class='ocrx_word' id='word_1_500' title='bbox 1556 2490 1596 2523; x_wconf 86' lang='lat' dir='ltr'>de</span> <span class='ocrx_word' id='word_1_501' title='bbox 1616 2490 1730 2523; x_wconf 87' lang='lat' dir='ltr'>stando</span> 
     </span>
     <span class='ocr_line' id='line_1_97' title="bbox 984 2539 1731 2583; baseline -0.009 -5"><span class='ocrx_word' id='word_1_502' title='bbox 984 2543 1167 2578; x_wconf 84' lang='lat' dir='ltr'>Ecclesiae¹</span> <span class='ocrx_word' id='word_1_503' title='bbox 1184 2540 1448 2575; x_wconf 86' lang='lat' dir='ltr'>ctsatissaciendo</span> <span class='ocrx_word' id='word_1_504' title='bbox 1469 2539 1619 2573; x_wconf 87' lang='lat' dir='ltr'>cautione</span> <span class='ocrx_word' id='word_1_505' title='bbox 1638 2550 1731 2583; x_wconf 86' lang='lat' dir='ltr'>prae-</span> 
     </span>
     <span class='ocr_line' id='line_1_98' title="bbox 985 2589 1731 2635; baseline -0.008 -8"><span class='ocrx_word' id='word_1_506' title='bbox 985 2594 1067 2635; x_wconf 85' lang='lat' dir='ltr'>stita,</span> <span class='ocrx_word' id='word_1_507' title='bbox 1086 2591 1204 2626; x_wconf 81' lang='lat' dir='ltr'>absolvi</span> <span class='ocrx_word' id='word_1_508' title='bbox 1229 2590 1341 2634; x_wconf 82' lang='lat' dir='ltr'>possit,</span> <span class='ocrx_word' id='word_1_509' title='bbox 1363 2589 1458 2623; x_wconf 87' lang='lat' dir='ltr'>etiam</span> <span class='ocrx_word' id='word_1_510' title='bbox 1477 2593 1642 2633; x_wconf 79' lang='lat' dir='ltr'>praetextu</span> <span class='ocrx_word' id='word_1_511' title='bbox 1654 2599 1731 2631; x_wconf 86' lang='lat' dir='ltr'>qua-</span> 
     </span>
    </p>
   </div>
   <div class='ocr_carea' id='block_1_12' title="bbox 1750 260 1931 291">
    <p class='ocr_par' dir='ltr' id='par_1_18' title="bbox 1750 260 1931 291">
     <span class='ocr_line' id='line_1_99' title="bbox 1750 260 1931 291; baseline 0.006 -1"><span class='ocrx_word' id='word_1_512' title='bbox 1750 260 1801 290; x_wconf 79' lang='lat' dir='ltr'>An.</span> <span class='ocrx_word' id='word_1_513' title='bbox 1819 260 1931 291; x_wconf 68' lang='lat'><strong>01:583</strong></span> 
     </span>
    </p>
   </div>
   <div class='ocr_carea' id='block_1_13' title="bbox 1744 2353 1926 2407">
    <p class='ocr_par' dir='ltr' id='par_1_19' title="bbox 1744 2353 1926 2407">
     <span class='ocr_line' id='line_1_100' title="bbox 1801 2353 1926 2376; baseline 0.008 -1"><span class='ocrx_word' id='word_1_514' title='bbox 1801 2353 1926 2376; x_wconf 67' lang='lat' dir='ltr'>Reservatto</span> 
     </span>
     <span class='ocr_line' id='line_1_101' title="bbox 1744 2385 1890 2407; baseline 0.007 -2"><span class='ocrx_word' id='word_1_515' title='bbox 1744 2385 1890 2407; x_wconf 76' lang='lat' dir='ltr'>absolutionis.</span> 
     </span>
    </p>
   </div>
   <div class='ocr_carea' id='block_1_14' title="bbox 1021 2658 1548 2692">
    <p class='ocr_par' dir='ltr' id='par_1_20' title="bbox 1021 2658 1548 2692">
     <span class='ocr_line' id='line_1_102' title="bbox 1021 2658 1548 2692; baseline -0.004 -3"><span class='ocrx_word' id='word_1_516' title='bbox 1021 2663 1032 2689; x_wconf 87' lang='lat' dir='ltr'>t</span> <span class='ocrx_word' id='word_1_517' title='bbox 1056 2660 1178 2688; x_wconf 82' lang='lat' dir='ltr'>Cherub.</span> <span class='ocrx_word' id='word_1_518' title='bbox 1196 2658 1272 2687; x_wconf 77' lang='lat' dir='ltr'>addit</span> <span class='ocrx_word' id='word_1_519' title='bbox 1285 2658 1422 2686; x_wconf 80' lang='lat' dir='ltr'>mandatis</span> <span class='ocrx_word' id='word_1_520' title='bbox 1441 2659 1481 2692; x_wconf 77' lang='lat' dir='ltr'>(R.</span> <span class='ocrx_word' id='word_1_521' title='bbox 1497 2658 1548 2692; x_wconf 80' lang='grc' dir='ltr'><strong>τ.).</strong></span> 
     </span>
    </p>
   </div>
  </div>
 </body>
</html>
