2059 3228
40 270 90 296 An.
100 265 129 292 C.
143 264 208 291 1574

57 1315 122 1340 «ιρι,

47 1572 81 1810 ..tJ-‘v'ss-Q-‘wzf
53 1485 69 1546 ,-
54 1451 62 1454 1

829 264 1009 290 GREGORIUS
1034 264 1089 286 XIII
1115 265 1164 287 1⁵1¹.

1669 256 1708 284 titi

234 326 283 359 his
306 325 410 358 minus
427 322 574 365 legitimis
591 321 767 354 rationibus
783 320 822 353 ad
839 318 976 361 regenda
1006 316 1113 349 stolica
1138 316 1178 348 sit
1204 316 1279 348 Sede
1306 317 1459 349 indultum
1485 316 1569 359 quod
1594 315 1751 355 interdici,

235 377 424 412 monasteria
449 376 493 408 vel
518 375 678 417 prioratus
716 378 769 405 aut
793 372 852 404 alia
875 369 977 403 officia
1006 369 1158 412 suspendi
1186 370 1231 401 vel
1255 369 1517 402 1=x‹-01111111111icai·i
1544 378 1606 401 non
1632 367 1752 410 possint

235 443 267 466 se
290 430 362 474 eligi
387 435 437 461 aut
467 428 582 461 assumi
607 425 812 465 obtinuerint,
829 434 886 467 per
898 423 979 455 eius·
1011 433 1068 465 per
1091 422 1211 454 litteras
1235 423 1419 465 apostolicas
1443 433 1506 455 non
1523 422 1672 454 facientes
1689 420 1751 463 ple-

237 484 308 518 dem
331 481 588 525 congregationis
624 479 801 523 superiores
839 476 980 519 quando-
1009 485 1083 507 nam
1100 481 1127 508 et
1147 486 1322 518 expressam
1347 486 1383 507 ac
1407 476 1443 507 de
1460 475 1553 508 verbo
1566 474 1606 506 ad
1622 473 1751 505 verbum

239 546 373 578 cumque
400 534 537 577 procedi,
562 538 602 573 et,
627 532 672 565 rei
697 531 826 565 veritate
844 530 980 573 cognita,
1013 529 1050 561 dc
1074 528 1197 560 indulto
1222 528 1400 560 huiusmodi
1427 526 1628 560 mentionem.

239 587 403 630 condignis
419 586 537 630 poenis,
552 590 712 627 tamquam
724 582 869 626 publicae
882 581 983 614 dictae

240 638 496 681 congregationis
513 636 628 680 quietis
644 635 891 679 perturbatores,
904 633 982 666 affici

241 701 331 735 posse
355 696 383 723 et
410 690 533 722 debere.
564 689 601 722 Et
624 689 666 721 ita
690 699 746 732 per
770 697 984 731 quoscumque

244 742 364 776 iudices
377 748 407 775 et
420 742 662 779 commissarios,
677 741 784 784 quavis
800 740 984 773 auctoritate

243 796 408 839 fungentes
423 823 430 835 ,
455 796 550 828 etiam
574 805 740 827 causarum
773 793 881 826 Palatii
906 794 985 836 Apo-

242 848 342 882 stolici
369 848 527 881 auditores
552 858 587 880 ac
611 847 640 880 S.
665 847 700 879 R.
726 847 759 879 E.
785 847 961 879 cardinales
979 873 986 886 ,

243 902 364 935 sublata
387 901 432 934 eis
455 906 485 934 et
501 910 610 933 eorum
627 899 756 932 cuilibet
772 899 881 942 quavis
898 898 988 931 aliter

244 954 403 988 iudicandi
427 958 457 986 et
481 952 710 996 interpretandi
747 951 934 984 auctoritate
957 954 985 982 et

243 1006 388 1040 facultate
412 1005 545 1038 indicari
571 1010 598 1036 et
624 1003 750 1037 definiri
781 1003 920 1042 debcre3
944 1002 989 1034 ir-

244 1060 340 1092 ritum
366 1069 490 1102 quoque
514 1063 545 1090 et
569 1058 672 1097 inane,
687 1057 711 1089 si
725 1067 812 1089 secus
829 1067 924 1099 super
940 1055 990 1088 his

244 1122 264 1145 a
287 1122 455 1156 quoquam,
481 1110 590 1154 quavis
614 1110 823 1150 auctoritate,
855 1110 991 1143 scienter

244 1166 292 1199 vel
314 1165 508 1208 ignoranter,
533 1163 700 1206 contigerit
726 1162 887 1195 attentari.

290 1218 305 1261 ἓ
328 1217 378 1251 10.
403 1218 471 1250 Non
495 1216 694 1250 obstantibus
733 1216 895 1259 quibusvis
919 1226 992 1260 apo-

83 1284 195 1309 uuntnru·
203 1284 241 1306 αο-
248 1271 374 1311 stolicis,
388 1281 433 1311 ae,
448 1270 480 1302 in
493 1269 738 1313 provincialibus
750 1273 777 1301 et
794 1268 993 1311 synodalibus

248 1322 391 1356 conciliis
415 1322 517 1363 editis,
531 1322 731 1365 generalibus
744 1321 790 1354 vel
806 1321 994 1364 specialibus

248 1375 525 1409 constitutionibus
542 1380 570 1408 et
588 1374 861 1410 ordinationibus.
888 1384 924 1406 ac
948 1373 993 1406 di-

249 1434 373 1462 ctorum
396 1427 651 1470 congregationis
675 1433 705 1460 et
729 1426 864 1467 Ordinis,
898 1427 993 1460 etiam

250 1481 429 1514 iuramento
443 1509 451 1523 ,
490 1480 730 1514 confirmatione
754 1481 924 1524 apostolica
947 1481 994 1514 vel

250 1534 360 1578 quavis
384 1533 534 1566 firmitate
558 1533 618 1565 alia
643 1532 809 1574 roboratis,
827 1533 953 1566 statutis
965 1537 994 1566 et

249 1586 541 1624 consuetudinibus
566 1585 739 1628 privilegiis
771 1596 896 1628 quoque
915 1613 922 1626 ‚
947 1585 995 1618 in-

250 1640 346 1674 dultis
368 1645 397 1673 et
423 1638 535 1672 litteris
560 1637 759 1681 apostolicis,
792 1637 852 1670 illis
875 1643 905 1671 et
929 1637 994 1670 illo-

251 1705 324 1727 rum
347 1693 570 1736 superioribus,
595 1692 653 1724 sub
677 1691 928 1734 quibuscumque
950 1696 996 1723 te-

252 1747 385 1781 noribus
419 1751 449 1779 et
484 1744 617 1785 formis,
652 1754 689 1776 ac
726 1753 798 1776 cum
833 1742 995 1786 quibusvis

249 1799 397 1834 clausulis
420 1804 448 1832 et
475 1797 608 1831 decretis
625 1823 633 1836 ,
658 1796 812 1829 concessis
852 1800 882 1828 et
922 1805 994 1828 con-

252 1853 396 1891 firmatis3
423 1851 537 1895 quibus
563 1849 719 1889 omnibus,
744 1848 839 1881 etiam
863 1847 914 1888 si,
939 1858 995 1890 pro

254 1907 378 1940 illorum
411 1903 578 1938 sufficienti
615 1901 839 1944 derogatione,
875 1899 913 1932 de
935 1899 996 1931 illis

252 1968 427 2001 eorumque
452 1956 524 1990 totis
548 1954 709 1988 tenoribus
726 1953 879 1996 specialis,
896 1953 996 1996 speci-

252 2012 322 2052 fica,
347 2020 507 2054 exspressa
530 2013 558 2041 et
584 2007 746 2040 individua
763 2033 770 2046 ,
803 2016 866 2038 non
889 2011 993 2038 autem

253 2075 310 2108 per
333 2063 486 2096 clausulas
503 2061 666 2104 generales
683 2059 765 2092 idem
779 2058 994 2102 importantes,

255 2116 372 2149 mentio
397 2126 451 2148 seu
487 2113 614 2157 quaevis
654 2112 713 2145 alia
738 2111 894 2155 expressio
911 2139 918 2152 ,
943 2117 995 2145 aut

255 2168 361 2211 aliqua
383 2167 443 2200 alia
466 2166 620 2210 exquisita
657 2165 757 2197 forma
788 2165 826 2197 ad
850 2165 910 2197 hoc
933 2176 997 2198 ser-

255 2221 356 2254 vanda
379 2220 458 2252 soret
476 2246 483 2260 ‚
523 2219 647 2251 illorum
672 2223 797 2250 tenores
814 2244 822 2257 ‚
852 2227 889 2249 ac
911 2216 936 2249 si
960 2217 996 2249 de

257 2274 352 2307 verbo
376 2273 415 2305 ad
438 2272 568 2304 verbum
606 2270 822 2303 insererentur
853 2279 998 2311 praesen-

203 2350 207 2356 .
258 2326 352 2366 tibus,
376 2335 433 2367 pro
458 2323 609 2366 expressis
632 2327 661 2356 et
686 2322 813 2354 insertis
837 2321 998 2362 habentes,

259 2379 319 2412 illis
342 2377 418 2410 alias
441 2376 473 2408 in
496 2386 552 2408 suo
568 2375 681 2408 robore
698 2374 924 2418 permansuris,
941 2374 1000 2406 hac

257 2431 334 2471 vice,
358 2434 446 2462 motu
470 2433 499 2460 et
523 2427 652 2460 scientia
669 2426 833 2465 similibus,
850 2425 999 2459 latissime

255 2483 446 2525 derogamus
470 2490 506 2512 ac
531 2480 716 2521 derogatum
739 2489 805 2511 esse
830 2479 974 2511 volumus
993 2506 1000 2519 ,

259 2535 427 2569 contrariis
451 2533 711 2576 quibuscumque.
734 2532 793 2563 Aut
811 2530 836 2563 si
853 2530 1000 2573 praefatis

259 2586 495 2631 congregationi
522 2590 552 2617 ct
575 2583 738 2616 monachis
770 2583 817 2615 vel
840 2582 1001 2625 quibusvis

261 2641 351 2681 aliis,
375 2638 585 2674 communiter
608 2637 654 2669 vel
677 2635 801 2668 divisim
818 2662 826 2676 ‚
849 2635 890 2667 ab
921 2635 1000 2677 Apo-

1055 583 1069 625 ,ξ
1093 582 1145 614 11.
1169 582 1221 622 Ac,
1246 586 1280 613 ut
1305 581 1416 613 harum
1441 581 1616 613 litterarum
1641 578 1752 612 notitia

1015 635 1051 666 ad
1071 645 1179 667 omnes
1196 634 1298 667 dictae
1314 634 1567 676 congregationis
1583 632 1754 666 monachos

1016 687 1135 720 facilius
1160 687 1314 727 deveniat,
1338 687 1480 719 volumus
1515 687 1580 719 illas
1607 686 1637 718 in
1662 695 1755 728 gene-

1016 740 1071 772 rali
1097 740 1197 773 dictae
1211 739 1464 782 congregationis
1481 740 1615 782 capitulo
1633 738 1756 781 singulo

1015 803 1139 836 quoque
1163 803 1247 825 anno
1286 792 1410 835 publice
1446 792 1526 834 legi,
1561 792 1689 834 illasque
1724 790 1757 823 in

1016 846 1098 878 dicto
1122 846 1258 888 capitulo
1272 846 1364 877 lectas
1388 843 1433 876 sic
1445 849 1575 883 arctare,
1593 854 1627 876 ac
1641 842 1666 875 si
1683 843 1759 886 legi-

1016 900 1091 932 time
1116 898 1287 941 unicuique
1322 897 1484 930 intimatae
1519 896 1669 936 fuissent,
1693 895 1759 927 illa-

1019 964 1152 995 rumque
1177 951 1345 995 exemplis,
1381 951 1428 983 vel
1452 948 1632 992 impressis,
1665 958 1760 980 manu

1017 1005 1138 1038 scribae
1172 1004 1247 1052 dicti
1271 1003 1399 1047 capituli
1424 1003 1470 1036 vel
1504 1002 1618 1035 notarii
1644 1001 1759 1044 publici

1019 1057 1215 1102 subscriptis,
1240 1063 1268 1090 et
1294 1057 1395 1100 sigillo
1430 1054 1636 1100 praesidentis
1664 1053 1761 1096 ipsius

1021 1110 1276 1154 congregationis
1300 1110 1346 1142 vel
1370 1108 1499 1141 alterius
1538 1107 1571 1139 in
1611 1106 1762 1148 dignitate

1022 1164 1230 1198 ecclesiastica
1248 1162 1385 1196 costituti
1410 1160 1595 1203 obsignatis,
1620 1159 1763 1193 eamdem

1024 1228 1152 1260 prorsus
1176 1216 1271 1249 fidem
1296 1215 1418 1256 haberi,
1443 1225 1522 1257 quae
1546 1212 1764 1257 praesentibus

1024 1270 1204 1309 haberetur,
1230 1269 1255 1301 si
1280 1269 1398 1301 eaedem
1422 1267 1653 1300 exhiberentur.

1068 1323 1179 1355 Datum
1204 1322 1322 1354 Romae
1345 1320 1431 1364 apud
1455 1320 1604 1353 Sanctum
1628 1319 1764 1358 Petrum,

1025 1376 1083 1408 suh
1107 1376 1224 1407 annulo
1263 1373 1449 1414 piscatoris,
1485 1373 1536 1406 die
1570 1382 1635 1405 xvn
1659 1371 1766 1415 aprilis

1025 1438 1179 1465 MDLxxw,
1204 1427 1407 1471 pontificatus
1431 1426 1530 1460 nostri
1554 1436 1637 1458 anno
1661 1435 1694 1458 11.

1058 1482 1122 1508 Dat.
1142 1482 1186 1508 die
1205 1483 1238 1508 17
1256 1481 1352 1515 aprilis
1371 1482 1448 1515 1574,
1466 1479 1566 1514 pontif.
1584 1486 1637 1505 ano
1655 1487 1685 1505 11.

1340 1611 1454 1646 XXVII.

1025 1714 1246 1747 Ordinationes
1284 1713 1367 1746 circa
1405 1710 1581 1744 electionem
1598 1708 1768 1752 praepositi

1068 1768 1222 1811 yeneralv's
1246 1771 1272 1800 et
1296 1767 1434 1799 aliorum
1460 1764 1673 1808 praelatorum
1696 1771 1766 1793 con-

1067 1822 1285 1865 qreyationum
1301 1817 1526 1852 wwnachorum
1550 1815 1766 1847 Eremitarum

1071 1876 1154 1911 Sacti
1178 1872 1365 1914 Hieronymi
1389 1870 1426 1903 de
1466 1866 1671 1902 Obsmvantia
1687 1893 1694 1906 ,
1719 1876 1768 1897 eo-

1066 1938 1201 1973 rumque
1223 1926 1330 1960 studia
1354 1928 1380 1957 et
1404 1931 1541 1956 accessus
1564 1919 1605 1952 ad
1633 1918 1751 1951 Urbem.

1025 2021 1162 2058 Gregortus
1185 2019 1255 2054 Papa
1277 2017 1338 2049 ΧΙΙΙ,
1354 2015 1386 2043 ad
1409 2013 1520 2041 futuram
1544 2010 1583 2038 ret
1607 2008 1765 2037 memoriam.

1777 251 1828 276 An.
1842 249 1872 275 C.
1888 247 1951 276 1574

1805 580 1956 605 Transi-impu·

1762 609 1823 628 credi
1835 608 1901 628 iubet.

1067 2105 1127 2137 Pro
1152 2100 1250 2135 nostri
1276 2097 1416 2131 muneris
1450 2094 1551 2128 officio
1576 2098 1606 2125 et
1636 2092 1767 2125 caritate
1802 2098 1930 2120 Exordium.

1025 2165 1166 2203 paterna,
1193 2165 1255 2198 qua
1278 2161 1387 2185 omnes
1403 2147 1622 2191 religiosorum
1635 2144 1767 2178 Ordines

1026 2209 1270 2256 prosequimur,
1310 2211 1527 2247 quaecumque
1565 2200 1605 2232 ad
1643 2199 1768 2232 illorum

1027 2270 1142 2297 statum
1166 2261 1395 2299 salutaremque
1419 2253 1675 2296 tranquillitatem
1698 2263 1769 2296 per-

1028 2318 1127 2350 tinere
1151 2313 1353 2349 arbitramur,
1377 2319 1423 2349 ea,
1447 2307 1613 2340 adiuvante
1626 2305 1769 2346 Domino,

1029 2370 1191 2403 instituere
1215 2365 1347 2397 nitimur
1371 2367 1464 2404 atque
1488 2359 1658 2393 studemus.

1072 2422 1086 2465 ,ξ
1110 2421 1137 2453 l.
1163 2420 1246 2452 Inter
1270 2427 1322 2449 cos
1346 2420 1451 2447 autem
1490 2413 1529 2446 ad
1552 2412 1768 2455 congregatio-

1029 2486 1100 2508 nem
1126 2472 1351 2505 monachorum
1376 2467 1583 2501 Eremitarum
1608 2466 1638 2499 S.
1662 2464 1769 2497 Hiero-
1780 2466 1964 2512 ζξῐξξῦξξέζῑυζῇ

1828 2412 1968 2436 Congrecattn

1779 2441 1934 2460 monachorum
1945 2439 1966 2458 S.

1957 2497 1968 2508 n

1030 2529 1113 2573 nymi
1150 2524 1365 2568 respeximus,
1400 2531 1480 2564 quae
1515 2529 1688 2563 paucorum
1713 2521 1867 2566 nti-2333&
1886 2518 1968 2561 P'‡3¹‘}{

1030 2592 1116 2614 mero
1141 2578 1338 2615 continetur,
1374 2579 1481 2617 utpote
1512 2572 1601 2605 cuius
1625 2570 1817 2606 monachi?er
1837 2559 1883 2603 ¹9³¹

1876 2604 1898 2616 es
1912 2597 1965 2619 etigi

1030 2639 1059 2665 ct
1084 2634 1193 2666 fratres
1217 2630 1255 2662 ad
1279 2633 1404 2662 centum
1418 2625 1638 2669 sexagintavix
1663 2633 1769 2657 ass-en-

1779 2607 1801 2618 ιιι
1815 2605 1873 2624 prlux

1900 2575 1969 2588 arula
