2059 3228
125 227 181 257 An.
194 229 223 258 C.
243 230 307 260 1587

119 823 248 849 ltpprotmtto
265 828 301 843 or—

118 854 248 874 dinationum
267 853 300 874 ia-

117 888 196 904 viarum
221 888 242 905 et
267 885 300 905 Ia-

116 916 238 935 cicndarum
288 923 299 936 a

115 945 300 970 ‹-.u·tr.=1m<·=itate,

116 977 196 996 etiarnsi
207 977 297 1003 {tegulae

115 1007 242 1028 sttcrnardi
257 1010 299 1029 siu!

115 1040 245 1060 contrariae.

369 219 431 253 88ss

324 283 399 315 (lare
429 280 562 314 minime
597 274 775 319 teneantur,
806 277 859 311 sed
886 277 970 310 bona
991 277 1069 320 ipsa,

323 340 359 367 ut
377 345 473 378 supra
494 345 551 378 pro
572 338 715 377 tempore
742 331 850 364 relicta
875 331 924 364 vel
940 331 1068 370 donata,

323 388 498 420 confratres
517 386 573 429 ipsi
596 386 696 418 libere
713 390 740 417 et
764 384 886 426 integre
907 384 1066 427 recipere,

321 452 356 473 ac
378 451 489 473 eorum
512 438 743 483 possessionem
769 437 1014 482 apprehendere
1038 441 1069 469 et

320 499 476 537 perpetuo
504 492 652 530 retinere,
676 504 710 524 ac
737 491 768 524 in
789 492 975 524 eorumdem
998 500 1065 523 mo-

319 545 463 585 nasterii,
490 545 616 588 collegii
638 550 664 577 et
685 544 954 577 confraternitatis
990 554 1068 576 usus

320 605 349 632 et
374 599 544 632 utilitatem
576 605 761 631 convertere
792 597 891 631 libere
926 603 953 629 et
980 597 1066 630 licite

318 653 453 692 valeant,
486 653 580 685 etiam
611 652 753 685 cuiusvis
782 651 911 685 licentia
932 650 1065 684 minime

318 706 483 750 requisita.

361 760 376 802 g
400 759 452 792 ⁴1¹1.
484 759 696 792 Dece1·11entes
721 758 953 798 ordinationes,
986 768 1063 791 con—

316 813 498 846 stitutiones
532 820 559 846 et
586 819 701 846 statuta
735 813 902 855 bucusque
928 823 944 845 a
971 823 1063 855 prae-

316 868 377 900 fata
399 867 660 900 confraternitate
682 867 923 903 facta,‚necnon
941 866 1063 899 instru-

315 927 433 961 menta,
453 921 652 959 donationes,
674 920 1059 960 testamenta,codicillos,

314 974 500 1018 scripturas,
523 986 559 1008 ac
580 975 685 1013 etiam,
712 979 807 1018 prout
843 974 896 1007 illa
931 985 1063 1008 concer-

314 1034 405 1069 nunt,
428 1029 536 1061 onmia
564 1034 591 1061 et
621 1029 745 1071 singula
780 1028 812 1060 in
849 1028 942 1061 (lictis
976 1028 1062 1061 ordi-

313 1082 507 1123 nationibus,
529 1082 823 1121 «;·s›n.<titutionibus‚
844 1082 981 1123 statutis,
1007 1093 1060 1116 ca-

313 1136 434 1180 pitulis,
472 1136 707 1175 instrumentis,
740 1135 981 1176 donationibus,
1014 1142 1059 1169 te-

311 1190 489 1229 stamentis,
512 1189 679 1226 codic-illis,
703 1195 765 1222 tam
791 1189 881 1222 factis
901 1200 998 1233 quarn
1017 1190 1060 1223 fa-

312 1244 446 1284 ciendis,
484 1250 514 1277 et
547 1243 616 1276 aliis
637 1243 804 1287 seripturis
835 1248 995 1284 contenta,
1030 1249 1060 1277 et

312 1298 385 1330 inde
405 1304 513 1331 secuta
537 1308 774 1340 quaecumque,
797 1296 885 1329 licita
905 1302 1011 1330 tamen
1029 1302 1059 1330 ct

311 1352 455 1391 honesta,
484 1352 618 1384 maxime
651 1362 686 1383 ea
719 1350 803 1383 eirca
832 1350 993 1384 licentiam
1024 1362 1057 1384 e-

311 1405 407 1437 dendi
440 1416 552 1438 carnes
571 1411 599 1437 et
622 1404 701 1437 alios
725 1404 814 1437 cibos
834 1403 865 1436 in
886 1405 1057 1438 refectorio

311 1459 452 1501 quolibet
474 1459 525 1491 dit¹
557 1458 734 1498 dominico,
763 1458 855 1491 tertia
887 1464 918 1491 et
945 1459 1057 1501 quinta

312 1512 396 1545 feriis
421 1518 451 1545 et
472 1513 541 1545 aliis
561 1513 675 1546 diebus
693 1512 827 1545 arbitrio
854 1513 1056 1556 supradicto-

310 1577 381 1599 rum
403 1566 615 1605 visitatorum,
638 1572 667 1599 et
689 1566 774 1598 cirea
796 1576 888 1598 usum
910 1567 1056 1599 omnium

310 1630 491 1663 pannorum
509 1619 574 1659 lini,
596 1625 626 1652 ct
645 1619 740 1652 etiam
759 1619 887 1659 cubilis,
910 1619 1057 1653 videlicet

309 1685 382 1706 cum
397 1674 557 1706 subucula
577 1678 701 1705 tantum
721 1678 752 1706 et
769 1672 1011 1706 linteaminibus
1030 1673 1053 1713 ¹,

308 1738 345 1760 ac
365 1727 459 1760 etiam
486 1726 632 1760 breviarii
655 1726 788 1759 Romani
827 1737 899 1759 cum
921 1727 1056 1771 Proprie

307 1781 566 1823 congregationis
587 1780 694 1814 Sam-ti
716 1780 868 1813 Bernardi
889 1780 965 1813 dicti
992 1780 1057 1814 Cis-

308 1834 475 1867 terciensis
494 1834 632 1874 Ordinis,
660 1834 701 1867 ita
727 1834 813 1877 quod
833 1834 871 1867 ad
892 1834 1055 1867 recitatio-

308 1898 381 1920 nem
406 1886 507 1921 Officii
540 1888 654 1921 Beatae
680 1887 816 1930 Virginis
845 1886 960 1920 Mariae
992 1898 1055 1921 non

308 1946 487 1974 teneantur.
514 1941 582 1981 Quo
614 1952 688 1974 vero
709 1941 746 1973 ad
769 1940 1054 1985 praescriptionem

307 1994 461 2027 horarum
488 1995 525 2027 ad
559 1994 666 2027 divina
699 1994 814 2034 orticia,
842 2000 905 2027 tam
939 1994 1056 2027 diurna

308 2059 404 2091 quam
433 2053 601 2085 nocturna,
633 2048 808 2087 recitanda,
831 2055 861 2080 et
880 2059 1055 2090 quaecum-

308 2108 370 2139 que
391 2097 451 2129 alia
473 2098 634 2135 exercitia,
663 2097 842 2141 spiritualia
870 2103 897 2129 et
932 2103 1055 2141 tempo-

309 2145 396 2184 ralia,
417 2156 501 2177 annu
523 2146 649 2187 singulo
673 2146 819 2179 facienda
839 2146 924 2178 iuxta
948 2146 1056 2178 visita-

310 2201 413 2226 torum
447 2201 473 2227 et
507 2195 684 2228 abbatissae
713 2195 897 2228 huiusmodi
920 2195 1055 2238 disposi-

311 2243 427 2275 tionem
449 2250 477 2275 et
500 2244 749 2284 ordinationem,
773 2256 808 2276 ac
830 2256 865 2275 ea
887 2255 971 2286 quae
993 2244 1055 2277 iam

312 2294 416 2323 torsau
442 2293 567 2325 decreta
590 2299 617 2325 et
640 2293 800 2336 descripta
823 2293 852 2324 in
876 2293 956 2325 libro
982 2304 1058 2326 eon-

311 2340 513 2374 stitutionum
535 2348 560 2374 et
585 2348 776 2375 statutorum
808 2342 907 2384 ipsius
933 2343 1057 2376 confra-

313 2390 468 2422 ternitatis
490 2391 520 2423 in
543 2402 749 2434 pergameno,
770 2392 864 2423 etiam
887 2392 975 2434 quod
996 2392 1058 2425 sint

313 2439 470 2470 ¹·‹mtraria
505 2440 645 2480 lingulae
673 2441 778 2472 Sancti
805 2440 967 2473 Benedicti
999 2441 1058 2473 liu-

314 2485 462 2523 iusmodi,
481 2499 551 2530 quai
575 2489 789 2531 praesentium
811 2495 921 2522 tenore
941 2500 1058 2533 appro-

313 2535 424 2566 bamus·
445 2543 470 2567 et
492 2538 735 2577 ‹soritirmmnuss
755 2550 792 2570 ac
810 2537 871 2570 illis
883 2544 1058 2582 perpetuae

349 2617 357 2642 1
383 2615 505 2643 Clterul).
527 2617 601 2643 addit
616 2618 673 2644 siue
689 2618 835 2652 scapulari.

916 224 1093 249 RULLARH'M
1117 224 1264 247 nostrvm

1110 275 1271 308 firmitatis
1292 275 1390 308 robur
1407 275 1588 319 adiicimus,
1609 278 1674 311 fieri
1697 284 1727 313 et
1747 279 1856 314 obser·

1109 328 1175 361 vari
1196 328 1326 362 debere.

1153 382 1168 425 ἓ
1188 381 1241 414 1⁶2.
1264 382 1307 415 Ac
1327 382 1512 426 supplentes
1533 393 1644 417 omnes
1663 391 1694 418 et
1713 386 1855 429 singulos

1108 434 1198 476 iuris,
1220 435 1317 468 etiam
1338 436 1519 469 communis
1540 441 1570 469 et
1586 437 1802 482 municipalis,
1824 445 1855 474 et

1107 488 1194 529 facti,
1223 489 1317 521 ctiam
1350 499 1632 533 quarumcumque
1669 492 1853 527 solemnita-

1106 547 1175 575 tum
1196 542 1228 574 in
1254 541 1299 575 eis
1321 542 1427 575 forsan
1460 553 1498 575 ex
1530 542 1740 587 dispositione
1774 545 1853 580 iuris

1105 595 1153 628 vel
1173 600 1367 629 statutorum
1387 595 1452 629 sive
1474 606 1631 629 novarum
1651 597 1852 632 reformatio-

1104 659 1183 681 num
1196 648 1289 682 Urbis
1312 648 1397 682 circa
1418 649 1615 683 validitatem
1640 650 1852 684 donationum

1105 701 1137 735 in
1157 713 1286 746 genere,
1309 703 1404 736 etiam
1426 708 1575 748 respectu
1591 714 1766 738 consensus
1781 716 1853 750 pro-

1104 756 1313 800 pinquorum,
1326 762 1497 801 parentum
1514 757 1742 791 insinuationis
1758 763 1790 792 et
1806 764 1852 792 te-

1104 810 1212 851 stium,
1239 821 1276 844 ac
1309 810 1521 844 donationum
1547 811 1579 844 in
1604 811 1851 856 subscriptioni-

1102 864 1173 905 bus,
1191 870 1221 898 et
1240 864 1273 898 in
1293 865 1400 909 specie
1420 870 1645 899 contractuum
1662 866 1848 909 mulierum,

1102 923 1133 951 et
1152 918 1262 951 omnia
1281 918 1344 952 alia
1362 919 1469 951 forsan
1491 918 1657 962 requisita,
1679 919 1797 953 omissa
1814 916 1850 954 tet

1101 971 1289 1013 omittenda,
1312 972 1502 1016 praesertim
1523 973 1631 1016 quoad
1652 973 1728 1006 dicti
1752 974 1848 1009 Marci

1100 1025 1231 1058 Antonii
1254 1026 1404 1067 Iunioris,
1438 1033 1467 1059 et
1500 1026 1640 1070 desuper
1663 1026 1747 1060 inter
1770 1038 1848 1062 con-

1100 1079 1215 1112 fratres
1240 1079 1430 1113 etofficiales
1450 1080 1719 1114 confraternitatis
1730 1081 1762 1115 S.
1775 1081 1852 1115 Ber*

1100 1132 1192 1166 nardi
1212 1143 1249 1166 ac
1262 1133 1460 1166 Ludovicum
1478 1139 1508 1166 et
1519 1133 1660 1166 Marcum
1674 1133 1847 1168 Antonium

1099 1186 1312 1220 Lanfrancum
1342 1187 1517 1230 praefatos;
1553 1197 1680 1220 necnon
1700 1181 1847 1222 donati'o-

1099 1239 1148 1273 nis
1188 1251 1247 1284 per
1295 1240 1412 1273 dictam
1460 1241 1676 1283 Magdalenam
1719 1241 1848 1286 aliaque

1098 1293 1208 1327 omnia
1232 1299 1263 1327 et
1282 1293 1410 1337 sing-uta
1435 1294 1548 1337 legata,
1573 1293 1774 1336 donationes,
1795 1295 1846 1330 in-

1099 1352 1289 1388 strumenta,
1326 1352 1525 1388 testamenta,
1556 1347 1735 1389 codicillos,
1765 1348 1846 1382 scri-

1098 1405 1222 1445 pturas,
1253 1401 1448 1434 documenta
1475 1405 1505 1434 et
1529 1401 1589 1434 alia
1616 1412 1845 1446 quaecumque

1097 1455 1343 1498 quomodolibet
1380 1455 1461 1488 facta
1494 1460 1525 1488 et
1557 1455 1715 1497 facienda,
1746 1456 1844 1490 alios-

1097 1519 1159 1551 que
1195 1508 1359 1548 defectus,
1396 1508 1477 1551 siqui
1514 1508 1547 1541 in
1571 1508 1754 1553 praemissis
1773 1521 1843 1543 om-

1096 1561 1192 1594 nibus
1217 1567 1247 1594 et
1266 1561 1400 1604 singulis
1431 1572 1487 1594 seu
1515 1572 1628 1595 eorum
1659 1563 1767 1606 aliquo
1792 1563 1843 1597 in-

1097 1615 1292 1647 tervenerint
1316 1621 1371 1647 aut
1390 1614 1582 1648 intervenire
1611 1616 1734 1659 possint
1762 1627 1842 1660 quo-

1097 1668 1273 1701 modolibet
1292 1668 1324 1700 in
1348 1669 1505 1701 futurum.
1542 1669 1725 1703 inhibentes
1756 1680 1844 1705 nunc

1097 1728 1127 1755 et.
1151 1733 1210 1765 pro
1236 1728 1381 1766 tempore
1414 1722 1623 1756 existentibus
1646 1723 1842 1767 praesidenti

1097 1776 1124 1809 et
1143 1776 1301 1820 deputatis
1317 1775 1455 1809 fabricae
1468 1776 1573 1809 dictae
1588 1776 1739 1811 basilicae
1753 1778 1844 1812 Prin-

1097 1829 1176 1873 cipis
1196 1829 1436 1874 Apostolorum,
1450 1840 1486 1861 ac
1500 1830 1668 1872 quibusvis
1682 1830 1752 1864 aliis
1771 1831 1843 1865 offi-

1097 1883 1243 1924 cialibus,
1257 1882 1411 1916 ministris
1422 1888 1453 1916 et
1463 1884 1621 1927 personis,
1635 1885 1775 1919 cuiusvis
1783 1891 1844 1919 sta-

1097 1942 1158 1977 tus,
1180 1936 1297 1980 gradus
1311 1942 1338 1970 et
1353 1936 1547 1970 conditionis
1563 1938 1706 1980 existant,
1719 1939 1842 1973 etiamsi

1096 1990 1312 2023 cardinalatus
1322 1990 1444 2024 honore
1458 1992 1692 2035 praefulgeant,
1706 2003 1745 2026 ne
1754 1993 1843 2037 prio—

1096 2054 1177 2082 rem,
1199 2043 1352 2077 officiales
1379 2050 1409 2077 et
1429 2045 1606 2078 confratres
1627 2056 1714 2079 nunc
1734 2052 1765 2080 et
1784 2058 1843 2091 pro

1095 2103 1242 2141 tempore
1277 2098 1457 2138 existentes,
1483 2099 1516 2131 in
1541 2099 1692 2132 omnibus
1720 2108 1751 2133 et
1777 2101 1843 2134 sin-

1096 2150 1179 2193 gulis
1200 2151 1398 2194 praemissis,
1416 2157 1446 2184 et
1460 2152 1648 2195 praesertim
1665 2164 1762 2197 super
1778 2154 1843 2188 dic-

1097 2203 1136 2236 tis
1156 2204 1303 2247 pecuniis
1332 2215 1390 2248 per
1414 2204 1534 2238 dictum
1568 2206 1708 2239 Marcum
1743 2208 1842 2241 Anta-

1096 2262 1187 2295 nium
1220 2263 1378 2296 Muretum
1414 2263 1536 2305 legatis,
1559 2270 1587 2297 et
1609 2275 1666 2308 per
1685 2265 1843 2308 Magdale-

1097 2330 1171 2352 nam
1191 2320 1363 2353 Strozziam
1395 2321 1535 2362 donatis,
1565 2323 1780 2367 omnibusque
1813 2330 1844 2357 et

1098 2378 1233 2421 singulis
1260 2379 1330 2411 aliis
1356 2379 1479 2421 legatis,
1515 2380 1764 2422 donationibus,
1799 2388 1844 2415 te-

1098 2435 1264 2469 stamentis
1284 2442 1314 2469 et
1335 2437 1491 2469 codicillis
1527 2449 1584 2481 pro
1613 2444 1758 2482 tempore
1786 2450 1844 2484 per

1098 2504 1320 2537 quascumque
1359 2505 1511 2538 personas
1533 2497 1777 2540 quomodolibet
1812 2503 1843 2530 et

1099 2563 1135 2584 ex
1156 2563 1360 2596 quacumque
1381 2564 1477 2586 causa
1499 2554 1587 2586 factis
1616 2560 1646 2587 et
1676 2553 1839 2596 faciendis,

1101 2610 1131 2643 in
1153 2611 1249 2645 rebus
1269 2612 1317 2645 vel
1334 2611 1426 2644 bonis
1441 2612 1543 2645 dictae
1559 2611 1839 2654 confraternitatis,

1896 397 2003 428 anldatlo,
2013 400 2032 423 di

1869 429 2007 465 spositionulm
2019 431 2027 452 t
2039 430 2041 457 ἶ
2052 425 2055 429 ’

1869 460 1994 482 vornbtttum
2006 463 2026 484 ui
2052 463 2054 469 ’

1868 492 1915 513 dom
1924 480 2041 515 mon-mril

1869 525 1891 544 et
1905 522 2007 552 cottogtug
2051 527 2054 530 ·

1993 557 2039 617 ι
