2059 3228
742 236 917 262 anmantuus
939 236 994 260 xm
1013 236 1060 260 1⁵1¹.

151 290 368 336 professarum
403 295 470 323 tuin
510 290 717 334 probationis,
744 289 896 332 collegio-

151 354 222 378 rum
243 349 274 378 et
297 344 433 377 aliorum
457 345 600 376 locorum
623 342 766 377 eiusdem
788 343 895 377 Socie-

151 397 223 430 tatis
241 397 380 430 ubilibet
406 397 650 429 consistentium
672 397 753 429 bona
774 395 898 429 stabilia

153 457 183 484 et
202 450 379 484 immobilia
413 461 468 483 seu
505 450 594 494 quasi
616 449 751 490 stabilia,
771 460 897 483 necnon

152 509 184 538 et
200 505 342 548 pretiosa
363 504 505 543 mobilia,
526 505 763 547 cuiuscumque
794 503 898 547 quali-

151 557 226 591 tatis
244 562 275 592 et
291 558 477 601 quantitatis
497 569 532 590 ac
553 557 680 597 valoris,
710 562 742 589 et
762 557 793 589 in
815 567 896 599 quo-

153 621 292 654 cumque
311 611 383 644 loco
404 611 516 654 posita,
551 622 607 654 pro
640 610 743 654 pretio
778 615 809 643 et
838 610 897 642 sub

151 664 264 709 pictis,
287 664 542 704 conditionibus,
579 664 683 697 modis
718 669 748 696 et
786 664 898 696 formis

151 717 227 751 hinc
246 717 322 760 inde
343 717 581 758 conveniendis,
602 717 634 750 in
659 717 836 750 evidentem
854 724 897 750 ta-

152 781 226 804 men
245 771 418 805 domorum
433 776 462 804 et
478 771 689 814 collegiorum
710 770 897 804 huiusmodi

151 823 337 865 utilitatem,
349 835 407 869 per
422 835 454 857 se
473 824 520 857 ve!
537 824 637 857 alium
657 834 713 857 seu
733 823 814 856 alios
827 834 896 856 ven—

151 877 240 918 dere,
262 878 416 917 alienare,
448 883 646 922 permutare,
673 888 710 910 ac
743 877 839 910 etiam
865 877 898 909 in

152 930 387 976 emphffleusim
409 942 464 964 seu
490 931 632 964 livellum
653 931 691 963 a‘d
717 936 781 964 tres
800 941 897 973 gene-

151 983 292 1019 rationes
309 986 359 1018 vel
385 985 622 1018 nominationes
641 990 765 1018 tantum
787 995 843 1018 seu
863 995 897 1017 a-

151 1037 220 1072 liud
239 1038 373 1082 longum
393 1043 532 1082 tempus,
547 1049 606 1082 pro
621 1038 729 1071 affictu
744 1038 803 1071 sibi
816 1038 898 1071 bene

150 1091 230 1133 viso,
251 1092 442 1133 concedere,
469 1092 590 1135 absque
610 1092 673 1124 alia
692 1103 709 1125 a
730 1092 822 1125 nobis
849 1092 898 1124 vel

151 1145 392 1179 successoribus
410 1145 529 1179 nostris
555 1145 706 1178 Romanis
738 1144 900 1178 Pontifici-

150 1198 212 1232 bus
231 1209 291 1243 pro
324 1205 470 1243 tempore
503 1199 710 1232 existentibus
741 1204 793 1232 aut
819 1199 899 1232 Sede

150 1252 316 1297 praedicta
335 1253 383 1286 vel
403 1252 489 1286 illius
508 1253 547 1285 de
577 1253 676 1286 latere
700 1253 812 1295 legatis
843 1263 899 1286 seu

151 1305 280 1340 nunciis
296 1312 351 1339 aut
371 1306 467 1340 etiam
488 1307 634 1339 iocorum
656 1306 827 1339 ordinariis
847 1317 900 1350 pe-

151 1359 248 1393 tenda
266 1360 315 1393 vel
335 1360 508 1394 obtinenda
533 1360 662 1393 licentia
695 1371 751 1393 sen
781 1360 900 1393 confir-

153 1412 306 1454 matione,
326 1413 427 1447 libere
447 1419 477 1447 et
501 1414 585 1447 licite
607 1414 705 1458 possit
737 1419 767 1446 et
786 1414 898 1454 valeat,

154 1466 363 1500 concedimus
396 1472 427 1500 et
464 1467 681 1510 indulgemus.
714 1468 759 1500 Ita
794 1472 900 1500 tamen

154 1520 254 1564 quod,
274 1520 300 1554 si
324 1531 362 1553 ex
380 1520 526 1554 eiusdem
546 1521 704 1564 generalis
728 1520 901 1564 praepositi

155 1573 318 1615 facultate,
344 1584 402 1618 pro
427 1585 537 1607 rerum
559 1574 727 1617 exigentia,
749 1585 829 1618 opus
850 1574 899 1613 sit,

155 1626 188 1660 in
208 1627 357 1671 Europae
376 1627 525 1661 videlicet
545 1628 730 1671 provinciis,
753 1634 826 1661 ante
847 1628 902 1661 da*

156 1685 222 1713 tam
259 1680 362 1714 eidem
401 1681 584 1726 praeposito
626 1681 900 1722 informationem,

158 1738 342 1768 contractus
361 1734 592 1768 alienationum
619 1735 700 1775 fieri,
723 1735 902 1767 dominium

74 1806 80 1813 ·
104 1807 106 1809 >
157 1787 370 1822 nihilominus
389 1797 419 1822 et
439 1789 597 1833 possessio
624 1789 785 1822 bonorum
821 1800 903 1833 quo-

158 1841 292 1882 rumvis,
317 1852 416 1887 super
441 1842 559 1886 quibus
582 1848 765 1876 contractus
789 1843 904 1875 liuius-

159 1894 246 1928 modi
266 1894 336 1928 initi
356 1895 487 1937 suerint,
507 1906 606 1940 penes
625 1896 749 1936 domos,
770 1897 906 1939 collegia

160 1957 198 1982 ac
215 1948 288 1982 loca
313 1949 491 1992 praedicta,
513 1949 616 1982 donec
649 1950 716 1994 ipse
748 1950 907 1993 generalis

160 2011 229 2035 rem
249 2001 499 2042 confirmaverit,
521 2008 576 2035 aut
593 2013 687 2035 suum
714 2006 905 2036 eonsensum

161 2053 300 2099 desuper
323 2055 529 2100 praestiterit,
551 2062 715 2090 remaneat
734 2068 771 2089 ac
802 2067 906 2089 rema-

161 2117 239 2141 nere
258 2108 471 2153 intelligatur;
506 2109 539 2142 in
576 2109 673 2143 Indiis
693 2120 767 2143 vero
788 2115 818 2143 et
838 2110 909 2142 aliis

164 2166 251 2194 extra
269 2161 431 2206 Europam
461 2162 659 2205 regionibus,
683 2169 908 2196 contractuum

163 2213 351 2249 huiusmodi
372 2216 575 2250 confirmatio
593 2217 669 2261 ipsis
701 2217 909 2260 provinciali-

165 2266 226 2301 bus
247 2273 305 2301 aut
336 2268 671 2313 viceprovincialibus,
693 2270 911 2304 visitatoribus

166 2330 223 2354 seu
243 2322 484 2362 commissariis‚
506 2323 602 2355 simili
633 2334 692 2367 per
724 2334 778 2356 eos
811 2323 910 2356 insor-

167 2374 308 2407 matione
328 2381 470 2418 accepta,
491 2376 646 2408 committi
668 2376 769 2419 possit
788 2376 826 2408 ab
843 2376 912 2419 ipso

167 2427 309 2469 generali
328 2428 525 2471 praeposit03
547 2428 636 2468 alias,
662 2434 692 2461 et
712 2429 744 2461 in
765 2435 912 2462 eventum

168 2473 201 2506 in
221 2485 318 2519 quem
347 2476 427 2509 ordo
455 2477 693 2519 suprascriptus
725 2488 790 2510 non
819 2478 915 2511 suerit

117 2542 119 2547 ·
169 2522 367 2566 observatus,
392 2524 541 2563 venditio,
564 2525 728 2565 alienatio,
750 2532 914 2569 permuta-

171 2571 226 2614 ti0,
247 2574 365 2607 locatio
386 2580 416 2607 et
448 2574 613 2607 concessio
647 2585 683 2607 ac
717 2582 912 2616 contractus,

170 2629 296 2657 necnon
320 2623 396 2657 inde
414 2630 550 2666 sequuta
570 2629 808 2667 quaecun'ique‚
828 2625 916 2658 nulla

249 2671 322 2703 Ball.
340 2672 418 2703 Rom.
449 2673 500 2702 t'ot.
526 2673 595 2703 tm.
800 2674 838 2702 δυ

1574 222 1638 257 393
1697 230 1748 258 An.
1766 230 1794 257 c.
1813 230 1880 258 15³2

939 294 965 321 ct
981 288 1120 321 invalida
1142 288 1325 332 nulliusque
1344 287 1470 321 roboris
1480 297 1517 320 ac
1529 286 1683 320 momenti

939 342 1083 375 existant,
1112 341 1154 373 Ae
1175 341 1216 374 ita
1236 342 1267 373 in
1288 341 1472 385 praemissis
1492 341 1537 375 sic
1566 351 1682 385 perpe-

939 402 993 429 tuo
1007 395 1209 428 declaramus
1230 401 1259 427 et
1274 396 1491 428 decernimus.

983 448 1048 491 56.
1071 448 1331 481 Etnillilnminus
1351 460 1387 481 cx
1408 460 1504 489 nune,
1530 455 1627 492 prout
1647 459 1683 482 ex
1760 452 1883 475 ⁰⁰¹¹¹r⁰0⁸u·

1698 491 1708 504 a

1698 523 1710 536 n

1698 554 1709 574 Ρ

1700 580 1710 599 li

938 507 1014 534 tunc
1033 507 1066 535 et
1093 512 1109 534 e
1131 507 1254 541 contra,
1278 507 1444 544 luistquam
1468 501 1680 543 venditiones,

939 555 1159 595 alienationes,
1197 556 1459 598 pernnitationes‚
1497 555 1683 596 locationes,

939 608 1162 642 concessiones
1183 619 1217 640 ac
1250 614 1433 641 contractus
1453 619 1511 652 pro
1524 614 1681 653 tempore,

939 668 974 695 ut
991 661 1218 706 praemittitur,
1241 661 1325 700 sacti,
1338 666 1366 694 et
1380 672 1437 704 per
1452 662 1571 695 dictum
1593 673 1685 706 prae-

939 715 1079 760 positum
1097 714 1279 758 generalem
1300 714 1468 757 approbati
1489 720 1519 748 et
1538 715 1683 748 ratificati

939 769 1069 809 suerint,
1087 779 1142 801 scu
1161 778 1336 801 consensus
1356 768 1498 801 eiusdem
1513 768 1685 812 praepositi

939 822 1099 866 generalis
1123 821 1341 861 intervenerit,
1365 821 1491 854 easdem
1529 822 1684 855 venditio-

939 887 1007 917 neS,
1029 875 1250 914 alienationes,
1270 875 1534 918 permutationes,
1556 875 1686 909 locatio-

940 942 1007 971 nes,
1030 929 1255 963 concessiones
1282 934 1313 961 et
1337 934 1521 962 contractus
1545 935 1576 962 et
1612 930 1685 962 inde

940 989 1076 1028 sequuta
1088 993 1325 1027 quaecumque,
1347 993 1474 1016 necnon
1495 983 1686 1016 instrumen-

940 1044 970 1071 ta
994 1043 1024 1071 et
1061 1038 1236 1081 scripturas
1273 1037 1412 1081 desuper
1449 1047 1508 1080 pro
1542 1043 1687 1081 tempore

941 1093 1096 1132 confecta,
1112 1092 1287 1136 apostoliea
1311 1091 1499 1124 auctoritate
1527 1091 1687 1135 approba-

941 1157 1013 1178 mus
1032 1151 1062 1179 et
1082 1146 1313 1179 confirmamus
1333 1156 1369 1178 ac
1390 1150 1563 1188 perpetuae
1588 1145 1688 1178 sirmi-

941 1199 1013 1232 tatis
1048 1199 1149 1232 robur
1185 1198 1331 1232 obtinere
1355 1199 1472 1232 debere
1504 1199 1684 1239 statuimus,

941 1263 1119 1296 omnesque
1139 1257 1169 1285 et
1190 1252 1332 1295 singulos
1347 1257 1411 1285 tam
1432 1252 1511 1285 iuris
1528 1263 1624 1296 quam
1642 1253 1687 1285 sa-

942 1306 983 1339 cti
1008 1305 1164 1347 desectus,
1204 1305 1286 1349 siqui
1320 1306 1427 1339 forsan
1462 1306 1687 1338 intervenerint

942 1360 1186 1404 quomodolibet
1206 1360 1237 1392 in
1263 1359 1392 1400 eisdem,
1419 1360 1619 1403 supplemus,
1636 1359 1689 1392 de-

943 1418 1111 1446 cernentes
1130 1424 1165 1446 ea
1187 1413 1305 1453 onmia,
1329 1412 1448 1456 absque
1468 1413 1530 1445 alio
1551 1412 1690 1456 desuper

943 1466 1105 1500 ordinaria
1124 1467 1172 1499 vel
1199 1467 1373 1510 apostolica
1393 1473 1448 1499 aut
1468 1467 1528 1499 alia
1549 1467 1689 1500 auctori-

945 1526 1005 1554 tate
1021 1531 1075 1553 seu
1091 1521 1128 1553 (le
1149 1520 1238 1554 Sedis
1254 1520 1454 1564 Apostolicae
1466 1520 1690 1553 commissione

944 1574 1090 1607 faciendo
1112 1573 1268 1615 examine,
1292 1585 1328 1607 ac
1349 1580 1533 1618 praesentes
1553 1574 1629 1607 etin
1646 1574 1692 1607 eis

945 1633 1093 1661 contenta
1114 1628 1234 1661 validas
1254 1634 1281 1661 et
1304 1628 1450 1661 efficaces
1474 1627 1641 1671 validaque
1662 1633 1692 1659 et

945 1681 1086 1714 efficacia
1108 1687 1264 1725 perpetuo
1285 1681 1362 1721 sore,
1382 1691 1509 1714 necnon
1530 1681 1568 1713 ab
1589 1681 1692 1714 omni-

945 1735 1005 1768 bus
1016 1735 1176 1768 observari
1194 1735 1323 1775 debere,
1336 1735 1487 1779 ipsosque
1499 1734 1691 1767 contrahen-

947 1795 992 1822 tes
1011 1789 1049 1821 ad
1066 1794 1290 1821 contractuum
1318 1794 1348 1821 et
1374 1788 1597 1831 stipulatarum
1619 1797 1693 1820 eon-

946 1842 1133 1875 ventionum
1155 1841 1408 1875 observationem
1424 1841 1556 1874 omnino
1576 1840 1689 1880 teneri,

947 1907 983 1929 ac
1003 1906 1101 1940 super
1120 1895 1304 1939 praemissis
1324 1901 1354 1928 et
1373 1895 1446 1927 inde
1466 1894 1609 1937 sequutis
1624 1893 1694 1937 qui-

947 1949 1149 1992 buscumque
1166 1960 1223 1993 per
1238 1959 1470 1992 quoscumque,
1488 1947 1597 1991 quavis
1617 1958 1693 1980 auc-

950 2002 1086 2042 toritate,
1098 2003 1341 2046 quomodolibet
1357 2001 1519 2035 molestari
1532 2001 1579 2033 vel
1592 2001 1693 2044 impe-

949 2056 1009 2089 diri
1030 2066 1094 2088 non
1120 2065 1224 2099 posse.
1247 2056 1378 2088 Necnon
1404 2054 1530 2087 irritum
1545 2059 1573 2087 et
1586 2054 1693 2094 inane,

950 2109 975 2142 si
1013 2119 1106 2142 secus
1139 2120 1237 2152 super
1274 2109 1322 2141 his
1342 2120 1359 2141 a
1383 2118 1558 2152 quoquam,
1584 2107 1696 2151 quavis

951 2163 1153 2203 auctoritate,
1176 2163 1313 2196 scienter
1332 2163 1380 2195 vel
1401 2163 1599 2205 ignoranter,
1621 2171 1697 2195 con-

953 2217 1059 2260 tigerit
1079 2217 1236 2249 attentari.

997 2271 1011 2314 g
1044 2271 1075 2303 7.
1103 2271 1259 2310 Quocirca
1286 2269 1521 2302 ienerabilibus
1546 2268 1698 2303 fratribus

954 2324 1156 2367 patriarchis,
1190 2323 1442 2367 archiepiscopis
1475 2328 1507 2356 et
1538 2323 1698 2367 episeopis
1713 2311 1724 2332 ‘¹

953 2387 989 2409 ac
1020 2377 1144 2410 dilectis
1178 2377 1250 2409 siliis
1275 2387 1388 2409 eorum
1415 2376 1446 2408 in
1478 2376 1699 2420 spiritualibus

955 2429 1080 2463 vicariis
1091 2436 1145 2463 aut
1156 2429 1345 2462 officialibus
1355 2429 1572 2472 generalibus,
1584 2429 1700 2463 Curiae

956 2490 1125 2514 causarum
1151 2479 1302 2511 Gamerae
1327 2478 1528 2522 Apostolicae
1558 2479 1699 2521 generali

956 2528 1107 2565 auditori,
1152 2538 1277 2560 necnon
1315 2527 1493 2568 abbatibus,
1523 2528 1699 2572 prioribus,

957 2577 1158 2621 praepositis,
1181 2576 1320 2616 decanis,
1338 2576 1585 2617 archidiaconis,
1608 2587 1703 2610 cano-

957 2625 1036 2658 nicis
1052 2632 1081 2659 et
1097 2624 1245 2670 capitulis
1264 2636 1301 2659 ac
1321 2625 1401 2667 aliis,
1424 2625 1462 2659 ad
1482 2636 1563 2669 quos
1578 2626 1608 2658 id
1622 2637 1702 2668 quo·

1711 484 1722 505 b
1738 490 1764 506 eo
1783 485 1846 505 initos
1861 488 1883 506 et.

1712 517 1803 537 mundos
1844 523 1881 542 ap-

1714 548 1780 573 robat,
1792 549 1882 569 servatis

1714 580 1733 600 ic
1764 580 1883 606 expressi53

1765 2273 1894 2295 Executoru

1728 2316 1738 2331 Ε
1742 2312 1808 2338 [minag
