2059 3228
69 228 137 261 ¹579
756 229 931 260 annuemus
950 229 1005 253 xm
1024 230 1071 253 rm.
1573 219 1637 254 263
1691 219 1740 245 An.
1763 218 1789 244 e.
1814 218 1881 245 ¹37⁴.»

152 282 305 318 accedere
321 282 486 323 deberent,
509 292 568 317 nec
592 282 646 316 alii
677 282 714 315 ad
742 283 824 315 istun
845 292 898 315 ca-

1718 276 1837 296 Rovocatlo
1849 276 1886 296 ttt-

988 282 1002 323 g
1023 280 1054 313 3.
1078 281 1137 313 Nos
1159 280 1263 323 igitur,
1283 282 1337 324 qui
1359 282 1484 326 piarum
1508 293 1787 349 congreg-”1333um
1823 308 1885 349 pff.

1715 336 1725 349 c
1751 335 1797 349 run]
1823 335 1836 348 ll
1872 336 1885 349 n

156 335 298 381 pitulum
318 336 467 379 generale
491 336 644 369 accedere
671 336 826 369 audeient
841 346 897 369 seu
940 333 1064 367 tionum
1086 335 1265 377 profectum
1287 336 1420 369 sinceris
1439 342 1626 381 exoptamus
1641 339 1850 377 [is-mmmmm„

150 394 394 434 praesumerent
424 389 595 422 statuimus
614 394 645 422 et
664 389 894 430 ordinavimus,

148 446 179 476 et
197 441 275 476 alias
293 447 390 486 prout
410 442 442 475 in
458 442 575 477 eisdem
592 443 707 476 litteris
726 443 822 476 latius
842 454 895 476 ex-

147 494 300 540 plicatur.

191 547 207 592 §
225 546 382 581 &Verum
394 558 480 588 cum,
494 548 681 581 sicutiidem
692 557 895 591 praepositus

55 611 135 634 eonsu-
147 604 179 634 et
201 599 248 633 illi
266 599 451 634 assistentes
467 605 497 634 et
522 600 652 634 discreti
676 600 770 633 nohis
786 600 894 634 denuo

69 639 135 664 “¹⁰¹'‘
147 659 377 697 exposuerunt,
413 653 446 686 in
474 653 756 687 constitutionibus
789 663 894 697 nuper

147 716 221 740 cum
241 706 359 739 dilecto
383 706 449 740 silio
469 711 578 739 nostro
593 705 706 739 Carolo
720 706 803 739 tituli
816 708 893 739 San-

147 764 217 793 ctae
243 759 392 792 Praxcdis
412 759 596 803 presbytero
617 759 772 792 cardinali
792 759 891 803 parti-

145 811 271 855 cipatis,
293 822 353 856 pro
378 811 463 845 felici
495 811 599 845 dictae
632 812 891 855 congregationis

144 864 302 909 regimine
334 864 439 906 editis,
462 864 544 898 libro
564 871 679 908 quarto
703 865 889 899 earumdem

145 918 428 959 constitutionum,
450 918 554 961 capite
574 918 692 963 primo,
714 918 772 952 sub
797 919 891 951 titulo

143 970 189 1004 De
207 971 493 1005 administratione
512 973 549 1005 in
567 973 750 1005 universum
776 975 805 1004 et
823 972 891 1004 iure

142 1024 300 1068 suffraqii‚
322 1024 405 1058 inter
423 1025 498 1066 alia,
529 1025 735 1069 disponatur,
756 1025 815 1058 sul)
840 1025 890 1057 his

142 1076 247 1110 verbis
270 1076 430 1115 videlicet,
461 1088 527 1111 non
563 1089 675 1112 omnes
703 1077 799 1111 etiam
825 1079 888 1110 sra-

143 1134 207 1163 tres
225 1129 511 1165 administrationis
519 1131 692 1175 participes
703 1142 770 1164 esse
786 1142 888 1175 posse,

141 1182 205 1216 hoc
224 1189 282 1223 est,
300 1194 366 1217 non
390 1194 503 1218 omnes
522 1185 572 1217 ius
592 1184 734 1227 suffragii
755 1184 886 1225 hahere,

140 1236 229 1280 quod
247 1247 358 1270 vocem
378 1237 498 1271 habere
518 1248 575 1271 seu
588 1238 730 1271 vocalem
752 1248 820 1271 esse
843 1238 888 1270 di-

141 1288 256 1330 cimus,
274 1290 328 1323 sed
343 1290 559 1334 quadriennio
576 1291 707 1324 demum
732 1296 804 1335 post
815 1301 888 1334 pro-

141 1341 312 1376 sessionem
332 1344 503 1387 completo,
520 1344 569 1377 ius
594 1343 736 1387 suffragii
753 1344 888 1386 quilibet

140 1394 260 1429 habere
280 1396 386 1437 debet,
403 1397 499 1430 modo
524 1402 606 1430 esset
625 1397 785 1437 sacerdos,
807 1397 887 1430 etad

141 1446 174 1481 id
188 1458 254 1481 non
264 1448 367 1482 sactus
385 1449 548 1490 inhabilis,
570 1460 675 1493 neque
695 1450 728 1482 in
748 1450 810 1483 hoc
825 1450 887 1483 dis—

141 1501 267 1544 pensari
288 1507 407 1545 posset,
426 1503 582 1542 concedi,
604 1514 641 1536 ac
666 1503 698 1535 in
719 1503 832 1536 eodem
849 1503 887 1536 li-

136 1552 200 1595 ¹hro
219 1559 335 1597 quarto
358 1554 405 1588 De
423 1556 563 1598 capitulo
587 1556 731 1599 cenerati
758 1567 886 1600 conffle-

141 1607 259 1650 9and0‚
282 1607 387 1652 capite
407 1609 558 1649 secundo,
575 1614 731 1642 statuatur
750 1614 795 1649 ut,
813 1621 885 1642 cum

141 1659 182 1692 ad
205 1661 735 1706 congregationistranquillitatem
760 1669 790 1696 et
801 1674 887 1696 com-

141 1713 287 1755 modum,
323 1713 485 1758 pertinere
526 1715 670 1748 videatur
707 1716 885 1760 capitulum

141 1767 291 1809 generale
314 1777 388 1800 raro
412 1767 581 1808 celebrari,
610 1768 773 1802 ordinarie
794 1769 886 1802 tertio

142 1830 270 1863 quoque
289 1831 375 1854 anno
395 1821 626 1860 celebraretur,
650 1828 716 1855 tum
738 1823 776 1856 ad
796 1834 888 1867 prae-

142 1873 237 1916 positi
256 1874 414 1917 generalis
433 1880 464 1908 et
487 1875 624 1908 aliorum
646 1875 832 1909 officialium
853 1887 886 1910 e-

142 1925 325 1968 lectionem,
351 1932 419 1960 tum
440 1928 479 1960 ad
499 1938 535 1960 ea
557 1929 832 1972 tracta1‘1da,quae
848 1930 886 1962 ad

143 1980 400 2024 congregationis
439 1981 583 2023 regimen
621 1982 887 2025 disciplinamque

142 2034 394 2066 conservandam
418 2039 484 2072 aut,
510 2035 535 2067 si
548 2035 654 2078 aliqua
669 2046 706 2068 ex
727 2041 816 2079 parte
839 2047 889 2069 re-

143 2085 296 2127 mittatur,
309 2087 536 2124 restituendam
557 2088 765 2132 pertinerent,
783 2100 888 2133 nuper

143 2137 242 2172 iidem
273 2140 474 2183 praepositus
511 2146 542 2173 et
574 2142 756 2175 assistentes
793 2143 887 2176 nobis

143 2191 310 2225 humiliter
341 2193 515 2238 supplicari
550 2194 697 2227 fecerunt
729 2200 889 2239 quatenus

144 2244 264 2285 omnia,
285 2256 367 2288 quae
386 2246 419 2279 in
442 2247 535 2280 dictis
546 2247 659 2281 litteris
682 2248 887 2282 contineren-

145 2302 210 2338 tur,
239 2302 397 2340 quatenus
425 2299 609 2333 huiusmodi
635 2306 797 2344 postremo
817 2302 888 2334 loco

146 2349 238 2383 editis
248 2349 527 2384 constitutionibus
537 2352 755 2393 adversentur,
777 2353 888 2386 tollere

146 2407 177 2435 et
195 2402 334 2441 abolere,
358 2404 551 2447 easdemque
569 2405 668 2437 editas
689 2406 890 2439 constitutio-

145 2460 203 2484 nes
220 2451 407 2485 auctoritate
419 2458 526 2484 nostra
536 2452 759 2486 inviolabiliter
778 2455 887 2487 eadem

146 2498 179 2531 in
195 2500 441 2543 congregatione
464 2501 675 2534 observandas
691 2512 885 2545 proponere,

146 2547 287 2590 aliasque
306 2548 339 2581 in
367 2549 550 2593 praemissis
574 2550 742 2583 consulere
773 2550 811 2584 de
830 2550 886 2591 beq

146 2594 299 2638 nignitate
315 2596 489 2641 apostolica
509 2598 725 2640 dignaremur.

941 387 1087 427 foetibus,
1105 387 1282 421 litterarum
1295 389 1530 432 praedictarum
1542 396 1681 432 tenores,

940 451 976 472 ac
1007 439 1031 472 si
1052 441 1091 473 dc
1116 440 1213 473 verbo
1238 442 1275 473 ad
1303 442 1431 474 verbum
1464 443 1684 478 insererentur

936 493 1171 535 praesentibus,
1194 504 1252 537 pro
1273 496 1427 537 expressis
1446 496 1611 538 hahentes,
1630 497 1681 530 lit-

938 550 1020 578 teras
1041 553 1167 579 nostras
1187 547 1366 589 praedictas
1386 560 1422 580 ea
1443 548 1472 581 in
1494 554 1595 592 parte,
1618 561 1681 594 qua

938 598 1219 632 constitutionibus
1252 600 1421 642 praedietis
1454 612 1559 645 nuper
1590 604 1682 637 editis

936 651 1155 692 adversantur,
1188 652 1363 695 apostolica
1405 655 1607 697 auctoritate,
1634 662 1680 690 tc-

934 714 1013 737 nore
1032 704 1262 747 praesentium,
1283 716 1470 739 revocamus
1490 713 1520 740 et
1542 709 1678 753 abroga-

935 767 1006 789 mus
1034 757 1216 800 viribusquc
1248 758 1376 801 penitus
1396 764 1425 791 et
1445 760 1576 793 omnino
1606 773 1677 795 cva-

933 820 1079 850 cuamus,
1100 821 1136 844 ac
1153 810 1396 844 constitutiones
1413 813 1588 855 praedictas
1609 827 1679 858 pcr-

933 868 1031 905 petuo
1055 864 1274 907 approbamus
1297 870 1328 897 ct
1347 865 1588 907 confirmatan
1611 879 1678 900 om-

932 926 1052 959 nesque
1069 922 1099 950 etv
1123 916 1277 960 singulos,
1300 923 1363 950 tam
1386 919 1464 951 iuris
1487 931 1580 963 quam
1603 921 1675 954 sacti

931 974 962 1002 et
993 970 1243 1011 solemnitatum,
1275 972 1370 1004 etiam
1408 972 1677 1014 substantialium,

931 1021 1122 1055 emissarum
1143 1023 1173 1056 in
1195 1024 1377 1066 praemissis
1386 1025 1528 1058 defectus
1547 1027 1677 1070 supple-

931 1086 1014 1115 mus,
1033 1076 1224 1119 easdemque
1245 1087 1342 1110 novas
1358 1078 1604 1112 constitutiones
1624 1091 1676 1112 ex-

930 1133 1011 1167 acte,
1038 1129 1069 1161 in
1101 1129 1215 1162 virtute
1240 1136 1367 1163 sanctae
1396 1131 1608 1172 obedientiae,
1635 1132 1674 1165 ab

929 1181 1091 1222 omnibus,
1113 1193 1194 1226 quos
1214 1182 1268 1215 illa
1301 1191 1510 1224 concernunt,
1531 1184 1674 1218 districtc
1714 1210 1837 1229 emanue,

929 1235 1087 1268 observari
1100 1236 1315 1280 praecipimus
1323 1242 1353 1269 et
1370 1237 1674 1281 ma11damus‚1‘=rac-

929 1294 1097 1331 sentesque
1109 1289 1230 1322 litteras
1246 1290 1408 1333 perpetuis
1422 1290 1538 1323 suturis
1552 1296 1675 1336 tempo-

928 1341 1017 1374 ribus
1040 1342 1158 1383 valere‚
1187 1353 1223 1375 ac
1243 1343 1281 1375 de
1308 1343 1525 1387 subreptionis
1543 1344 1591 1377 vel
1616 1346 1674 1377 ob-

928 1395 1083 1437 reptionis
1105 1395 1180 1428 vitio
1201 1401 1253 1428 aut
1277 1396 1464 1429 intentionis
1478 1403 1606 1430 nostrae
1626 1398 1674 1431 vel

927 1447 1079 1490 quopiam
1110 1448 1172 1482 alio
1198 1448 1324 1482 defectu
1344 1450 1460 1491 notari,
1490 1450 1672 1493 impugnari

927 1501 974 1533 vel
995 1501 1034 1533 ad
1056 1501 1209 1535 terminos
1243 1502 1321 1535 iuris
1349 1503 1476 1543 reduci,
1498 1509 1552 1536 aut
1571 1503 1602 1536 in
1624 1504 1673 1537 ius

926 1554 974 1586 vel
995 1555 1357 1588 controversiamvocari
1378 1557 1603 1601 posse;sicqtie
1615 1569 1672 1601 per

927 1618 1150 1651 quoscumque
1162 1609 1284 1642 iudices
1296 1609 1580 1650 etcommissarios,
1594 1622 1671 1654 qua-

927 1662 972 1694 vis
996 1662 1185 1695 auctoritate
1201 1663 1384 1705 fungentes,
1413 1664 1508 1697 etiam
1544 1670 1670 1698 sanctae

927 1715 1087 1748 Romanae
1117 1715 1277 1749 Ecclesiae
1298 1716 1475 1749 cardinales
1508 1722 1537 1750 et
1557 1729 1668 1750 causa-

927 1778 999 1800 rum
1020 1768 1129 1800 Palatii
1160 1769 1332 1812 Apostolici
1352 1769 1524 1809 auditores,
1547 1771 1670 1803 sublata

927 1821 971 1853 eis
991 1826 1022 1854 et
1045 1832 1158 1854 eorum
1179 1822 1312 1855 cuilibet
1341 1823 1451 1865 quavis
1475 1823 1566 1855 aliter
1585 1822 1668 1855 iudi-

927 1874 1019 1907 candi
1039 1880 1070 1908 et
1090 1874 1322 1919 interpretandi
1342 1876 1491 1909 facultate
1511 1882 1541 1908 et
1561 1881 1669 1909 aucto-

928 1927 1031 1968 ritate,
1047 1928 1184 1961 iudicari
1201 1934 1231 1961 et
1246 1929 1374 1961 diffiniri
1387 1929 1523 1968 debere;
1543 1939 1669 1961 necnon

928 1980 1055 2014 irritum
1088 1987 1120 2014 et
1150 1981 1257 2022 inane,
1287 1982 1312 2014 si
1338 1992 1429 2014 secus
1462 1992 1558 2024 super
1581 1982 1631 2014 his
1651 1993 1669 2014 a

928 2045 1104 2078 quoquam,
1127 2034 1237 2077 quavis
1257 2034 1456 2074 auctoritate,
1471 2034 1607 2067 scienter
1621 2035 1669 2067 vel

929 2088 1124 2130 ignoranter,
1147 2088 1313 2129 contigerit
1348 2087 1495 2120 attentari
1524 2087 1669 2120 decerni-

929 2152 1011 2173 mus.
1692 2158 1807 2179 mandatur
1820 2165 1875 2180 exea

971 2194 986 2237 ἓ
1002 2194 1033 2227 4.
1044 2194 1198 2233 Quocirca
1207 2205 1294 2225 wine!
1304 2193 1443 2226 abilibus
1453 2193 1603 2226 fratribus
1610 2194 1670 2226 Ma-
1681 2187 1746 2205 ’πῖθ’

929 2247 1083 2280 ceratensi
1105 2252 1134 2280 et
1154 2247 1351 2279 Amerinensi
1370 2246 1541 2290 episcopis,
1564 2257 1599 2279 ac
1624 2247 1670 2279 di-

929 2300 1011 2333 lecto
1021 2300 1088 2333 filio
1109 2310 1277 2332 causarum
1289 2298 1402 2332 Curiae
1420 2297 1569 2332 Gamerae
1588 2300 1671 2343 Apo-

929 2353 1058 2386 stolicae
1078 2353 1218 2395 generali
1253 2351 1389 2385 auditori
1409 2363 1466 2396 per
1489 2359 1671 2395 praesentes

929 2406 1160 2438 committimus
1179 2411 1210 2438 et
1223 2405 1411 2438 mandamus
1435 2410 1592 2450 quatenus
1611 2406 1670 2449 ipsi

929 2455 976 2488 vel
992 2454 1056 2487 duo
1072 2459 1126 2487 aut
1145 2464 1229 2486 unus
1241 2463 1365 2494 eorum,
1383 2464 1441 2497 per
1456 2463 1488 2486 se
1509 2454 1556 2487 vel
1571 2454 1669 2487 alium

929 2514 984 2536 seu
1005 2503 1094 2543 alios,
1116 2508 1299 2545 praesentes
1313 2502 1470 2536 litteraset
1491 2502 1522 2535 in
1540 2503 1670 2536 eiscon—

928 2556 1013 2585 tenta
1034 2561 1271 2594 quaecumque,
1293 2550 1347 2583 ubi
1368 2556 1398 2583 et
1426 2552 1560 2594 ⁴quando
1591 2562 1671 2595 opus·

930 2600 1036 2641 suerit,
1057 2611 1092 2633 ac
1113 2599 1237 2643 quoties
1257 2610 1314 2644 pro
1336 2606 1424 2643 parte
1444 2600 1616 2644 praepositi
1642 2606 1671 2633 et
