2059 3228
31 253 61 283 n.
75 247 103 279 C·
122 250 190 281 ¹388

203 300 232 341 ἦ·
246 298 312 343 Ego
332 300 431 334 frater
454 300 655 334 Constantius
683 300 855 335 cardinalis
873 302 948 336 Sar-

246 362 361 393 nanus‚
397 353 482 385 tituli
510 353 617 387 Sancti
651 353 734 387 Petri
773 354 804 386 in
845 355 948 388 Monte

245 406 362 439 Aureo.

200 459 230 500 ἦ·
244 458 310 502 Ego
329 459 364 493 G.
392 460 480 492 card.
494 460 623 500 Alanus,
646 460 693 493 tit.
713 460 745 494 S.
769 461 894 494 Martini
916 462 947 494 in

187 544 190 552 ,
246 512 418 546 Montibus

188 566 229 607 ἢ·
243 565 309 609 Ego
335 566 456 610 Scipio,
488 567 536 599 tit.
560 567 592 600 S.
618 568 733 600 Mariae
751 568 789 600 dc
810 568 944 611 Populo,

247 619 334 652 card.
356 619 515 663 Gonzaga.

187 668 227 714 ,31-
241 672 306 715 Ego
326 672 496 713 Antonius,
515 673 566 706 tit.
584 673 615 706 S.
639 673 757 713 Vitalis,
770 675 857 706 card.
873 674 948 707 Sau-

244 725 317 758 lius.

200 779 228 820 †
243 778 310 821 Ego
359 778 570 822 Evangelista‚
611 778 694 812 tituli
733 780 840 813 Sancti
871 781 947 814 Mat-

243 831 330 865 thaei
350 831 382 865 in
400 832 575 870 Merutana,
603 832 776 866 cardinalis
800 832 946 867 Cusenti-

211 901 213 903 ·
242 895 315 918 nus.

193 927 228 981 [†
239 938 306 981 Ego
321 938 355 972 F.
369 938 564 982 Stephanus,
577 939 661 972 tituli
670 940 858 973 Sanctorum
870 940 948 973 Mar-

243 991 352 1025 cellini
368 998 401 1025 et
411 992 508 1032 Petri,
520 992 661 1036 presbyt.
681 993 853 1026 cardinalis
869 995 946 1027 Are-

186 1047 191 1075 ]
243 1043 342 1077 tinus.

188 1098 229 1140 νζ-
242 1097 308 1141 Ego
327 1097 361 1130 F.
385 1099 473 1131 card.
497 1098 720 1139 Ssortia‚diac.
739 1100 769 1132 S.
782 1100 903 1133 Nicolai
916 1099 947 1132 in

243 1151 392 1185 Cat-cere.

199 1206 224 1246 †
242 1203 308 1247 Ego
327 1204 507 1238 Alexander
529 1204 614 1237 card.
638 1206 819 1245 Montaltus,
842 1206 947 1239 diaco-

243 1267 305 1290 nus
325 1257 356 1291 S.
379 1257 553 1291 Eustachii.

201 1313 226 1352 †
243 1310 310 1353 Ego
328 1311 542 1356 Hieronymus
562 1311 593 1345 S.
621 1311 735 1345 Mariae
763 1312 794 1344 in
820 1312 947 1345 Cosme-

246 1363 302 1396 din
326 1363 410 1398 diac.
437 1365 526 1397 card.
548 1365 747 1398 Matthaeius.

201 1419 225 1458 †
247 1416 313 1459 Ego
331 1417 523 1451 Benedictus
538 1417 568 1451 S.
581 1418 722 1460 Agatliae
740 1418 821 1451 diac.
843 1417 946 1451 cardi-

245 1470 328 1503 nalis
346 1470 552 1504 Iustinianus.

201 1528 226 1564 †
249 1523 315 1566 Ego
334 1522 489 1557 Ascanius
508 1523 697 1557 Sanctorum
718 1524 777 1556 Viti
799 1529 828 1556 et
845 1524 950 1557 Mode-

248 1576 288 1609 sti
308 1582 340 1610 et
355 1576 556 1611 Crescentiae
572 1577 727 1611 diaconus
747 1577 868 1610 cardin.
889 1577 948 1610 Co-

246 1629 372 1663 lumna.

204 1685 228 1723 †
246 1682 312 1726 Ego
331 1682 513 1717 Fridericus
537 1684 670 1717 Sanctae
691 1684 807 1716 Mariae
833 1683 864 1716 in
891 1683 950 1716 Do-

247 1736 368 1769 minica
387 1737 543 1770 diaconus
567 1738 653 1770 card.
677 1738 899 1770 Borromaeus.

248 1789 340 1822 Anno
350 1800 369 1822 a
379 1790 541 1823 nativitate
554 1790 679 1823 Domini
690 1800 882 1829 Motxxxvm,
902 1789 950 1822 in-

205 1841 346 1876 dictione
355 1842 378 1883 1,
388 1843 439 1875 die
448 1853 522 1876 vero
534 1844 667 1883 veneris,
678 1843 848 1876 undecima
861 1853 951 1876 men-

206 1895 250 1928 sis
260 1895 379 1937 marfii,
393 1896 600 1940 pontificatus
611 1896 810 1929 sanctissimi
822 1896 853 1928 in
864 1895 953 1930 Chri-

206 1954 258 1982 sto
273 1948 375 1981 Patris
396 1955 426 1982 et
448 1949 483 1982 D.
503 1950 540 1982 N.
563 1950 598 1982 D.
626 1949 703 1982 Sixti
722 1949 827 1982 divina
847 1948 953 1992 provi-

207 2001 317 2035 dentia
336 2002 440 2046 Papae
465 2003 499 2043 Y,
527 2014 610 2036 anno
631 2003 699 2036 eius
720 2003 828 2042 tertio,
851 2007 953 2035 retro-

208 2055 349 2099 scriptae
370 2056 494 2089 litterae
514 2057 709 2101 apostolicae
725 2057 835 2089 affixae
856 2062 885 2089 et
907 2056 953 2088 le-

208 2113 280 2141 ctae
299 2115 330 2141 et
354 2109 535 2152 publicatae
565 2110 695 2143 suerunt
724 2110 756 2142 in
780 2109 875 2142 valvis
900 2120 955 2142 scu

209 2161 313 2205 portis
332 2161 363 2195 S.
390 2162 518 2196 Ioannis
546 2162 776 2201 Latet-anensis,
797 2168 824 2195 et
847 2163 878 2195 S.
898 2162 955 2194 Pc-

210 2214 253 2246 tri
275 2214 434 2259 Principis
454 2216 682 2259 Apostolorum
703 2216 741 2249 de
767 2216 862 2253 Urbe,
884 2226 958 2248 ncc-

211 2275 278 2299 non
305 2266 523 2302 cancellariae
547 2269 751 2312 Apostolicae
781 2273 808 2301 ot
840 2271 870 2300 iu
891 2268 958 2300 acic

212 2318 324 2364 Campi
348 2321 473 2362 Florae,
499 2328 531 2355 et
559 2332 617 2365 per
645 2322 775 2364 aliquod
806 2321 960 2364 temporis

214 2375 354 2416 spatium
375 2373 535 2415 dimissae,
558 2385 615 2418 per
630 2386 688 2407 nos
703 2375 766 2407 loa.
789 2374 960 2417 Baptistam

216 2424 327 2468 Bagni,
349 2432 380 2460 et
396 2427 441 2460 Io.
458 2428 653 2468 Burlurault,
673 2427 726 2460 SS.
746 2428 780 2460 D.
804 2428 839 2459 N.
860 2427 961 2470 Papae

218 2488 379 2512 cursores.

208 2532 210 2535 ’
394 2532 480 2566 Alex.
499 2527 704 2572 parabimus,
725 2543 808 2575 mag.
832 2543 916 2565 curs.

260 2588 322 2619 Dat.
339 2588 387 2620 die
405 2590 442 2620 10
459 2590 535 2621 l'ebb.
560 2591 644 2628 1588,
662 2590 764 2630 pontis.
781 2599 858 2620 auno
880 2598 922 2620 111.

35 1861 159 1884 ramicum.

850 247 955 274 stst
973 248 993 273 V
1011 249 1060 275 1³1¹.

1314 303 1416 338 CXIX.

989 377 1174 422 Adscriptio
1183 378 1217 412 S.
1234 379 1484 413 Bonaventurae
1494 380 1740 425 Balneoreqien-

1032 431 1077 464 sis
1095 432 1180 464 inter
1199 433 1338 475 eqreqios
1356 438 1540 478 sanctosque
1563 435 1740 469 catholicae

1035 484 1181 517 ecclesiae
1217 485 1357 518 doctores
1370 512 1377 524 ‚
1412 497 1485 519 cum
1527 488 1739 531 indulgentiis

1032 547 1091 580 pro
1121 537 1186 569 eius
1214 538 1390 579 festivitate
1418 539 1469 572 dic
1488 549 1538 572 xlv
1567 541 1642 573 iulii
1660 541 1738 574 cele-

1037 589 1163 623 branda
1184 590 1209 621 ¹.

1060 681 1154 711 sixtus
1163 682 1320 718 episcopus,
1343 690 1437 713 servus
1454 692 1594 715 sorvorum
1612 685 1669 718 ὓοί,

988 757 1126 786 universis
1149 759 1352 787 venerabilibus
1378 759 1513 789 fratribus
1551 762 1656 790 nostris
1687 769 1735 798 pa-

1032 811 1174 844 triarchis.
1192 812 1366 847 primatibus.
1395 813 1614 850 archiepiscopis.
1634 815 1735 851 opisco-

1030 865 1091 900 pis.
1124 866 1155 894 et
1185 866 1296 894 dilectis
1327 866 1393 895 filiis
1419 867 1537 896 auarum
1561 869 1738 897 ecclesiarum

1031 918 1165 953 praelatis
1177 926 1224 955 per
1243 919 1398 948 universum
1412 921 1551 949 terrarum
1569 922 1660 950 orbem
1676 929 1738 951 eou-

1031 971 1157 1005 stantis,
1181 973 1299 1001 satutem
1323 974 1353 1001 et
1375 975 1554 1010 apostoticam
1572 975 1736 1005 benedictio-

1032 1031 1104 1053 nam.

1031 1107 1272 1152 Triumphantis
1284 1109 1483 1143 Hierusalem
1495 1111 1630 1153 gloriam
1650 1121 1734 1145 sem-

988 1160 1147 1204 piternam
1167 1168 1198 1195 et
1212 1163 1403 1196 Sanctorum
1425 1175 1497 1196 cum
1518 1163 1645 1198 Christo
1663 1166 1735 1199 seli-

990 1214 1117 1248 cissime
1154 1216 1354 1258 regnantium
1389 1227 1564 1260 numquam
1609 1229 1733 1252 marce-

989 1273 1113 1300 scentes
1138 1279 1273 1301 coronas
1304 1280 1376 1302 cum
1405 1269 1522 1312 gaudio
1560 1270 1733 1311 admirans,

989 1326 1099 1353 sancta
1118 1327 1220 1354 mater
1236 1322 1391 1363 Ecclesia,
1404 1323 1509 1356 adhuc
1523 1323 1554 1356 in
1566 1324 1658 1357 terris
1676 1325 1738 1358 mi—

990 1373 1096 1415 litaus,
1119 1374 1158 1407 ad
1179 1375 1323 1408 eamdem
1344 1376 1568 1410 veroiustitiae
1581 1388 1735 1411 coronam

989 1426 1160 1466 festinans,
1177 1428 1276 1460 Deum
1301 1428 1333 1460 in
1363 1428 1488 1462 Sanctis
1512 1429 1578 1463 suis
1602 1430 1738 1464 mirabi-

990 1479 1051 1512 lem
1071 1480 1256 1524 praedicare
1277 1491 1340 1514 non
1361 1487 1472 1515 cessat.
1500 1482 1563 1516 Nec
1591 1493 1666 1517 vero
1686 1483 1736 1516 in-

989 1534 1094 1576 signes
1110 1539 1236 1566 tantum
1263 1535 1409 1568 victorias
1431 1541 1461 1567 et
1476 1536 1642 1579 praeclara
1662 1548 1735 1570 san-

991 1590 1117 1618 ctorum
1137 1587 1252 1620 merita
1271 1587 1394 1621 eximiis
1413 1589 1560 1621 laudibus
1579 1590 1732 1629 celebrat,

990 1638 1045 1671 sed
1070 1639 1199 1672 eosdem
1219 1639 1361 1680 Sanaos,
1384 1651 1465 1684 quos
1487 1641 1571 1675 Deus
1600 1642 1735 1676 mirifice

991 1691 1197 1731 honorificat,
1227 1692 1296 1736 ipsa
1325 1704 1453 1737 quoque
1482 1693 1535 1738 pie
1565 1701 1736 1728 veneratur

991 1755 1028 1777 ac
1045 1745 1131 1785 colit,
1154 1756 1295 1788 quorum
1319 1746 1473 1780 nimirum
1497 1747 1736 1791 praedicatione

998 1799 1194 1841 salutarique
1223 1800 1369 1833 doctrina
1399 1801 1554 1841 instituta,
1585 1801 1741 1844 sauguine

997 1853 1140 1892 fundata,
1159 1853 1336 1886 illustribus
1361 1854 1502 1887 caritatis
1525 1854 1677 1898 operibus
1693 1861 1741 1888 at-

997 1917 1059 1949 que
1088 1905 1240 1949 exemplis
1269 1907 1413 1947 educata,
1443 1907 1639 1941 serventibus
1668 1908 1741 1941 illo-

996 1969 1070 1991 rum
1092 1959 1176 2002 apud
1196 1958 1296 1992 Deum
1313 1960 1463 2003 precibus
1484 1960 1628 2004 quotidie
1648 1961 1742 1994 adiu-

995 2017 1099 2044 vatur.
1115 2011 1329 2050 Quamobrem
1342 2013 1458 2046 debitis
1469 2013 1564 2046 etiam
1574 2014 1741 2057 congruis-

1000 2075 1062 2107 que
1081 2064 1260 2097 honoribus
1279 2065 1453 2109 unicuique
1469 2065 1660 2099 Sanctorum
1677 2067 1742 2100 sin-

997 2117 1133 2160 gulatim
1154 2117 1341 2157 tribuendis,
1362 2118 1400 2151 ad
1419 2119 1562 2152 coelestis
1582 2119 1744 2153 illiushie-

998 2170 1155 2208 rarchiac,
1178 2171 1233 2203 ubi
1260 2171 1367 2204 omnia
1387 2171 1419 2204 in
1443 2171 1575 2205 caritate
1601 2173 1746 2217 perfecta

999 2223 1148 2256 ordinata
1178 2228 1261 2263 sunt,
1292 2234 1437 2257 normam
1457 2223 1552 2268 atque
1573 2224 1745 2268 imaginem

1003 2287 1069 2310 sese
1092 2276 1305 2317 conformare,
1325 2283 1481 2320 quantum
1501 2278 1676 2321 quidemin
1688 2278 1746 2312 hu-

1003 2330 1051 2362 ius
1071 2329 1305 2372 praetereuntis
1325 2330 1437 2363 mundi
1457 2330 1552 2363 exilio
1572 2331 1657 2371 licet,
1681 2342 1747 2365 ma·

1039 2405 1047 2429 t
1080 2404 1324 2431 canonizationem
1352 2404 1438 2432 huius
1467 2405 1556 2432 sancti
1590 2405 1749 2440 praefinivit.

1003 2448 1096 2475 Sixtus
1112 2447 1157 2480 lv,
1178 2452 1208 2474 ut
1227 2448 1254 2475 in
1269 2455 1318 2475 sua
1334 2453 1421 2476 const.
1439 2455 1516 2482 xxvi,
1528 2449 1660 2484 Superna,
1681 2454 1747 2478 tom.

1003 2492 1033 2524 V,
1059 2499 1120 2526 pag.
1141 2491 1202 2518 ⁶284.
1231 2492 1359 2520 Aliorum
1387 2493 1523 2521 ecclesiae
1551 2494 1699 2522 doctorum
1723 2501 1750 2522 et

1004 2535 1239 2570 evangelistarum
1267 2536 1337 2565 festa
1365 2536 1468 2570 duplici
1498 2537 1589 2565 officio
1615 2537 1749 2566 celebrari

1004 2579 1085 2607 iussit
1099 2579 1259 2608 Bonisacius
1277 2581 1335 2608 Vlll
1351 2581 1376 2608 iu
1397 2581 1511 2609 Extrav.
1536 2588 1553 2609 1.
1578 2582 1611 2609 de
1635 2582 1701 2611 Reti.
1723 2586 1751 2610 et

1005 2631 1068 2651 ven.
1091 2624 1183 2652 Sanct.

1609 243 1698 278 1005
1752 250 1804 280 An„
1820 252 1849 281 C.
1869 252 1935 283 ¹598

1776 1118 1908 1140 Prooemtuu.
