2059 3228
31 1216 44 1248 ,,,
31 1109 49 1201 *ea-

40 2362 49 2367 ι
39 2346 42 2350 ·
33 2189 54 2327 -ἥτψ-Ῥῆ.
39 2160 46 2166 ι
33 2136 45 2146 ἰ
34 2091 45 2116 ,ι

38 2393 148 2426 flnnsutae
166 2401 192 2423 ad

42 2432 47 2463 J
59 2430 138 2452 tutem.

43 2465 50 2474 .

861 184 964 208 stwrus
988 185 1006 207 V
1029 184 1076 207 ΓΡ.

202 234 358 268 tuendum
392 235 553 268 duximus.
588 238 688 281 Porro
712 236 893 270 litterarum
919 242 949 269 ct
991 236 1142 269 facultate
1164 241 1194 269 et
1213 235 1414 276 auctoritate,
1437 233 1572 269 iudicari
1593 244 1630 267 ac
1659 234 1740 267 diffi-

201 288 389 322 ccdularum
402 290 638 333 praedictarum
654 291 798 323 onmium
812 297 948 331 tir-nores,

201 353 238 376 ac
258 342 283 375 si
300 342 339 375 (le
358 343 455 375 verbo
480 344 517 375 :ul
544 343 675 376 verbum
693 344 801 376 inserti
831 344 946 383 forent,

202 406 261 440 pro
285 396 442 439 expressis
467 396 630 436 habenta-s,
659 408 695 429 ac
726 398 947 430 reductionem

201 454 232 483 et
258 449 518 493 suppressionem
554 460 678 482 necnon
709 451 947 493 ampliationem

202 503 382 547 praedictas
403 514 460 546 per
480 503 569 535 Pium
592 509 618 535 ct
641 503 832 544 th‘egorium
854 515 947 548 prac-

201 557 396 593 decessores,
421 561 455 589 ut
476 559 667 600 praefertur,
691 558 798 597 saetas,
828 562 858 589 et
888 558 949 590 alia

201 609 333 654 quaevis
352 610 502 643 effectum
524 611 742 653 praesentium
768 610 947 654 impedien-

200 664 244 697 tia
264 663 392 707 penitus
412 664 560 696 tollentes
579 669 610 696 et
629 664 830 706 abrogantes,
859 670 949 697 motu

200 716 334 761 proprio
355 722 386 750 ct
410 727 445 750 cx
467 723 553 750 certa
574 723 682 750 nostra
703 717 837 750 scientia
857 728 893 750 ac
909 718 949 751 de

199 770 396 815 apostolicae
416 770 580 814 potestatis
610 770 821 813 plenitudine,
854 771 950 804 colle-

199 823 290 867 gium
306 824 508 868 praedictum
529 824 567 857 ad
583 824 819 857 duodenarium
838 834 950 857 nume-

199 887 272 910 rum
285 877 501 921 praedictum,
525 876 717 910 auctoritate
738 877 919 921 apostolica
936 904 944 918 ,

199 935 312 964 tenore
346 930 579 974 praesentium,
616 935 773 974 perpetuo
806 930 949 964 restitui-

199 995 272 1019 mus
290 990 321 1018 et
340 985 532 1028 ampliamus
558 995 616 1028 pro
649 984 819 1018 duodecim
853 984 949 1018 cleri-

199 1038 257 1078 cis,
279 1038 323 1071 ita
341 1038 429 1081 quod
466 1048 578 1078 novus,
607 1043 639 1070 ut
664 1039 858 1081 praefertur,
894 1038 950 1070 de-

198 1091 363 1136 putandus
401 1096 432 1124 et
467 1101 568 1135 prope
598 1091 683 1124 diem
718 1091 950 1124 adscribendus

199 1144 336 1179 clericus
365 1155 429 1178 una
455 1155 529 1178 eum
559 1155 645 1178 nunc
670 1144 876 1177 existentibus
897 1144 951 1177 de-

199 1209 269 1232 cem
307 1198 434 1232 clericis
472 1198 612 1242 antiquis
643 1209 744 1231 unum
776 1209 895 1242 corpus
920 1203 951 1231 et

199 1252 373 1295 collegium
406 1253 568 1295 integrum
597 1263 634 1285 ex
665 1252 753 1284 omni
786 1258 876 1295 parte
899 1262 951 1285 ae-

199 1305 288 1350 quali
307 1311 338 1339 et
357 1305 565 1350 inseparabili
597 1305 740 1339 officiant
772 1312 802 1339 et
835 1305 951 1339 consti-

163 1383 167 1386 ·
200 1363 308 1400 tuant;
329 1369 368 1392 ex
395 1359 551 1392 reditibus
568 1370 643 1392 vero
669 1364 700 1391 et
721 1359 950 1392 emolumentis

201 1413 433 1468 cameraria-tus
454 1413 611 1456 praedicti
629 1423 788 1445 summam
809 1412 951 1445 duorum

201 1465 340 1499 millium
361 1471 391 1499 et
411 1466 623 1498 ducentorum
654 1471 821 1498 scutorum
842 1475 951 1497 mone-

202 1524 264 1561 tae,
286 1519 373 1552 iuliis
392 1519 505 1552 decem
522 1530 580 1563 pro
601 1518 849 1562 quolibetscuto
866 1528 952 1551 com-

200 1573 332 1618 putatis,
344 1579 503 1617 perpetuo
524 1578 709 1616 separantes
730 1578 759 1605 et
780 1582 952 1614 segregan-

201 1633 260 1669 tes,
289 1627 435 1661 eamdem
465 1637 624 1659 summam
645 1626 690 1658 sic
719 1631 897 1669 separatam
922 1630 953 1658 et

201 1690 400 1724 segregatam
417 1680 521 1713 eidem
538 1679 656 1712 clerieo
667 1678 953 1721 nominandoprze-

202 1733 288 1768 dicto
307 1734 513 1768 concedimus
532 1738 560 1765 et
574 1733 784 1775 assignamus:
802 1732 845 1764 ita
866 1732 953 1775 quod

203 1787 297 1821 liceat
305 1788 410 1821 eidem
425 1787 562 1827 collegio
575 1786 696 1819 reditus
708 1791 737 1818 ct
753 1786 954 1818 emolumen-

204 1847 234 1876 ta
250 1841 404 1886 praedicta
417 1852 434 1874 e
450 1841 598 1874 manibus
613 1839 797 1883 depositarii
811 1850 954 1871 camera-

203 1894 304 1929 riatus
315 1894 501 1931 huiusmodi
521 1904 646 1937 pernes
662 1892 804 1936 deputati
818 1893 865 1925 vel
896 1893 951 1925 de-

203 1948 338 1994 putandi
365 1948 547 1992 percipere,
570 1947 696 1989 exigere
722 1951 752 1978 et
780 1946 896 1986 levare,
917 1956 953 1978 ac

203 2002 237 2035 in
271 2000 437 2035 communi
476 2010 578 2033 massa
609 1999 710 2044 ipsius
741 1998 867 2041 collegii
898 2009 954 2041 po-

204 2066 295 2096 nere,
317 2066 382 2088 una
402 2065 476 2088 cum
501 2054 571 2086 aliis
591 2064 704 2086 eorum
725 2053 952 2085 emolumentis

204 2109 289 2142 inter
307 2108 393 2153 ipsos
413 2107 563 2140 undecim
598 2106 732 2139 clericos
756 2105 952 2149 participan-

204 2161 253 2195 dis
272 2161 426 2201 dividere,
440 2172 476 2194 ac
497 2161 528 2193 in
549 2171 623 2193 suos
645 2170 722 2192 usus
739 2165 769 2191 et
783 2159 952 2191 utilitatem

205 2220 401 2255 convertere,
423 2214 562 2248 cuiusvis
580 2213 709 2246 licentia
734 2213 873 2255 desuper
893 2212 953 2244 mi-

204 2268 293 2302 nime
317 2268 484 2311 requisita.

249 2321 312 2365 36.
341 2321 458 2364 Sicque
484 2331 541 2364 per
567 2330 790 2363 quoscumque
823 2318 954 2357 iudices,

206 2370 426 2403 ordinarioset
439 2369 612 2411 delegatos,
623 2374 653 2400 et
665 2367 805 2400 eiusdem
819 2367 850 2398 S.
867 2366 903 2398 [t.
918 2366 951 2398 E.

207 2418 398 2458 cardinaleS,
421 2429 457 2450 ac
487 2427 656 2450 causarum
687 2415 796 2448 Palatii
819 2415 954 2457 Aposto-

207 2467 260 2500 lici
281 2466 455 2505 auditores,
474 2466 503 2497 in
524 2475 728 2507 quacumque
743 2474 838 2496 causa
858 2469 886 2495 et
908 2463 956 2494 in-

207 2517 334 2557 stantia,
371 2516 495 2547 sublata
533 2514 578 2546 cis
613 2520 643 2546 et
676 2524 788 2546 eorum
825 2512 956 2546 cuilibet

208 2566 319 2610 quavis
346 2565 438 2598 aliter
462 2563 624 2597 iudicandi
657 2569 687 2595 et
724 2561 954 2606 interpretandi

990 289 1051 321 niri
1085 289 1218 329 debere,
1255 299 1381 322 necnon
1416 288 1543 321 irritum
1583 293 1614 321 et
1646 287 1740 321 inane

990 342 1146 386 quidquid
1185 353 1277 375 secus
1301 353 1399 386 super
1436 341 1485 374 liis
1509 353 1527 374 a
1559 352 1738 385 quoquam,

989 396 1099 439 quavis
1112 396 1313 436 auctoritate,
1327 395 1466 428 scienter
1476 396 1523 428 vel
1541 395 1738 437 ignoranter,

990 448 1161 492 contigerit
1181 449 1340 489 attentari,
1361 449 1577 482 decernimus.

1002 512 1015 525 Ἰ
1034 503 1049 545 ἓ
1070 502 1101 536 7.
1132 502 1200 535 Non
1222 503 1424 536 obstantibus
1457 503 1646 536 eorumdem
1678 502 1741 535 Eu-

990 556 1075 599 genii
1097 561 1128 589 et
1147 555 1191 588 Pii
1213 567 1248 588 ac
1276 556 1419 597 Gregorii
1445 557 1650 600 aliorumque
1677 557 1739 590 Ro-

991 620 1160 643 manorum
1182 610 1373 643 Pontificum
1389 610 1674 654 praedecessorum
1687 622 1742 643 no-

991 669 1133 697 strorum
1143 663 1292 703 decretis,
1304 664 1439 703 statutis,
1458 664 1741 697 constitutionibus

991 723 1023 750 et
1042 717 1312 757 ordinationibus,
1325 728 1361 750 ae
1378 717 1497 759 regulis
1508 717 1738 758 Canceilariae,

991 776 1023 804 et
1047 771 1086 804 de
1110 781 1175 803 non
1206 771 1350 803 tollendo
1379 771 1448 803 iure
1474 771 1630 814 quaesito,
1654 771 1739 803 iura-

992 830 1111 863 mento,
1122 824 1369 857 confirmatione
1381 824 1555 868 apostolica
1568 825 1616 857 vel
1628 825 1740 867 quavis

992 878 1143 911 firmitate
1163 878 1225 910 alia
1258 878 1428 918 roboratis,
1460 879 1583 911 statutis
1608 884 1638 911 et
1662 889 1740 911 con-

991 932 1233 971 suetudinibus;
1248 931 1423 975 privilegiis
1442 942 1584 975 quoque,
1607 932 1741 964 indultis

992 991 1023 1019 et
1036 985 1150 1018 litteris
1170 985 1366 1028 apostolicis,
1385 984 1589 1025 generalibus
1604 985 1650 1017 vel
1672 996 1742 1028 spc-

992 1038 1139 1079 cialibus,
1166 1037 1301 1080 collegio
1323 1043 1354 1070 et
1378 1037 1503 1070 clericis
1533 1038 1738 1081 supradictis,

991 1092 1088 1125 etiam
1110 1102 1146 1124 ex
1167 1102 1263 1124 causa
1282 1101 1430 1127 onerosa,
1454 1096 1485 1124 et
1507 1091 1740 1124 interveniente

992 1154 1198 1188 quacumque
1210 1143 1421 1188 pecuniarum
1438 1144 1628 1187 quantitate,
1644 1144 1741 1177 etiam

991 1198 1186 1236 rationabili,
1198 1208 1235 1230 ac
1248 1208 1307 1241 per
1318 1197 1449 1230 modum
1462 1197 1568 1230 statuti
1581 1197 1741 1241 perpetui,

992 1252 1087 1285 etiam
1117 1251 1304 1285 solemniter
1336 1250 1408 1284 initi
1433 1257 1463 1284 et
1488 1250 1631 1294 stipulati
1666 1262 1741 1284 con-

991 1312 1123 1346 tractus,
1145 1316 1182 1338 ac
1207 1316 1280 1339 eum
1312 1305 1488 1349 quibusvis,
1519 1304 1615 1338 etiam
1645 1305 1741 1338 dero-

991 1359 1132 1403 gatoriiS,
1146 1359 1280 1402 aliisque
1292 1358 1490 1398 fortioribus,
1508 1358 1742 1391 efficacioribus

992 1418 1022 1447 et
1052 1413 1190 1446 insolitis
1219 1412 1390 1452 clausulis,
1413 1412 1679 1455 irritantibusquc
1710 1417 1742 1444 et

992 1466 1064 1500 aliis
1083 1466 1220 1500 decretis
1240 1465 1410 1505 concessis,
1426 1465 1624 1498 confirmatis
1643 1471 1674 1498 et
1694 1465 1741 1497 in-

992 1521 1124 1554 novatis⁴
1148 1520 1269 1559 Quibus
1289 1519 1450 1559 omnibus,
1473 1518 1595 1552 etiamsi
1618 1519 1657 1551 de
1679 1518 1742 1551 illis

993 1574 1140 1618 specialis
1152 1579 1183 1606 et
1192 1584 1339 1617 expressa
1356 1572 1476 1605 mentio
1488 1572 1634 1604 habenda
1645 1577 1740 1610 esset,

993 1629 1123 1660 illorum
1137 1627 1283 1660 omnium
1304 1632 1432 1659 tenores
1447 1625 1671 1669 praesentibus
1683 1636 1741 1668 pro

994 1681 1151 1725 expressis
1164 1681 1327 1720 habentes,
1340 1680 1401 1713 illis
1414 1680 1492 1712 alias
1509 1679 1541 1711 in
1554 1690 1611 1711 suo
1625 1679 1742 1711 robore

994 1734 1227 1779 permansuris,
1253 1734 1314 1766 hac
1338 1733 1405 1766 vice
1426 1733 1600 1772 dumtaxat,
1621 1731 1742 1775 specia-

993 1789 1068 1822 liter
1086 1794 1118 1821 et
1148 1798 1296 1832 expresse
1324 1787 1530 1829 derogamus,
1563 1784 1742 1828 ceterisque

995 1842 1167 1876 contrariis
1190 1841 1459 1883 quibuscumque.

1037 1896 1151 1928 Datum
1172 1895 1292 1927 Romae
1311 1894 1397 1937 apud
1413 1893 1565 1926 Sanctum
1587 1892 1739 1930 Marcum,

995 1948 1054 1981 sub
1074 1948 1195 1981 annulo
1215 1947 1396 1987 piscatoris,
1424 1947 1474 1979 die
1500 1956 1518 1979 v
1552 1946 1743 1989 septembris

994 2011 1175 2040 MDLxxxvn,
1199 2000 1404 2044 pontificatus
1423 1999 1523 2032 nostri
1547 2009 1632 2032 anno
1651 2008 1696 2032 111.

1045 2060 1107 2089 litat.
1128 2060 1174 2089 die
1191 2060 1208 2089 5
1224 2063 1298 2099 sept.
1316 2057 1403 2095 1587,
1424 2057 1528 2097 pontif.
1549 2066 1625 2086 anno
1643 2065 1686 2086 111.

1346 2217 1392 2251 CI.

998 2294 1087 2335 Quod
1096 2294 1288 2328 Franciscus
1295 2293 1439 2333 illctli'ces,
1450 2303 1588 2335 vicanus
1602 2292 1669 2326 dvx
1678 2292 1743 2325 He-

1043 2349 1164 2381 lruriae
1206 2352 1234 2380 ec
1256 2358 1392 2390 iizaynus
1419 2348 1573 2388 vtaqit'tet‘
1603 2347 1743 2379 militiae

1043 2402 1176 2435 Ordinis
1194 2401 1228 2434 S.
1248 2401 1420 2443 Stephani,
1435 2403 1552 2442 eriqere.
1584 2400 1688 2432 valeat
1709 2401 1743 2432 in

1041 2456 1242 2488 commendas
1269 2455 1374 2487 dictae
1405 2454 1544 2486 ¹militiae
1570 2454 1744 2496 hospitalia

1038 2519 1096 2552 pei·
1115 2508 1212 2540 laicos
1232 2508 1299 2550 rryi
1330 2508 1438 2546 solita,
1465 2508 1508 2539 ad
1536 2506 1742 2550 hospitalita-

1043 2566 1103 2594 tem
1118 2562 1284 2602 instituta,
1307 2562 1341 2593 m
1365 2560 1523 2593 Hetruricc
1555 2560 1741 2600 eaeistentia,

1631 172 1690 207 911
1739 203 1742 208 .

1753 180 1804 207 An.
1822 179 1850 208 C.
1869 179 1936 208 1587

1768 512 1880 536 Derocatin
1889 518 1940 534 onn-

1755 547 1877 565 (rariorum.
