2059 3228
26 240 79 271 An.
87 240 116 270 c.
130 239 197 269 1574

61 731 157 754 Malu·
174 736 210 751 ea-

29 759 113 780 mean-{t
130 759 152 778 et
165 763 210 777 ma-

27 786 139 811 gunnam
161 789 210 808 pm-

28 811 210 832 madi-umma-

27 839 60 859 τι.
70 841 112 858 etc.
121 842 159 862 pro
171 841 209 856 ex·

30 865 124 885 munuc
137 868 210 888 tupi-n·

29 890 138 913 mrum.

55 1508 171 1532 mm
184 1511 215 1530 {r-

55 2190 168 2212 clamatae
182 2193 217 2212 de-

43 2219 158 2242 osfltorlne.

816 244 996 270 Gnnfiomrs
1015 243 1071 268 xm
1089 244 1138 267 ΓΡ.

1651 231 1692 265 95

220 299 394 342 persolutae
420 298 546 331 suerint.
571 298 660 331 Nullo
685 301 788 330 autem
806 294 1105 333 diolci-um'nibus,
1134 293 1227 326 etiam
1263 294 1458 334 iuramento,
1491 293 1734 326 confirmatione

221 351 359 384 locorum
384 355 518 393 petente,
534 356 638 383 noster
661 350 693 382 in
719 350 799 382 Urbe
816 348 962 387 vicarius,
991 347 1158 388 apostolica
1184 347 1229 377 vel
1254 347 1362 388 quavis
1388 346 1536 378 tirmitate
1561 345 1624 378 alia
1640 345 1735 378 robo-

222 413 275 436 eas
298 402 335 435 de
360 412 455 434 manu
479 403 633 435 dictorum
657 400 821 434 camerarii
846 405 874 432 et
898 410 962 432 ma-

221 454 391 496 gistrorum
414 461 565 496 acceptas,
582 455 638 494 vel,
656 454 699 488 eis
723 454 763 485 ab
779 453 845 495 ipso
863 452 959 485 inter-

220 506 340 550 pellatis
364 507 605 549 negligentibus,
623 507 662 538 ab
685 516 794 538 eorum
812 505 963 537 debitori-

219 557 280 590 bus
301 563 432 598 exactas,
448 559 530 590 inter
553 559 634 591 dicta
659 560 734 598 loca,
752 558 836 590 iuxta
853 568 962 590 eorum

219 610 440 653 indigentiam,
464 611 595 643 arbitrio
619 621 674 643 suo
698 610 875 642 distribuat.
904 612 908 619 '

263 663 278 706 ἓ
302 661 351 695 22.
377 664 438 696 Nos
461 663 561 703 enim,
586 663 625 695 ad
653 662 834 706 supradicta
857 663 965 694 onmia

222 720 254 750 et
291 716 415 759 singula
454 716 631 749 faciendum
669 720 698 748 et
737 715 964 757 exequendum,

220 769 316 812 inque
342 769 402 802 illis
435 775 463 802 et
489 779 546 812 pro
570 768 652 801 illius
675 767 868 806 summarie,
893 766 966 798 sim-

222 821 345 865 pliciter
368 827 399 854 et
421 822 459 854 de
483 822 591 864 plano,
616 821 743 862 solaque
767 820 896 852 veritate
920 820 966 851 in-

221 878 346 917 specta,
370 884 406 906 ae
429 883 525 905 manu
549 872 653 914 regia,
678 872 774 904 etiam
803 882 839 904 ex
863 871 966 904 officio

222 926 469 969 procedendum,
508 925 692 968 plenariam,
717 924 893 967 expeditam
932 924 967 956 li-

222 979 395 1022 beramque
420 978 640 1010 auctoritatem
664 982 693 1010 et
718 981 904 1020 potestatem
917 987 967 1008 ea-

223 1031 360 1065 merario
384 1031 499 1063 seilicet
524 1030 556 1062 in
581 1029 826 1069 ecclesiasticas,
851 1029 968 1061 eidem-

221 1093 284 1126 que
317 1088 348 1115 et
388 1082 546 1125 magistris
577 1082 699 1114 riarum
730 1081 900 1124 praedictis
936 1081 967 1112 in

222 1135 326 1176 laicas,
343 1145 378 1168 ae
402 1135 485 1178 quod
509 1145 626 1177 poenas
650 1134 828 1177 praedictas
850 1133 968 1166 vicario

222 1199 259 1221 ac
281 1188 414 1230 singulis
438 1187 530 1220 Urbis
554 1187 601 1219 vel
614 1186 723 1219 Curiae
742 1186 899 1218 iudicibus
911 1185 968 1217 hu-

222 1240 370 1281 iusmodi,
394 1240 427 1272 in
451 1249 665 1283 quascumque
689 1248 849 1282 personas,
863 1238 900 1270 de
920 1247 969 1269 ea-

223 1293 294 1327 dem
310 1293 472 1336 potestatis
488 1291 695 1335 plenitudine,
710 1290 884 1333 praesentis
896 1300 970 1322 con-

222 1344 397 1378 stitutionis
421 1344 630 1384 auctoritate,
656 1343 826 1376 tribuimus
854 1347 883 1375 et
919 1342 971 1374 de-

222 1398 425 1431 mandamus.

267 1451 282 1494 §
305 1450 357 1485 23.
380 1450 588 1483 Deeernentes
612 1449 719 1481 eadem
746 1448 852 1480 omnia
865 1452 892 1480 et
908 1447 972 1479 sin-

225 1505 297 1548 gula
328 1514 388 1548 que
420 1513 515 1545 supra
540 1506 655 1534 statuta
679 1506 772 1541 sunt,
797 1500 821 1533 si
846 1500 972 1543 quando

223 1557 259 1591 in
271 1557 376 1599 aliquo
389 1565 463 1588 casu
476 1554 514 1587 de
530 1564 639 1586 eorum
654 1563 748 1585 sensu
761 1551 972 1585 controversia

225 1610 386 1653 continget
428 1608 463 1640 in
494 1618 563 1640 eam
588 1612 710 1649 partem
735 1605 971 1647 interpretanda

225 1673 314 1703 esse,
339 1672 418 1705 quae
451 1661 491 1693 ad
514 1659 607 1692 Urbis
631 1663 779 1692 ornatum
805 1658 905 1700 magis
929 1658 971 1690 sa-

224 1726 295 1750 cere
318 1715 490 1753 videbitur3
510 1724 547 1745 ac
570 1722 694 1755 semper
717 1716 747 1743 et
764 1710 891 1752 ubique,
909 1709 971 1741 sire

227 1768 261 1801 in
285 1767 400 1800 iudicio
424 1766 487 1799 sive
510 1769 595 1797 extra
609 1763 773 1802 iudicium,
791 1762 972 1794 favorabilia

225 1820 358 1853 censeri.
383 1820 416 1852 Et
456 1819 500 1851 ita
539 1818 578 1850 ab
617 1816 764 1849 omnibus
804 1815 971 1855 iudicibus,

225 1872 319 1905 etiam
337 1871 446 1905 Palatii
460 1870 627 1914 Apostolici
645 1868 845 1901 auditoribus
857 1873 885 1900 et
904 1879 972 1900 ear-

225 1924 394 1966 dinalibus,
419 1924 539 1957 sublata
569 1922 678 1967 quavis
703 1921 794 1953 aliter
818 1921 971 1964 interpre-

226 1977 312 2009 tandi
337 1982 366 2009 et
391 1976 551 2009 iudicandi
582 1980 744 2019 potestate,
769 1972 970 2016 interpretari

227 2033 257 2061 et
280 2028 413 2062 iudicari
438 2029 569 2067 debere3
593 2032 622 2060 et
649 2026 674 2060 si
699 2036 787 2059 secus
810 2026 882 2066 siat,
907 2026 971 2058 sore

226 2078 353 2113 irritum
376 2085 406 2113 et
430 2081 536 2113 inane.

270 2132 285 2174 g
307 2132 357 2165 024.
381 2134 448 2166 Non
480 2132 679 2165 obstantibus
711 2130 912 2174 praemissis,
938 2142 972 2164 ac

227 2183 322 2217 felicis
345 2185 572 2218 recordationis
597 2183 776 2227 Symmachi
799 2188 826 2216 et
845 2184 930 2216 Pauli
949 2185 973 2216 ΙΙ

227 2236 264 2269 de
282 2236 375 2268 rebus
391 2237 545 2270 Ecclesiae
563 2247 626 2270 non
640 2236 824 2275 alienandis,
843 2236 973 2280 aliisque

226 2289 506 2322 constitutionibus
529 2295 560 2322 et
583 2289 837 2322 ordinationibus
851 2295 973 2332 aposto-

226 2342 294 2374 licis
304 2353 310 2381 3
321 2341 442 2384 legibus
454 2343 548 2375 etiam
562 2343 794 2386 imperialibus;
809 2343 972 2386 dictaeque

226 2394 321 2427 Urbis
334 2400 427 2437 atque
440 2395 654 2432 ecclesiarum,
665 2396 930 2428 monasteriorum
944 2402 970 2427 et

228 2448 366 2480 locorum
393 2447 611 2489 religiosorum
638 2448 699 2479 sive
726 2448 861 2490 piorum,
883 2448 972 2480 Ordi—

228 2509 377 2542 numque,
398 2510 532 2542 quorum
552 2499 633 2531 bona
646 2499 826 2532 huiusmodi
844 2500 970 2540 suerint,

221 2553 357 2585 'statutis
380 2558 408 2585 et
434 2551 734 2587 eonsuetudinibus;
758 2562 902 2591 necnon,
929 2558 971 2585 tc-

230 2606 381 2639 stantium
407 2605 623 2637 voluntatibus.
640 2604 772 2646 aliisque
791 2604 969 2646 dispositio-

992 399 1082 435 ratis;
1108 399 1278 441 privilegiis
1313 410 1436 441 quoque
1470 405 1500 432 et
1524 399 1636 431 litteris
1659 409 1735 440 apo-

992 452 1126 491 stolicis,
1150 451 1267 483 eisdem
1292 451 1452 489 valesiis,
1480 451 1679 483 monasteriis
1703 455 1734 483 et

992 505 1067 536 loeis
1091 514 1264 546 eorumque
1288 504 1513 545 superioritms,
1535 504 1680 546 capitulis
1703 508 1739 536 et

992 558 1208 595 conventibus,
1223 567 1276 589 seu
1301 557 1414 599 populo
1439 557 1578 588 Romano
1602 556 1735 598 aliisque

995 611 1246 653 quibuscumque
1260 608 1425 645 concessis,
1443 614 1471 640 et
1490 609 1652 651 quibusvis
1668 608 1739 641 aliis

994 664 1080 697 Sedis
1110 662 1305 706 Apostolieae
1331 662 1551 703 indulgentiis,
1577 672 1632 704 per
1657 671 1738 703 quae

996 717 1206 760 praesentium
1231 715 1381 754 executio,
1398 718 1427 746 et
1453 726 1508 756 per
1533 725 1583 746 eas
1602 713 1738 746 tributae

997 768 1223 801 iurisdictionis
1251 766 1415 809 explicatio
1440 771 1541 808 posset
1567 767 1739 808 quomodo-

996 823 1069 855 libet
1096 821 1241 865 impediri
1256 821 1302 853 vel
1321 820 1490 854 retardari:
1510 819 1625 861 quibus
1638 819 1740 851 omni-

997 876 1062 915 bus,
1080 885 1189 907 eorum
1214 880 1339 907 tenores
1364 883 1421 915 pro
1445 874 1535 915 plene
1560 878 1589 904 et
1615 872 1738 914 integre

996 928 1151 971 expressis
1172 928 1334 967 habentes,
1358 926 1395 958 de
1420 925 1583 968 potestatis
1608 925 1743 967 plenitu-

996 982 1068 1013 dine
1103 981 1286 1024 praedicta,
1319 980 1529 1021 derogamus,
1563 977 1737 1019 ceterisque

996 1033 1164 1066 contrariis
1188 1032 1448 1075 quibuscumque.
1473 1029 1552 1062 Nulli
1584 1039 1660 1071 ergo
1685 1032 1744 1059 etc-

997 1086 1027 1119 Si
1052 1086 1122 1128 quis
1147 1090 1251 1117 autem
1276 1088 1328 1116 etc.

1039 1139 1151 1171 Datum
1176 1138 1291 1170 Romae
1315 1136 1399 1179 apud
1423 1136 1571 1167 Sanctum
1593 1133 1745 1171 Marcum,

998 1202 1079 1223 anno
1110 1189 1339 1223 Incarnationis
1374 1187 1550 1221 dominicae
1575 1185 1739 1218 millesimo

1002 1243 1255 1286 quingentesimo
1269 1241 1498 1284 septuagesimo
1512 1243 1623 1281 quarto
1637 1237 1743 1269 kalen-

999 1297 1047 1329 dis
1070 1295 1217 1335 octobris,
1242 1294 1443 1337 pontificatus
1467 1290 1566 1324 nostri
1591 1300 1673 1322 anno
1698 1299 1743 1321 111.

1034 1351 1096 1375 Dat.
1117 1349 1160 1375 die
1181 1351 1193 1374 1
1214 1348 1334 1374 octobris
1358 1348 1435 1379 1574,
1453 1345 1552 1379 pontif.
1571 1352 1642 1371 anno
1661 1353 1702 1369 ιιι.

1310 1488 1436 1522 XXXIV.

1005 1578 1193 1612 Conceditur
1216 1577 1353 1620 facultas
1376 1576 1532 1618 deputatis
1544 1575 1746 1618 principatus

1046 1632 1249 1669 Cctlaloniae,
1274 1640 1359 1662 nunc
1388 1632 1414 1660 et
1436 1639 1493 1670 pro
1521 1632 1655 1669 tempora
1678 1627 1745 1658 etri-

1042 1684 1202 1719 slentibus,
1211 1681 1405 1725 percipiendi
1422 1680 1654 1713 distributiones
1671 1690 1744 1721 quo-

1044 1737 1185 1769 tidianus
1207 1736 1242 1767 in
1270 1734 1411 1767 absentia
1436 1734 1458 1766 ¹⁴

1049 1826 1189 1861 Gregorius
1211 1825 1349 1860 episcopus
1370 1831 1463 1851 servus
1484 1830 1617 1850 servorum
1640 1821 1695 1854 Dei,

1158 1873 1190 1901 ad
1212 1875 1361 1908 perpetuam
1381 1871 1419 1899 rei
1431 1871 1586 1898 memoriam.

1043 1964 1211 1998 Pastoralis
1235 1962 1329 1995 offleii
1354 1961 1529 1994 sollicitudo
1554 1970 1611 1992 nos
1635 1959 1744 1993 admo-

1001 2023 1063 2057 net,
1087 2022 1117 2049 et
1140 2016 1334 2059 Apostolieae
1359 2015 1446 2047 Sedis
1473 2013 1651 2055 benignitas
1676 2024 1745 2056 per-

1002 2070 1108 2103 suadet
1141 2074 1175 2101 ut
1205 2069 1284 2101 votis
1308 2068 1366 2100 illis
1391 2071 1514 2108 gratum
1540 2066 1747 2108 praebeamus

1002 2134 1174 2163 assensum,
1188 2133 1244 2165 per
1268 2132 1346 2164 quae
1371 2118 1652 2152 ecclesiasticarum
1677 2128 1747 2160 per-

1003 2185 1153 2208 sonarum
1186 2173 1415 2217 quarumlibet,
1442 2171 1626 2214 praesertim
1652 2173 1748 2204 ecele-

1003 2227 1145 2259 siasticae
1176 2226 1312 2259 libertati
1347 2225 1468 2257 assidue
1495 2224 1749 2266 invigilantium,

1002 2281 1100 2312 valeat
1124 2277 1413 2321 opportunitatibus
1437 2277 1605 2320 provideri.

1045 2334 1059 2375 ξ
1088 2333 1113 2364 l.
1137 2332 1259 2363 Dudum
1284 2330 1451 2372 siquidem,
1468 2340 1526 2372 pro
1550 2335 1637 2372 parte
1652 2331 1749 2372 depu-

1002 2390 1138 2416 tatorum
1162 2388 1191 2415 et
1216 2382 1398 2414 auditorum
1415 2387 1635 2425 computorum
1654 2394 1749 2425 gene-

1002 2437 1074 2468 ralis
1099 2435 1295 2478 prineismtus
1319 2434 1506 2475 Cataloniae,
1521 2435 1618 2468 felicis
1643 2447 1747 2469 recor-

1001 2489 1136 2522 dationis
1160 2487 1301 2529 Eugenio
1326 2488 1426 2530 Papae
1449 2488 1495 2527 IV,
1514 2488 1746 2530 praedecessori

1000 2547 1105 2573 nostro
1129 2540 1267 2583 exposito
1292 2540 1374 2582 quod
1389 2567 1396 2579 ,
1420 2551 1491 2572 eum
1523 2541 1562 2573 ad
1587 2542 1747 2583 guberna*

1036 2616 1048 2639 1
1069 2614 1111 2639 Ex
1131 2612 1239 2645 Regest..
1259 2611 1288 2637 iu
1306 2611 1408 2638 Szcret.
1428 2611 1564 2637 Brevium.

1757 234 1807 258 An.
1823 232 1853 258 C.
1867 232 1933 259 1574

1781 1969 1909 1992 Exordium.

1786 2332 1845 2352 Facti
1858 2333 1932 2351 serim.
