2059 3228
103 274 154 304 Αη.
171 274 198 302 (ἶ,
221 277 285 304 1574

110 880 279 902 {muneration-

97 911 147 931 uium
163 915 250 936 [dianae.

139 1519 279 1542 Exci-uturum

97 1551 204 1575 (tentilatio
218 1554 239 1571 et
249 1551 281 1571 fa-

96 1580 194 1607 sttltatcs⁴

347 256 390 290 84

894 260 1072 286 anthimum
1095 258 1247 284 ὩΟΜᾹἫΜ

299 316 471 352 missarios,
490 324 694 358 quacumque
709 312 897 346 auctoritate
913 313 1048 356 sungen·
1067 318 1070 341 1
1090 310 1209 344 testari.
1224 309 1482 345 Contradictores
1490 310 1651 355 quoslibet
1663 309 1839 345 etrebelles

298 377 356 406 tes.
380 369 473 402 etiam
496 368 606 400 Palatii
627 366 801 410 Apostolici
826 367 989 399 auditores
1019 371 1048 398 et

298 422 584 455 sanctwRomanae
599 420 760 453 Ecclesiae
775 419 962 459 cardinales,
974 419 1047 452 sub-

298 477 361 508 lata
386 475 430 507 eis
450 480 478 507 et
508 484 621 507 eorum
651 473 787 506 cuilibet
814 472 925 516 quavis
956 471 1048 505 aliter

297 528 458 562 iudicandi
476 533 506 560 et
526 526 757 571 interpretandi
774 526 923 559 facultate
939 532 968 558 et
988 536 1046 558 au-

295 581 452 620 ctoritate,
476 579 611 612 iudicari
628 585 658 612 et
678 578 806 612 definiri
822 579 951 617 debere;
969 588 1046 610 nec-

295 633 497 666 nonirritum
518 638 549 666 et
568 633 673 673 inane,
696 633 722 665 si
743 643 835 666 secus
851 643 948 675 super
965 631 1014 664 liis
1029 642 1046 663 a

294 697 472 730 quoquam,
489 686 600 729 quavis
619 686 819 726 auctoritate,
841 685 979 718 scienter
997 684 1045 717 rel

294 740 492 782 ignoranter,
510 739 679 782 contigerit
698 738 858 772 attentari.

338 793 353 836 ἓ
372 792 404 825 6.
435 792 614 825 Distrietius
638 792 831 831 inhibentes,
865 791 897 824 in
929 794 1045 823 virtute

293 851 422 879 sanctae
441 845 654 886 obedientiae,
677 845 828 878 omnibus
848 850 877 877 et
897 843 1042 887 singulis,

293 899 528 943 cuiuscumque
545 904 656 940 statuS,
670 899 799 942 gradus,
815 898 948 935 ordinis,
967 907 1044 930 con-

296 951 423 985 ditionis
442 957 471 985 et
488 951 751 995 praeeminentiae
773 950 994 989 existentibus,
1015 955 1045 982 et

293 1005 414 1048 quavis,
437 1005 531 1038 etiam
558 1004 745 1048 episcopali,
777 1003 1044 1047 archiepiscopali

292 1058 341 1091 vel
361 1059 423 1091 alia
435 1059 549 1091 maiori
570 1059 736 1101 dignitate,
759 1063 789 1090 et
809 1056 1042 1095 ecclesiastica,

293 1111 389 1145 etiam
410 1112 627 1144 cardinalatus
641 1112 765 1144 honore
785 1110 991 1153 fulgentum,
1015 1115 1044 1142 et

293 1164 403 1207 quavis
422 1165 579 1198 saeculari
597 1170 750 1208 potestate
767 1163 986 1206 fungentibus,
1005 1173 1044 1195 ne

293 1219 423 1251 decreto
443 1224 474 1251 et
494 1217 703 1251 declarationi
722 1217 839 1250 nostris
859 1216 1042 1260 praedictis,

293 1271 405 1314 quovis
429 1271 574 1315 quaesito
599 1271 718 1311 colore,
745 1270 864 1303 directe
892 1270 942 1302 vel
966 1269 1045 1302 indi-

294 1330 393 1365 recte,
429 1325 650 1358 contravenire
679 1324 817 1357 audeant
836 1324 885 1356 vel
911 1334 1044 1367 praesu-

295 1384 393 1410 mant.

337 1432 352 1475 g
373 1432 402 1464 7.
421 1431 459 1464 Et
471 1431 685 1464 nihilominus
696 1430 853 1463 universis
865 1435 895 1463 et
911 1429 1045 1472 singulis

293 1485 411 1518 nostris
431 1490 462 1517 et
476 1484 579 1517 dictae
595 1483 685 1517 Sedis
700 1484 826 1517 nunciis
841 1494 877 1516 ac
898 1484 1044 1516 locorum

294 1538 467 1571 ordinariis
477 1549 657 1582 eorumque
668 1537 871 1577 officialibus,
887 1542 1046 1580 quatenus

295 1591 354 1635 ipsi
374 1597 405 1624 et
424 1602 538 1624 eorum
559 1591 689 1634 singuli,
719 1601 777 1634 per
805 1601 838 1623 se
866 1591 915 1623 vel
944 1590 1044 1622 alium

294 1655 348 1678 seu
368 1645 459 1683 alios,
477 1649 662 1688 praesentes
674 1644 795 1676 litteras
815 1649 845 1677 et
861 1644 894 1676 in
910 1643 954 1677 eis
968 1654 1045 1677 con-

296 1703 380 1731 tenta
406 1708 645 1741 quaecumque,
673 1697 728 1729 ubi
758 1702 788 1730 et
807 1698 936 1740 quando
965 1708 1046 1741 opus

297 1747 405 1786 suerit,
427 1752 458 1779 et
477 1746 604 1790 quoties
616 1756 676 1789 pro
692 1751 782 1790 parte
800 1746 1001 1790 provisorum
1017 1750 1047 1778 et

295 1801 504 1828 executorum
525 1800 556 1829 et
575 1795 846 1828 subexecutorum
867 1795 1046 1838 praedicto-

295 1855 367 1877 rum
377 1855 433 1877 seu
442 1854 724 1887 quarumcumque
738 1843 876 1880 aliarum
892 1853 1047 1887 persona-

296 1903 368 1925 rum
381 1892 413 1924 in
428 1892 611 1936 praemissis
626 1897 814 1935 potestatem
832 1892 842 1919 ’1
859 1891 1046 1925 habentium

296 1943 346 1974 rel
366 1941 504 1974 alicuius
531 1953 568 1974 ex
596 1940 641 1974 eis
661 1940 780 1974 suerint
807 1940 971 1983 requisiti,
994 1952 1047 1975 so-

297 1990 446 2023 lemniter
460 1989 673 2034 publicantes,
692 1989 802 2031 eisque
817 1989 848 2021 in
866 1988 1048 2032 praemissis

297 2039 435 2073 cllicacis
451 2037 645 2070 defensionis
664 2037 824 2081 praesidio
851 2037 1047 2078 assistentes,

299 2087 426 2127 saciant,
440 2086 629 2120 auctoritate
642 2092 762 2126 nostra,
776 2086 957 2129 praedictos
973 2097 1048 2130 pro-

299 2137 381 2168 visos
401 2141 431 2169 et
451 2140 638 2169 executores
661 2139 692 2167 et
720 2134 968 2167 subexecutores
993 2146 1049 2168 seu

301 2185 378 2217 alios
399 2185 430 2217 in
451 2183 635 2227 praemissis
649 2183 802 2216 interesse
817 2183 982 2222 habentes,
998 2195 1049 2216 eo-

300 2244 439 2276 rumque
465 2233 617 2275 singulos,
642 2232 783 2272 decreto,
811 2232 1047 2272 declaratione,

302 2282 493 2314 inhibitione
513 2288 544 2314 et
563 2281 633 2314 aliis
644 2281 829 2325 praemissis
840 2281 973 2323 pacifice
988 2282 1049 2313 frui

303 2336 331 2363 et
349 2330 500 2372 gaudere,
523 2341 559 2363 ac
576 2335 761 2374 praesentes
776 2329 896 2362 litteras
912 2334 942 2362 et
958 2330 989 2361 in
1006 2329 1051 2363 eis

304 2384 453 2412 contenta
468 2378 665 2418 huiusmodi,
679 2377 892 2416 ab'omnibus,
903 2388 984 2420 quos
998 2378 1051 2411 illa

305 2432 505 2460 concernunt
534 2433 564 2460 et
587 2431 785 2460 concernent
810 2426 1052 2469 quomodolibet

305 2476 337 2513 in
362 2476 519 2514 futurum,
543 2475 768 2508 inviolabiliter
787 2474 959 2507 observari.
984 2475 1051 2507 Non

307 2524 524 2567 permittentes
539 2524 679 2566 aliquem
696 2524 834 2566 desuper
850 2528 961 2556 contra
982 2523 1051 2556 illa-

307 2584 378 2611 rum
400 2578 542 2605 tenorem
564 2571 805 2614 quomodolibet
823 2571 962 2604 indebite
983 2582 1051 2604 mo-

344 2636 354 2663 t
372 2635 494 2662 Cherub.
511 2638 537 2662 et
551 2634 645 2662 Mattli.
663 2635 758 2669 legunt
773 2635 897 2662 interesse
912 2631 955 2668 (a.
976 2638 1025 2668 T).
1069 2657 1075 2667 ,

1090 375 1147 408 per
1166 364 1351 403 sententias,
1378 374 1530 397 censuras
1547 369 1580 397 et
1597 374 1717 407 poenas
1732 365 1838 398 eccle—

1089 417 1233 450 siasticas
1252 417 1377 460 aliaque
1398 422 1582 460 opportuna
1610 416 1689 449 iuris
1708 422 1739 450 et
1764 418 1839 451 facti

1088 470 1243 510 remedia,
1265 469 1482 514 appellatione
1501 470 1689 514 postposita,
1705 481 1837 515 compen

1088 523 1223 563 scendo;
1239 534 1288 563 ac,
1310 522 1460 565 legitimis
1486 533 1582 566 super
1607 523 1658 556 his
1682 523 1839 557 habendis

1088 576 1219 609 serratis
1238 576 1456 620 processibus²
1478 576 1660 617 sententias,
1686 588 1839 611 censuras

1088 634 1118 661 et
1138 639 1259 672 poenas
1279 630 1376 673 ipsas,
1399 629 1495 662 etiam
1516 629 1638 663 iteratis
1650 630 1838 674 vicibusag-

1087 682 1258 724 gravando,
1281 681 1425 715 invocato
1445 682 1542 715 etiam
1561 682 1600 715 ad
1619 683 1693 725 hoc,
1708 684 1734 718 si
1754 695 1838 729 opus

1087 735 1195 774 suerit,
1217 735 1334 768 auxilio
1349 735 1475 768 brachii
1490 736 1675 770 saecularis.

1131 788 1145 831 ἓ
1165 787 1195 821 8.
1214 789 1283 821 Non
1303 788 1503 822 obstantibus
1522 788 1623 822 felicis
1638 791 1837 826 recordatio-

1086 840 1136 874 nis
1164 841 1318 875 Bonisacii
1345 843 1448 886 Papae
1477 842 1552 882 vill,
1581 843 1837 887 praedecessoris

1086 895 1197 935 nostri,
1220 895 1260 928 de
1293 906 1370 936 una,
1402 902 1433 929 et
1461 896 1494 929 in
1524 896 1661 930 concilio
1694 898 1837 940 generali

1087 947 1171 980 edita
1189 949 1227 981 de
1247 949 1372 983 duabus
1396 950 1528 989 diaetis,
1555 950 1733 984 dummodo
1752 952 1839 986 ultra

1086 1007 1150 1034 tres
1173 1002 1293 1036 diaetas
1313 1004 1439 1048 aliquis,
1467 1004 1657 1037 auctoritate
1684 1015 1838 1048 praesen-

1087 1055 1179 1095 tium,
1207 1056 1246 1088 ad
1281 1057 1437 1090 iudicium
1466 1068 1532 1091 non
1565 1058 1722 1098 trahatur,
1752 1058 1840 1092 aliis-

1086 1119 1148 1151 que
1168 1109 1352 1152 apostolicis
1368 1121 1494 1143 necnon
1522 1111 1554 1144 in
1584 1112 1838 1154 provincialibus

1086 1167 1117 1194 et
1136 1162 1343 1205 synodalibus
1361 1163 1508 1197 conciliis
1520 1164 1624 1205 editis,
1642 1165 1838 1208 specialibus

1085 1216 1133 1247 vel
1144 1216 1364 1257 generalibus,
1394 1217 1677 1251 constitutionibus
1697 1224 1728 1252 et
1747 1219 1837 1252 ordi-

1086 1267 1270 1302 nationibus
1290 1270 1461 1303 contrariis
1479 1270 1750 1314 quibuscumque.
1774 1273 1837 1306 Aut

1087 1322 1112 1354 si
1128 1321 1303 1365 aliquibus,
1326 1324 1545 1357 communiter
1562 1324 1612 1357 vel
1638 1324 1776 1365 divisim,
1797 1325 1837 1358 ab

1087 1375 1198 1408 eadem
1220 1376 1260 1408 sit
1279 1376 1360 1409 Sede
1379 1376 1540 1410 indultum
1560 1378 1649 1421 quod
1673 1376 1836 1419 interdici,

1086 1429 1238 1472 suspendi
1258 1430 1305 1462 vel
1330 1430 1603 1463 excommunicari
1622 1441 1688 1464 non
1714 1431 1840 1475 possint

1087 1492 1145 1525 per
1163 1482 1286 1515 litteras
1297 1483 1490 1526 apostolicas
1514 1493 1578 1516 non
1595 1483 1748 1517 facientes
1767 1484 1839 1528 ple-

1087 1546 1161 1567 nam
1178 1541 1209 1568 et
1229 1546 1410 1579 expressam
1424 1547 1461 1569 ac
1481 1537 1520 1570 de
1532 1536 1631 1570 verbo
1647 1537 1687 1570 ad
1703 1537 1838 1571 verbum

1087 1588 1125 1621 de
1141 1588 1265 1622 indulto
1284 1589 1472 1622 huiusmodi
1492 1590 1702 1623 mentionem.

1131 1642 1146 1685 ἓ
1166 1641 1197 1675 9.
1220 1642 1382 1683 Ceterum,
1404 1643 1481 1686 quia
1497 1643 1627 1677 difficile
1649 1643 1733 1677 foret
1747 1654 1841 1688 prae-

1087 1700 1193 1728 sentes
1212 1695 1333 1729 litteras
1352 1696 1391 1729 ad
1411 1696 1537 1740 singula
1559 1697 1643 1735 loca,
1673 1696 1729 1729 ubi
1756 1707 1839 1741 opus

1088 1748 1194 1788 suerit,
1214 1748 1351 1789 deferre,
1372 1750 1521 1782 volumus
1540 1755 1571 1782 et
1590 1749 1675 1782 dicta
1699 1750 1840 1783 auctori—

1089 1806 1151 1833 tate
1164 1801 1370 1835 decernimus
1385 1802 1471 1846 quod
1493 1812 1605 1836 earum
1614 1801 1838 1846 transumptis,

1089 1853 1183 1887 etiam
1210 1855 1385 1898 impressis,
1421 1866 1518 1888 manu
1550 1855 1689 1889 alicuius
1719 1855 1840 1889 notarii

1088 1907 1213 1951 publici
1234 1909 1435 1952 subscriptis,
1458 1914 1489 1942 et
1507 1908 1614 1952 sigillo
1633 1919 1792 1953 personae
1807 1908 1840 1941 in

1089 1961 1241 2004 dignitate
1258 1962 1474 1996 ecclesiastica
1490 1962 1682 1996 constitutae
1694 1961 1838 2003 munitis,

1089 2014 1200 2048 eadem
1220 2026 1355 2059 prorsus
1375 2015 1464 2056 fides,
1485 2015 1518 2048 in
1538 2015 1660 2049 iudicio
1680 2020 1710 2049 et
1730 2020 1838 2056 extra,

1090 2067 1291 2108 adhibeatur,
1314 2078 1397 2110 quae
1416 2067 1494 2111 ipsis
1517 2067 1729 2111 originalibus
1747 2068 1840 2101 adhi‘-

1090 2121 1230 2161 beretur‚
1250 2121 1276 2153 si
1297 2116 1401 2154 forent
1421 2121 1580 2159 exhibitae
1594 2122 1642 2154 vel
1658 2126 1816 2155 ostensae.

1133 2173 1245 2206 Datum
1259 2173 1379 2207 Romae
1394 2174 1480 2218 apud
1497 2173 1651 2208 Sanctum
1667 2174 1798 2207 Petrum
1810 2174 1837 2215 1,
1857 2214 1861 2218 ῃ

1091 2227 1150 2259 sub
1166 2228 1286 2260 annulo
1306 2226 1487 2267 Piscatoris,
1505 2227 1556 2260 die
1579 2237 1599 2260 x
1628 2226 1712 2267 iulii,
1734 2227 1840 2260 mille-

1091 2280 1172 2313 simo
1192 2279 1451 2323 quingentesimo
1463 2280 1699 2324 septuagesimo
1711 2285 1838 2324 quarto,

1093 2332 1300 2376 pontificatus
1318 2334 1420 2367 nostri
1440 2344 1526 2367 anno
1545 2343 1592 2366 111.

1131 2400 1195 2430 Dat.
1218 2399 1265 2429 die
1289 2400 1325 2429 10
1340 2400 1407 2430 iulii
1428 2400 1516 2437 1574,
1536 2400 1642 2440 pontif.
1658 2408 1736 2430 anno
1751 2407 1795 2432 111.

1131 2472 1139 2497 Ι
1159 2470 1253 2498 Matth.
1270 2471 1355 2498 habet
1370 2470 1398 2498 S.
1413 2471 1537 2498 Marcam
1553 2472 1592 2506 (a.
1612 2470 1662 2506 τ.).

1815 233 1821 237 ⁷
1847 256 1898 285 An.
1913 257 1943 285 C.
1959 246 2023 294 {32²1

1874 799 1984 822 cinusni-s·
2008 798 2029 826 ¹„

1848 832 1976 858 rogatui-iae.
2027 829 2030 834 ¹
2058 834 2059 856 t

1885 1651 1986 1680 Bzemptn
2018 1678 2031 1682 ἡ

1853 1684 1912 1706 fides.
2013 1683 2019 1687 ’
