2059 3228
42 245 96 276 -C-
111 246 179 275 ¹5¹1&

191 400 307 439 factas,
337 399 500 443 propriam
522 399 674 436 «lonium,
701 408 737 429 ea
766 396 804 428 de
837 406 932 428 eausa

189 453 295 496 aliqua
315 458 403 496 parte
424 452 562 483 dirutam
590 452 635 483 vel
658 449 807 488 excisam,
834 458 930 490 quain

189 506 255 551 ipse
275 505 417 538 habitare
438 505 570 543 solebat,
592 503 730 539 sarserss,
756 502 850 544 eique
870 501 931 533 alia

187 559 302 592 domus
321 558 457 591 similem
488 568 577 601 passa
598 557 749 589 iacturam
782 554 930 595 contigua

187 612 238 652 sit,
259 621 355 654 quam
370 612 520 644 domiuus
539 610 685 643 similiter
707 608 854 641 habitans
881 608 929 639 in—

185 671 233 698 tra
253 670 379 708 tenipus
399 676 415 697 a
433 664 589 707 magistris
605 662 809 706 prat-linitum
825 672 928 704 neque

185 717 314 751 sarsorit
333 729 438 761 neque
460 727 551 750 muro
572 715 732 754 clauserit,
749 715 803 747 sed
825 714 930 746 desor-

183 781 267 804 mem
285 771 462 814 reliquerit,
501 769 638 812 velitque
672 768 709 807 is,
750 768 804 811 qui
837 778 927 800 suam

182 823 286 864 sarsit,
309 830 455 857 truncam
467 823 554 855 illam
570 821 629 854 sibi
649 821 832 863 contiguam
850 832 926 853 suae

182 877 378 919 coniungere
408 881 438 909 et
466 875 652 914 aedificare,
687 886 722 907 ae
756 879 927 918 propterea

181 929 284 974 pretio
309 935 341 963 ut
363 939 459 973 supra
484 928 602 961 dictum
635 933 681 960 cst
705 927 923 965 aestimando,

181 988 213 1016 et
229 982 366 1026 amplius
385 981 490 1014 addita
512 980 655 1014 eiusdem
689 980 782 1023 pretii
815 980 926 1023 quinta

181 1040 283 1079 parte,
304 1044 422 1074 emere,
445 1039 577 1077 cogatur
609 1032 678 1066 eius
701 1032 864 1072 dominus,
886 1032 925 1065 li-

181 1095 231 1122 cet
249 1088 406 1128 habitans,
429 1087 472 1120 ita
492 1087 640 1120 vendere.

223 1140 283 1185 §8.
300 1141 360 1174 Sed
381 1146 410 1173 et
430 1151 504 1173 cum
525 1140 631 1183 aliqua
643 1139 758 1173 domus
778 1140 841 1172 sive
855 1139 925 1171 sun-

29 1207 166 1255 22:¹22&
180 1193 240 1227 dus
271 1199 327 1227 aut
341 1194 457 1233 solum,
492 1193 615 1226 volente
636 1204 693 1225 sua
726 1198 837 1236 sponte
870 1193 925 1225 do-

32 1266 69 1286 ..ι
92 1249 166 1286 ,ηῑῃῑξ
180 1247 280 1288 mino,
300 1247 502 1280 vendendum
520 1247 591 1286 erit,
618 1251 764 1279 teneatur
780 1246 925 1279 venditor

33 1300 95 1322 mre,
114 1295 167 1322 ¹⁹⁸¹·
179 1300 366 1344 perquirere
387 1311 404 1333 a
419 1300 540 1339 vicinis,
561 1305 719 1343 quotquot
739 1304 844 1337 erunt,
867 1298 923 1342 qui

43 1330 68 1346 κ
86 1328 166 1348 emoto-

30 1355 166 1409 ’ῗῒζξὲἑ
178 1364 246 1387 rem
266 1353 406 1396 aliquam
436 1353 635 1385 immobilem
668 1351 714 1384 illi
739 1351 923 1395 contiguam

27 1414 164 1452 *ang-novin
178 1407 349 1440 habuerint
380 1407 488 1449 (etiam
527 1406 552 1438 si
573 1416 604 1438 se
640 1410 805 1448 empturos
834 1406 923 1438 nullo

27 1448 164 1471 ¹¹¹¹”¹²²¹¹'¹¹¹²
177 1455 273 1489 modo
297 1461 390 1488 antea
410 1454 543 1498 professi
563 1454 638 1496 sint)
658 1464 698 1486 an
732 1453 846 1496 aliquis
871 1464 923 1486 eo-

50 1486 57 1495 *
85 1485 98 1500 11

36 1482 165 1535 133111*ῗί
177 1519 251 1542 rum
268 1508 342 1541 velit
360 1519 429 1541 rem
452 1506 650 1541 vendendam
670 1517 789 1546 emere,
812 1506 921 1549 eisque

177 1561 316 1607 pretium
340 1567 436 1605 atque
456 1560 562 1594 onmia
588 1565 680 1604 pacta
713 1565 743 1592 et
764 1560 922 1592 conditio-

175 1626 244 1656 nes,
261 1615 378 1659 quibus
397 1625 471 1648 eum
483 1614 544 1647 alio
554 1624 626 1647 vere
640 1613 792 1656 omnique
809 1614 921 1657 procul

175 1668 305 1702 fictione
333 1668 501 1707 contraxit,
539 1667 705 1707 intimare3
731 1666 921 1710 perquisitio

175 1727 281 1756 autem
297 1727 328 1755 et
346 1720 504 1754 intimatio
524 1720 576 1752 fiat
597 1730 655 1764 per
675 1730 776 1752 unum
793 1730 830 1752 ex
845 1730 921 1752 eur-

175 1774 302 1807 soribus
321 1784 378 1807 seu
397 1772 603 1806 mandatariis
622 1772 834 1816 personaliter
853 1771 922 1815 qui-

176 1827 261 1867 dem,
279 1826 305 1860 si
315 1826 434 1870 reperti
450 1826 586 1865 fuerint3
602 1825 649 1857 sin
662 1830 769 1858 autem
781 1825 921 1857 duorum

176 1889 347 1913 cursorum
374 1890 430 1912 seu
449 1878 724 1911 mandatariorum
758 1877 920 1920 diligentia

176 1932 311 1976 reperiri
349 1931 517 1965 commode
546 1942 611 1964 non
646 1931 785 1975 poterint
802 1957 809 1971 ,
843 1931 921 1963 fiant

176 1989 263 2022 domi
287 1990 417 2023 dimissa
441 1989 549 2033 copia3
593 1988 775 2021 absentibus
813 1995 920 2021 autem

177 2046 216 2079 ah
249 2046 342 2088 Urbe,
362 2047 456 2081 docto
477 2046 759 2080 extraiudicialiter
784 2051 814 2079 et
836 2056 921 2078 sum-

178 2103 278 2136 marie
315 2114 422 2137 coram
459 2104 577 2137 eisdem
598 2102 774 2136 camerario
804 2108 834 2135 et
853 2114 920 2135 ma-

177 2160 283 2204 gistris
301 2172 355 2194 eos
383 2162 502 2202 abesse,
522 2162 600 2195 fiant
620 2171 679 2205 per
703 2160 871 2204 publicum
892 2172 921 2193 e-

178 2217 312 2259 dictum,
328 2218 418 2259 locis,
433 2219 549 2262 quibus
564 2219 595 2251 in
622 2218 705 2251 Urbe
729 2224 920 2251 consuetum

179 2281 238 2317 est,
251 2275 474 2318 assignandum
484 2275 510 2307 2.
521 2275 691 2315 Quibusita
702 2274 802 2315 saetis,
816 2274 922 2308 iurent

177 2339 243 2367 tam
260 2333 406 2366 venditor
435 2344 531 2376 quam
563 2339 708 2376 emptor,
730 2333 816 2376 apud
849 2338 919 2365 acta

178 2390 295 2424 notarii
314 2390 472 2423 dictorum
505 2390 741 2432 magistrorum,
763 2389 920 2422 venditio-

179 2437 253 2481 nem
273 2447 312 2480 de
330 2446 514 2480 huiusmodi
535 2457 580 2487 rc,
597 2446 659 2479 iam
680 2447 794 2479 saetam
815 2451 845 2478 et
876 2445 921 2477 in-

179 2505 334 2546 timatam,
370 2515 437 2537 esse
470 2514 589 2544 veram,
615 2504 698 2536 etin
727 2514 764 2536 ea
788 2503 920 2545 eiusque

64 1867 67 1874 .
51 1834 71 1849 3
46 1662 78 1825 *dn-ffiffxp
52 1644 77 1652 7⁴
47 1572 65 1633 9⁸⁴:
58 1557 63 1563 -

216 2572 228 2598 1
244 2571 303 2599 Iino
313 2572 415 2599 dehent
425 2570 552 2597 intimare
563 2570 645 2597 etiam
655 2569 801 2604 inquilino,
815 2572 846 2597 ut
855 2576 922 2596 mox

180 2613 316 2651 sequitur.
354 2617 370 2643 2
386 2615 513 2644 Fortasse
529 2614 690 2649 afflqcurlnm
705 2614 731 2640 (Β
753 2613 801 2645 r).

784 235 958 262 nnncomtts
977 235 1030 259 xm
1052 237 1098 257 rr.

191 303 290 328 merc.
312 293 395 332 Quin
415 293 523 332 etiam,
538 291 561 324 si
577 292 648 336 quis
664 296 730 335 post
748 288 933 323 huiusmodi
976 287 1078 330 pretio
1088 296 1151 318 non
1166 286 1378 319 intercessisse
1390 287 1499 319 dolum
1515 284 1562 317 vel
1574 282 1718 315 fraudem

191 347 311 387 ruinas,
343 351 474 389 propter
504 345 669 389 publii-um
699 343 828 386 aliquod
853 352 933 385 opus
976 345 1030 372 aul
1051 339 1286 372 simulationtssem
1304 340 1456 382 aliquam.

1636 218 1671 249 91
1737 223 1784 249 An.
1802 223 1831 249 C.
1852 223 1914 249 ¹570

1019 392 1072 435 ἕξ).
1088 392 1247 425 Posthaec
1259 392 1381 424 sivicini
1392 390 1544 435 praedicti
1555 399 1587 422 Sc
1599 387 1717 422 eisdem
1749 393 1814 414 Vicini
1837 397 1916 419 nutem,

1734 425 1807 451 quilius
1840 426 1917 444 vendi-

974 446 1077 489 Pl'DllO
1097 456 1134 478 aC
1154 446 1254 488 paCllS
1278 451 1308 477 Οἱ
1327 444 1566 477 condilionibus
1595 446 1718 484 emplu-
1733 456 1916 475 twnesintimatae

974 510 1025 531 ros
1046 510 1109 531 non
1124 497 1366 531 deliberaverint
1385 503 1414 529 et
1432 497 1474 529 ibi
1495 495 1718 529 aedificaturos
1732 485 1915 541 ssfiffij'ss‘m‘e‘mffi

973 562 1038 585 non
1059 551 1276 595 promiserint,
1300 555 1480 593 praesentes
1495 549 1616 582 scilicet
1636 547 1718 580 intra
1732 548 1814 599 ‘0³32'ss
1827 547 1914 599 13·ζάιὲ-

974 605 1158 647 quindecim
1179 604 1263 643 dies3
1281 604 1426 635 absentes
1456 613 1530 635 vero
1559 602 1642 634 intra
1662 600 1718 633 tri·
1870 593 1874 598 ’
1909 593 1912 597 ’

971 659 1057 700 ginta
1091 669 1108 690 a
1133 657 1182 690 die
1212 656 1437 700 praestitorum
1464 654 1647 687 huiusmodi
1671 654 1718 686 iu-

949 710 952 714 ’
972 715 1203 744 ramentorum:
1219 720 1331 742 rursus
1343 713 1407 740 tam
1424 712 1605 751 praesentes
1620 716 1717 750 quam

970 764 1128 803 absentes,
1151 763 1235 795 intra
1263 762 1341 794 alios
1370 760 1555 804 quindecim
1585 760 1653 793 dies
1678 759 1718 792 ab

970 816 1154 849 huiusmodi
1167 815 1381 848 declaratione
1393 820 1423 847 et
1434 813 1660 857 promissione,
1691 812 1716 845 si

970 870 1034 907 siat,
1057 869 1177 908 onmia,
1199 868 1285 901 iuxta
1305 878 1342 900 ea
1369 877 1451 910 quae
1472 865 1504 897 in
1536 865 1717 897 venditione

969 923 1112 955 intimata
1127 921 1391 959 continebuntur,
1410 930 1473 952 non
1490 918 1716 962 praestiterint,

968 975 1190 1019 pretiumque,
1219 974 1244 1006 si
1264 973 1350 1017 quod
1374 972 1405 1005 in
1426 972 1480 1004 illa
1505 972 1646 1004 solutum
1669 971 1717 1002 fu-

968 1034 1046 1069 erat,
1072 1039 1137 1061 non
1160 1027 1380 1071 persolverint,
1409 1031 1439 1058 et
1456 1025 1494 1058 de
1515 1024 1714 1058 aedificando

967 1083 1009 1115 ibi
1030 1082 1069 1115 ad
1090 1087 1209 1115 certam
1230 1090 1387 1113 summam
1419 1084 1608 1121 certumque
1633 1083 1714 1110 tem-

967 1147 1042 1179 pus,
1064 1146 1101 1168 ac
1126 1135 1185 1168 sub
1219 1139 1304 1167 certa
1323 1143 1444 1177 poena,
1468 1136 1563 1175 prout
1589 1131 1628 1163 ab
1653 1131 1714 1162 eis-

966 1190 1037 1222 dem
1076 1188 1234 1231 magistris
1270 1185 1505 1230 praescriptum
1544 1184 1656 1224 suerit,
1682 1194 1714 1216 se

965 1253 1030 1276 non
1050 1241 1269 1285 obligaverint,
1292 1239 1354 1272 illis
1378 1237 1578 1283 posthabitis,
1605 1237 1714 1270 vendi-

965 1296 1009 1329 tio
1029 1295 1223 1337 euicumque
1244 1293 1297 1326 alii
1323 1293 1404 1326 facta
1437 1296 1565 1324 maneat
1592 1296 1620 1323 et
1647 1295 1713 1322 rata

965 1349 1014 1382 sit.
1036 1348 1096 1387 Qui
1127 1358 1201 1380 vero
1235 1347 1318 1380 intra
1343 1351 1518 1387 utrumque
1552 1343 1713 1376 dictorum

964 1402 1176 1435 terminorum
1197 1399 1358 1444 praedicta
1375 1397 1564 1441 impleverit,
1589 1396 1633 1437 ei,
1660 1407 1712 1429 ee-

964 1455 1040 1488 teris
1059 1453 1206 1493 exclusis,
1243 1451 1380 1485 venditio
1414 1450 1459 1484 sic
1493 1449 1563 1483 fieri
1587 1450 1709 1483 debeat.

964 1510 1001 1541 At
1020 1507 1045 1541 si
1065 1506 1254 1551 perquisitio
1275 1510 1305 1539 et
1337 1503 1495 1537 intimatio
1528 1503 1570 1536 ita
1590 1503 1706 1543 sactae,

963 1562 1207 1602 iuramentaque
1227 1559 1270 1591 ita
1302 1557 1453 1602 praestita
1483 1567 1547 1590 non
1572 1556 1708 1595 suerint,

963 1623 1187 1658 quaecumque
1206 1611 1345 1645 venditio
1377 1611 1417 1643 de
1450 1620 1487 1643 ea
1520 1609 1615 1642 domo
1649 1608 1710 1641 sive

963 1668 1042 1707 solo,
1069 1666 1265 1709 cuicumque
1293 1664 1347 1697 alii
1378 1663 1476 1703 sacta,
1509 1663 1635 1695 nullum
1661 1663 1710 1695 ius

963 1720 1098 1765 emptori
1122 1720 1255 1759 tribuat,
1277 1724 1308 1752 et
1337 1717 1444 1760 quoad
1464 1717 1554 1749 illum
1575 1726 1634 1760 pro
1659 1717 1709 1748 in-

962 1774 1043 1807 fecta
1067 1773 1115 1812 sit,
1136 1771 1293 1815 quamdiu
1311 1769 1406 1803 vieini
1434 1769 1516 1801 intra
1545 1779 1665 1801 annum
1690 1779 1708 1800 a

962 1826 1013 1859 die
1033 1837 1097 1869 quo
1121 1825 1208 1858 illam
1224 1823 1420 1863 resciverint‚
1441 1833 1473 1856 se
1484 1822 1704 1865 opposuerint.

963 1879 1126 1923 Siquidem
1159 1878 1268 1921 aliquo
1305 1877 1450 1920 ipsorum
1484 1876 1566 1908 intra
1586 1874 1707 1907 dictum

962 1943 1082 1965 annum
1116 1936 1255 1976 petente,
1291 1940 1401 1972 seque,
1440 1934 1476 1961 ut
1507 1927 1706 1972 praedictum

963 1991 1018 2026 est,
1031 1985 1191 2028 obligante
1214 1983 1254 2017 ad
1266 1981 1513 2020 aedificandum,
1525 1985 1554 2012 et
1567 1979 1706 2023 pretium

963 2038 1099 2082 emptori
1118 2038 1157 2081 (si
1176 2038 1203 2070 is
1222 2036 1303 2070 illud
1322 2036 1468 2079 accipere
1481 2061 1488 2075 ,
1506 2040 1536 2066 et
1552 2032 1706 2076 emptioni

963 2103 1038 2125 suae
1058 2091 1262 2129 renunciare,
1285 2100 1321 2122 ae
1342 2088 1464 2121 ratione
1484 2086 1585 2125 illius,
1610 2090 1708 2129 prout

962 2144 1158 2178 camerarius
1172 2149 1202 2177 et
1222 2141 1363 2185 magistri
1392 2138 1627 2178 mandaverint,
1653 2147 1706 2170 ca-

961 2209 1032 2231 vere
1051 2197 1200 2240 voluerit)
1224 2195 1426 2233 restituente,
1466 2191 1608 2235 alioquin
1631 2201 1706 2234 pre-

963 2252 1042 2284 tium
1062 2251 1168 2294 ipsum
1189 2250 1378 2292 deponente,
1416 2245 1555 2278 venditio
1576 2243 1605 2277 ei
1625 2245 1706 2276 sacta

963 2308 1142 2343 censeatur,
1165 2307 1194 2334 et
1225 2299 1357 2344 perinde
1377 2309 1413 2331 ex
1432 2298 1486 2330 illa
1506 2297 1538 2330 in
1557 2297 1604 2330 rei
1628 2307 1704 2341 pos-

961 2357 1100 2390 sessione
1134 2355 1324 2393 inducatur,
1359 2351 1491 2396 expulso
1522 2350 1596 2383 inde
1620 2349 1705 2382 dieto

963 2405 1067 2449 primo
1088 2408 1231 2447 emptore
1244 2429 1251 2441 ,
1274 2412 1310 2433 ae
1335 2400 1449 2432 sicum
1469 2409 1506 2432 eo
1531 2403 1562 2431 et
1581 2398 1621 2430 ad
1636 2397 1706 2430 eius

963 2453 1169 2487 commodum
1208 2449 1366 2482 celebrata
1398 2453 1499 2487 esset3
1540 2447 1705 2480 rescivisse

963 2507 1083 2541 autem,
1104 2499 1209 2543 quoad
1230 2499 1290 2530 hoe
1323 2496 1454 2537 attinet,
1487 2496 1702 2538 intelligatur,

997 2570 1009 2595 1
1032 2568 1089 2594 Imo
1105 2564 1232 2599 inquilini
1253 2563 1454 2599 praeferuntur
1467 2562 1566 2591 vicinis
1583 2560 1706 2590 nolenti-

963 2613 1016 2640 bus
1029 2610 1187 2643 aedificare,
1202 2612 1235 2636 ut
1252 2615 1321 2636 mox
1338 2607 1478 2642 sequitur.
