2059 3228
174 248 222 273 An.
250 248 276 272 (Σ.
306 248 367 274 1578
425 262 489 297 Ἤρ

379 325 437 357 nisi
459 336 493 356 ox
517 323 713 368 passam-‘inis
732 323 781 357 vel
802 323 933 368 srangiis
966 325 1121 368 simplici-

376 379 436 411 bus
460 379 506 411 rel
528 378 668 421 parvulis
689 378 768 412 listis
788 389 826 412 ex
853 380 983 419 velluto,
1011 380 1043 412 in
1077 385 1122 413 to-

377 437 441 463 tum
467 431 636 464 brachium
657 443 759 465 unum
780 443 844 465 non
870 433 1069 471 excedentes,
1092 439 1122 465 et

375 490 563 517 ornamenta
597 485 675 518 fiant
710 486 932 519 tantummodo
964 486 996 518 in
1019 486 1120 518 bustis

374 537 468 577 vulgo
494 538 701 582 nuncupatis.

416 590 430 631 ξ
456 590 508 622 20.
532 590 689 635 Quodque
710 592 742 624 in
763 592 917 625 comitatu
938 601 977 624 ast
1004 594 1118 624 mutie-

165 675 192 693 aa
206 647 353 697 olanggggffi
372 652 422 675 res
442 653 619 686 puerperas
639 655 702 678 non
723 645 845 688 possint
864 645 1028 683 accedere,
1057 644 1117 677 uisi

168 702 280 719 wwdffle-
370 700 473 728 mater
492 702 522 729 et
542 707 670 730 sorores
689 704 743 731 aut
764 698 846 731 duae
855 709 890 730 ex
907 697 1118 740 propinquio-

368 747 462 784 ribus,
492 760 523 782 ιη
543 750 705 784 desectum
734 751 846 784 matris
864 752 912 783 vel
933 751 1064 791 sororis,
1086 757 1117 784 et

367 811 431 833 non
462 802 585 845 possint
620 804 659 836 ad
691 815 743 837 eas
781 805 905 837 deferre
944 805 1114 847 plusquam

367 864 468 887 unum
494 865 551 898 par
585 857 750 901 pullorum
784 857 1051 900 gallinaceorum,
1085 864 1115 890 et

366 912 506 950 quatuor
533 920 632 952 panes
651 920 784 954 magnos
804 916 834 944 et
861 910 924 943 vini
950 910 1113 943 moderate

365 961 428 994 duo
448 962 567 996 similia
585 974 669 996 vasa.

406 1016 421 1058 ἓ
441 1015 494 1048 21.
517 1016 609 1056 ltem,
630 1017 715 1060 quod
734 1017 767 1049 in
787 1017 1036 1060 desponsatione
1056 1027 1122 1050 co-·

161 1067 348 1115 vivffissjnfl‘ssefflssg
364 1067 493 1101 mitatus
511 1079 577 1102 non
597 1070 696 1112 possit
715 1080 774 1102 nec
794 1070 908 1102 debeat
927 1070 1110 1104 conducere

161 1123 254 1146 1³⁰⁵⁵i¹²t-
362 1130 418 1153 seu
444 1122 596 1154 mandare
617 1122 766 1154 associari
787 1133 804 1154 a
824 1122 889 1155 suis
914 1123 1108 1165 consangui-

360 1174 439 1214 neis,
460 1175 573 1208 vicinis
601 1182 631 1208 et
659 1175 820 1216 affinibus,
855 1176 914 1209 nisi
936 1176 967 1208 in
988 1176 1106 1220 primo,

360 1228 503 1261 secundo
523 1234 553 1261 et
569 1229 662 1262 tertio
683 1235 714 1262 et
733 1234 848 1272 quarto
863 1228 1015 1271 gradibus
1028 1240 1106 1262 con-

358 1279 489 1321 iunctis;
522 1287 552 1314 et
584 1282 749 1321 similiter,
776 1281 808 1313 in
841 1280 1038 1314 convivando
1076 1287 1106 1315 et

357 1335 480 1377 nuptiis
500 1334 654 1368 faciendis
679 1334 926 1374 convitatorum,
947 1344 1012 1367 non
1030 1345 1104 1378 pos-

357 1387 420 1419 sint
453 1388 616 1420 convitare
649 1399 708 1421 nec
735 1398 848 1421 vocare
881 1387 941 1420 nisi
975 1388 1103 1420 eosdem

356 1440 612 1483 consanguineos
635 1441 684 1473 vel
704 1441 816 1473 alfines
829 1440 935 1483 primi,
954 1440 1100 1481 secundi,

355 1493 439 1526 tertii
463 1499 494 1527 et
512 1494 617 1536 qum-ti
645 1495 774 1537 gradus,
805 1504 864 1527 nec
892 1493 1016 1537 possint
1048 1504 1102 1527 eos

353 1557 496 1589 gravare,
518 1548 566 1580 vel
586 1548 630 1580 eis
647 1547 756 1580 iubere
768 1554 800 1580 ut
822 1552 948 1590 portent
963 1548 1100 1580 scatulas

353 1600 400 1632 vel
426 1600 504 1633 alias
528 1612 577 1633 res
598 1601 826 1641 comestibiles,
848 1611 908 1633 nec
929 1601 1025 1633 etiam
1048 1610 1101 1633 vo-

353 1663 438 1693 care,
465 1660 495 1685 et
515 1654 545 1685 id
568 1654 679 1686 iubere
709 1653 822 1686 vicinis
841 1659 871 1686 et
890 1653 1014 1693 amicis,
1040 1664 1098 1686 nec

352 1707 397 1738 uti
419 1706 450 1738 in
472 1707 672 1740 comedendo
692 1707 801 1750 aliquo
821 1717 937 1749 genere
957 1706 1095 1747 obsonii,

352 1760 439 1801 quod
459 1761 553 1803 vulgo
582 1760 701 1793 dicitur
729 1761 756 1792 le
784 1761 938 1799 m‘vcmcle,
969 1765 1000 1792 et
1028 1760 1098 1793 aliis

349 1813 508 1845 similibus
528 1813 785 1852 delicationibus,
802 1813 856 1845 sed
874 1813 1096 1846 tantummodo

350 1866 503 1899 lacteolos
523 1872 553 1899 et
578 1866 726 1907 cariatas,
748 1871 784 1898 ut
801 1871 928 1898 vocant.

393 1919 408 1961 ἓ
432 1918 485 1952 02⁶2.
512 1919 601 1957 Item,
617 1920 715 1963 quod,
738 1924 802 1951 tam
819 1919 850 1951 in
863 1919 987 1952 civitate
998 1930 1094 1963 quam

151 1967 339 2019 010„{{‘'}³32p‘²1}.'
351 1967 381 2000 in
393 1968 559 2009 comitatu,
581 1979 678 2011 super
688 1967 938 2010 transgressione
949 1968 1094 2000 omnium

151 2021 208 2041 tana.
349 2022 379 2049 et
389 2017 589 2059 singulorum
598 2017 814 2060 capitulorum
825 2016 1020 2053 huiusmodi,
1030 2022 1094 2050 tam

349 2065 379 2097 in
393 2066 488 2098 rebus
501 2065 662 2098 dotalibus
677 2075 773 2108 quam
785 2064 816 2096 in
827 2064 953 2097 arredio
964 2075 1020 2097 seu
1041 2076 1093 2097 ca-

348 2124 445 2154 mera,
460 2113 654 2147 extractione
668 2114 794 2152 domus,
808 2112 939 2155 nuptiis,
956 2124 1094 2156 puerpe-

347 2162 403 2194 riis
413 2168 442 2195 et
453 2163 523 2195 aliis
536 2162 631 2195 rebus
642 2161 814 2206 praedictis‚
826 2161 879 2193 fiat
891 2160 1001 2194 revisio
1012 2172 1029 2194 a
1040 2162 1093 2194 de-

346 2211 475 2253 putatis,
497 2211 553 2254 qui
569 2221 626 2254 pro
647 2216 791 2253 tempore
812 2214 923 2249 erunt,
940 2209 995 2252 qui
1010 2221 1092 2253 prze-

345 2259 429 2291 dicta
450 2260 571 2302 possint
587 2259 730 2292 revidere
744 2264 774 2291 et
785 2268 899 2300 cogere
916 2263 1091 2301 transgres-

344 2320 432 2341 sores
453 2310 491 2341 ad
512 2309 705 2341 solutionem
731 2318 906 2352 poenarum
930 2308 1016 2340 iuxta
1035 2308 1091 2340 de-

345 2363 429 2389 creta
454 2363 483 2390 et
504 2358 633 2390 ordines
649 2357 842 2401 praedictos,
865 2366 978 2399 rogare
998 2361 1028 2388 et
1045 2355 1091 2388 in-

344 2411 426 2438 stare
451 2412 485 2438 ut
516 2407 700 2449 superiores
730 2405 880 2438 adiuvent
913 2410 943 2438 et
967 2405 1091 2437 faveant

345 2464 402 2495 pro
414 2455 657 2487 executionibus
667 2454 830 2487 filciendis:
844 2459 874 2486 et
885 2454 970 2486 circa
979 2459 1089 2493 vesteS,

345 2504 556 2536 oxu-actiones
580 2514 769 2547 sponsarum
792 2504 830 2535 de
851 2503 946 2536 domo
971 2508 1001 2535 et
1020 2503 1090 2536 aliis

345 2550 396 2581 liic
416 2561 480 2582 non
500 2551 657 2593 expressis
682 2551 735 2584 siat
770 2551 855 2584 iuxta
879 2551 1025 2584 ordinem
1059 2557 1090 2584 et

345 2598 482 2640 capitula
499 2605 524 2630 et
549 2609 643 2631 novas
659 2600 901 2633 reformationes
914 2599 1089 2643 descriptas

345 2647 374 2679 in
398 2647 555 2679 rolumiue
576 2653 766 2681 statutorum

973 273 1151 298 RULLMttt'u
1172 274 1187 296 tt
1193 273 1319 297 OXIANUM

1208 325 1222 367 ,ξ
1242 324 1295 357 23.
1318 325 1406 363 Item,
1428 322 1514 367 quod
1535 323 1685 357 mulieres
1705 333 1768 355 non
1789 319 2014 370 possiutmffiffl·
2029 319 2039 346 ‘=

1164 377 1208 409 uti
1229 377 1305 410 velis
1324 376 1446 410 croceis
1470 377 1519 410 vel
1537 377 1614 410 alias
1629 376 1746 414 tinctis,
1766 375 1819 408 sed
1833 375 1909 412 velis

1162 430 1243 463 albis
1262 430 1294 462 in
1319 431 1422 474 capite
1443 436 1473 463 et
1492 430 1585 463 etiam
1606 430 1638 462 in
1658 429 1800 471 cingulo,
1822 435 1856 462 et
1872 429 1908 461 li-

1163 484 1297 517 ceatuti
1321 484 1437 517 burata
1468 483 1622 527 simplici;
1654 483 1767 515 viduae
1801 487 1908 515 tamen

1162 537 1286 580 possint
1310 537 1356 569 uti
1388 536 1481 570 solito
1512 537 1582 570 velo
1612 546 1728 570 croceo
1755 536 1804 568 vel
1826 535 1908 572 ,alias

1161 589 1247 622 iuxta
1267 600 1402 622 morem.

1204 643 1219 686 ἓ
1239 642 1291 675 24.
1306 643 1397 683 Item,
1412 642 1497 684 quod
1517 653 1628 676 omnes
1646 653 1782 687 sponsae
1796 648 1905 677 etmu-

1159 695 1256 729 lieres
1275 696 1409 729 civitatis
1420 702 1451 729 et
1461 695 1567 729 Status
1579 695 1752 737 Camerini,
1768 696 1836 729 sine
1859 697 1905 730 di-

1158 749 1329 782 stinctione
1349 749 1522 792 graduum,
1544 749 1577 782 in
1596 748 1757 783 vestiendo
1777 754 1808 783 et
1826 760 1903 794 por-

1157 802 1253 835 tando
1273 813 1383 835 earum
1403 807 1505 835 vestes
1524 808 1555 835 et
1573 801 1688 835 iocalia
1706 808 1737 836 et
1759 802 1821 836 alia
1849 814 1902 836 or-

1156 862 1317 896 namenta,
1339 856 1408 900 pari
1428 856 1529 899 gradu
1549 861 1580 889 et
1599 866 1693 899 passu
1714 856 1900 899 procedant,

1155 910 1331 953 praesentis
1350 909 1560 943 ordinationis
1584 914 1684 943 metas
1709 920 1776 943 non
1807 920 1900 944 exce·

1154 962 1275 996 dentes.
1297 963 1366 995 tlon
1395 962 1596 995 obstantibus
1623 962 1788 996 ordinibus
1810 963 1900 996 factis

1153 1014 1184 1048 in
1205 1021 1322 1049 statuto
1341 1016 1381 1049 de
1399 1016 1538 1049 vestibus
1557 1015 1810 1060 capitaneorum,
1824 1016 1900 1049 doc-

1151 1074 1269 1109 torum,
1290 1069 1435 1112 equitum
1456 1074 1486 1102 et
1505 1068 1791 1112 privilegiatorum¹

1193 1122 1208 1166 ἓ
1232 1122 1285 1156 025.
1300 1123 1390 1161 Item,
1413 1122 1500 1165 quod
1520 1122 1783 1166 superiorpossit
1797 1127 1828 1156 et
1841 1134 1894 1156 va·

1150 1175 1212 1208 leat
1234 1186 1354 1219 poenas
1378 1175 1568 1219 praedictas,
1588 1180 1686 1219 prout
1713 1186 1812 1220 supra
1837 1176 1894 1209 de·
1951 1168 1956 1175 ¹

1149 1230 1304 1262 clar-atum
1326 1228 1395 1269 suit,
1423 1234 1453 1262 et
1471 1229 1548 1271 quia
1581 1228 1775 1272 experientia
1809 1239 1895 1263 com÷

1147 1288 1274 1325 pet-tum
1295 1288 1387 1315 estex
1398 1281 1520 1324 magnis
1531 1282 1689 1325 expensis,
1704 1293 1786 1325 quae
1798 1283 1894 1316 hodie

1146 1346 1163 1368 a
1184 1335 1306 1368 maritis
1325 1335 1418 1375 fiunt,
1441 1335 1530 1368 dotes
1551 1334 1635 1378 ipsas
1654 1336 1894 1378 plerumquein

1146 1394 1210 1422 toto
1231 1389 1279 1421 vel
1299 1389 1331 1421 in
1351 1394 1440 1432 parte
1465 1388 1631 1428 consumi,
1652 1387 1694 1421 ita
1713 1394 1748 1422 ut
1772 1389 1892 1429 mariti,

1144 1442 1318 1485 aliquando
1349 1452 1401 1474 eas
1421 1441 1590 1475 restituere
1621 1441 1735 1481 coacti,
1763 1452 1891 1476 omnem

1143 1505 1255 1528 eorum
1280 1496 1464 1528 facultatem
1484 1494 1610 1537 erogari
1639 1496 1889 1539 compellantur,

1141 1548 1289 1593 proinde,
1312 1554 1439 1582 maturo
1460 1548 1607 1589 consilio,
1625 1559 1663 1581 ac
1681 1548 1821 1594 desuper
1836 1560 1890 1593 po-

1140 1602 1207 1646 puli
1234 1613 1394 1636 consensu
1423 1602 1544 1646 pluries
1564 1602 1686 1643 habito,
1707 1608 1889 1636 statuerunt

1139 1662 1170 1689 et
1189 1656 1419 1689 ordinaverunt
1438 1656 1538 1699 quod,
1560 1654 1586 1688 si
1606 1655 1763 1689 moriatur
1786 1667 1883 1698 uxor,

1138 1715 1309 1752 antequam
1322 1709 1361 1742 sit
1381 1713 1605 1742 consumatum
1626 1708 1880 1750 matrimonium,

1139 1763 1271 1796 maritus
1305 1764 1450 1796 lucretur
1485 1767 1604 1795 sextam
1636 1767 1759 1806 partem
1795 1763 1878 1798 dotis

1139 1817 1244 1857 datae,
1267 1817 1444 1861 promissae
1463 1816 1511 1849 vel
1531 1822 1705 1849 conventae
1729 1817 1776 1850 vel
1804 1829 1886 1861 quo-

1137 1870 1314 1903 modolibet
1333 1869 1472 1909 debitae,
1500 1879 1575 1902 cum
1604 1874 1692 1902 sexta
1716 1875 1806 1913 parte
1836 1882 1886 1904 ca-

1137 1933 1263 1962 n¹erae3
1298 1927 1329 1955 et
1364 1922 1389 1955 si
1419 1921 1576 1955 moriatur
1595 1927 1666 1965 post
1689 1923 1887 1956 matrimonii

1137 1975 1416 2009 consumationem
1437 1974 1506 2007 sine
1531 1974 1615 2015 filiis,
1646 1974 1711 2008 sive
1739 1976 1887 2010 traducta

1137 2028 1234 2061 suerit
1253 2028 1318 2061 sive
1338 2038 1415 2067 non,
1434 2026 1569 2060 maritus
1587 2028 1734 2060 lucretur
1757 2029 1886 2062 tertiam

1136 2087 1261 2126 partem
1282 2081 1365 2114 dotis
1398 2081 1501 2121 datae,
1527 2081 1706 2124 promissae
1730 2083 1779 2115 vel
1806 2093 1885 2116 con-

1135 2139 1247 2167 ventae
1267 2145 1323 2166 seu
1344 2133 1422 2166 alias
1432 2133 1678 2176 quomodolibet
1696 2134 1834 2176 debitae,
1849 2143 1885 2170 ut

1134 2197 1243 2231 supra.
1266 2187 1304 2220 Et
1323 2198 1339 2219 e
1360 2192 1485 2227 contra,
1508 2186 1533 2220 si
1560 2187 1796 2230 praemoriatur
1821 2199 1886 2222 ma-

1134 2241 1213 2273 ritus
1229 2246 1302 2273 ante
1330 2240 1597 2273 matrimonialem
1623 2242 1786 2284 copulam,
1805 2253 1885 2275 uxor

1133 2294 1278 2326 lueretur
1300 2300 1402 2327 vestes
1437 2294 1600 2337 longiores
1630 2300 1660 2326 et
1693 2295 1837 2329 viduales
1855 2301 1884 2329 et

1133 2348 1290 2379 annulum
1313 2347 1511 2390 sponsalitii;
1534 2352 1605 2391 post.
1623 2358 1698 2380 vcro
1720 2349 1882 2392 copulam,

1132 2401 1280 2433 lustretur
1304 2410 1418 2432 omnes
1438 2405 1556 2439 vestes,
1589 2402 1726 2433 annulos
1757 2405 1788 2433 et
1817 2411 1882 2433 mo-

1132 2453 1217 2491 bilia,
1239 2454 1357 2496 quibus
1378 2452 1488 2485 vestita
1514 2453 1659 2486 traducta
1680 2454 1738 2486 fuit
1756 2453 1793 2485 ad
1823 2453 1881 2485 do-

1132 2512 1220 2533 mum
1241 2502 1299 2533 viri
1321 2502 1366 2534 vel
1394 2501 1425 2533 in
1446 2502 1567 2544 nuptiis
1587 2501 1670 2534 inter
1690 2502 1773 2545 ipsos
1794 2502 1877 2535 cele-

1130 2550 1228 2583 bratis
1247 2556 1370 2583 oruata.

1174 2600 1188 2642 ἓ
1208 2600 1261 2632 26.
1280 2600 1410 2632 Munera
1428 2609 1503 2633 vero
1522 2610 1747 2642 quaecumque
1767 2599 1870 2641 uxori,
1883 2625 1960 2642 „m
1973 2624 2008 2646 m

1132 2648 1162 2681 iu
1183 2647 1380 2692 sponsalitio,
1402 2658 1420 2681 a
1438 2648 1506 2682 viro
1526 2648 1573 2682 vel
1598 2648 1666 2681 eius
1685 2653 1788 2691 patre,
1806 2658 1872 2681 ma-
