2059 3228
144 209 158 236 Ᾱ
171 216 180 224 “
208 209 320 238 0157&

171 2032 328 2056 Ltuerisdesu-

145 2065 328 2092 perconuciendis

146 2099 264 2123 perpetuae
293 2096 330 2116 su·-

147 2128 226 2147 mitaris
268 2127 330 2148 robur
347 2130 353 2135 '

147 2159 233 2180 adiecit.

381 198 444 233 518

335 262 440 295 Sancti
453 258 676 293 Bartholomaei
696 257 905 292 ecclesiarum
916 258 1082 290 huiusmo-

333 315 378 354 di,
401 324 459 358 pro
476 312 757 346 distributionibus
784 311 978 356 quotidianis
999 312 1082 344 inter

333 367 504 400 canonicos
525 372 735 410 protempore
751 365 927 399 residentes
939 371 968 398 et
980 365 1012 398 in
1032 365 1080 398 di-

332 419 413 452 vinis
430 419 636 453 inservientes
661 430 697 452 ac
717 418 751 452 in
768 419 867 452 choro
888 418 1080 452 interessen-

333 478 378 505 tes
397 472 588 513 dividendis,
618 473 762 517 praefata
782 472 971 506 auctoritate
992 472 1080 505 simi-

331 526 403 559 liter
435 531 591 570 perpetuo
620 526 734 566 univit,
756 526 908 559 annexuit
927 532 958 559 et
977 526 1082 559 incor-

332 579 466 623 poravit,
478 590 514 612 ac
527 590 585 623 pro
598 579 878 613 distributionibus
895 579 1081 612 huiusmodi

330 633 563 676 appropriavit,
601 632 644 666 ita
683 632 769 676 quod
793 633 903 666 liceret
940 632 1081 676 praefato

330 685 472 729 capitulo
493 687 707 730 corporalem,
725 686 845 719 realem
879 691 911 719 et
922 686 1080 719 actualem

330 739 566 782 possessionem
586 739 686 784 ipsius
706 740 899 783 parochialis
926 739 1081 773 ecclesiae

330 792 375 825 sic
393 793 514 834 unitae,
536 804 595 837 per
606 804 638 826 se
655 793 702 826 vel
718 793 818 826 alium
830 804 886 826 seu
904 793 994 834 alios,
1009 804 1082 837 pro-

330 845 400 889 pria
425 847 628 887 auctoritate,
656 846 757 880 libere
778 847 1023 890 apprehendere
1051 851 1082 879 et

330 905 487 943 perpetuo
499 899 656 941 retinere;
674 900 824 943 illiusque
841 910 966 933 necnon
985 900 1081 933 etiam

332 952 433 986 dictae
442 953 486 986 sic
493 964 682 997 suppressae
691 953 932 998 praepositurae
945 954 1079 994 fructus,

331 1006 474 1040 redditus
490 1012 520 1040 et
536 1013 710 1050 proventus
727 1007 759 1040 in
776 1018 853 1040 usus
866 1013 897 1040 et
912 1006 1081 1040 utilitatem

332 1070 460 1093 mensae
476 1061 664 1104 capitularis
682 1071 718 1093 ac
737 1060 1001 1093 distributionum
1023 1061 1083 1093 hu-

331 1113 482 1154 iusmodi,
505 1124 564 1157 pro
582 1119 726 1157 tempore
752 1114 959 1147 existentibus
972 1113 1082 1156 singu-

332 1166 370 1200 lis
388 1167 551 1200 canonicis
575 1167 748 1211 praedictis
773 1168 951 1200 dandarum
977 1173 1008 1200 et
1027 1178 1082 1210 ap-

332 1221 567 1265 plicandarum,
589 1226 787 1261 convertere,
815 1221 956 1254 cuiusvis
985 1221 1083 1254 licen-

331 1275 374 1307 tia
394 1275 533 1318 desuper
552 1275 685 1308 minime
706 1275 876 1316 requisita;
898 1285 1026 1307 necnon
1040 1275 1084 1307 ei-

333 1329 406 1362 dem
419 1329 597 1372 parochiali
609 1329 763 1369 ecclesiae,
779 1339 837 1372 per
847 1339 948 1361 unum
957 1339 993 1362 ex
1006 1328 1084 1372 ipsis

334 1382 498 1415 canonicis
519 1382 714 1415 sufficienter
730 1381 894 1422 idoneum,
917 1392 976 1425 per
995 1382 1083 1415 ordi-

334 1434 461 1468 narium
482 1435 728 1479 approbandum
749 1434 835 1467 iuxta
856 1434 1021 1478 providam
1031 1445 1085 1468 eo-

334 1499 407 1521 rum
425 1488 503 1522 dicti
523 1488 654 1532 capituli
683 1488 920 1522 ordinationem
946 1489 1086 1533 desuper

335 1541 531 1583 faciendam,
566 1540 599 1573 in
633 1540 747 1574 divinis
765 1541 938 1582 deservire,
968 1547 1000 1574 et
1028 1553 1084 1575 cu-

335 1605 404 1628 ram
425 1595 607 1628 animarum
622 1594 709 1628 illius
725 1595 998 1638 parochianorum
1014 1596 1085 1628 lau-

334 1648 486 1682 dabiliter
511 1658 672 1689 exercere,
700 1659 736 1681 ac
762 1654 961 1681 sacramenta
985 1649 1088 1682 eccle-

336 1701 463 1735 siastica
482 1701 546 1734 illis
566 1701 762 1741 ministrare,
789 1702 965 1734 decernens
994 1712 1087 1744 prae-

337 1755 514 1799 posituram
532 1756 687 1788 ecclesiae
712 1754 744 1788 S.
771 1755 995 1788 Bartholomaei
1025 1755 1086 1788 hu-

338 1809 488 1850 iusmodi,
516 1820 602 1850 cum,
629 1814 665 1841 ut
688 1809 1089 1852 praesertur‚vacarecon-

338 1862 469 1905 tigerit,
495 1869 655 1907 perpetuo
680 1872 885 1906 suppressam
910 1861 1046 1895 existere
1059 1868 1089 1895 et

339 1926 420 1950 esse.

385 1970 400 2014 ἓ
425 1970 457 2003 7.
484 1970 528 2003 Ac
543 1970 666 2003 litteras
683 1975 759 2002 tunc
772 1969 909 2013 desuper
920 1968 1092 2002 conficien-

342 2023 398 2056 das
419 2023 509 2056 nullo
529 2034 683 2067 umquam
693 2029 836 2066 tempore
852 2022 890 2055 de
908 2022 1092 2066 subreptio-

344 2077 393 2110 nis
412 2077 461 2110 vel
478 2076 679 2121 obreptionis
705 2075 793 2116 vitio,
820 2086 876 2109 seu
905 2075 1094 2109 intentionis

345 2129 446 2173 ipsius
463 2129 722 2174 praedecessoris
738 2135 793 2162 aut
812 2128 924 2172 quovis
935 2128 998 2162 alio
1006 2128 1093 2162 defe-

347 2187 399 2216 ctu
424 2183 529 2216 notari
549 2183 613 2216 sive
633 2182 825 2226 impugnari,
845 2182 893 2214 vel
917 2182 957 2215 ad
984 2182 1094 2215 termi-

349 2246 407 2269 nos
431 2236 511 2270 iuris
530 2236 653 2277 reduci,
674 2241 729 2269 aut
747 2236 779 2269 in
790 2236 839 2269 ius
852 2236 901 2269 vel
914 2241 1096 2269 controver—

350 2289 427 2322 siam
447 2289 524 2334 poni
561 2290 609 2323 vei
632 2289 739 2323 vocari
769 2289 952 2322 nullatenus
989 2299 1094 2333 posse,

351 2353 456 2386 neque
476 2343 535 2376 sub
554 2343 720 2387 quibusvis
732 2342 886 2376 similium
895 2343 943 2376 vel
961 2342 1098 2375 dissimi-

351 2392 431 2425 lium
459 2393 633 2436 gratiarum
665 2392 933 2432 revocationibus,
966 2403 1099 2436 suspen-

352 2442 509 2484 sionibus,
527 2443 787 2486 derogationibus
802 2448 830 2475 et
842 2441 1098 2484 limitationibus‚

353 2495 417 2522 tam
438 2501 495 2534 per
514 2491 1011 2536 ipsumpraedece<=oren1quam
1025 2503 1098 2525 suc-

355 2549 495 2573 cessores
513 2552 534 2572 si
550 2550 584 2574 os
605 2541 764 2575 Romanos
788 2541 982 2581 Pontifices,
1004 2541 1098 2574 etiam

353 2587 388 2623 in
407 2589 581 2627 crastinum
601 2601 712 2625 eorum
733 2590 960 2639 assumptionis
980 2589 1099 2625 facien»

925 203 1104 229 ammaum
1127 202 1278 227 nomivtm

1124 256 1183 297 dis,
1215 255 1459 299 comprehendi,
1492 255 1547 289 sed
1578 263 1705 296 semper
1737 252 1776 285 ab
1807 250 1869 284 illis

1124 314 1282 353 exceptas,
1298 313 1328 342 et
1343 308 1468 352 quoties
1477 308 1551 342 illae
1560 319 1610 342 em
1616 306 1768 346 anabunt,
1777 303 1873 338 toties

1123 362 1155 394 in
1167 361 1338 405 pristinum
1356 367 1388 395 ct
1404 362 1636 395 validissimum
1647 367 1762 395 statum
1780 355 1869 394 resti-

1122 420 1204 448 tutas
1221 420 1252 448 et
1271 416 1310 448 de
1327 425 1408 448 novo
1424 425 1590 449 concessas
1610 425 1678 448 esse
1695 420 1725 449 et
1744 413 1867 449 censeri

1123 469 1260 509 debere,
1292 469 1399 512 sicque
1428 480 1486 513 per
1505 479 1724 512 quoscumque
1747 468 1869 502 iudices

1123 528 1153 555 et
1172 523 1421 564 commissarios,
1443 523 1554 566 quavis
1581 522 1770 556 auctoritate
1797 522 1871 555 fun-

1123 581 1245 618 gentes,
1267 575 1362 608 etiam
1384 586 1554 609 causarum
1566 576 1678 609 Palatii
1694 575 1869 619 Apostolici

1122 629 1286 662 auditores
1306 634 1336 663 et
1356 636 1483 663 sanctae
1515 630 1678 662 Romanae
1710 629 1870 662 Ecclesiae

1123 682 1313 723 cardinales,
1342 683 1375 716 in
1404 683 1514 726 quavis
1540 693 1636 717 causa
1655 688 1687 716 et
1706 682 1867 724 instantia,

1123 736 1247 769 sublata
1267 736 1311 769 eis
1332 743 1362 770 et
1382 747 1494 770 eorum
1507 737 1763 780 cuilibetquavis
1777 736 1871 770 aliter

1123 789 1285 823 iudicandi
1303 795 1334 823 et
1362 790 1597 834 interpretandi
1626 801 1663 824 ac
1695 789 1870 823 definiendi

1122 842 1272 876 facultate
1296 849 1326 877 et
1342 844 1545 884 auctoritate,
1569 843 1718 884 iudicari,
1744 843 1869 877 definiri

1123 901 1153 929 et
1184 896 1387 940 interpretari
1414 897 1551 939 debere;
1580 907 1644 930 non
1672 897 1878 930 obstantibus

1122 949 1224 993 priori
1244 951 1406 984 voluntate
1427 962 1483 984 sua
1500 951 1675 995 praedicta,
1697 961 1734 984 ac
1746 951 1872 983 Latera-

1123 1003 1230 1035 nensis
1251 1004 1380 1036 concilii
1400 1004 1571 1037 novissime
1592 1003 1756 1044 celebrati,
1778 1003 1871 1036 unio-

1123 1065 1178 1088 nes
1199 1062 1382 1099 perpetuas,
1403 1057 1463 1090 nisi
1485 1057 1517 1090 in
1538 1057 1663 1090 casibus
1676 1067 1695 1089 a
1714 1056 1784 1090 iure
1796 1067 1870 1101 per-

1125 1108 1227 1142 missis
1240 1136 1248 1150 ,
1285 1110 1354 1142 fieri
1385 1111 1604 1153 prohibentis,
1640 1120 1766 1143 necnon
1799 1109 1872 1154 piae

1124 1163 1300 1196 memoriae
1317 1163 1472 1197 Bonisacii
1489 1164 1593 1208 Papae
1604 1163 1680 1204 VIII,
1698 1168 1728 1197 et
1736 1163 1872 1208 praede-

1125 1216 1260 1249 cessoris
1277 1217 1391 1257 nostri,
1412 1223 1442 1250 et
1459 1218 1528 1251 aliis
1545 1217 1729 1262 apostolicis
1756 1216 1874 1250 consti-

1125 1269 1316 1311 tutionibus3
1336 1282 1372 1304 ac
1389 1271 1419 1304 S.
1448 1272 1562 1305 Leonis
1588 1277 1619 1304 et
1644 1271 1675 1304 S.
1704 1271 1872 1304 Bartholo-

1125 1323 1196 1355 mcei
1214 1324 1422 1357 ecclesiarum
1438 1325 1689 1368 praedictarum,
1709 1324 1873 1357 iuramen-

1126 1382 1169 1416 to,
1205 1376 1450 1411 confirmatione
1476 1378 1653 1421 apostolica
1681 1377 1731 1410 vel
1763 1376 1874 1421 quavis

1125 1430 1275 1464 firmitate
1291 1431 1353 1464 alia
1373 1432 1541 1472 roboratis,
1559 1431 1683 1465 statutis
1700 1436 1731 1464 et
1740 1441 1874 1465 consue-

1126 1483 1302 1525 tudinibus,
1325 1485 1494 1518 contrariis
1513 1485 1786 1529 quibuscumque;
1820 1489 1876 1518 aut

1126 1537 1152 1570 si
1169 1537 1268 1581 aliqui
1286 1549 1382 1582 super
1401 1539 1638 1582 provisionibus
1668 1539 1729 1572 sibi
1754 1538 1876 1572 facien-

1127 1591 1175 1624 dis
1190 1592 1229 1624 de
1253 1592 1461 1635 dignitatibus
1484 1591 1744 1636 ipsiusecclesiae
1754 1592 1785 1626 S.
1799 1593 1875 1626 Bar-

1127 1645 1291 1678 tholomzei
1311 1657 1348 1679 ac
1368 1646 1554 1679 huiusmodi
1566 1646 1732 1691 speciales,
1745 1647 1794 1680 vel
1806 1647 1877 1680 aliis

1127 1699 1295 1732 beneficiis
1319 1699 1543 1733 ecclesiasticis
1574 1699 1607 1733 in
1639 1699 1703 1733 illis
1731 1700 1877 1744 partibus

1129 1753 1295 1795 generales
1333 1759 1461 1787 sanctae
1493 1753 1582 1787 Sedis
1609 1754 1658 1787 vel
1696 1754 1875 1798 legatorum

1130 1807 1199 1840 eius
1218 1806 1340 1840 litteras
1362 1807 1601 1850 impetrassent,
1622 1806 1679 1840 etsi
1699 1818 1758 1851 per
1770 1818 1823 1841 eas
1838 1808 1875 1841 ad

1131 1859 1369 1901 inhibitionem,
1396 1861 1644 1894 reservationem
1664 1866 1696 1894 et
1712 1861 1876 1895 decretum

1131 1914 1181 1947 rel
1201 1914 1279 1947 alias
1302 1914 1545 1958 quomodolibet
1568 1919 1652 1947 esset
1677 1924 1877 1958 processum

1133 1978 1213 2011 quas
1232 1967 1363 2011 quidem
1388 1967 1509 2001 litteras
1534 1973 1565 2001 et
1588 1978 1758 2011 processus
1788 1968 1880 2001 habi-

1133 2027 1182 2055 tos
1201 2031 1260 2065 per
1267 2021 1393 2055 easdem
1403 2031 1438 2054 ac
1450 2021 1524 2054 inde
1535 2026 1645 2054 secuta
1655 2032 1882 2065 quaecumque

1134 2074 1219 2108 idem
1256 2075 1331 2107 Pius
1355 2075 1586 2118 praedecessor
1609 2075 1649 2108 ad
1677 2075 1882 2120 praepositu-
1926 2094 1931 2100 ·

1135 2139 1202 2161 ram
1214 2128 1368 2161 ecclesiae
1379 2128 1411 2162 S.
1422 2127 1648 2161 Bartholomaei
1667 2133 1697 2161 et
1715 2128 1884 2172 parochia-

1136 2183 1199 2215 lem
1220 2182 1389 2215 ecclesiam
1409 2192 1446 2215 ac
1469 2181 1628 2215 beneficia
1651 2182 1793 2215 unienda
1820 2181 1882 2214 hu-

1136 2235 1276 2269 iusmodi
1304 2235 1404 2268 voluit
1431 2246 1496 2268 non
1527 2235 1664 2276 extendi,
1691 2235 1746 2268 sed
1773 2235 1884 2268 nullus

1137 2300 1195 2334 per
1210 2290 1272 2322 hoc
1291 2289 1348 2329 eis,
1367 2289 1472 2332 quoad
1492 2289 1744 2333 assumptionem
1763 2288 1885 2322 benefi—
1921 2315 1924 2317 -

1139 2343 1263 2376 ciorum
1284 2342 1435 2382 aliorum,
1458 2342 1693 2386 praeiudicium
1713 2341 1883 2385 generari3

1140 2397 1171 2426 et
1194 2391 1357 2435 quibusvis
1378 2391 1449 2424 aliis
1468 2390 1652 2434 privilegiis,
1674 2389 1884 2433 indulgentiis

1140 2447 1171 2475 et
1189 2441 1305 2475 litteris
1321 2440 1514 2484 apostolicis,
1541 2439 1745 2483 generalibus
1754 2439 1802 2472 vel
1814 2449 1885 2483 spe—

1141 2491 1286 2532 cialibus,
1327 2499 1609 2533 quorumcumque
1641 2486 1794 2522 tenorum'
1822 2488 1885 2521 exi-

1141 2546 1235 2581 stant,
1272 2551 1330 2584 per
1360 2550 1454 2583 quae,
1486 2539 1707 2583 praesentibus
1739 2548 1803 2570 non
1831 2547 1884 2570 ex—

1141 2601 1249 2633 pressa
1272 2589 1319 2623 vel
1348 2589 1487 2624 totaliter
1515 2598 1580 2623 non
1600 2588 1729 2628 inserta,
1751 2586 1884 2621 effectus

1948 1235 1958 1247 Ο

1989 1747 2010 1783 «¹
1994 1647 2011 1726 mmm
1991 1213 2014 1630 ›ma-,vuufioenae-aeaaeuz.
1998 1169 2003 1174 ·
1999 1143 2001 1146 Δ

1991 1787 2012 1874 auiis,

1984 2527 2009 2534 ,“
1996 2502 2009 2511 v.
1985 2218 2013 2474 wemaQAffuQAk.
1999 2187 2010 2208 ο.
1987 2067 2010 2178 *os-uem
1992 2004 2009 2056 x.-
1987 1944 2010 1998 'ot-..v
