2059 3228
770 245 948 272 nascamus
958 244 1012 269 xiii
1031 244 1078 268 rr.
1576 232 1641 267 287
1694 240 1743 267 Αη.
1770 241 1798 267 c.
1820 239 1886 267 1579

982 296 997 339 ξ
1021 295 1052 329 9.
1079 294 1147 328 Non
1175 295 1375 330 obstantibus
1404 294 1886 351 constitutionibus'ggfflg'ede-

938 354 970 383 ct
988 347 1252 381 ordinationibus
1276 349 1479 392 apostolicis,
1506 347 1684 391 ceterisque

939 401 1109 435 contrariis
1128 400 1400 445 quibuscumque.

1738 449 1826 470 Sanctio
1839 455 1888 474 poe-

40 267 59 277 ,.
72 247 158 285 15⁷⁰.

148 304 330 335 carceratos
349 298 554 338 visitaverint,
577 304 608 332 et
627 308 714 332 circa
726 308 780 332 eos
791 299 898 342 aliqua

128 349 215 400 {alia
238 351 291 396 pia
314 361 413 396 opera
438 352 654 392 exercuerint,
680 357 810 385 centum
830 350 898 384 dies

131 405 190 446 ,de
209 404 255 438 eis
273 403 426 438 iniunctis
455 415 509 438 seu
545 404 624 437 alias
655 403 899 448 quomodolibet

131 460 134 461 ⁷
151 457 266 492 debitis
286 457 504 502 poenitentiis,
527 456 716 491 auctoritate
736 462 767 490 et
785 462 897 489 tenore

132 549 134 553 ¹
150 510 334 556 praedietis,
346 511 441 544 ctiam
459 510 711 544 misericorditer
720 509 750 542 in
761 509 897 542 Domino

149 564 340 598 relaxamus.

192 617 209 662 5
227 616 259 651 6.
293 616 461 650 Postremo
491 617 570 661 ipsis
601 615 827 654 confratribus,
862 620 896 648 ut

53 680 137 702 eutr·-
148 680 369 715 quascumquc
398 669 475 703 alias
503 669 624 703 similes
648 668 895 702 confraternita-

39 716 137 768 ἂῗζιῖξζ
148 729 206 766 tes,
234 723 357 767 ubique
382 723 542 763 locorum,
565 732 624 766 pro
652 721 812 754 similibus
835 720 896 764 piis

41 774 137 825 :21⁶2ss
147 776 300 823 operibus
317 776 517 817 exercendis,
539 776 599 809 sub
618 775 730 808 eadem
751 774 896 808 denomi-

57 840 76 856 =
96 835 135 856 ¹¹¹-
146 830 278 865 natione
310 830 441 863 Pietatis
479 829 724 863 carceratorum
768 827 895 871 erigen-

145 884 215 925 das,
229 883 334 917 dictae
349 881 708 921 archiconr1·aternitati‚
731 886 894 925 tamquam

145 937 292 971 membra
310 936 430 980 capiti,
451 945 644 979 aggregare,
666 945 703 967 ac
729 934 760 967 in
781 944 893 967 eorum

144 1001 317 1025 numerum
337 1000 396 1023 seu
416 989 663 1033 dependentiain
681 987 838 1032 recipcre,
861 987 896 1019 il-

145 1045 250 1089 lisque
269 1049 300 1076 et
317 1054 428 1076 earum
445 1042 662 1076 confratribus
677 1040 896 1084 indulgentias

145 1098 273 1142 aliaque
296 1096 464 1141 privilegia
492 1101 524 1129 et
552 1095 688 1135 indulta,
717 1094 821 1127 eidem
842 1104 893 1126 ar-

145 1149 455 1186 chiconfraternitati
469 1160 528 1193 per
538 1153 721 1193 praesentes
732 1158 894 1186 concessa,

145 1203 310 1253 praedicta
335 1202 597 1238 communicare,
626 1212 747 1244 eosque
773 1201 812 1234 de
832 1200 895 1234 illis

146 1256 321 1302 participes
342 1257 448 1290 facere
475 1256 578 1290 libere
597 1262 629 1289 et
647 1255 734 1288 licite
754 1254 892 1295 valeant,

146 1310 266 1345 eisdem
286 1310 477 1344 auctoritate
497 1315 528 1343 et
547 1315 672 1349 tenore,
689 1308 811 1352 pariter
825 1318 895 1353 per-

145 1368 244 1408 petuo
262 1362 479 1407 indulgemus.

190 1416 247 1461 §7-
268 1417 485 1450 Decernentes
504 1420 685 1459 praesentes
700 1415 823 1447 litteras
834 1413 894 1447 sub

147 1470 312 1515 quibusvis
331 1469 603 1509 revocationibus,
625 1467 895 1512 suspensionibus

147 1529 179 1559 et
204 1523 501 1558 modificationibus
529 1521 684 1556 similium
723 1521 894 1564 indulgen-

146 1576 278 1618 tiarum,
299 1577 396 1610 etiam
415 1587 474 1620 per
492 1587 551 1610 nos
567 1581 599 1609 et
618 1585 819 1609 successores
839 1585 896 1607 no-

147 1636 230 1664 stros
261 1631 422 1664 Romanos
455 1629 627 1663 Pontifices
660 1639 720 1673 pro
749 1634 895 1672 tempore

147 1683 255 1725 editis,
267 1683 363 1717 etiam
374 1683 408 1716 in
421 1683 561 1717 favorem
580 1682 723 1716 fabricae
742 1681 895 1715 basilicae

147 1736 306 1781 Principis
322 1737 542 1781 apostolorum
560 1736 599 1769 de
614 1736 726 1769 eadem
746 1734 832 1768 Urbe
858 1746 895 1768 ac

147 1790 303 1825 Cruciatae
319 1790 467 1829 Sanctae,
477 1790 568 1823 nullo
580 1800 735 1833 umquam
753 1794 896 1833 tempore

149 1844 394 1888 comprehendi,
417 1844 471 1877 sed
487 1844 527 1876 ab
548 1843 611 1876 illis
630 1843 764 1876 omnino
784 1853 898 1886 excep-

150 1902 197 1931 tas
215 1907 296 1938 esse,
317 1902 349 1930 et
367 1896 494 1940 quoties
513 1896 586 1930 illae
606 1897 804 1930 emanabunt
817 1923 825 1938 ,
846 1902 896 1929 to-

149 1950 210 1985 ties
227 1951 262 1984 in
280 1950 453 1995 pristinum
470 1961 507 1984 ac
526 1950 759 1984 validissimum
779 1955 897 1983 statum

150 2003 325 2044 restitutas,
345 2010 378 2037 et
394 2004 434 2037 de
453 2014 548 2044 novo,
561 2003 657 2037 etiam
674 2003 733 2036 sub
753 2004 826 2036 data
840 2014 899 2048 per

150 2056 282 2090 eosdem
316 2057 495 2091 confratres
527 2057 674 2100 eligenda
686 2083 694 2097 ‚
731 2066 899 2090 concessas

150 2109 220 2142 fore
239 2113 271 2142 et
289 2109 426 2151 censeri,
448 2121 486 2144 ac
502 2110 668 2154 perpetuis
682 2109 801 2143 futuris
820 2115 900 2143 tem-

151 2161 287 2206 poribus
305 2162 435 2197 durare.

197 2215 213 2259 ἓ
236 2208 268 2249 8'.
294 2215 412 2258 Sicque
435 2226 494 2260 per
522 2226 745 2260 quoscumque
776 2216 900 2249 iudices

42 2268 141 2292 ἸΙ-*ὣ-
153 2272 185 2302 et
207 2268 446 2302 commissarios
459 2295 466 2309 ,
488 2269 598 2312 quavis
617 2269 808 2303 auctoritate
826 2269 899 2302 fun-

151 2326 278 2365 gentes,
296 2321 420 2356 sublata
435 2321 480 2355 eis
492 2328 524 2355 et
541 2333 655 2356 eorum
667 2323 801 2356 cuilibet
820 2334 900 2366 qua-

152 2374 201 2412 vis
219 2373 488 2408 aliteriudicandi
506 2381 537 2409 et
555 2376 787 2420 interpretandi
801 2377 902 2410 facul-

156 2432 220 2461 tate
239 2433 270 2461 et
294 2427 506 2468 auctoritate,
539 2429 676 2462 iudicari
703 2435 735 2462 et
769 2429 902 2462 diffiniri

156 2475 274 2512 debere
285 2487 293 2516 3
305 2476 434 2510 irritum
456 2487 585 2520 quoque
600 2482 631 2510 et
642 2477 749 2518 inane,
765 2478 791 2511 si
810 2488 902 2511 secus

157 2533 255 2568 super
273 2525 324 2558 his
343 2536 361 2558 a
381 2535 557 2569 quoquam,
571 2526 683 2569 quavis
698 2526 900 2568 auctoritate,

157 2572 297 2609 scienter
319 2574 367 2607 vel
386 2573 589 2619 ignorante-r,
609 2575 781 2620 contigerit
799 2580 902 2609 atten-

159 2621 231 2656 tari.

40 1506 134 1529 nullm.

982 455 997 498 ἓ
1021 455 1075 489 10.
1098 454 1184 487 Nulli
1206 465 1282 497 ergo
1302 455 1434 488 omnino
1454 454 1624 488 hominurn
1645 454 1761 499 li·„„„

937 514 1007 541 ceat
1026 508 1109 541 hanc
1124 507 1274 551 paginam
1291 514 1417 540 nostrae
1435 507 1620 548 erectionis,
1639 507 1686 541 in-

937 560 1133 601 stitutionis,
1155 560 1346 599 voluntatis,
1369 562 1605 604 applicationis,
1627 573 1686 605 ap-

936 613 1170 658 propriationis
1187 640 1195 654 ,
1227 614 1444 648 concessionis
1460 642 1467 655 ,
1491 615 1655 659 praecepti
1675 643 1683 656 ‚

938 667 1092 709 mandati,
1115 668 1336 708 relaxationis,
1367 668 1482 701 indulti
1508 674 1537 702 et
1562 669 1684 702 decreti

936 721 1131 764 infringere,
1162 722 1212 754 vel
1240 721 1269 754 ei
1296 732 1375 754 ausu
1406 722 1577 755 temerario
1606 733 1684 755 con-

936 774 1044 808 traire.
1067 774 1098 808 Si
1116 774 1189 818 quis
1207 780 1315 807 autem
1333 774 1395 808 hoc
1415 780 1570 808 attentare
1592 786 1685 819 prae-

936 828 1129 871 sumpserit,
1166 828 1420 872 indignationem
1452 828 1684 872 omnipotentis

935 883 989 915 Dei
1011 894 1048 916 ac
1068 883 1237 916 beatorum
1262 882 1348 915 Petri
1378 887 1409 915 et
1435 882 1523 915 Pauli
1554 888 1683 926 aposto-

935 937 1039 969 lorum
1059 936 1130 970 eius
1149 947 1182 969 sc
1202 936 1327 969 noverit
1347 935 1570 969 incursurum.

978 989 1092 1022 Datum
1113 989 1233 1022 Romae
1253 989 1339 1033 apud
1359 988 1511 1022 Sanctum
1537 989 1680 1029 Petrum,

935 1053 1019 1076 anno
1046 1042 1280 1076 incarnationis
1308 1042 1491 1076 dominicae
1512 1042 1684 1076 millesimo

934 1096 1196 1140 quingentesimo
1212 1096 1451 1140 septuagesimo
1467 1106 1568 1137 nono,
1584 1105 1614 1129 iv
1628 1097 1682 1129 ka-

935 1151 1048 1184 lendas
1069 1149 1151 1190 iulii,
1174 1149 1383 1193 pontificatus
1394 1150 1492 1182 nostri
1510 1160 1595 1183 anno
1615 1160 1681 1183 vui.

973 1204 1037 1235 Dat.
1054 1204 1102 1235 die
1119 1203 1157 1234 28
1174 1203 1250 1234 iunii
1263 1203 1351 1241 1579,
1369 1204 1473 1244 pontif.
1491 1213 1567 1234 anno
1580 1212 1644 1234 vni.

1276 1376 1338 1410 CII.

936 1454 1150 1497 Confirmatio
1180 1453 1367 1486 litterarum
1382 1451 1570 1485 Innocenla'i
1587 1452 1680 1486 VJJJ.

976 1517 1034 1550 per
1043 1517 1122 1551 quas
1131 1506 1329 1539 monasteria
1341 1506 1535 1538 monialium
1544 1506 1683 1539 Sanctae

979 1560 1184 1594 Catharinae
1200 1563 1230 1593 et
1248 1559 1388 1592 Sanctae
1408 1559 1536 1593 Mariae
1553 1559 1686 1602 Maqda-

978 1614 1070 1647 lenae
1092 1613 1290 1653 Perusinae,
1305 1613 1437 1646 Ordinis
1455 1613 1571 1646 Sancti
1583 1612 1685 1646 Bene-

979 1666 1071 1708 dicti,
1088 1667 1229 1700 invicem
1244 1667 1353 1705 nnita,
1370 1666 1557 1700 invisitationi
1574 1670 1604 1699 et
1615 1678 1686 1699 con-

977 1721 1163 1765 yreyalioni
1178 1720 1319 1754 Sanctae
1337 1720 1486 1753 Iustinae
1507 1719 1687 1753 paduanae

979 1775 1209 1815 subnotantur,
1231 1785 1304 1807 cum
1319 1774 1565 1817 confirmatione
1580 1773 1686 1805 indul-

980 1827 1167 1871 9enliarum
1191 1828 1236 1860 eis
1260 1828 1299 1860 ab
1317 1826 1506 1860 Alexandro
1536 1826 1580 1859 VI
1599 1830 1628 1859 et
1649 1826 1686 1859 dc

984 1891 1064 1914 novo
1081 1891 1303 1913 concessarum
1322 1880 1350 1913 1.

938 1961 1085 1997 Gregorius
1094 1961 1165 1997 Papa
1174 1960 1243 1994 xlll.
1255 1960 1288 1989 ad
1297 1960 1457 1997 perpetuam
1469 1959 1510 1988 rel
1518 1957 1687 1987 memoriam.

981 2032 1069 2065 Inter
1088 2036 1209 2065 ceteras
1230 2041 1340 2070 curas,
1362 2041 1444 2074 quae
1464 2029 1557 2062 nobis
1577 2029 1686 2062 immi·
1715 2036 1852 2059 rroemium.

938 2091 1037 2127 nent,
1067 2085 1101 2118 in
1130 2095 1200 2118 eam
1221 2084 1394 2128 praecipue
1413 2083 1634 2116 incumbimus
1653 2089 1689 2116 ut

939 2139 1134 2172 monasteria
1170 2138 1360 2172 monialium
1402 2138 1485 2170 vitae
1519 2136 1688 2170 sanctitate

940 2192 1180 2235 praefulgeant,
1201 2191 1288 2234 quod
1322 2197 1357 2224 ut
1389 2190 1559 2231 succedat,
1581 2195 1688 2234 partes

939 2250 1065 2277 nostras
1085 2245 1225 2278 libenter
1244 2244 1494 2287 interponimus.

984 2299 999 2342 ἓ
1023 2298 1054 2331 1.
1082 2297 1159 2331 Cum
1188 2297 1297 2340 itaque
1326 2296 1427 2329 felicis
1455 2296 1688 2331 recordationis
1705 2307 1765 2329 heu
1778 2308 1858 2329 urin.

940 2351 1146 2384 Innocentius
1165 2350 1251 2394 Papa
1269 2349 1352 2389 VIII,
1377 2350 1607 2393 praedecessor
1630 2362 1688 2384 no-

942 2411 1025 2445 ster,
1046 2405 1140 2437 certis
1166 2410 1244 2436 tunc
1272 2402 1428 2446 expressis
1452 2403 1491 2436 de
1510 2404 1615 2437 causis
1633 2405 1690 2437 ad-

942 2458 1059 2497 ductis,
1079 2455 1271 2491 monasteria
1286 2456 1421 2489 Sanctae
1439 2456 1628 2491 catharinae
1640 2469 1690 2491 ex-

942 2516 991 2543 tra
1004 2536 1012 2550 ‚
1034 2516 1065 2543 et
1084 2510 1218 2543 Sanctae
1237 2509 1354 2542 Mariae
1379 2510 1582 2553 Magdalenae
1607 2511 1689 2544 intra

943 2574 1054 2597 muros
1073 2563 1208 2603 Perusii‚
1230 2562 1357 2596 Ordinis
1385 2563 1491 2597 Sancti
1512 2564 1687 2604 Benedicti,

980 2637 991 2663 1
1010 2635 1052 2665 Ex
1068 2636 1178 2672 Regest.
1196 2635 1224 2664 in
1239 2635 1344 2664 secret.
1365 2635 1508 2665 Brevium.
