2059 3228
328 187 390 221 87ss

283 252 378 285 tionis
406 250 678 283 Disealccatorum
698 251 957 284 consumendum
982 262 1030 284 re-

284 305 377 347 cipiat
400 309 455 337 aut
476 304 589 346 exigat.
991 342 993 344 ¹

326 360 341 399 ξ
365 356 418 390 ⁶23.
442 357 584 390 Vicarius
604 362 712 391 autem
736 358 932 402 praedictus,
955 370 1029 392 cum

114 433 210 455 „vicarius
231 411 408 458 ge„duobus
431 411 525 444 sociis
545 411 700 453 eligendis
721 411 753 444 in
784 412 925 457 capitulo
952 424 1029 446 cou-

88 471 122 516 pf
135 465 270 515 fgijnjffifcsj
282 464 489 507 gregationis,
511 463 653 508 capitulo
674 465 816 507 generali
837 465 935 498 totius
952 476 1029 498 con—

90 510 476 561 ”numaga-ngregationis
504 517 671 557 interesse,
694 517 805 561 ibique
825 528 933 551 vocem
966 524 1029 551 tam

89 557 167 578 ΜΝΞ
183 563 254 578 ⁵⁰⁰¹¹⁵‘
281 570 417 603 activam
435 581 532 613 quam
544 570 703 615 passivam
715 576 746 604 et
758 571 866 604 locum
880 571 938 604 sibi
956 582 1031 604 con-

281 630 450 667 gruentem
470 629 534 657 tam
551 625 690 658 vicarius
713 636 809 669 quam
831 626 907 659 socii
928 625 1029 659 vocati

281 678 400 711 babere
421 683 603 712 teneantur.

325 732 340 775 ἓ
357 731 409 764 ⁶24.
432 732 524 765 Prior
539 737 647 766 autem
667 733 826 776 generalis
846 734 1030 778 praedictus

281 785 387 829 quoad
424 785 582 819 visitanda
615 787 822 827 monasteria,
856 787 968 819 domos
1000 793 1031 821 et

280 839 351 871 loca
370 838 643 872 Discalceatorum
663 840 789 873 statutis
809 844 839 873 et
859 840 1031 883 privilegiis

281 891 426 925 eiusdem
439 893 698 936 congregationis
710 893 742 925 in
756 893 907 926 omnibus
927 900 957 926 et
972 904 1031 938 per

281 945 391 979 omnia
415 956 448 979 se
468 946 660 987 conformet,
678 947 824 990 nihilque
844 953 955 980 contra
976 947 1031 981 illa

280 999 434 1033 innovare
451 1004 506 1033 aut
521 1000 656 1033 alterare
672 1006 867 1044 praesumat,
887 1001 1032 1044 praedic-

280 1058 397 1097 taeque
418 1053 675 1098 congregationis
695 1054 982 1095 Discalceatomrn,
996 1060 1032 1087 ut

281 1107 475 1151 praefertur,
503 1107 707 1149 monasteria,
739 1108 864 1148 domos,
899 1109 970 1142 loca
1001 1114 1032 1141 et

282 1171 438 1205 personas
456 1160 584 1193 visitare
604 1162 718 1202 valeat,
745 1167 776 1194 et
796 1167 967 1206 antequam
989 1163 1031 1194 vi-

284 1214 464 1248 sitationem
478 1215 622 1258 incipiat,
643 1215 705 1248 hoc
718 1215 823 1259 ipsum
834 1215 866 1248 in
887 1217 1031 1260 capitulo

283 1269 424 1312 generali
446 1269 548 1302 dictae
573 1270 833 1313 congregationis
853 1269 1030 1304 Discaleea-

285 1328 392 1355 torum
414 1322 564 1356 intimare
594 1328 625 1356 et
652 1323 849 1357 denunciare
870 1329 1029 1365 teneatur,

283 1376 322 1409 ad
343 1376 491 1433 effectupi
513 1381 561 1424 ut¹
578 1376 656 1409 inibi
677 1377 811 1421 praefati
831 1377 909 1411 socii
925 1378 1032 1410 visita—

282 1430 390 1471 tionis,
410 1430 456 1463 uti
472 1430 622 1474 superius
641 1430 833 1475 dispositum
857 1437 915 1470 est,
933 1431 1033 1476 depu-

283 1488 402 1516 tentur.

327 1538 342 1581 ξ
367 1537 420 1571 025.
443 1538 481 1570 Et
502 1538 630 1571 tandem
651 1537 817 1582 praedicto
838 1538 956 1571 vicario
976 1549 1032 1582 ge-

283 1592 385 1625 nerali
405 1602 442 1624 ae
463 1591 704 1635 congregationi
720 1592 906 1625 huiusmodi
922 1603 1032 1636 respe-

285 1645 364 1679 ctive
376 1655 600 1689 quaecumque
616 1645 792 1688 privilegia,
805 1645 930 1678 indulta
943 1651 973 1678 et
986 1646 1033 1679 sa-

285 1700 419 1732 cultates
436 1709 507 1742 quae
529 1698 712 1742 provinciae
733 1709 769 1731 ac
789 1698 890 1742 priori
909 1699 1035 1742 provin-

286 1752 358 1785 ciali
389 1752 494 1785 dictae
521 1751 705 1796 provinciae
724 1752 996 1786 Discalceatorum
1017 1764 1034 1786 a

288 1806 380 1838 uobis
396 1806 443 1839 vel
465 1805 535 1838 aliis
553 1805 706 1838 Romanis
718 1805 928 1839 Pontificibus
940 1817 1034 1849 prae-

286 1859 511 1893 decessoribus
539 1859 658 1892 nostris
688 1869 840 1893 concessa
877 1860 1033 1899 fuerunt,

287 1919 471 1959 competere
487 1913 656 1946 statuimus
676 1919 706 1947 et
726 1913 939 1947 declaramus.
994 1925 1014 1944 ο

331 1967 418 2011 ἓὲὓ.
445 1968 660 2001 Decernentes
697 1973 883 2011 praesentes
912 1968 1036 2002 litteras

287 2022 377 2054 nullo
393 2032 539 2064 unquam
559 2026 705 2065 tempore
720 2021 779 2054 sub
792 2020 866 2054 ullis
881 2020 1036 2054 similium

288 2075 335 2107 vel
357 2074 560 2107 dissimilium
571 2074 747 2117 gratiarum
768 2074 1036 2115 revocationibus,

288 2129 545 2169 alterationibus,
567 2129 825 2170 limitationibus,
857 2128 1037 2171 derogatio-

289 2182 383 2214 nibus
399 2187 455 2214 aut
471 2182 541 2215 aliis
558 2182 727 2215 contrariis
743 2182 1007 2226 dispositionibus
1019 2193 1036 2215 a

291 2235 382 2267 nobis
401 2241 432 2268 et
452 2235 616 2278 quibusvis
644 2236 715 2269 aliis
733 2236 886 2269 Romanis
904 2236 1037 2269 Pontifi-

292 2288 382 2321 cibus
401 2289 448 2321 vel
467 2288 553 2321 dieta
572 2289 653 2323 Sede
673 2299 761 2322 nunc
777 2294 808 2322 et
820 2299 879 2333 pro
893 2295 1038 2333 tempore

292 2342 458 2382 emanans,
496 2343 741 2386 comprehendi,
773 2343 828 2376 sed
852 2353 980 2386 semper
999 2343 1038 2376 ab

293 2390 354 2422 illis
369 2396 528 2433 exceptas,
550 2397 581 2423 et
594 2391 720 2434 quoties
735 2391 809 2425 illae
829 2392 1036 2433 emanabunt,

294 2438 387 2470 toties
407 2439 438 2471 in
460 2439 631 2482 pristinum
653 2445 684 2472 et
703 2450 790 2480 eum,
813 2439 844 2472 in
872 2450 936 2483 quo
967 2445 1039 2473 ante

294 2486 468 2529 praemissa
484 2494 585 2528 erant,
608 2493 724 2520 statum
745 2488 918 2529 restitutas,
945 2493 976 2521 et
1000 2488 1039 2522 de

295 2544 388 2574 novo,
413 2535 507 2568 etiam
528 2537 587 2569 sub
617 2537 789 2580 posteriori
811 2537 884 2570 data
902 2548 961 2580 per
980 2547 1039 2582 pro

297 2588 439 2626 tempore
460 2584 647 2619 existentem
669 2586 826 2620 vicarium
854 2587 1039 2635 generalem

88 198 141 227 An.
158 198 186 227 C.
204 197 270 226 1587

87 806 183 826 visilano
199 810 268 825 mona-

86 838 197 858 steriorum
230 842 268 862 pei·

86 870 178 895 priorem
200 872 269 893 gone-

86 899 151 919 rnlom
170 899 267 919 iacienda

85 931 171 956 praevia
186 930 267 950 denun-

84 961 177 982 ciatione
198 964 239 982 etc.

113 1601 197 1622 Vinaria
231 1606 269 1627 ge-

86 1634 155 1654 nerali
179 1636 200 1653 et
215 1638 270 1653 eon-

87 1665 204 1690 gregationi
220 1669 270 1684 neo·

88 1699 272 1717 erectaeeommu-

87 1728 186 1747 nit-antur
204 1726 269 1753 privi-

88 1759 145 1784 legia
219 1758 270 1778 alias

89 1792 211 1818 provinciae
249 1794 270 1811 et

88 1822 212 1849 provinciali
222 1828 272 1843 con-

89 1859 159 1875 cessa.

116 2031 272 2058 ci,‚11s11taepr0

92 2063 178 2083 tinum-e
195 2064 274 2083 ronst}-

93 2096 180 2114 tutianis
208 2095 272 2115 sirmi-

93 2129 143 2146 tate.

874 195 1053 220 nULLAnn'M
1072 197 1222 222 ROMANUM

1072 252 1329 296 congregationis
1348 253 1533 287 huiusmodi
1560 254 1715 298 eligenda,
1738 265 1815 288 con-

1072 315 1177 338 cessas
1188 316 1255 338 esse
1273 310 1303 338 et
1320 306 1399 346 sore;
1413 317 1450 339 ac
1465 306 1505 339 ita
1527 312 1554 340 et
1569 318 1633 341 non
1646 308 1739 342 aliter
1758 319 1816 352 per

1073 369 1296 403 quoscumque
1315 359 1447 400 iudices,
1461 365 1525 392 tam
1546 361 1707 394 ordinaria
1719 373 1814 405 quam

1072 411 1216 455 delegata
1237 418 1266 445 ct
1292 413 1387 445 mixta
1415 413 1605 445 auctoritate
1636 413 1813 457 fungentes,

1072 465 1166 498 etiam
1188 465 1218 499 S.
1235 466 1272 498 R.
1294 466 1329 499 Ε,
1351 465 1531 499 cardinales
1550 465 1718 509 dictaeque
1729 467 1817 501 Sedis

1071 518 1205 560 legatos,
1238 519 1332 552 etiam
1363 520 1399 551 de
1421 520 1532 559 latere,
1557 524 1587 552 et
1610 519 1758 560 nuncios,
1780 531 1817 554 ac

1073 582 1242 604 causarum
1264 572 1560 615 PalatiiApostoliei
1581 572 1754 613 auditores,
1766 583 1818 606 su—

1071 624 1156 656 blata
1178 624 1222 657 eis
1243 630 1272 658 et
1292 635 1404 658 eorum
1433 625 1564 658 cuilibet
1590 625 1700 668 quavis
1724 625 1818 660 aliter

1071 678 1237 711 iudicandi
1276 684 1307 711 et
1343 679 1576 722 interpretandi
1605 679 1756 712 facultate
1789 684 1819 713 et

1071 731 1274 772 auctoritate,
1298 732 1420 776 ubique
1441 737 1471 765 et
1491 732 1523 765 in
1544 732 1654 776 quavis
1669 732 1817 766 instantia

1072 785 1291 829 interpretari,
1320 785 1457 819 iudicari
1483 791 1514 819 et
1539 785 1666 819 definiri
1686 786 1817 825 debete,

1072 838 1197 871 irritum
1228 850 1359 883 quoque
1385 844 1415 872 et
1444 839 1539 873 inane
1558 839 1582 872 si
1608 850 1702 873 secus
1721 850 1819 884 super

1071 892 1120 924 his
1141 904 1158 925 a
1177 903 1340 936 quoquam
1365 892 1474 935 quavis
1494 892 1696 933 auctoritate,
1713 893 1817 927 scien-

1072 951 1120 979 ter
1134 946 1182 979 vel
1203 946 1399 989 ignoranter,
1422 947 1591 990 contigerit
1610 946 1771 980 attentari.

1115 1000 1130 1043 ἓ
1149 999 1203 1033 27.
1225 1000 1381 1039 Quocirca
1408 1000 1643 1033 venerabilibus
1666 1000 1818 1033 fratribus

1072 1053 1230 1086 universis
1263 1053 1466 1097 patriarchis,
1502 1049 1819 1097 archiepiscopis‘et

1073 1107 1233 1151 episcopis
1252 1118 1289 1140 ac
1309 1107 1435 1140 dilectis
1458 1107 1534 1140 filiis
1555 1117 1668 1140 eorum
1691 1106 1819 1140 vicariis

1073 1160 1105 1193 in
1130 1160 1364 1204 spiritualibus,
1386 1166 1441 1193 aut
1460 1160 1651 1194 officialibus
1684 1171 1820 1204 genera-

1072 1214 1156 1247 libus·
1176 1219 1207 1247 et
1233 1225 1403 1247 causarum
1423 1214 1537 1248 Curiae
1558 1214 1710 1248 Gamerae
1734 1214 1821 1259 Apo-

1072 1267 1204 1300 stolicae
1224 1267 1366 1310 generali
1390 1267 1541 1308 auditori,
1563 1278 1690 1301 necnon
1721 1268 1820 1302 abba-

1073 1321 1170 1361 tibus,
1212 1321 1388 1365 prioribus,
1432 1320 1633 1364 praepositis,
1677 1321 1819 1362 decanis,

1073 1375 1324 1416 archidiaconis,·
1337 1374 1512 1415 canonicis,
1526 1374 1675 1418 capitulis
1684 1385 1721 1408 ac
1735 1374 1818 1416 aliis,

1074 1429 1112 1462 ad
1133 1440 1214 1473 quos
1231 1429 1474 1473 quomodolibet
1487 1433 1609 1472 spectat
1621 1433 1651 1462 et
1666 1429 1822 1472 spectabit

1074 1493 1132 1527 per
1170 1488 1354 1527 presentes,
1390 1483 1579 1516 auctoritate
1622 1483 1818 1527 apostolica,

1074 1536 1264 1569 mandamus
1277 1541 1435 1580 quatenus
1445 1536 1518 1580 ipsi,
1534 1535 1582 1568 vel
1599 1536 1662 1569 duo
1674 1540 1726 1569 aut
1738 1546 1822 1570 unus

1075 1601 1201 1630 eorum,
1227 1601 1286 1633 per
1310 1601 1342 1623 se
1360 1591 1408 1623 vel
1434 1590 1533 1623 alium
1545 1600 1601 1623 seu
1617 1589 1708 1631 alios,
1730 1600 1822 1634 prae-

1075 1649 1179 1677 sentes
1199 1643 1320 1677 litteras
1352 1648 1383 1676 et
1410 1643 1443 1676 in
1472 1643 1517 1677 eis
1548 1648 1699 1676 contenta
1723 1654 1822 1688 quae-

1076 1708 1227 1740 cumque,
1250 1696 1304 1729 ubi
1326 1701 1357 1730 et
1380 1697 1509 1740 quando
1530 1707 1611 1740 opus
1642 1696 1759 1738 suerit,
1786 1707 1824 1730 ae

1077 1752 1202 1796 quoties
1222 1762 1281 1796 pro
1301 1757 1392 1796 parte
1421 1752 1581 1785 dictorum
1609 1752 1743 1785 fratrum
1772 1751 1824 1785 Di-

1076 1806 1309 1839 scalceatorum
1329 1806 1378 1838 vel
1398 1805 1534 1838 alicuius
1571 1815 1683 1838 eorum
1704 1805 1824 1839 suerint

1076 1859 1233 1903 requisiti,
1256 1858 1442 1892 solemniter
1470 1858 1682 1903 publicantes,
1716 1858 1824 1901 eisque

1078 1914 1110 1946 in
1135 1913 1320 1957 praemissis
1340 1912 1478 1946 efficacis
1509 1912 1702 1946 defensionis
1731 1923 1824 1956 prae-

1077 1967 1157 2000 sidio
1170 1966 1361 2007 assistentes,
1384 1966 1501 2000 faciant
1515 1965 1703 1999 auctoritate
1717 1971 1826 1999 nostra

1078 2026 1263 2064 praesentes
1283 2020 1402 2053 litteras
1421 2025 1452 2054 et
1471 2020 1503 2052 in
1524 2019 1569 2053 eis
1593 2025 1741 2054 contenta
1767 2020 1827 2053 hu-

1078 2074 1217 2108 iusmodi
1239 2074 1277 2107 ab
1298 2073 1460 2114 omnibus,
1487 2074 1527 2107 ad
1552 2084 1634 2117 quos
1654 2078 1773 2118 spectat
1795 2078 1826 2105 et

1079 2139 1138 2172 pro
1157 2134 1303 2172 tempore
1331 2127 1496 2171 spectabit,
1518 2126 1744 2160 inviolabiliter
1773 2127 1829 2159 ob-

1079 2182 1211 2222 servari,
1231 2181 1396 2224 dictosque
1409 2181 1521 2214 fratres
1541 2180 1753 2214 Discalceatos
1764 2180 1827 2213 illis

1080 2235 1230 2269 omnibus
1250 2239 1280 2267 et
1299 2234 1434 2277 singulis
1453 2234 1587 2278 pacifice
1609 2234 1671 2266 t'rui
1701 2240 1732 2267 et
1751 2244 1828 2276 gau-

1080 2289 1168 2328 dere,
1190 2298 1254 2321 non
1274 2287 1494 2331 permittentes
1527 2297 1581 2320 eos
1609 2287 1747 2330 desuper
1770 2297 1828 2330 per

1080 2351 1303 2386 quoscumque
1327 2340 1571 2385 quomodolibet
1590 2339 1730 2373 indebite
1757 2350 1827 2373 mo-

1080 2392 1208 2433 lest.ari;
1243 2390 1497 2424 contradictores
1533 2389 1692 2433 quoslibet
1721 2394 1752 2422 et
1779 2399 1828 2422 re-

1080 2440 1180 2473 belles
1199 2450 1255 2483 per
1274 2438 1458 2479 sententias,
1481 2449 1633 2472 censuras
1657 2443 1687 2471 et
1706 2447 1827 2482 poenas

1081 2488 1312 2522 ecclesiasticas
1332 2488 1460 2532 aliaque
1484 2492 1668 2532 opportuna
1688 2486 1766 2519 iuris
1797 2490 1828 2519 et

1082 2537 1157 2571 sacti
1183 2536 1344 2578 remedia,
1384 2537 1600 2581 appellatione
1637 2534 1826 2579 postposita,

1082 2586 1336 2637 compescendo,
1357 2585 1574 2630 legitimisque
1587 2595 1683 2628 super
1708 2584 1756 2616 bis
1770 2583 1828 2615 ba-

1833 194 1884 223 in,
1901 194 1928 224 c.

1844 1013 1985 1043 neptitauoes

1832 1044 1949 1064 missar-ior.
1980 1043 1994 1068 'fij
2016 1059 2017 1062 ,

1837 1075 1972 1096 executione.
1983 1085 1987 1090 »
