2059 3228
121 234 173 264 An.
191 235 219 266 C.
235 237 301 266 1585

166 1255 288 1276 Familiares

106 1287 173 1313 Papae
197 1288 218 1307 et
243 1287 289 1307 eius

105 1318 193 1344 praelati
217 1319 289 1339 dome-

105 1350 151 1370 stici
176 1349 286 1371 declaran-

120 1788 202 1810 Panem.
216 1791 287 1809 vestes

108 1822 128 1838 et
145 1819 212 1838 locum
223 1820 242 1839 in
252 1825 287 1839 ea-

105 1855 117 1868 v
134 1852 136 1867 1
154 1851 194 1871 atis
222 1850 289 1872 liabe-

138 2465 227 2488 ljtiorae
243 2472 291 2493 apo-

111 2500 199 2519 num-ae
228 2499 290 2524 gratis

110 2534 148 2555 pro
171 2533 203 2549 eis
228 2534 291 2556 expe-

109 2560 200 2581 utantur.

360 225 422 259 (326
906 230 1083 255 BULLARIUM
1109 228 1257 254 0011110101
1858 226 1960 263 Augu
2003 233 2005 235 ¹
2017 251 2024 261 ,

315 298 386 320 rere
404 292 433 320 ct
453 294 599 318 exercere
616 284 646 317 in
662 284 812 317 omnibus
822 288 853 317 et
867 294 923 328 per
939 284 1057 322 omnia,
1100 281 1327 322 saecularium,
1349 281 1395 315 vel
1416 282 1604 326 quorumvis
1621 283 1776 319 Ordinum
1796 295 1846 319 re-

315 351 349 373 ac
369 340 393 373 si
429 340 466 372 de
493 339 636 381 legitimo
658 337 862 371 matrimonio
896 338 1056 382 procreati
1099 335 1271 377 g‘lllffl‘lssffb
1289 335 1522 369 benefiCiffl'um
1542 338 1843 380 ecclesiasticorum,

313 398 428 432 esseut,
460 393 560 425 libere
591 398 622 425 et
659 391 745 425 licite
765 392 904 434 valeant,
931 392 1056 436 dispen-

312 447 414 479 sandi.

355 499 418 543 §st
450 499 582 532 Necnon
619 504 736 533 statuta
778 505 809 533 et
841 499 1056 533 ordinationes

116 556 294 608 conjug-¹¹³3?
310 553 383 585 dicti
406 552 532 595 collegii
553 563 745 597 prosperum
776 559 891 586 statum
921 564 1053 586 concer-

115 619 185 639 dendh

309 606 419 639 nentia
439 606 611 645 condendi,
635 612 665 639 et
680 617 739 650 pro
760 612 904 650 tempore
926 607 1055 640 condita

309 659 535 702 restringendi,
555 660 742 703 ampliandi,
766 666 796 694 et
815 660 943 703 quoties
963 671 1056 704 expe-

308 714 376 747 dire
396 714 570 756 videbitur,
592 715 625 747 in
645 720 746 748 totuin
766 716 814 748 vel
851 722 974 760 partem
999 716 1054 748 de—

306 768 405 809 lendi,
428 773 459 801 et
491 769 552 802 alia
583 770 623 803 de
643 780 726 802 novo
745 769 929 808 ordinandi,
952 780 1054 812 eaque

306 821 364 853 sub
378 821 572 864 pecuniariis
580 823 683 856 eidem
692 822 829 866 collegio
840 823 1051 867 applicandis,

306 878 334 906 et
355 874 438 915 aliis,
460 875 555 908 etiam
577 875 827 919 suspensionisa
847 875 1053 920 perceptione

305 928 598 962 emolumentorum
627 928 937 967 distribuendorum,
967 929 1052 962 arbi-

304 981 366 1013 trio
379 981 454 1014 dicti
476 983 612 1026 collegii,
633 982 758 1026 poenis,
776 993 834 1026 per
853 982 1053 1026 deputandos

303 1045 362 1078 per
378 1034 484 1078 ipsum
500 1036 672 1079 collegium
694 1036 869 1078 exigendis,
890 1036 1051 1070 observari

303 1087 452 1129 faciendi,
475 1089 664 1122 auctoritate
682 1095 712 1122 et
731 1095 844 1122 tenore.
867 1089 1049 1132 praedietis,

306 1141 480 1174 tribuimus
500 1142 683 1175 facultatem
709 1149 740 1176 et
761 1147 961 1186 potestatem.

348 1194 412 1237 {T
444 1195 644 1238 Eosdemque
678 1196 820 1228 notarios
849 1196 888 1229 de
914 1206 1051 1229 numero

301 1247 487 1281 huiusmodi
507 1259 597 1281 veros
609 1254 638 1281 ct
655 1248 851 1282 indubitatos
863 1249 1048 1289 familiares,

302 1302 476 1334 continuos
509 1303 741 1335 commensales
762 1314 797 1336 ac
819 1303 980 1346 praelatos
993 1303 1050 1336 do-

302 1355 452 1387 mesticos
469 1361 596 1388 nostros
616 1361 646 1388 et
666 1366 724 1399 pro
744 1361 891 1400 tempore
916 1356 1052 1389 existen-

302 1408 341 1440 tis
376 1408 493 1440 tomani
519 1408 683 1442 Pontificis
703 1409 847 1449 existere,
864 1409 1050 1453 eisdemque

300 1461 474 1504 privilegiis
495 1468 523 1494 et
544 1462 663 1504 gratiis,
680 1462 798 1506 quibus
814 1463 879 1495 veri
896 1468 927 1496 et
945 1463 1049 1495 intimi

300 1514 474 1548 familiares
494 1521 639 1556 utuntur,
661 1515 829 1560 potiuntur
848 1521 879 1549 et
898 1517 1048 1559 gaudent,

301 1577 366 1600 non
387 1568 426 1600 ad
447 1579 559 1601 eorum
581 1568 691 1609 instar,
718 1569 772 1602 sed
790 1569 1049 1613 paril'ormiteret

301 1632 404 1664 aeque
419 1621 654 1665 principaliter,
677 1622 745 1655 sine
766 1623 834 1656 utta
857 1623 1048 1664 differentia,

300 1675 357 1714 nti,
379 1674 475 1718 potiri
490 1681 518 1707 ct
540 1676 680 1718 gaudere
700 1687 805 1720 posse.

345 1728 360 1771 ξ
380 1728 410 1761 8.
434 1728 478 1761 Ac
498 1728 561 1761 illis
587 1739 704 1772 panem
739 1730 884 1771 honoris,
906 1730 1049 1764 eiusdem

300 1780 452 1813 bonitatis
477 1787 507 1814 et
533 1782 706 1824 qualitatis,
733 1788 830 1826 prout
859 1784 979 1817 eisdem
1000 1784 1049 1816 in-

303 1834 386 1867 timis
407 1834 620 1868 familiaribus
639 1841 670 1868 et
703 1835 828 1869 dilectis
849 1836 922 1870 siliis
941 1837 1050 1871 Came—

303 1898 356 1920 rae
388 1889 591 1931 Apostolicae
616 1889 741 1922 clericis
771 1890 839 1923 dari
869 1892 1048 1933 consuevit,

304 1941 458 1982 dandum,
481 1953 518 1975 ac
538 1942 614 1986 ipsis
633 1948 663 1975 et
688 1953 800 1976 eorum
821 1943 962 1985 cuilibet,
981 1945 1050 1978 obi-

305 2000 352 2027 tus
363 2001 391 2027 ct
413 1995 628 2029 coronationis
648 1996 1050 2031 RomaniPOntificistem-

304 2048 445 2090 poribus,
466 2055 566 2082 vestes
597 2049 750 2092 lugubres
783 2050 907 2084 ratione
931 2051 1049 2093 obitus,

305 2106 334 2133 et
362 2101 516 2135 violaceas
551 2102 675 2135 ratione
702 2103 919 2137 coronationis
938 2104 1050 2138 huius-

305 2154 389 2186 modi
409 2156 616 2198 assignandas
639 2167 725 2196 esse;
751 2162 782 2190 et
812 2157 844 2189 in
883 2158 1051 2192 cavalcatis

305 2208 543 2249 pontificalibus
563 2210 643 2242 duos
663 2220 699 2242 ex
718 2209 795 2253 ipsis
815 2210 947 2243 notariis
963 2212 1051 2254 equi-

306 2266 370 2293 tare
391 2272 464 2293 cum
486 2263 736 2296 mantettonibus
764 2263 950 2298 immediate
981 2271 1052 2309 post

305 2314 462 2355 praelatos
481 2316 674 2358 assistentes,
698 2316 723 2349 si
756 2317 928 2358 voluerint,
950 2318 1051 2352 libere

305 2376 394 2408 posse
414 2368 626 2402 decernimus.

348 2416 412 2457 ἓξ).
434 2417 623 2462 Eisdemque
653 2418 785 2451 notariis
814 2430 872 2463 pro
906 2425 1050 2464 tempore

305 2464 519 2506 existentibus,
537 2473 570 2499 ut
591 2467 736 2509 singulae
761 2478 820 2511 pro
840 2479 952 2502 eorum
973 2480 1051 2512 quo-

306 2512 382 2545 111161
427 2514 549 2548 litterae
593 2516 789 2559 apostolicae
804 2543 814 2557 ,
852 2517 947 2550 ctiam
991 2519 1050 2551 sub

306 2562 450 2606 plumbO,
477 2574 573 2608 super
592 2565 743 2598 omnibus
763 2571 793 2599 et
812 2566 946 2610 singulis
967 2577 1050 2610 quo-

306 2621 530 2657 rumcumque,
570 2625 642 2648 cum
679 2625 756 2649 cura
791 2621 820 2650 et
854 2627 922 2651 sine
951 2627 1048 2659 cura,

1099 388 1193 422 ctiam
1214 388 1239 422 si
1259 390 1467 423 canonicatus
1501 395 1532 423 et
1563 392 1776 434 praebendae,
1797 393 1845 426 di-

1098 442 1243 485 gnitates,
1264 448 1466 486 personatus,
1483 444 1776 479 administrationes
1795 446 1847 480 vel

1098 495 1203 528 officia
1223 501 1253 529 et
1287 496 1458 539 dignitates
1481 496 1569 541 ipsae
1593 497 1626 530 in
1651 498 1845 532 cathedrali-

1099 548 1166 589 bus,
1188 549 1282 582 etiam
1316 550 1582 593 metropolitanis,
1608 556 1680 595 post
1713 552 1845 596 pontifi-

1097 602 1180 635 cales
1200 602 1348 644 maiores,
1365 604 1414 637 vel
1435 604 1612 648 collegiatis
1631 610 1686 637 aut
1701 604 1772 638 aliis
1791 616 1844 639 ec-

1097 655 1203 689 elesiis
1227 656 1422 700 principales
1452 657 1583 698 suerint,
1617 664 1648 691 et
1679 658 1719 691 ad
1742 658 1846 702 digni-

1098 715 1188 750 tates,
1209 718 1412 753 personatus,
1433 711 1726 745 administrationes
1738 713 1788 746 vel
1798 712 1844 746 of-

1096 762 1169 796 ficia
1188 764 1372 797 huiusmodi
1393 764 1620 799 consueverint
1633 765 1688 809 qui
1707 776 1765 809 per
1781 766 1844 800 ele-

1095 816 1233 850 ctionem
1258 817 1391 859 assumi,
1423 818 1533 862 eisque
1570 829 1649 852 cura
1676 819 1844 854 immineat

1094 869 1289 910 animarum,
1311 882 1348 904 ac
1377 871 1474 905 etiam
1502 872 1647 916 ipsarum
1676 873 1844 907 cathedra-

1096 923 1171 956 lium
1191 925 1241 957 vel
1270 925 1594 970 metropolitanarum
1624 931 1680 959 aut
1706 926 1843 970 patriar-

1095 976 1235 1010 chalium
1257 978 1465 1011 ecclesiarum
1487 979 1734 1023 provisionibus,
1757 989 1844 1013 com-

1094 1031 1230 1072 mendis,
1262 1042 1298 1064 ac
1312 1031 1491 1073 fructuum,
1513 1032 1699 1066 reddituum
1718 1038 1750 1066 et
1770 1043 1844 1078 pro-

1093 1089 1245 1117 ventuum
1261 1085 1554 1120 ecclesiasticorum
1570 1097 1697 1121 necnon
1713 1087 1850 1131 pensio-v

1093 1148 1170 1170 num
1192 1149 1386 1180 annuarum,
1407 1150 1506 1184 super
1525 1141 1647 1174 eisdem
1669 1141 1838 1183 fructibus,

1095 1191 1272 1226 redditibus
1285 1199 1315 1226 et
1330 1195 1549 1237 proventibus,
1566 1195 1842 1229 reservationibus

1093 1249 1123 1277 et
1147 1245 1217 1278 aliis
1241 1246 1366 1288 gratiis,
1389 1247 1485 1280 etiam
1510 1258 1568 1292 per
1598 1248 1764 1282 Cameram
1791 1248 1841 1283 vel

1092 1297 1322 1332 Cancellariam
1342 1301 1558 1344 Apostolicam
1580 1301 1679 1345 gratis
1697 1301 1841 1346 expediri

1095 1352 1226 1394 possint,
1249 1353 1287 1386 de
1307 1354 1439 1397 speciali
1453 1356 1555 1397 gratia
1572 1355 1792 1399 indulgemus.
1930 1391 1931 1394 ,

1135 1405 1223 1449 ξἸΟ.
1260 1407 1297 1440 Et
1330 1407 1464 1453 insuper
1500 1409 1586 1452 quod
1612 1420 1672 1453 pro
1703 1409 1838 1453 singulis
1867 1419 1962 1456 rma.

1093 1470 1374 1505 quarumcumque
1403 1462 1639 1496 cathedralium
1674 1468 1838 1508 metropo-
1850 1450 1956 1509 ,ᾞῘψ

1094 1514 1263 1547 litanarum
1277 1520 1308 1548 et
1325 1515 1591 1559 patriarchalium
1611 1517 1835 1559 ecclesiarum,
1851 1513 1964 1554 “ί““““,

1092 1577 1218 1601 necnon
1253 1570 1524 1603 monasteriorum
1539 1597 1549 1610 ,
1586 1577 1837 1615 ceterorumque
1927 1574 1930 1576 '

1092 1620 1324 1655 beneficiorum
1362 1623 1655 1657 ecclesiasticorum
1675 1635 1736 1669 pro
1755 1631 1837 1658 tem-

1091 1684 1170 1717 pore
1194 1674 1349 1708 faciendis
1380 1676 1664 1720 expeditionibus,
1697 1688 1836 1721 quarum

1093 1727 1216 1761 ratione
1246 1734 1317 1762 taxa
1346 1729 1432 1762 dicto
1465 1730 1602 1773 collegio
1636 1730 1715 1764 solvi
1742 1731 1834 1773 solet,

1092 1792 1219 1825 semper
1231 1781 1334 1815 eidem
1353 1783 1490 1827 collegio
1508 1784 1580 1816 iura
1591 1783 1754 1828 praedicta
1772 1795 1840 1818 om-

1093 1834 1168 1868 nino
1188 1835 1266 1868 solvi
1285 1836 1433 1877 debeant3
1470 1836 1514 1870 ita
1544 1837 1632 1880 quod
1651 1837 1684 1870 in
1705 1837 1838 1881 quibus-

1092 1899 1232 1933 cumque
1256 1890 1369 1932 gratiis
1397 1896 1427 1923 et
1451 1890 1609 1924 mandatis
1641 1902 1658 1924 a
1681 1891 1775 1925 nobis
1807 1898 1840 1926 et

1093 1953 1150 1986 pro
1170 1948 1316 1987 tempore
1340 1943 1493 1977 existente
1516 1944 1661 1978 Romano
1684 1945 1838 1979 Pontifice

1092 1997 1289 2038 emanandis,
1323 1996 1446 2030 etiamsi
1481 2008 1540 2041 per
1564 2008 1601 2031 ea
1621 1998 1839 2042 expeditiones

1093 2049 1291 2090 huiusmodi,
1313 2051 1376 2084 sive
1408 2062 1467 2095 per
1496 2051 1663 2085 Cameram
1695 2052 1761 2085 sive
1780 2063 1839 2097 per

1091 2103 1321 2137 Cancellariam
1342 2109 1398 2137 aut
1411 2104 1493 2137 viam
1509 2110 1665 2138 secretam
1683 2106 1781 2149 gratis
1799 2118 1838 2140 u-

1093 2157 1188 2200 bique
1223 2157 1294 2190 fieri
1329 2167 1518 2191 concessum
1544 2158 1594 2198 sit,
1625 2158 1839 2193 nihilominus

1093 2210 1143 2243 ius
1177 2207 1305 2254 semper
1327 2211 1490 2253 integrum
1515 2217 1546 2244 et
1571 2210 1716 2245 illaesum
1743 2222 1837 2255 prae-

1092 2262 1176 2297 dicto
1195 2262 1331 2307 collegio
1350 2269 1546 2297 reservatum
1567 2275 1634 2298 esse
1654 2270 1835 2306 censeatur,

1093 2327 1152 2350 nec
1171 2317 1330 2360 expeditio
1355 2316 1425 2350 fieri
1451 2317 1550 2361 possit
1577 2317 1639 2352 nisi
1667 2318 1758 2362 prius
1786 2330 1837 2352 5ο-

1092 2370 1167 2403 lutis
1186 2370 1313 2404 iuribus
1335 2370 1468 2414 praefati
1499 2371 1648 2414 collegii;
1684 2372 1837 2416 quodque

1092 2421 1182 2454 nullo
1210 2420 1307 2454 modo
1336 2420 1492 2464 nulloque
1515 2427 1661 2466 tempore
1685 2422 1837 2465 praemis-

1091 2468 1144 2509 sis,
1180 2479 1376 2512 quamquam
1404 2480 1463 2513 per
1493 2480 1552 2503 nos
1575 2475 1608 2503 et
1635 2480 1836 2504 successores

1091 2523 1216 2552 nostros
1239 2517 1421 2561 praedictos
1437 2518 1618 2562 specialiter
1641 2524 1672 2552 et
1690 2529 1835 2563 expresse

1092 2576 1128 2599 ex
1147 2567 1259 2611 quavis
1272 2578 1367 2601 causa
1380 2567 1443 2600 illis
1459 2567 1647 2611 derogatum
1658 2567 1764 2607 suerit,
1782 2567 1836 2600 de-

1092 2623 1238 2662 rogatum
1251 2627 1319 2652 6556
1334 2617 1499 2663 praetendi
1520 2618 1635 2659 valeat,
1656 2616 1834 2661 quinimmo
