2059 3228
70 0 181 68 v
192 0 198 16 ἰ
214 3 226 17 -‘

123 47 135 55 r<

86 54 102 82 ᾖ.

63 254 97 294 υ,
119 254 186 286 1³78

51 389 108 410 «niu
119 392 182 414 9¹¹¹·-

198 369 358 413 quibusvis
378 373 533 409 similium
554 379 602 410 vel
636 379 840 414 dissimilium
867 394 939 425 gra-

57 416 184 463 ssl'fflffi
196 423 311 457 tiaram
328 427 598 471 revocationibus,
609 433 873 475 suspensionibus
884 441 939 467 aut

53 469 92 496 ..ιιι

48 733 174 755 &aeunni-es

49 763 87 787 ¹⁸¹⁶

194 475 453 520 dei‘ogatIOnibus
492 481 777 525 indulgentiartnn,
806 498 937 520 conces-

193 529 317 562 sionum
338 537 368 564 ct
392 533 531 567 aliorum
560 547 841 583 quorumcumque
866 542 937 573 nul-

191 581 315 616 latenus
335 588 581 629 comprehendi,
604 591 658 623 sed
677 602 804 635 semper
819 593 857 625 ab
874 594 936 627 illis

189 641 336 679 exceptas
356 648 423 671 esse
432 644 487 673 etc.
505 642 621 686 Sicque
638 649 667 676 et
684 655 746 677 non
762 645 855 678 aliter
875 652 931 680 ele.

231 686 246 731 ἓ
269 687 869 731 6.Quocircavenerabilibussratribus
881 712 933 743 pa-

187 739 346 775 triarchae
369 744 583 788 venetiarum,
606 750 850 795 archiepiscopo
873 754 934 786 Μο-

185 792 364 829 diolanensi
390 809 426 830 ac
455 801 607 844 episcopo
635 801 846 846 Bononiensi,
869 807 931 839 sive

182 855 294 885 eorum
320 853 353 886 in
374 856 596 899 spiritualibus
617 860 742 893 vicariis
774 865 931 905 generali-

180 907 240 941 bus
265 921 322 953 per
345 919 528 955 praesentes
553 910 750 952 mandamus
770 927 929 963 quatenus

179 965 240 1011 ipsi
260 968 309 1000 vel
329 967 394 1002 duo
413 977 468 1004 aut
488 983 572 1006 unus
592 985 716 1015 eorum,
741 988 800 1020 per
819 989 851 1010 se
881 981 926 1016 vel

177 1023 276 1057 alium
297 1036 353 1059 seu
377 1027 467 1069 alios,
488 1036 673 1072 praesentes
698 1033 819 1066 litteras
846 1042 876 1068 et
896 1036 925 1068 in

176 1080 221 1114 eis
240 1089 389 1117 contenta
408 1096 644 1131 quaecumque,
671 1090 725 1122 ubi
747 1097 777 1124 et
796 1094 925 1135 quando

175 1147 258 1182 opus
282 1141 389 1183 suerit,
417 1154 454 1176 ac
473 1145 599 1187 quoties
619 1158 679 1190 pro
700 1155 790 1192 parte
823 1156 925 1183 vestra

173 1201 229 1229 aut
267 1197 406 1232 alicuius
439 1211 475 1233 ex
510 1202 597 1236 vobis
626 1210 656 1237 et
687 1217 745 1248 pro
779 1212 923 1252 tempore

172 1252 276 1287 dictae
304 1259 562 1301 congregationis
596 1262 750 1296 fratribus
777 1275 863 1299 nunc
891 1273 921 1300 et

171 1309 204 1344 in
223 1311 369 1347 futurum
393 1315 513 1350 fuerint
542 1320 700 1362 requisiti,
734 1323 922 1358 solemniter

169 1368 382 1413 publicantes,
400 1373 553 1418 vobisque
565 1375 596 1408 in
613 1379 803 1420 praemissis
817 1381 920 1414 ostica⁴

167 1426 214 1460 cis
244 1426 440 1463 defensionis
468 1433 628 1475 pracsidio
653 1436 849 1479 assistentes,
872 1440 918 1473 sa-

166 1482 254 1518 ciant
272 1487 463 1521 auctoritate
488 1496 596 1524 nostra
615 1503 669 1525 vos
692 1500 723 1526 et
750 1506 809 1538 pro
842 1501 918 1530 tem-

165 1546 245 1585 pore
265 1541 367 1577 dictae
383 1548 641 1590 congregationis
657 1550 770 1585 fratres
790 1559 821 1586 ct
838 1555 917 1588 alios

163 1599 388 1646 quoscumque
398 1601 655 1648 confirmatione,
668 1610 914 1653 approbatione,

163 1658 381 1701 suppletione,
404 1661 533 1695 decreto
557 1663 692 1708 aliisque
715 1668 912 1710 praemissis,

163 1712 251 1747 iuxta
269 1718 488 1759 praesentium
510 1721 740 1756 continentiam
762 1731 793 1758 et
822 1732 913 1760 teno—

164 1778 244 1812 rem,
264 1773 398 1816 pacifice
422 1776 484 1809 srui
514 1783 544 1810 et
566 1780 726 1822 gaudere;
754 1793 818 1815 non
839 1795 913 1828 per-

162 1828 325 1865 mittentes
350 1842 406 1866 vos
435 1839 466 1867 et
497 1843 620 1870 vestrae
654 1843 913 1884 congregationis

161 1892 222 1930 pro
245 1892 390 1933 tempore
409 1891 522 1925 fratres
543 1904 600 1937 per
619 1906 844 1942 quoscumque
862 1901 911 1938 in*

161 1943 269 1979 debite
289 1947 464 1989 molestari,
490 1952 675 1993 perturbari
701 1961 756 1988 aut
783 1956 911 2001 inquie—

161 2000 241 2042 tari3
262 2004 517 2038 contradictores
537 2009 697 2050 quoslibet
717 2023 753 2044 ac
773 2013 910 2048 rebelles

159 2062 192 2091 et
209 2058 243 2092 in
262 2059 313 2100 iis,
331 2071 414 2105 quae
426 2065 602 2107 praemissa
616 2076 827 2111 concernunt,
844 2082 909 2105 non

158 2123 321 2159 parentes,
343 2130 402 2162 per
422 2128 606 2165 opportuna
626 2125 706 2158 iuris
726 2133 756 2159 et
769 2128 842 2161 faeti
858 2139 908 2162 re—

159 2173 276 2215 media,
298 2185 335 2208 ac
354 2176 485 2210 demum
506 2190 565 2222 per
584 2183 769 2224 sententias,
791 2196 907 2219 censu—

159 2235 211 2263 ras
230 2235 261 2263 et
280 2242 400 2275 poenas
423 2235 666 2279 ecclesiasticas,
692 2241 907 2284 appellatione

158 2289 348 2331 postposita,
371 2294 617 2336 compescendo,
640 2306 779 2339 necnon,
805 2299 906 2342 legiti-

157 2344 220 2377 mis
236 2355 336 2389 super
353 2347 403 2380 his
422 2348 578 2384 habendis
595 2354 726 2386 servatis
744 2358 904 2398 processi—

156 2399 231 2443 bus,
254 2403 438 2446 sententias,
461 2416 613 2441 censuras
633 2416 663 2443 et
687 2422 807 2453 poenas
821 2414 926 2457 ipsas!

157 2459 254 2492 eti-am
274 2459 397 2494 iteratis
422 2461 544 2496 vicibus
568 2469 790 2510 aggravando,
812 2471 903 2505 invo—
922 2454 926 2507 l

156 2521 227 2550 cato
243 2517 339 2550 etiam
359 2519 397 2551 ad
418 2519 491 2561 hoc,

153 2572 278 2608 brachii
298 2578 482 2611 saecularis.

162 2631 163 2634 ’
197 2631 268 2674 §7—
293 2633 363 2667 Non
396 2636 596 2670 obstantibus
631 2641 826 2683 praemissis,
863 2613 924 2687 acl

230 2680 304 2712 Bull.
325 2682 404 2714 Rom.
428 2684 478 2714 Vol.
504 2685 576 2716 vm.
738 2690 775 2719 ⁹20

515 2521 540 2554 si
560 2533 642 2566 opus
661 2525 769 2567 suerit,
782 2529 901 2563 auxilio
920 2509 925 2598 ἰ

920 2599 923 2611 .

813 276 988 302 caecemus
1011 276 1065 304 xm
1089 279 1134 305 rvr.

241 314 256 361 ξ
279 315 310 353 5.
329 318 865 368 Decernentespraesenteslitteras
884 331 941 363 sub
984 331 1097 363 similis
1122 335 1294 367 memoriae
1316 337 1466 371 Bonifatii
1490 340 1510 371 l'

1622 281 1678 315 ΞΜ

983 389 1237 428 praedecessoris
1258 395 1368 433 vostri,
1391 397 1429 429 (le
1452 409 1526 438 una,
1549 405 1579 431 ct
1599 402 1724 434 eom-itii
1746 404 1766 422 5¹¹

980 446 1137 483 generalis
1170 448 1207 479 de
1239 450 1363 483 duabus
1397 454 1522 493 diaetis,
1550 457 1726 491 dummodo

980 503 1061 544 quis,
1086 505 1193 547 vigore
1215 511 1443 551 prta-sentium,
1468 514 1624 547 ultratres
1644 517 1724 549 diac·-

979 565 1024 592 tas
1040 562 1079 593 ad
1101 562 1255 597 iudicium
1280 577 1343 599 non
1365 571 1520 609 trabatur,
1543 584 1579 605 ac
1594 575 1724 616 quibus-

978 617 1021 650 vis
1041 619 1110 651 aliis
1131 623 1324 664 apostolicis,
1347 636 1469 659 iwrnon
1495 629 1523 660 in
1548 631 1723 672 provincia-

977 674 1059 708 libus
1079 682 1110 709 et
1136 680 1342 721 synodalibus
1373 685 1516 716 cont-iliisv
1537 687 1638 726 editis,
1667 701 1722 729 gt·-

976 733 1137 767 neralibus
1156 736 1202 768 vel
1224 738 1418 780 specialibus
1439 744 1722 778 constitutionilins

973 795 1003 822 et.
1023 791 1294 833 ordinationil›us;
1319 807 1444 830 necnon
1465 799 1567 832 ‹lirtae
1588 814 1721 843 tetigi-e-

971 849 1108 889 gationis
1126 856 1156 883 et
1181 852 1309 885 Ordinis
1329 854 1361 887 S.
1385 856 1582 901 lliersmymi,
1606 873 1640 892 aa·
1658 862 1717 894 lte-

971 906 1064 947 gulae
1097 908 1128 940 S.
1152 910 1332 952 Augustini,
1370 913 1429 945 sub
1463 926 1525 957 qna
1563 918 1716 959 militatis,

970 974 1095 997 necnon
1115 966 1252 1000 aliorum
1270 974 1333 1001 tam
1352 971 1597 1006 Mendicantium
1620 988 1714 1019 quam

968 1031 1032 1053 non
1053 1022 1302 1058 ll'Icndicantium
1325 1027 1607 1069 Ordinuin,etiani
1629 1033 1715 1067 iura-

969 1084 1087 1119 mento,
1113 1081 1360 1116 confirmatione
1381 1088 1556 1128 apostolica
1571 1091 1617 1122 vel
1639 1102 1716 1133 qua-

967 1135 1010 1167 vis
1034 1136 1187 1171 firmitate
1220 1140 1284 1173 alia
1323 1143 1492 1184 roboratis,
1528 1148 1653 1181 statutis
1686 1154 1716 1181 et

966 1196 1254 1231 consuetudinibus
1272 1210 1280 1238 3
1299 1200 1476 1243 privilegiis
1500 1215 1640 1247 quoque,
1671 1206 1715 1239 in-

964 1252 1061 1286 dultis
1080 1259 1111 1287 et
1130 1255 1435 1300 litterisapostolicis
1455 1260 1574 1294 eisdem
1592 1264 1638 1295 vel
1654 1265 1712 1296 ali-

963 1310 1016 1342 cui
1036 1321 1161 1352 eorum,
1184 1313 1242 1345 sub
1267 1314 1526 1360 quibuscumque
1549 1321 1712 1354 tenoribus

963 1373 993 1400 et
1014 1368 1137 1410 formis,
1171 1380 1207 1402 ac
1243 1381 1316 1403 cum
1343 1373 1510 1415 quibusvis
1545 1377 1709 1420 clausulis,

962 1424 1225 1471 irritantibusque
1260 1434 1290 1461 et
1322 1430 1393 1463 aliis
1427 1432 1580 1475 decretis,
1615 1437 1708 1469 etiam

961 1488 1049 1515 motu
1070 1485 1202 1528 proprio
1219 1491 1249 1518 et
1270 1498 1305 1519 cx
1327 1488 1421 1521 simili
1443 1490 1586 1532 seientia,
1610 1504 1645 1526 ac
1671 1495 1709 1527 de

959 1541 1158 1583 apostolicae
1178 1545 1344 1586 potestatis
1363 1547 1565 1589 plenitudine
1582 1561 1709 1585 conces-

959 1597 1013 1638 sis,
1036 1600 1234 1633 consirmatis
1246 1608 1275 1634 et
1290 1601 1461 1645 innovatis;
1474 1607 1591 1649 quibus
1607 1610 1709 1642 omni—

958 1655 1029 1696 bus,
1053 1657 1176 1690 etiamsi
1198 1658 1236 1691 de
1262 1659 1325 1693 illis
1350 1672 1528 1706 corumque
1558 1666 1632 1698 totis
1664 1673 1708 1700 te·

957 1714 1092 1748 noribns
1117 1717 1277 1760 specialiS,
1314 1720 1465 1763 specifica
1489 1727 1519 1754 et
1544 1734 1703 1767 expressa,

955 1782 1020 1804 non
1038 1778 1144 1806 autem
1166 1785 1224 1818 per
1244 1776 1405 1811 clausulas
1424 1781 1589 1821 generales
1619 1782 1703 1815 idem

957 1828 1179 1872 importantes,
1202 1833 1322 1865 mentio
1343 1844 1398 1867 seu
1419 1837 1549 1878 quaevis
1569 1838 1629 1871 alia
1650 1850 1703 1871 ex-

954 1886 1078 1929 pressio
1102 1887 1261 1930 habenda,
1295 1896 1350 1923 aut
1370 1892 1475 1935 aliqua
1510 1894 1570 1926 alia
1591 1897 1701 1938 exqui-

953 1943 1012 1976 sita
1037 1944 1140 1978 forma
1158 1947 1196 1979 ad
1217 1947 1278 1980 boe
1301 1951 1454 1982 servanda
1475 1952 1566 1991 soret,
1586 1963 1700 1986 eormn

954 2004 1377 2049 tenorespraesentibuspro
1387 2009 1700 2050 expressisbabentes

954 2057 1015 2091 illis
1031 2059 1109 2093 alias
1130 2062 1161 2094 in
1182 2073 1240 2096 suo
1258 2064 1373 2096 robore
1395 2067 1624 2108 permansuris,
1640 2069 1700 2102 bac

951 2115 1018 2149 vice
1039 2117 1214 2159 dumtaxat,
1235 2122 1418 2163 specialiter
1438 2129 1467 2155 et
1485 2134 1630 2167 expresse
1646 2126 1700 2160 de-

951 2184 1115 2217 rogamus,
1132 2180 1419 2212 net-nonomnibus
1433 2181 1507 2221 illis,
1527 2193 1608 2224 quae
1622 2184 1698 2217 dicti

949 2233 1253 2276 praedecessoresin
1273 2247 1383 2269 eorum
1401 2238 1514 2272 litteris
1529 2241 1698 2276 voluerunt

949 2300 1014 2323 non
1036 2291 1174 2330 obstare,
1190 2294 1360 2340 contrariis
1376 2295 1647 2342 quibuscumque.

1749 290 1796 316 An·
1816 290 1843 318 C.
1877 291 1940 318 1353

1513 351 1591 383 apae
1612 343 1723 379 octavi,
1746 350 1863 397 22:3¹1*
1876 354 1941 390 ‹1170-

1899 381 1939 398 wl-

1771 406 1823 429 ngit3

992 2348 1006 2391 ξ
1030 2348 1060 2380 8.
1083 2348 1243 2389 Ceterum,
1257 2351 1331 2393 quia
1352 2351 1482 2386 difficile
1499 2355 1582 2389 soret
1598 2368 1692 2400 prae·
1721 2346 1912 2397 ‹1tfii³i¹t'1³r'‹'2l⁰.¹‘¹¹⁸

947 2411 1052 2438 sentes
1071 2406 1192 2439 litteras
1216 2412 1272 2439 etc.

988 2461 1101 2494 Datum
1120 2463 1238 2496 Romae
1260 2465 1344 2507 apud
1370 2466 1520 2500 Sanctum
1547 2469 1689 2510 Petrum,

946 2518 1004 2550 sub
1040 2520 1160 2552 annulo
1198 2521 1380 2563 Piscatoris,
1420 2525 1470 2558 die
1502 2538 1509 2558 1
1538 2528 1689 2562 februarii

944 2584 1118 2617 ruotrxxvnt,
1141 2578 1346 2620 pontificatus
1366 2583 1464 2615 nostri
1485 2594 1569 2618 anno
1593 2595 1633 2618 vi.

1007 2650 1070 2680 Dat.
1092 2653 1135 2680 dic
1155 2653 1167 2681 1
1189 2652 1259 2682 sebr-
1279 2655 1363 2690 4578,
1383 2658 1483 2695 pontis.
1499 2669 1575 2689 anno
1591 2670 1628 2690 vt.
