2059 3228
358 198 421 233 428

309 273 368 306 pro
397 267 541 305 tempore
561 257 718 300 existenti,
731 261 762 291 et
781 256 854 291 Sedi
872 257 1061 292 huiusmodi

308 314 488 355 reservatis,
513 314 610 346 etiam
649 311 823 346 ordinariis
852 311 1062 345 collatoribus

308 379 366 413 per
402 366 648 401 constitutiones
678 365 873 411 apostolicas
905 376 996 400 nunc
1029 370 1061 399 et

308 432 367 466 pro
388 426 532 465 tempore
553 420 667 461 editas,
689 431 745 454 seu
770 419 893 453 litteras
915 420 1061 453 'alterna-

308 475 443 508 tivarum
461 480 516 508 aut
526 474 621 507 etiam
633 474 695 508 alia
708 474 875 518 privilegia
890 480 920 507 et
935 474 1060 507 indulta

306 528 462 562 hactenus
483 539 634 562 concessa
654 529 702 561 vel
725 528 758 561 in
790 533 956 572 posterum
986 538 1059 561 con-

306 581 461 622 cedenda,
482 591 595 615 vacare
615 581 800 625 contigerit,
823 585 855 614 et
871 585 960 614 tanto
977 585 1058 614 tem-

305 645 385 679 pore
417 636 619 676 vacaverint,
642 635 729 680 quod
761 645 875 668 eorum
913 634 1054 674 collatio,

305 689 393 722 iuxta
416 689 638 722 Lateranensis
657 693 775 722 statuta
796 687 938 730 concilii,
961 688 1000 721 ad
1014 688 1058 720 di-

306 748 388 775 ctam
409 742 524 776 Sedem
558 742 700 786 legitime
736 742 897 783 devoluta;
930 741 1057 785 ipsique

306 795 515 829 canonicatus
536 802 564 829 et
582 796 786 840 praebendae
803 795 1005 839 dispositioni
1025 806 1057 828 a·

304 849 480 893 postolicae
503 849 701 893 specialiter,
722 849 770 882 vel
801 849 924 883 ratione
945 848 1055 882 cuius-

305 903 361 943 vis,
384 903 479 936 etiam
499 908 626 937 nostrae
645 903 695 936 vel
724 902 863 936 alicuius
883 902 1056 936 cardinalis

304 956 448 998 viventis,
466 957 498 990 in
514 957 657 990 Romana
677 956 771 990 Curia
799 957 988 1000 praesentis,
1011 956 1056 989 sa-

304 1010 518 1052 miliaritatis,
546 1011 718 1044 continuae
746 1010 1052 1051 commensalitatis,

303 1064 429 1097 autalia
444 1064 556 1108 quavis
571 1075 679 1105 causa,
701 1074 766 1097 non
781 1068 888 1096 tamen
905 1074 940 1096 ex
958 1074 1055 1097 causa

304 1118 545 1161 resignationis,
576 1117 770 1161 generaliter
802 1117 954 1151 reservati
988 1116 1054 1150 exi-

303 1176 397 1212 stant,
420 1177 451 1205 et
470 1182 568 1215 super
587 1171 632 1204 eis
653 1171 691 1204 lis
711 1171 794 1204 inter
809 1170 945 1215 aliquOS,
961 1171 1054 1204 cuius

301 1230 402 1259 status
417 1232 448 1259 et
462 1225 586 1266 merita,
606 1224 802 1269 nominaque
818 1229 849 1258 et
860 1224 1054 1268 cognomina

302 1279 444 1312 iudicum
466 1284 496 1312 et
516 1279 775 1322 collitigantium,
798 1289 924 1312 necnon
946 1279 1053 1322 singu-

302 1333 409 1366 lorum
443 1332 690 1367 canonicatuum
730 1338 761 1366 et
792 1333 1053 1376 praebendarum

302 1386 546 1430 praedictorum
583 1387 764 1427 fructuum,
800 1386 986 1419 reddituum
1023 1391 1054 1420 et

302 1445 517 1483 proventuum
542 1450 633 1473 veros
662 1450 788 1473 annuos
817 1440 942 1473 valeres
962 1451 1054 1484 prae-

303 1492 446 1526 sentibus
471 1504 530 1538 pro
568 1493 725 1536 expressis
754 1494 849 1526 etiam
885 1493 1051 1535 habentes,

304 1547 428 1580 tertiam
454 1552 577 1591 partem
605 1547 751 1581 omnium
788 1552 818 1580 et
850 1546 1053 1591 singulorum

305 1600 480 1641 fluctuum,
500 1601 685 1633 reddituum
706 1607 737 1635 et
758 1606 984 1644 proventuum,
1005 1601 1055 1635 iu-

304 1653 401 1694 rium,
424 1654 653 1687 obventionum
684 1660 714 1687 et
743 1655 1050 1696 emolumentorum,

304 1718 341 1741 ac
361 1708 455 1740 etiam
482 1708 745 1742 distributionum
776 1707 1051 1752 quotidianarum,

305 1760 380 1795 solis
414 1762 634 1805 praesentibus
666 1768 696 1796 et
729 1762 843 1795 divinis
863 1762 977 1795 officiis
1002 1762 1053 1795 in-

306 1816 534 1849 tel-essentibus
558 1816 626 1849 dari
656 1822 687 1849 et
719 1827 777 1860 per
811 1827 865 1850 eos
898 1815 1053 1850 lucrifieri

305 1869 485 1911 solitarum,
509 1870 701 1903 auctoritate
725 1870 912 1914 apostolic-a,
943 1875 1054 1904 tenore

306 1924 522 1967 praesentium
542 1950 550 1964 ,
590 1932 747 1968 perpetuo
791 1935 978 1968 separamus
1024 1928 1056 1958 et

307 1976 588 2019 dismembramus,
611 1978 746 2022 illasque
768 1978 812 2011 sic
830 1983 992 2021 separatas
1024 1983 1056 2012 et

307 2029 551 2063 dismembratas
571 2031 674 2065 eidem
695 2031 819 2072 Officio,
842 2031 884 2064 ita
902 2031 990 2075 quod
1015 2030 1055 2064 li-

308 2089 377 2117 eeat
411 2085 574 2117 modernis
599 2091 629 2118 et
649 2096 707 2129 pro
729 2091 873 2129 tempore
893 2084 1055 2120 existenti-

307 2137 366 2170 bus
391 2138 531 2180 gcnerali
553 2143 583 2170 et
602 2138 671 2171 aliis
705 2138 970 2182 inquisitoribus,
998 2137 1055 2170 mi-

308 2190 416 2224 nistris
445 2197 476 2224 et
510 2191 702 2225 officialibus
722 2192 894 2236 praedictis
914 2192 1056 2234 singulas

309 2250 415 2286 partes
435 2245 681 2278 ‹lismemlwatas
709 2256 745 2279 ac
777 2250 938 2290 separatas
962 2255 1055 2289 prae-

309 2296 420 2337 dictas,
443 2309 501 2341 per
521 2309 553 2331 se
578 2300 624 2332 vel
656 2299 756 2331 alium
785 2309 840 2332 seu
866 2298 955 2338 alios,
981 2308 1056 2342 pro-

309 2350 378 2393 pria
398 2351 598 2392 auctoritate,
620 2357 649 2384 „t
669 2363 706 2385 ex
740 2351 871 2396 integris
902 2352 1057 2385 fructibus

310 2408 492 2432 mensarum
515 2400 756 2444 capitularium,
793 2400 970 2444 percipere,
991 2399 1056 2433 exi-

310 2457 394 2489 gere,
415 2448 530 2489 levare,
546 2450 665 2490 locare,
680 2450 848 2490 dislocare,
869 2449 1054 2489 arreudare,

311 2501 406 2539 atque
432 2497 464 2530 in
484 2508 559 2531 suos
579 2504 609 2531 et
629 2499 704 2532 ‹licti
726 2499 827 2533 Officii
848 2509 925 2532 usus
945 2504 976 2532 et
999 2498 1058 2531 uti-

311 2544 432 2577 litatem
467 2553 664 2587 convertere,
701 2547 884 2581 dioecesani
919 2546 981 2580 loci
1009 2547 1057 2579 vel

117 210 168 239 An.
185 208 296 238 01583

908 203 1088 229 BULLARWM
1107 202 1172 226 nou
1179 202 1258 226 tarn

1103 256 1267 300 requisita,
1290 256 1478 289 auctoritate
1513 261 1541 286 et
1576 261 1685 290 tenore
1718 255 1848 297 praedi-

1102 309 1172 350 ctis,
1188 309 1281 342 etiam
1294 314 1452 353 perpetuo
1468 309 1669 354 applicamus
1685 316 1715 343 et
1731 319 1850 354 appro-

1102 363 1258 408 priamus.

1144 417 1159 459 g
1179 416 1209 449 3.
1245 417 1460 450 Decernentes
1497 422 1680 461 praesentes
1713 417 1846 460 litteras,

1101 469 1319 513 subreptionis
1338 471 1384 503 vel
1406 470 1602 514 obreptionis
1623 476 1678 504 aut
1696 470 1847 505 intentio-

1100 524 1150 556 nis
1171 530 1297 557 nostrae
1317 534 1373 557 seu
1393 525 1505 568 quovis
1525 524 1587 557 alio
1605 529 1770 568 praetextu
1791 536 1848 559 seu

1100 588 1195 610 causa
1211 577 1383 616 annullari,
1405 577 1568 611 invalidari
1582 578 1627 611 vel
1650 578 1846 622 impugnari,

1099 636 1232 676 aubper
1251 631 1313 664 loci
1333 631 1515 664 ordinarios
1548 637 1600 664 aut
1622 632 1763 675 capitula
1797 643 1849 666 ec-

1099 684 1271 717 clesiarum
1293 685 1531 728 praedictarum
1563 695 1619 718 seu
1648 684 1727 718 alios
1755 695 1848 730 quos-

1098 747 1238 781 cumque
1266 738 1403 771 revideri
1427 738 1475 771 vel
1507 737 1682 771 examinari
1708 739 1846 772 nullate-

1098 801 1159 824 nus
1179 802 1284 835 posse;
1312 792 1484 835 minusque
1517 792 1575 824 sub
1605 791 1762 825 similium
1792 797 1848 825 aut

1097 845 1302 879 dissimilium
1323 846 1575 890 separationum,
1591 845 1847 880 dismembratio-

1096 909 1174 932 num
1190 925 1198 940 ‚
1221 899 1475 944 applicationum
1488 926 1496 940 ‚
1528 899 1841 944 appropriationum,

1096 953 1356 994 concessionum,
1392 953 1646 997 assignationum
1684 958 1739 987 aut
1771 953 1845 987 alia-

1096 1017 1169 1039 rum
1189 1007 1367 1050 gratiarum
1401 1007 1670 1048 revocationibus,
1709 1017 1844 1051 suspen—

1096 1059 1253 1101 sionibus,
1275 1059 1520 1094 limitationibus
1539 1066 1594 1094 aut
1612 1060 1684 1094 aliis
1716 1066 1844 1094 contra-

1096 1113 1152 1147 riis
1172 1113 1436 1158 dispositionibus
1456 1114 1588 1147 minime
1611 1114 1843 1159 comprehendi

1095 1178 1199 1212 posse,
1225 1168 1279 1201 sed
1299 1174 1464 1212 tamquam
1494 1168 1527 1201 in
1554 1168 1626 1202 fidei
1651 1169 1792 1202 favorem
1811 1179 1843 1203 e-

1095 1228 1251 1263 manatas,
1273 1222 1313 1255 ab
1333 1222 1396 1255 illis
1404 1233 1531 1267 semper
1546 1227 1705 1266 exceptas,
1719 1227 1750 1255 et
1763 1233 1843 1266 quo-

1093 1275 1153 1308 ties
1187 1275 1261 1308 illae
1280 1276 1488 1316 emanabunt,
1510 1275 1604 1309 toties
1618 1276 1649 1308 in
1670 1275 1842 1319 pristinum

1094 1333 1211 1361 statum
1232 1328 1407 1369 restitutas,
1429 1329 1584 1374 repositas
1603 1335 1635 1362 et
1664 1329 1841 1373 reintegra-

1094 1387 1141 1415 tas
1161 1393 1229 1416 esse
1249 1387 1280 1416 et
1299 1382 1435 1423 censeri,
1457 1383 1585 1416 irritum
1605 1393 1735 1427 quoque
1759 1388 1790 1416 et
1813 1383 1841 1416 i-

1094 1445 1188 1477 nane,
1209 1436 1234 1469 si
1251 1447 1342 1470 secus
1357 1447 1454 1481 super
1472 1436 1523 1470 his
1542 1448 1560 1470 a
1572 1447 1748 1481 quoquam,
1764 1447 1842 1481 qua-

1093 1489 1140 1522 vis
1173 1490 1376 1532 auctoritate,
1398 1490 1537 1524 scienter
1567 1491 1616 1524 vel
1642 1490 1843 1534 ignoranter,

1094 1543 1266 1587 contigerit
1282 1544 1443 1578 attentari.

1138 1597 1153 1641 ἓ
1172 1597 1203 1630 4.
1226 1597 1295 1631 Non
1315 1597 1517 1631 obstantibus
1536 1598 1653 1631 nostris
1672 1598 1712 1632 de
1749 1599 1842 1633 unio-

1093 1651 1190 1685 nibus
1210 1651 1449 1685 committendis
1469 1652 1508 1685 ad
1527 1657 1644 1695 partes,
1663 1652 1841 1687 vocatisin-

1094 1709 1213 1739 teresse
1229 1705 1434 1747 habentibus,
1453 1711 1486 1739 et
1517 1706 1726 1750 exprimendo
1752 1707 1841 1741 valo-

1094 1769 1141 1800 re,
1163 1769 1291 1792 necnon
1322 1759 1545 1793 Lateranensis
1579 1759 1721 1800 concilii,
1745 1761 1841 1794 unio-

1093 1823 1151 1847 nes
1169 1818 1355 1857 perpetuas‚
1373 1813 1434 1846 nisi
1453 1813 1486 1846 in
1506 1813 1633 1847 casibus
1651 1824 1669 1847 a
1688 1813 1758 1848 iure
1771 1825 1842 1859 per-

1095 1866 1211 1907 missis,
1233 1866 1304 1900 fieri
1323 1867 1538 1911 prohibentis,
1565 1867 1699 1911 aliisque
1720 1867 1840 1901 consti-

1094 1920 1274 1954 tutionibus
1301 1925 1333 1954 et
1366 1920 1623 1954 ordinationibus
1643 1921 1837 1965 apostolicis;

1095 1984 1222 2008 necnon
1255 1974 1456 2019 singularum
1477 1974 1687 2008 ecclesiarum
1713 1975 1839 2018 praedi-

1095 2033 1233 2069 ctarum,
1259 2027 1455 2069 iuramento,
1491 2027 1737 2061 confirmatione
1762 2039 1840 2073 apo-

1095 2081 1208 2115 stolica
1231 2082 1280 2115 vel
1314 2081 1424 2126 quavis
1448 2081 1598 2115 firmitate
1622 2081 1685 2115 alia
1706 2081 1840 2116 robora-

1097 2135 1148 2177 tiS,
1170 2135 1295 2168 statutis
1329 2140 1360 2169 et
1392 2135 1693 2176 consuetudinibus;
1714 2135 1842 2180 privile-

1096 2189 1155 2232 giis
1166 2200 1309 2234 quoque,
1329 2189 1462 2223 indultis
1481 2195 1511 2223 et
1529 2189 1643 2223 litteris
1659 2189 1842 2234 apostolicis

1097 2242 1210 2276 iisdem
1264 2243 1409 2276 ecclesiis
1452 2243 1646 2287 illarumque
1688 2243 1843 2287 praesuli-

1097 2296 1170 2337 bus,
1192 2288 1435 2341 superioribus?
1450 2296 1601 2341 capitulis
1620 2301 1651 2330 et
1684 2296 1841 2341 personis,

1098 2350 1157 2382 sub
1177 2351 1439 2395 quibuscumque
1472 2350 1641 2384 tenoribus
1665 2355 1696 2383 et
1719 2349 1840 2389 formis,

1098 2410 1134 2431 ac
1155 2410 1229 2432 eum
1249 2399 1414 2443 quibusvis
1446 2399 1722 2442 derogatoriarum
1753 2399 1845 2432 dero-

1098 2449 1228 2491 gator-iis
1248 2448 1383 2492 aliisque
1403 2449 1636 2482 efficacioribus
1660 2453 1691 2482 et
1710 2447 1844 2482 insolitis

1099 2498 1261 2539 clausulis,
1284 2508 1410 2532 necnon
1431 2498 1632 2532 irritantibus
1652 2503 1683 2532 et
1701 2497 1772 2531 aliis
1791 2497 1843 2531 de-

1099 2547 1205 2588 cretis,
1228 2547 1259 2580 in
1277 2557 1394 2591 genere
1410 2547 1458 2580 vel
1474 2546 1506 2580 in
1526 2546 1645 2591 specie,
1671 2546 1766 2580 etiam
1787 2557 1844 2589 per

1889 419 2000 468 thuunlnq

1868 1622 1980 1658 nerognttn
1985 1623 2021 1647 m

1855 1659 1966 1676 ranorum.

312 2593 452 2627 cuiusvis
472 2595 603 2628 alterius
623 2597 751 2630 licentia
772 2597 911 2640 desuper
926 2595 1058 2629 minime
1076 2630 1080 2641 Ι
1099 2606 1321 2641 quoscumque
1343 2596 1504 2630 Bon-anos
1523 2595 1693 2629 Pontifices
1711 2595 1844 2638 praede-
