2059 3228
66 171 170 229 ’3587
845 186 948 212 stxrus
971 187 990 211 v
1014 187 1062 212 rr.
1617 175 1680 209 8'13
1739 182 1779 210 tn
1809 183 1836 208 (1,
1860 182 1922 208 ιῖκτ

91 239 406 301 ωτιιρτοῐτιίεἱφυς,
429 239 466 273 ad
484 239 628 280 ineentes
648 244 795 283 sumptus
815 238 935 272 idcirco
978 250 993 272 v
996 238 1128 272 ιοεὼὶἰίε
1147 249 1205 282 pro
1225 239 1309 273 clieta
1330 249 1456 272 summa
1481 242 1646 271 scutorum
1683 236 1725 269 vi-

57 302 172 350 tnau
185 293 383 327 necessatios
404 292 528 326 facilius
549 294 746 333 subeundos,
775 298 866 326 scula
889 291 935 325 vi·
977 291 1053 333 giuti
1079 292 1217 325 millium
1243 293 1304 333 exis
1295 293 1438 335 {uniunt
1460 298 1534 335 quot
1558 290 1725 331 ·1nni.‹,a‹t

114 339 173 368 ”¹⁹¹⁸
185 345 264 390 giuti
290 346 390 380 millia
417 352 564 380 monetae
594 346 749 379 tradenda
775 351 806 380 et
834 345 936 380 consi·
977 344 1133 378 rationem
1155 356 1185 377 sc
1192 350 1319 378 ntorum
1336 356 1387 378 sex
1406 343 1619 388 [roquolibet
1639 344 1722 382 lot-,0

90 367 173 394 tunt-

78 402 172 428 ῑιοιΰ·
166 399 339 454 gnanda
332 400 391 443 ipsi
408 399 576 433 Dominico
592 399 701 439 Basae,
722 404 751 432 et
768 410 826 443 per
843 409 934 431 eum-
977 398 1094 430 dictam
1123 408 1281 431 stnumam
1309 403 1474 431 scutorum
1497 397 1584 430 mille
1610 402 1641 429 et
1665 397 1725 429 ‹lu-

977 456 1147 484 centorum
1169 451 1322 494 erigatur,
1346 450 1580 493 extinguendus
1602 454 1722 493 posti-a,

57 437 125 489 102⁸
134 435 173 485 vii-
186 453 259 487 dem
282 453 344 486 infr
347 465 364 486 a
381 453 575 487 decennium
589 464 606 486 a
626 452 699 486 data
717 453 934 496 praesentium

976 509 1073 548 prout
1092 514 1129 537 ex
1149 514 1236 537 nunc
1261 504 1400 547 extingui
1424 504 1570 537 volumus
1591 509 1621 535 υἱ
1641 502 1726 535 ordi-

976 568 1102 598 namus,
1129 557 1212 590 iul'ra
1235 557 1441 598 det-ennium,
1461 568 1496 589 ex
1514 555 1608 589 <lictis
1628 556 1726 589 scutis

65 493 173 547 -Ηήῧη,
186 507 369 551 proximum
387 507 418 540 in
439 506 588 540 manibus
605 506 815 540 thaesaurarii
834 506 935 539 nosui

975 610 1084 650 viginti
1105 610 1248 643 millibus
1274 621 1331 655 per
1356 612 1534 654 praelatum
1557 610 1667 642 Basnni
1689 619 1726 641 eo

83 557 344 609 1.·,“’ζ;ςθηο131ἰ5
376 571 434 604 pro
460 565 605 604 tempore
629 559 802 600 existentis,
829 560 867 592 ad
888 559 934 592 ef-

29 647 31 649 ,
56 618 80 663 'L‘fi
102 617 172 640 ⁸¹⁰¹&
185 614 305 648 sectum
321 614 620 647 extinctionisinsra
630 613 798 653 dicendae,
812 612 934 655 integre

19 579 30 604 Α.
18 426 31 570 ''⁶1⁴'‘
19 201 34 412 ΩῄΑῙΤ-ἱ-

186 667 328 701 etlibere
339 668 548 708 restituenda;
566 667 638 701 ideo
653 667 738 700 idem
748 666 935 700 Dominicus

185 720 276 762 Basa,
299 721 442 766 primum
463 731 539 764 erga
558 731 617 754 nos
633 725 664 754 et
683 719 849 753 Cameram
878 730 935 752 no-

186 779 296 815 stram,
318 785 378 819 pro
396 774 602 808 restitutione
618 773 806 807 huiusmodi
825 773 934 817 viginti

187 827 326 861 millium
346 834 526 866 scutorum,
550 838 582 861 se
615 837 756 871 suosque
780 827 935 859 haeredes

186 886 217 915 et
240 892 441 915 successores
461 892 497 914 ae
518 881 602 914 hona
616 880 725 914 omnia
749 880 936 925 solemniter

186 934 342 979 obligare,
363 946 400 968 ac
421 935 552 968 idoneas
571 934 737 967 cautiones
765 938 935 978 propterea

187 995 362 1034 praestare,
385 999 510 1022 necnon
531 988 626 1022 etiam
647 999 706 1032 pro
726 987 935 1021 subventione

187 1042 277 1077 Sedis
302 1042 516 1086 Apostolicae‚
539 1047 619 1085 quot
643 1040 752 1082 annis,
775 1041 860 1074 dicto
885 1041 936 1073 de-

187 1095 304 1129 cennio
330 1095 479 1135 durante,
505 1100 594 1129 scuta
619 1095 706 1128 mille
736 1099 766 1128 et
798 1095 936 1128 ducenta

188 1156 336 1184 monetae
366 1149 488 1193 pariter
511 1149 544 1182 in
574 1149 722 1182 manibus
741 1148 841 1181 nostri
865 1149 936 1182 the-

187 1203 322 1237 saurarii
342 1203 501 1247 generalis
526 1213 585 1247 pro
607 1208 751 1246 tempore
777 1202 936 1236 existentis

188 1267 222 1291 se
241 1256 437 1297 soluturum,
460 1261 491 1290 et
509 1257 548 1289 ad
574 1256 605 1289 id
624 1255 771 1288 similiter
783 1261 819 1288 ut
839 1266 937 1299 supra

189 1310 408 1354 obligaturum
434 1315 465 1343 et
494 1309 675 1343 cautionem
705 1309 936 1353 praestiturum

191 1363 291 1397 libere
311 1363 436 1397 obtulit.
455 1364 517 1397 Nos
532 1368 715 1408 propterea,
738 1363 938 1407 perspicien-

191 1422 238 1451 tes
262 1427 425 1450 summam
456 1417 617 1450 dictorum
653 1415 765 1459 viginti
798 1416 936 1449 millium

191 1477 358 1505 scutorum
385 1481 444 1515 pro
479 1471 563 1503 dieto
598 1470 713 1503 effectu
747 1470 937 1513 parandam,

192 1525 313 1569 absque
331 1530 441 1558 nostro
461 1525 509 1557 vel
530 1524 667 1557 alicuius
683 1523 875 1557 detrimento
891 1524 939 1556 vel

194 1578 412 1618 incommodo,
430 1577 580 1611 facillime
612 1576 781 1621 provideri,
812 1582 843 1610 et
866 1587 940 1610 cum

193 1635 320 1665 nostrae
340 1637 371 1665 et
393 1631 546 1665 Gamerae
576 1631 700 1664 cautela
730 1641 852 1669 omnes,
885 1630 940 1673 qui

195 1685 347 1730 pecunias
357 1685 434 1718 huic
454 1685 582 1727 negotio
603 1684 813 1724 contulerint,
836 1689 865 1717 et
881 1694 940 1717 no-

194 1739 317 1773 biscum
355 1744 527 1783 propterea
566 1739 772 1779 contrahent,
813 1738 941 1771 aliunde

193 1798 305 1826 cautos
325 1793 415 1826 reddi
436 1803 539 1836 posse,
561 1793 718 1836 siquidem
740 1792 825 1825 dicta
854 1796 942 1824 scuta

195 1846 283 1880 mille
306 1852 338 1880 el
356 1846 495 1880 ducenta
515 1852 592 1889 quot
612 1846 704 1879 annis
729 1856 787 1889 per
820 1845 942 1878 dietum

193 1901 303 1934 Basam
330 1900 482 1933 solvenda
518 1900 722 1943 applicentur
756 1899 860 1932 eidem
885 1899 943 1932 Ca-

195 1964 302 1987 merae
317 1959 467 1993 nostrae;
489 1958 520 1986 et
539 1964 554 1986 e
575 1964 728 1986 converso
757 1952 888 1986 totidem
908 1963 944 1985 ex

193 2006 425 2040 emolumentis
443 2006 646 2049 vectigalium
668 2012 697 2038 et
728 2011 942 2049 proventuum

195 2064 381 2093 nostrorum
406 2066 436 2093 et
453 2059 605 2093 Gamerae
626 2059 808 2103 praedicutu-
826 2059 944 2092 consti-

196 2112 330 2153 tuentia,
351 2123 462 2157 parem
488 2113 638 2150 superius
657 2112 836 2156 applicatae
857 2123 944 2145 sum-

196 2176 282 2199 mam
299 2173 467 2199 scutorum
489 2169 609 2199 seilicet
630 2165 718 2197 mille
743 2171 770 2197 et
792 2165 946 2198 ducento-

197 2229 270 2252 rum
290 2224 510 2262 congerantur
529 2225 560 2252 et
579 2224 789 2251 secernantur
809 2219 848 2250 ab
880 2219 947 2262 ipsa

196 2272 341 2312 Camere,
363 2283 446 2315 quae
467 2277 648 2316 propterea,
670 2277 772 2304 stante
790 2271 873 2304 ‹licta
895 2283 947 2316 ap-

197 2324 370 2369 plicatione
389 2331 422 2358 el
441 2325 687 2368 subrogatione,
710 2325 833 2357 nullam
859 2335 947 2358 emo-

199 2374 439 2414 lumentorum,
474 2373 722 2406 diminutionem
756 2373 948 2416 nullumque

199 2421 429 2455 detrimentum
451 2421 602 2465 patietur.
625 2421 661 2453 Et
691 2432 790 2465 super
814 2422 877 2454 illis
906 2422 948 2455 ita

200 2470 361 2514 congestis
381 2475 410 2503 ct
430 2470 596 2513 separatis,
613 2481 671 2514 pro
692 2471 805 2503 maiori
826 2476 950 2504 eontra-

203 2519 348 2553 {lentium
376 2519 548 2551 securitate
575 2525 605 2552 et
633 2519 731 2552 animi
761 2520 949 2552 eorumdem

201 2568 314 2613 quiete
342 2574 373 2602 et
394 2567 619 2609 sanstae-tione,
647 2578 731 2601 unus
761 2577 853 2601 mons
885 2577 951 2600 non

977 670 1122 708 tempore
1143 664 1321 701 solvendis,
1345 674 1427 706 quae
1449 663 1486 695 atl
1510 663 1597 695 huuc
1623 661 1727 694 extin-

977 717 1091 751 ctionis
1110 717 1260 750 effectum
1282 727 1318 749 ex
1339 727 1425 749 nunc
1452 716 1554 749 dictae
1574 716 1727 748 Gamerae

976 770 1180 815 Apostolicae
1198 776 1239 810 et,
1267 770 1335 803 eius
1354 770 1497 809 nomine,
1525 767 1726 801 thesaurario

976 829 1085 857 nostro
1117 824 1259 866 generali
1291 834 1349 867 pro
1384 830 1527 867 tempore.
1562 821 1724 857 existenti,

976 877 1186 921 assignamus,
1210 877 1429 915 concedimus,
1470 875 1670 919 applicamus
1697 880 1728 906 et

977 931 1237 975 approprfflmus,
1274 941 1309 963 ac
1330 929 1538 974 appropriata
1563 935 1594 962 et
1627 929 1727 972 appli-

977 990 1046 1019 cata
1066 996 1133 1019 esse
1153 986 1313 1025 volumus,
1328 985 1408 1018 adeo
1427 988 1457 1017 ut
1479 983 1584 1016 dictus
1599 983 1727 1015 thesau-

977 1039 1082 1073 rarius
1100 1040 1258 1083 generalis
1279 1050 1337 1083 pro
1358 1045 1501 1082 tempore
1517 1038 1655 1071 existens
1674 1037 1728 1069 illa

977 1093 1134 1137 recipere,
1148 1093 1227 1126 etde
1244 1093 1381 1136 receptis
1393 1092 1549 1135 quietare,
1568 1096 1596 1123 et
1617 1090 1727 1123 eadem

978 1149 1010 1181 in
1028 1148 1255 1182 extinctionem
1276 1147 1461 1180 huiusmodi
1479 1146 1729 1189 montisabsque

978 1201 1126 1235 ulteriori
1146 1207 1256 1235 nostro
1276 1201 1323 1234 vel
1345 1200 1434 1234 Sedis
1453 1199 1655 1242 Apcstolicae
1675 1210 1728 1231 or-

979 1256 1054 1288 dine
1090 1255 1139 1288 vel
1176 1255 1306 1288 lieentia
1342 1259 1529 1287 convertere
1564 1252 1664 1297 possit
1699 1257 1730 1285 et

979 1308 1111 1342 omnino
1132 1308 1258 1341 debeat.

1023 1363 1037 1406 ξ
1054 1362 1084 1395 4.
1100 1362 1245 1395 Volentes
1256 1362 1364 1405 itaque
1384 1360 1571 1393 huiusmodi
1587 1365 1729 1393 nostram

981 1480 1049 1503 rem
1074 1469 1341 1502 deliberationem
1367 1468 1406 1501 ad
1434 1473 1580 1509 optatum
1611 1466 1731 1499 exitum

981 1523 1172 1568 perducere,
1195 1529 1285 1555 motu
1301 1521 1435 1566 proprio
1458 1527 1485 1553 ct
1507 1531 1544 1553 ex
1566 1526 1653 1553 certa
1672 1530 1731 1552 no-

982 1582 1046 1610 stra
1067 1576 1210 1616 scientia,
1228 1576 1333 1619 deque
1354 1573 1592 1608 traditaenobis
1607 1579 1733 1617 aposto-

982 1631 1064 1664 lieae
1088 1630 1254 1674 potestatis
1278 1627 1492 1673 plenitudine,
1514 1638 1617 1660 unum
1644 1637 1734 1659 mon-

984 1690 1060 1724 tem,
1087 1683 1262 1727 vulgariter
1279 1688 1421 1725 stampac
1446 1681 1618 1713 vaih-anae
1647 1691 1732 1712 nun-

983 1737 1183 1781 cupandum,
1206 1736 1316 1779 viginti
1329 1735 1466 1768 millium
1488 1740 1654 1767 scutorum
1666 1744 1735 1766 mo-

983 1798 1074 1824 netae
1095 1790 1206 1823 decem
1227 1789 1296 1821 iulii
1322 1799 1380 1832 pro
1417 1793 1508 1821 scuto
1539 1786 1735 1830 comparatis

984 1854 1081 1888 super
1094 1842 1322 1876 emolumentis
1333 1846 1361 1874 et
1376 1839 1583 1885 proventibus
1604 1840 1733 1871 thesau-

985 1898 1121 1931 rariatus
1148 1901 1275 1929 nostrae
1308 1894 1492 1938 provinciae
1521 1892 1745 1937 Campaniae‚3

985 1951 1024 1983 atl
1042 1950 1196 1984 rationem
1220 1949 1315 1982 liuius
1335 1958 1490 1987 summae,
1505 1957 1542 1979 ac
1554 1946 1646 1979 euius
1661 1942 1746 1990 por-v

987 2007 1090 2038 tiones
1121 2009 1151 2037 et
1181 2004 1250 2037 loca
1282 2012 1348 2035 non
1372 2006 1496 2042 vacent,
1528 2006 1559 2033 et
1593 2010 1734 2043 quorum

986 2068 1132 2102 quaeque
1153 2067 1218 2090 non
1238 2056 1344 2089 minor
1377 2061 1506 2088 centum
1527 2054 1625 2087 scutis
1649 2052 1735 2085 simi-

988 2112 1071 2144 libus
1088 2111 1140 2151 sit,
1158 2121 1240 2154 quae
1261 2109 1390 2152 quidem
1406 2109 1475 2141 loca
1487 2107 1604 2140 montis
1623 2107 1735 2139 huius-

988 2165 1074 2197 modi
1096 2162 1377 2207 resignabiliasint
1397 2167 1606 2204 etnunquam
1625 2164 1738 2193 vacent

987 2220 1026 2251 ud
1052 2219 1150 2250 instar
1169 2217 1307 2250 aliorum
1333 2215 1490 2248 montium
1516 2225 1581 2247 non
1609 2213 1735 2246 vacabi-

989 2272 1080 2309 lium,
1106 2275 1200 2314 prout
1220 2269 1333 2302 Montis
1350 2268 1449 2308 Fidei,
1482 2267 1734 2308 Alumeriarum,

990 2323 1176 2367 Religionis,
1198 2323 1299 2362 Pacis,
1323 2327 1495 2364 ceteraque
1515 2321 1659 2353 eiusdem
1677 2320 1737 2352 Ur-

989 2374 1037 2407 bis
1066 2372 1223 2406 montium
1254 2382 1317 2405 non
1347 2370 1541 2404 vacabilium
1574 2369 1738 2413 portiones

991 2428 1017 2456 et
1044 2422 1125 2462 loca,
1159 2432 1242 2464 quac
1276 2421 1359 2453 inter
1384 2420 1508 2452 stabilia
1535 2423 1739 2463 reputantur,

991 2470 1180 2504 auctoritate
1192 2469 1378 2513 apostolica,
1388 2474 1498 2502 tenore
1512 2467 1739 2512 praesentium,

992 2519 1146 2561 erigimus
1167 2524 1197 2552 et
1218 2518 1424 2556 instituimus,

1037 2561 1053 2612 g
1076 2568 1107 2602 5.
1134 2568 1250 2612 Illique
1266 2567 1311 2601 sic
1336 2572 1442 2601 erecto
1463 2571 1493 2600 et
1511 2565 1740 2609 instituto,p1·o

1770 1371 1841 1392 Talem
1860 1375 1927 1391 mon-

980 1416 1146 1449 universae
1167 1415 1359 1448 christianae
1391 1413 1589 1458 reipublicae
1615 1401 1928 1459 saltita·¹⁰.m3⁰''g'²5'¹“
