2059 3228
33 273 38 280 .
55 249 166 280 &1588

834 255 936 280 SlXTUS
962 256 977 278 V
998 255 1045 279 FP.

179 309 284 344 dianis
312 308 509 353 approbatis,
541 308 685 341 omnium
715 313 745 341 ot
770 319 927 352 quorum-

180 373 321 406 cumque
340 361 589 394 christianorum
605 361 643 393 ad
666 361 734 394 illas
753 367 859 405 partes
875 361 929 393 de-

180 414 371 449 clinantium
391 425 447 447 scu
462 414 580 447 ibidem
597 414 880 453 commorantium,
891 425 927 447 ac

179 469 277 502 etiam
293 467 494 512 captivorum
516 467 732 500 consessiones
748 467 873 505 audire,
893 467 928 499 il-

179 522 294 565 losque
319 531 337 554 a
356 521 615 564 quibuscumque
641 520 793 563 peccatis,
823 521 929 553 crimi-

180 573 289 614 nibus,
315 572 498 607 excessibus
521 578 551 605 et
581 573 717 612 delictis,
755 579 928 616 quantum-

181 637 320 669 cumque
340 626 489 669 gravibus
506 632 536 658 ct
557 625 755 665 enormibus,
779 626 875 658 etiam
897 626 928 658 in

181 680 309 713 casibus
328 679 401 712 Sedi
423 679 624 722 Apostolicae
643 679 821 718 reservatis,
839 690 874 711 ac
895 690 928 711 e-

182 733 259 766 tiam
280 732 439 766 contentis
462 732 494 764 in
515 732 629 765 litteris
648 732 700 765 die
724 731 847 765 Coenae
868 733 927 765 Do-

181 785 261 818 mini
289 784 351 828 legi
372 784 484 824 solitis,
507 795 633 817 necnon
654 795 671 816 a
691 785 856 828 quibusvis
876 796 927 817 cx-

181 837 486 877 communicationis
506 843 534 870 et
552 837 782 881 suspensionis,
794 837 928 880 aliisque

179 890 406 924 ecclesiasticis
424 890 600 929 sententiis,
629 889 773 923 censuris
798 896 827 923 et
851 901 927 934 poe-

180 943 243 983 nis,
265 943 410 976 iniuncta
430 943 494 976 illis
513 943 644 976 salutari
665 943 873 986 poenitentia,
897 944 928 976 in

179 997 250 1030 soro
271 996 486 1030 conscientiae
506 997 682 1037 absolvere,
697 1007 732 1029 ac
744 1007 929 1040 superqua-

180 1059 321 1094 cumque
375 1049 611 1092 irregularitate
663 1049 925 1092 quomodolibet,

179 1108 407 1147 praeterquam
432 1114 468 1136 ex
496 1102 671 1140 homicidio
700 1103 878 1136 voluntario
898 1108 929 1135 ct

178 1155 320 1199 bigamia
357 1161 521 1189 contracta
556 1166 628 1188 cum
655 1156 800 1199 personis
832 1155 925 1188 etiam

178 1208 212 1241 in
240 1209 477 1253 presbyteratus
515 1208 626 1241 ordine
660 1209 858 1249 constitutis,
895 1208 926 1241 in

178 1261 293 1294 eodem
305 1261 375 1295 foro
390 1267 515 1295 tantum
534 1262 733 1305 dispensare,
745 1262 787 1294 ita
798 1267 834 1294 ut
849 1262 925 1294 mis-

177 1324 229 1347 sas
261 1314 426 1348 celebrare
459 1321 490 1348 et
519 1314 597 1347 alias
625 1315 657 1347 in
685 1315 801 1355 {livinis
830 1314 925 1347 mini-

176 1372 279 1401 strare
298 1368 434 1408 valeant,
455 1378 580 1401 necnon
592 1379 650 1412 pro
664 1368 810 1401 locorum
824 1373 852 1401 et
866 1367 925 1400 mi-

176 1420 355 1454 nistrorum
378 1422 670 1455 ecclesiasticorum
695 1421 854 1454 dictorum
881 1422 926 1453 lo-

177 1483 292 1507 corum
311 1474 553 1518 opportunitate
574 1480 759 1518 paramenta
772 1474 924 1508 ecclesia-

175 1526 256 1559 stica
275 1527 466 1560 benedicere
496 1527 619 1571 possint
645 1534 674 1559 et
699 1527 834 1565 valeant,
860 1527 926 1570 ple-

174 1589 252 1612 nam
268 1585 300 1613 et
318 1580 456 1614 liberam
476 1590 513 1613 ac
534 1579 766 1619 omnimodam,
799 1585 925 1623 aposto-

175 1632 240 1666 lica
263 1633 465 1674 auctoritate,
495 1639 606 1667 tenore
636 1633 866 1677 praesentium,
890 1632 925 1664 li-

176 1684 328 1726 centiam,
349 1691 542 1730 potestatem
556 1691 585 1719 et
606 1687 790 1719 facultatem
811 1695 925 1729 perpe-

175 1743 234 1772 tuo
262 1739 472 1773 concedimus
505 1745 535 1772 et
568 1739 784 1783 impartimur,
814 1738 924 1782 eisque

177 1791 318 1836 desuper
336 1792 553 1836 indulgemus.

221 1844 237 1888 ἓ
259 1844 293 1879 3.
318 1845 487 1880 Praeterea
506 1846 545 1879 de
558 1845 785 1889 omnipotentis
795 1845 850 1877 Dei
863 1844 924 1877 mi-

29 1897 169 1954 322222‘25„
177 1897 365 1940 sericordia‚
386 1909 423 1932 ac
442 1899 610 1932 beatorum
628 1898 713 1931 Petri
730 1903 760 1930 et
780 1897 868 1930 Pauli
889 1909 922 1930 a-

179 1951 381 1994 postolorum
400 1952 470 1986 eius
489 1952 678 1985 auctoritate
699 1951 822 1991 confisi,
849 1951 922 1984 uni-

171 2003 271 2037 versis
288 2009 319 2036 et
338 2003 472 2048 singulis
490 2005 658 2048 utriusque
679 2014 773 2037 sexus
794 2003 922 2036 christi-

167 2055 318 2091 fidelibus
328 2057 402 2092 etin
412 2057 595 2093 infidelium
606 2057 757 2092 servitute
769 2056 919 2098 detentis,

1593 245 1672 278 liis»

970 318 1042 339 voi-c
1064 306 1301 351 poenitentibus
1323 313 1349 339 ol
1374 306 1535 343 conflans,
1561 307 1614 350 qui
1641 318 1713 339 san-

970 360 1145 393 ctissimum
1180 361 1405 403 sepulchrum,
1435 366 1574 393 montem
1604 360 1713 393 Calva-

971 413 1053 445 rium
1075 423 1110 445 :ic
1131 423 1284 456 praesepe
1305 414 1358 444 δ’δ’.
1383 413 1506 444 llomiiii
1533 413 1633 445 nostri
1659 413 1713 445 dc-

971 471 1039 498 vote
1063 465 1266 501 visitavi-rint,
1300 466 1493 508 plenariam:
1517 476 1641 498 necnon
1664 466 1711 504 iis,

970 519 1024 562 qui
1051 518 1241 551 monasteria
1260 529 1313 550 scu
1332 519 1496 560 regulares
1512 518 1624 551 domos
1640 519 1712 551 dicti

970 571 1108 611 Ordinis,
1132 571 1326 613 illorumque
1347 571 1499 603 ecclesias
1518 572 1711 609 etoratoria,

972 631 1032 657 tam
1055 624 1084 656 in
1106 624 1197 657 (lictis
1218 625 1295 656 locis
1315 635 1410 665 quam
1434 624 1464 655 in
1489 624 1712 657 Constantino-

972 679 1111 722 politana
1147 686 1175 712 ct
1201 679 1271 711 aliis
1292 679 1471 713 civitatibus
1492 685 1523 711 et
1542 678 1619 711 locis
1644 679 1712 710 ilia-

971 743 1041 764 rum
1064 732 1215 775 partium,
1238 732 1268 764 in
1284 733 1408 765 Domini
1428 733 1526 765 nostri
1541 733 1609 765 lesu
1625 732 1714 765 Clu-1·-

970 785 1007 818 sti
1027 791 1057 817 et
1077 785 1110 818 ss.
1134 785 1270 827 Virginis
1294 786 1418 824 Mariae,
1437 797 1473 818 ac
1495 786 1660 818 beatorum
1683 798 1714 819 :t-

970 840 1183 882 postolorum,
1205 849 1330 872 necnon
1355 840 1499 872 ciusdem
1519 839 1629 873 beatae
1650 840 1712 872 Ma-

970 891 1037 924 riae
1065 891 1245 935 Egiptiacae
1285 898 1489 935 nuncupatae
1504 918 1511 931 ,
1547 899 1577 925 et
1613 893 1712 925 sancti

969 945 1096 978 loannis
1127 945 1334 978 Chrisostomi
1365 946 1563 978 nativitatum
1594 946 1712 977 festivi-

970 998 1087 1031 tatibus
1116 998 1228 1031 devote
1254 998 1459 1038 visitaverint,
1482 1011 1517 1031 as:
1543 999 1619 1031 inibi
1645 999 1713 1042 pias

969 1052 1008 1084 ad
1027 1051 1126 1084 Deum
1148 1063 1260 1095 preces
1276 1052 1460 1091 effuderint,
1482 1063 1546 1095 quo
1571 1052 1620 1085 die
1646 1052 1711 1084 sin-

968 1105 1115 1148 gularum
1136 1105 1339 1138 festivitatum
1359 1105 1544 1139 huiusmodi
1567 1106 1596 1137 id
1629 1106 1711 1138 sece-

969 1158 1043 1197 rint‚
1071 1158 1248 1201 plenariam
1278 1159 1423 1191 omnium
1453 1165 1482 1191 et
1510 1159 1709 1201 singulorum

968 1216 1174 1254 peccatorum
1195 1222 1326 1244 suorum
1354 1211 1585 1253 indulgentiam
1607 1218 1637 1244 et
1661 1223 1710 1245 re-

968 1263 1164 1303 missionem,
1208 1264 1384 1308 apostolica
1421 1264 1631 1303 auctoritate,
1671 1270 1714 1297 te-

967 1327 1046 1350 nore
1070 1317 1300 1361 praesentium,
1323 1318 1531 1351 concedimus
1551 1323 1581 1350 et
1600 1318 1714 1361 elargi-

968 1380 1051 1402 mur.

1010 1423 1079 1466 §lh
1118 1423 1187 1456 Non
1226 1422 1425 1456 obstantibus
1457 1424 1568 1466 regula
1589 1429 1710 1463 nostra,

967 1486 1024 1519 per
1048 1486 1143 1518 quam
1164 1476 1325 1508 voluimus
1345 1476 1431 1518 quod
1452 1476 1476 1508 si
1506 1476 1658 1509 ecclesiae
1683 1482 1714 1509 et

965 1529 1122 1572 personis,
1148 1528 1266 1571 quibus
1291 1529 1490 1572 indulgentia
1515 1529 1712 1567 conceditur,

966 1580 1072 1624 aliqua
1092 1581 1154 1614 alia
1179 1581 1379 1624 indulgentia
1408 1592 1559 1615 concessa
1583 1582 1634 1622 sit,
1653 1582 1714 1615 hu-

966 1634 1103 1667 iusmodi
1139 1634 1263 1668 litterae
1306 1634 1367 1667 sint
1406 1635 1533 1674 nullae;
1577 1635 1711 1679 aliisque

965 1687 1249 1720 constitutionibus
1287 1694 1317 1720 et
1347 1688 1606 1721 ordinationibus
1634 1699 1712 1732 apo-

965 1740 1106 1777 stolicis,
1140 1740 1318 1783 ceterisque
1371 1741 1543 1773 contrariis
1580 1741 1714 1784 quibus-

966 1804 1117 1837 cumque.

1007 1846 1121 1879 Datum
1142 1846 1262 1879 Romae
1281 1846 1366 1890 apud
1387 1847 1540 1880 Sanctum
1566 1847 1707 1888 Petrum,

964 1898 1024 1932 sub
1065 1900 1186 1932 annulo
1223 1899 1405 1939 Piscatoris‚
1445 1900 1498 1933 die
1535 1910 1565 1933 ix
1590 1900 1710 1944 aprilis,

964 1961 1155 1992 untxxan,
1177 1952 1383 1995 pontificatus
1411 1953 1511 1986 nostri
1536 1963 1620 1986 anno
1648 1958 1710 1987 ter-

965 2005 1018 2038 tio.

1003 2061 1075 2093 Pub.
1095 2062 1142 2092 die
1162 2062 1178 2092 ‘J
1195 2063 1507 2103 aprilis1588,poniis.
1527 2073 1603 2094 anno
1624 2072 1668 2095 ni.

700 2412 801 2450 FINIS
829 2414 920 2449 Toffl
946 2414 1083 2449 OCTAvi

285 2652 365 2684 Ball.
390 2652 466 2684 Rom.
489 2653 544 2685 Vol.
573 2651 638 2684 VIII
889 2652 943 2683 129

1731 254 1770 280 An
1799 255 1825 281 (ἶ.
1847 256 1910 282 1:¹⁸1>

1740 1431 1850 1457 berngario
1859 1439 1898 1454 con

1726 1464 1844 1484 uariorum.
