2059 3228
116 1582 159 1608 ,²³¹

278 267 293 309 ,ξ
313 267 343 301 9.
371 267 697 301 neomeniasomnia
710 268 872 311 etsiugula
889 279 979 312 prae-

120 321 221 352 “uuum
235 320 329 354 missa
353 331 389 354 ac
410 327 593 364 praesentes
614 322 703 355 nullo
730 332 880 365 umquam
902 327 980 354 tcm-

144 372 145 378 ’
183 361 222 383 ⁰¹*
233 384 324 418 pore,
347 374 410 407 sive
436 386 492 418 pro
520 386 557 407 eo
586 375 670 417 quod
697 386 823 415 causae,
848 380 980 419 propter

232 438 312 471 quas
330 427 410 461 haec
428 427 533 460 omitt·
557 429 636 461 t'acta
654 433 736 468 sunt,
762 438 869 461 coram
891 429 978 461 loco-

232 491 303 514 rum
333 481 522 522 ordinariis
552 482 647 514 ctiam
682 487 845 525 tamquam
875 481 978 514 dictae

231 533 322 568 Sedis
341 535 505 576 delegatis,
529 535 574 567 rel
600 535 675 567 alibi
697 534 908 573 examinatae,
926 545 977 567 re-

229 587 372 620 rificatac
393 594 421 620 et
443 589 651 632 approbatae,
667 599 704 620 ac
720 587 919 631 quicumque
932 587 978 620 in-

229 645 347 674 teresse
368 641 520 674 liabcntes
539 641 577 673 atl
600 640 629 673 id
648 641 748 673 vocati
765 650 828 672 non
846 640 975 680 suerint,

227 703 289 726 nec
313 693 430 727 eisdem
457 693 639 737 praemissis
660 693 893 733 consenserint,
915 693 977 726 sire

229 746 299 780 aliis
319 757 356 779 ex
372 747 630 790 quibuscumque
661 747 776 787 causis,
808 747 846 780 de
866 747 978 780 subre-

166 816 187 835 μ
228 799 348 845 ptionis
367 801 414 833 rel
437 799 633 843 obreptionis
647 806 701 833 aut
718 800 974 841 nullitatisvitio,

228 863 284 886 seu
304 853 491 887 intentionis
511 860 637 886 nostrae
656 854 703 887 vel
724 864 931 897 quocumque
943 864 977 886 a-

228 906 272 940 lio
301 906 427 940 defectu
454 906 568 947 notari,
590 906 786 950 impugnari,
806 907 975 940 retractari

228 971 284 993 seu
317 960 413 993 etiam
439 960 595 1001 revocari,
622 960 789 1004 suspendi,
813 961 975 1004 restringi,

123 1036 134 1063 ⁹.
175 1026 179 1027 ⁷
229 1013 359 1047 limitari
386 1015 493 1047 autin
523 1013 572 1047 ius
591 1015 640 1048 vel
666 1014 699 1048 in
726 1014 976 1047 controversiam

227 1067 347 1108 vocari,
369 1078 425 1101 seu
445 1067 484 1100 ad
511 1067 665 1101 terminos
685 1068 763 1101 iuris
784 1068 906 1107 reduci,
929 1068 977 1101 vel

228 1121 379 1155 adversus
398 1121 453 1154 illa
472 1122 702 1165 quodcumque
721 1121 810 1162 iuris,
834 1122 908 1155 faeti
928 1121 977 1154 rel

227 1174 348 1218 gratiae
372 1175 550 1209 remedium
579 1175 744 1219 impetrari
772 1186 885 1219 posse;
919 1185 977 1208 nec

227 1239 423 1272 quemquam
445 1229 484 1261 ad
511 1229 640 1262 easdem
662 1234 846 1272 praesentes
866 1229 899 1261 in
919 1229 977 1262 Ca—

131 1297 137 1307 ι
158 1292 161 1296 ’
208 1280 211 1283 ’
229 1292 318 1315 mera
337 1282 512 1326 praedicta,
532 1283 617 1316 iuxta
639 1283 899 1316 constitutionem
916 1282 978 1326 pise

180 1367 183 1369 ,
229 1335 405 1369 memoriae
424 1336 469 1369 Pii
490 1337 593 1380 Papae
613 1336 662 1377 lv,
676 1337 773 1369 etiam
790 1337 978 1380 praedeces-

227 1388 316 1422 soris·
337 1389 451 1430 nostri,
484 1389 623 1433 desuper
654 1389 785 1429 editam,
818 1395 873 1422 aut
901 1390 979 1422 alias

228 1442 501 1486 quandocumque
514 1444 797 1486 praesentandum,
811 1443 978 1476 insinuan-

227 1494 304 1529 dum
324 1501 356 1529 et
374 1496 538 1540 registrari
550 1497 733 1530 faciendum
744 1496 860 1537 teneri,
874 1508 979 1541 neque

226 1553 400 1593 propterea
428 1549 498 1582 illas
531 1549 638 1582 irritas
662 1561 742 1590 esse,
771 1550 824 1582 sed
845 1550 980 1583 omnino

224 1602 344 1643 valere,
365 1613 402 1635 ac
422 1602 448 1636 si
469 1603 658 1636 constitutio
684 1603 850 1647 praedicta
870 1609 901 1636 et
919 1604 979 1636 alia

227 1655 389 1688 contraria
408 1655 542 1689 minime
563 1662 777 1689 emanassent.

271 1709 286 1752 ᾖ
310 1708 364 1743 10.
392 1709 509 1753 Sicque
533 1721 591 1754 per
610 1721 833 1754 quoscumque
854 1710 982 1744 iudices

194 1767 260 1796 -et
275 1763 526 1804 commissarios,
553 1764 648 1797 etiam
669 1775 839 1797 causarum
867 1761 980 1798 Palatii

124 2491 129 2497 ι
160 2491 167 2498 a

149 2504 173 2526 μ

195 1836 198 1837 ⁷
227 1815 404 1860 Apostolici
424 1816 598 1857 auditores,
625 1828 660 1849 ac
681 1817 785 1850 dictae
806 1817 837 1850 S.
860 1817 898 1850 R.
922 1818 981 1851 Ec-

229 1868 344 1903 clesiae
372 1869 563 1910 cardinales,
583 1871 680 1903 etiam
710 1871 749 1904 de
774 1871 874 1904 latere
893 1872 982 1915 lega-

192 1944 195 1945 ν
229 1927 291 1963 tos,
311 1922 439 1956 sublata
458 1923 503 1956 eis
528 1929 559 1956 et
583 1934 694 1956 eorum
720 1924 852 1958 cuilibet
870 1925 983 1968 quavis

230 1975 324 2009 aliter
334 1975 501 2009 iudicandi
522 1983 553 2010 et
574 1977 809 2020 interpretandi
831 1978 982 2011 facultate

231 2034 263 2062 et
281 2029 492 2070 auctoritate,
514 2030 634 2073 ubique
659 2029 796 2063 iudicari
815 2036 844 2064 et
855 2030 982 2064 definiri

232 2082 363 2123 debere;
385 2092 512 2116 necnon
529 2083 654 2116 irritum
673 2090 702 2116 et
723 2084 829 2125 inane,
849 2084 874 2116 si
892 2095 984 2118 secus

232 2135 396 2180 superbis
410 2147 428 2169 a
448 2147 626 2180 quoquam,
649 2137 760 2181 quavis
779 2138 983 2178 auctoritate,

233 2188 374 2222 scienter
391 2189 441 2222 vel
460 2189 658 2233 ignoranter,
689 2190 860 2233 contigerit
883 2197 985 2224 atten-

234 2241 306 2275 tari.

278 2295 294 2338 ᾗ
317 2295 370 2328 tt.
397 2295 468 2328 Non
487 2296 689 2329 obstantibus
702 2296 811 2340 priore
821 2297 984 2330 voluntate

191 2357 221 2380 ιῑο
234 2353 345 2381 nostra
356 2348 521 2392 praedicta
531 2355 585 2382 aut
603 2349 672 2382 aliis
686 2349 870 2393 praemissis
885 2361 892 2390 3
908 2361 984 2384 nec-

134 2398 146 2428 ss
235 2405 301 2429 non
320 2396 542 2430 Lateranensis
562 2398 690 2430 concilii
711 2398 879 2432 novissime
900 2400 984 2432 cele-

235 2444 332 2487 brati,
355 2445 492 2478 uniones
515 2451 701 2489 perpetuas,
723 2446 783 2479 nisi
801 2447 834 2479 in
859 2448 985 2480 casibus

236 2504 255 2528 a
273 2494 345 2528 iure
364 2494 542 2538 permissis,
563 2495 632 2527 fieri
654 2495 866 2538 prohibentis,
879 2507 916 2529 ac
929 2507 986 2529 no-

236 2548 302 2576 stra
325 2543 365 2577 de
385 2553 449 2576 non
470 2544 611 2577 tollendo
632 2544 701 2577 iure
721 2545 878 2588 quaesito,
897 2545 985 2578 aliis-

229 2602 301 2639 'que
321 2593 516 2638 apostolicis,
543 2603 668 2627 necnon
685 2594 715 2627 in
742 2594 985 2637 universalibus,

889 216 992 239 Stx'rtls
1012 217 1028 238 V
1049 216 1096 238 ΙΨ.

1659 206 1723 240 775

1020 267 1271 310 provincialibus
1291 273 1322 301 et
1341 269 1548 313 synodalibus
1572 269 1717 303 conciliis
1736 280 1767 303 e-

1020 319 1104 359 ditis,
1117 321 1309 364 specialibus
1324 323 1371 355 vel
1386 323 1601 365 generalibus,
1613 323 1766 357 constitu-

1021 372 1161 406 tionibus
1181 380 1207 407 et
1231 375 1552 417 or‹linationibus·,ac
1568 377 1766 418 monasterii,

1019 425 1187 467 Ordinum,
1203 427 1353 461 Gamerae
1375 435 1404 462 ct
1424 430 1587 473 prioratus
1602 431 1766 476 suppressi

1019 480 1257 522 praedictorum
1285 484 1552 517 monasteriorum
1565 485 1612 518 vel
1627 485 1765 519 aliorum

1020 534 1217 575 regularium
1246 535 1404 576 locorum,
1427 548 1444 569 a
1464 537 1582 581 quibus
1601 549 1717 573 vacans
1736 545 1767 573 et

1019 598 1210 630 suppressus
1243 589 1405 631 prioratus
1434 590 1618 624 huiusmodi
1659 593 1765 626 forsan

1019 639 1213 682 dependent,
1243 641 1504 686 civitatumque‚'
1525 646 1764 687 provinciarum

1019 698 1050 725 et
1069 693 1216 726 locorum
1237 705 1530 741 quorumcumque,
1561 699 1656 731 ctiam
1679 699 1766 733 iura-

1020 752 1139 787 mento,
1162 747 1405 782 confirmatione
1428 751 1602 794 apostolica
1622 753 1669 786 vel
1690 764 1767 797 qua-

1018 800 1062 832 vis
1079 800 1232 834 firmitate
1253 803 1314 835 alia
1328 804 1496 845 roboratis,
1511 807 1635 839 statutis
1645 812 1675 840 et
1688 818 1766 840 con-

1018 854 1265 896 suetudinibus;
1296 857 1469 901 privilegiis
1495 869 1636 903 quoque,
1660 861 1765 895 indul-

1019 908 1057 940 tis
1076 914 1107 940 et
1126 908 1242 942 litteris
1253 911 1437 953 apostolicis
1457 911 1568 945 Ordini
1591 920 1621 946 et
1641 915 1765 958 priora-

1020 961 1064 993 tui
1086 962 1258 1005 praedictis
1279 963 1476 1008 illorumque
1496 967 1718 1010 superioribus
1735 975 1766 1003 ct

1019 1015 1175 1058 personis,
1195 1017 1255 1049 sub
1275 1017 1535 1062 quibuscumque
1553 1021 1720 1055 tenoribus
1736 1028 1766 1055 et

1018 1068 1138 1109 formis,
1147 1071 1455 1115 quomodocumque
1467 1073 1639 1114 concessis,
1652 1085 1766 1119 appro-

1018 1121 1099 1155 batis
1129 1128 1161 1155 et
1193 1123 1360 1157 innovatis.
1391 1124 1513 1164 Quibus
1539 1128 1702 1168 omnibus,
1732 1139 1765 1161 e-

1019 1175 1122 1208 tiamsi
1149 1176 1188 1209 de
1207 1177 1271 1210 illis
1293 1188 1470 1222 eorumque
1498 1180 1573 1213 totis
1599 1181 1766 1215 tenoribus

1018 1229 1178 1272 specialis,
1201 1231 1363 1274 specifica,
1383 1243 1531 1276 expressa
1551 1234 1764 1275 etindividua,

1018 1292 1083 1314 non
1110 1288 1218 1316 autem
1248 1295 1307 1328 per
1334 1285 1495 1319 clausulas
1522 1288 1687 1329 generales
1704 1288 1765 1321 ibi-

1019 1335 1090 1368 dem
1129 1336 1351 1380 importantes,
1391 1340 1512 1373 mentio
1550 1351 1605 1373 seu
1635 1342 1766 1385 quaevis

1019 1389 1081 1422 alia
1106 1391 1267 1434 expressio
1286 1392 1433 1425 habenda
1454 1394 1546 1435 foret,
1569 1394 1699 1428 illorum
1722 1402 1766 1429 te-

1019 1453 1114 1476 nores
1141 1446 1364 1487 praesentibus
1392 1457 1450 1490 pro
1471 1449 1628 1491 expressis
1647 1449 1767 1482 haben-

1019 1501 1077 1537 tes,
1105 1497 1168 1530 illis
1196 1498 1273 1531 alias
1293 1499 1326 1532 in
1351 1511 1409 1534 suo
1434 1501 1550 1534 robore
1576 1512 1766 1546 permansu—

1021 1549 1076 1590 ris,
1098 1551 1158 1584 hac
1177 1552 1245 1585 rice
1266 1553 1441 1594 dumtaxat,
1464 1555 1646 1598 specialiter
1665 1561 1695 1589 et
1714 1566 1767 1589 ex-

1022 1614 1129 1647 presse
1150 1605 1354 1647 derogamus,
1375 1608 1544 1640 contrariis
1556 1609 1768 1652 quibuscum-

1022 1667 1095 1700 que.
1111 1658 1173 1691 Aut
1185 1659 1210 1692 si
1233 1660 1332 1703 aliqui
1349 1671 1446 1704 super
1462 1662 1698 1705 provisionibus
1709 1662 1768 1695 sibi

1023 1711 1179 1745 faciendis
1199 1713 1238 1746 de
1266 1714 1464 1757 prioratibus
1492 1714 1676 1748 huiusmodi
1701 1727 1770 1760 spe-

1024 1766 1120 1799 ciales
1147 1767 1194 1799 vel
1215 1767 1285 1800 aliis
1303 1767 1469 1801 beneficiis
1489 1769 1713 1801 ecclesiasticis
1738 1769 1770 1802 in

1023 1819 1086 1852 illis
1110 1820 1254 1864 partibus
1280 1822 1445 1863 generales
1469 1821 1571 1854 dictae
1600 1822 1689 1855 Sedis
1721 1823 1769 1855 vel

1024 1874 1203 1916 legatorum
1239 1874 1307 1908 eius
1337 1874 1458 1907 litteras
1492 1875 1712 1918 impetrarint,
1740 1886 1771 1909 e-

1024 1927 1128 1960 tiamsi
1148 1938 1206 1971 per
1225 1938 1278 1960 eas
1297 1928 1336 1960 ad
1361 1928 1599 1968 inhibitionem,
1626 1939 1769 1962 reserva-

1025 1981 1158 2022 tionem,
1188 1987 1220 2014 et
1243 1981 1408 2014 decretum
1430 1982 1476 2013 rel
1496 1981 1573 2013 alias
1592 1982 1771 2025 quomodo-

1024 2034 1102 2068 libet
1122 2034 1162 2067 sit
1181 2045 1384 2078 processuum
1401 2045 1479 2078 quas
1499 2035 1627 2078 quidem
1649 2035 1771 2069 litteras

1025 2094 1057 2120 et
1076 2098 1245 2131 processus
1269 2088 1396 2121 habitos
1416 2099 1473 2132 per
1496 2088 1622 2121 easdem
1645 2095 1676 2121 et
1696 2089 1770 2122 inde

1025 2148 1161 2184 sequuta
1186 2152 1408 2185 quaecumque
1436 2142 1475 2173 ad
1511 2141 1677 2175 ecclesiam
1714 2153 1769 2174 seu

1025 2195 1255 2227 monasterium
1278 2200 1307 2227 et
1326 2195 1504 2238 prioratum
1522 2195 1707 2228 huiusmodi
1720 2206 1772 2228 vo-

1025 2252 1132 2285 lumus
1160 2263 1224 2285 non
1250 2253 1386 2293 extendi,
1407 2253 1461 2285 sed
1481 2253 1607 2285 nullum
1632 2264 1690 2296 per
1709 2253 1771 2286 hoc

1026 2306 1071 2339 eis
1096 2306 1202 2349 quoad
1229 2306 1460 2339 assecutionen‘i
1482 2307 1683 2350 prioratuum
1715 2317 1770 2339 seu

1025 2363 1256 2396 beneficiorum
1290 2363 1426 2396 aliorum
1455 2363 1689 2407 praeiudicium
1718 2375 1772 2406 ge-

1026 2421 1151 2461 nerari3
1174 2427 1205 2453 et
1225 2422 1418 2464 quibuslibet
1432 2422 1502 2454 aliis
1516 2421 1701 2466 privilegiis,
1720 2422 1771 2455 in-

1027 2479 1198 2522 dulgentiis
1224 2485 1254 2512 et
1282 2480 1397 2513 litteris
1416 2480 1612 2523 apostolicis,
1635 2491 1770 2523 genera-

1026 2537 1110 2570 libus
1128 2537 1175 2570 vel
1196 2537 1400 2581 specialibus,
1418 2549 1700 2582 quorumcumque
1723 2543 1769 2571 te-

1027 2605 1143 2629 norum
1173 2595 1319 2637 existant,
1350 2607 1407 2640 pcr
1437 2607 1530 2640 quae,
1551 2596 1771 2641 praesentibus

1783 215 1833 242 An.
1850 214 1963 243 0158ss
