2059 3228
25 212 73 269 tp.
87 222 115 253 c.
131 222 197 251 1584?

481 301 486 306 .
526 274 640 308 xxvtt.

211 358 373 400 Quaelibet
389 360 570 403 proprietas
590 360 625 392 in
650 361 955 403 conqreqationeca-

252 412 442 445 nonicorum
467 413 665 454 reqularium
684 413 799 446 Sancti
824 413 953 456 Georyii

252 465 289 498 in
306 465 388 508 Alya
405 465 609 499 Venetiarum
620 466 828 499 interdicitur
840 465 866 499 1.

252 544 348 574 Sixtus
361 545 432 581 Papa
440 544 470 578 V.
482 545 516 573 ad
526 546 685 581 perpetuam
695 544 736 573 rei
744 544 912 573 memoriam.

252 617 313 650 Pro
326 617 478 662 pastorali
489 617 594 650 officio
605 617 697 650 nobis
705 616 854 649 divinitus
869 627 956 650 com-

28 665 167 694 'enemim
209 670 319 710 misso,
337 671 510 715 praecipua
527 681 656 714 semper
671 670 885 703 sollicitudine
906 671 955 702 in-

208 724 369 757 tendimus
393 729 428 757 ut
453 724 595 767 religiosi
616 730 646 757 et
671 724 856 757 claustrales
884 723 953 762 viri,

207 777 262 821 qui
273 783 437 821 tamquam
457 777 616 810 scintillae
629 777 765 820 fulgere,
777 783 807 810 et
818 777 849 809 in
861 788 957 809 arun-

207 830 317 864 dineto
329 830 425 863 huius
436 830 733 864 saeculidiscurrere
747 831 875 871 debent,
891 841 955 863 non

208 889 344 925 tantum,
363 883 449 917 iuxta
464 884 695 928 praescriptam
725 884 881 927 regularis
906 883 955 916 di-

207 937 361 982 sciplinae
386 937 633 978 observantiam,
656 948 727 970 cum
747 937 835 971 omni
860 938 955 970 casti-

207 997 282 1032 tate,
295 996 485 1035 paupertate
502 996 532 1024 et
551 991 733 1024 ohedientia
746 990 863 1031 sobrie,
875 991 955 1023 iuste

206 1048 238 1078 et
257 1044 309 1088 pie
326 1044 469 1078 Creatori
487 1050 598 1077 nostro
618 1044 826 1084 famulentur,
842 1044 897 1077 sed
914 1045 955 1077 ita

206 1098 302 1132 etiam
322 1098 428 1132 luceat
447 1098 500 1131 lux
513 1108 627 1131 eorum
644 1108 752 1130 coram
769 1097 955 1130 bominibus

206 1156 242 1186 ut
260 1152 314 1185 alii
334 1152 368 1185 in
383 1152 534 1186 omnibus
554 1151 698 1195 ipsorum
719 1151 871 1195 operibus
896 1151 954 1183 Pa-

206 1211 289 1240 trem
304 1211 462 1246 nostrum,
477 1205 574 1250 quiin
587 1205 686 1239 coelis
698 1211 755 1246 est,
773 1204 955 1248 glorificare

207 1259 340 1304 possint.

59 1348 73 1362 Ι
250 1313 265 1357 ἓ
284 1313 316 1346 t.
343 1312 436 1353 Sane,
463 1323 535 1346 cum
552 1312 601 1345 vix
620 1312 713 1346 nobis
733 1312 886 1353 innotuit,
909 1313 956 1346 in-

68 1363 196 1413 ''¹¹'²⁰¹⁸¹¹.⁰⁸-
206 1370 256 1400 ter
274 1366 385 1410 plures
405 1366 579 1400 canonicos
603 1377 658 1400 seu
687 1365 800 1399 fratres
821 1377 955 1409 congre-

161 1429 166 1434 ·
184 1419 344 1465 -gationis
368 1419 475 1453 Sancti
502 1419 629 1463 Georgii
655 1420 689 1452 in
711 1420 788 1462 Alga
808 1420 956 1453 Venetia-

188 1484 293 1514 .rum‚
312 1472 439 1507 Ordinis
458 1472 565 1506 Sancti
585 1473 766 1516 Augustini,
780 1480 891 1506 contra
903 1485 956 1507 ex-

185 1532 194 1537 ·
207 1537 355 1572 pressum
375 1527 574 1570 paupertatis
593 1531 713 1566 votum,
733 1527 819 1570 quod
844 1527 907 1559 Deo
924 1527 956 1559 in

208 1580 380 1615 emissione
399 1579 608 1624 professionis
617 1580 742 1613 disertis
753 1580 856 1613 verbis
867 1591 957 1623 prae-

207 1633 367 1675 stiterunt,
382 1633 561 1667 detestandi
571 1634 690 1667 abusus
700 1633 889 1677 irrepserint
903 1633 957 1666 ha-

206 1686 304 1720 bendi
322 1687 493 1731 proprium
509 1692 541 1720 et
552 1686 738 1720 retinendae
751 1686 957 1731 proprietatis

207 1740 402 1784 plerumque
427 1741 524 1774 etiam
545 1741 628 1773 male
648 1740 878 1784 acquisitorum
899 1740 956 1773 bo-

209 1804 325 1826 norum
351 1799 382 1827 et
410 1794 644 1838 pecuniarum;
673 1804 742 1834 nos,
773 1793 850 1826 huic
870 1799 958 1827 tanto

209 1847 294 1881 malo
317 1852 438 1891 quanto
463 1847 557 1880 citius
590 1857 761 1880 occurrere
782 1847 957 1890 cupientes,

209 1899 359 1942 extirpari
383 1900 515 1933 omnino
543 1897 883 1933 abusum'huiusmodi
904 1912 958 1934 vo-

208 1952 328 1994 lumus,
350 1958 386 1986 ut
404 1953 448 1986 ita
464 1953 518 1986 Dei
538 1953 656 1986 honori
670 1958 700 1986 et
720 1953 880 1986 dictorum
898 1955 959 1987 sra-

209 2012 296 2039 trum
319 2006 500 2040 animarum
521 2007 615 2040 saluti
636 2007 837 2047 consulatur,
859 2018 896 2040 ac
915 2008 958 2041 si-

210 2060 278 2093 mul
292 2060 387 2094 etiam
408 2061 614 2104 provideatur
633 2060 779 2104 pluribus
791 2061 960 2095 necessita-

210 2113 308 2153 tibus,
338 2113 526 2157 praesertim
551 2124 625 2147 vero
654 2114 856 2147 dissolutioni
877 2116 960 2148 aeris

211 2160 319 2207 alieni,
339 2177 403 2211 quo
416 2167 486 2211 ipsa
506 2167 711 2210 congregatio
732 2167 878 2201 universa
889 2179 960 2211 gra-

211 2224 282 2252 vata
320 2224 378 2260 est,
417 2231 483 2253 non
514 2226 578 2253 tam
608 2220 724 2253 iniuria
757 2226 956 2264 temporum,

213 2283 311 2316 quam
340 2273 435 2318 culpa
466 2284 592 2314 eorum,
628 2274 683 2316 qui
695 2300 703 2314 ,
733 2274 809 2306 dum
837 2274 958 2308 diversa

212 2336 345 2360 munera
353 2327 514 2367 obierunt,
529 2327 698 2371 proprium
714 2327 841 2360 lucrum
856 2329 959 2372 publi-

212 2389 268 2413 cae
277 2379 406 2413 utilitati
418 2385 659 2423 anteponentes,
676 2386 731 2413 aut
746 2381 805 2413 sibi
822 2392 958 2425 usurpa-

212 2437 288 2466 runt
315 2443 398 2477 quae
427 2433 614 2466 communia
638 2439 749 2474 erant,
780 2438 834 2466 aut
863 2435 957 2467 etiam

210 2486 434 2529 neglexerunt.

254 2539 270 2582 5
293 2539 324 2572 2.
353 2540 470 2583 ltaque,
482 2540 598 2573 tradita
608 2539 700 2573 nobis
711 2540 887 2584 apostolica
900 2552 940 2585 po

249 2615 260 2645 t
277 2614 319 2643 Ex
335 2615 446 2653 aegest.
462 2615 490 2644 in
510 2615 615 2646 secret.
632 2616 774 2645 BrevIum.

871 222 938 246 Stxr
942 222 975 246 US
999 223 1013 246 ν’
1032 223 1078 247 ΡΡ.

1638 216 1696 251 651

997 327 1191 369 gregationis
1212 329 1323 362 fratres
1342 340 1398 362 seu
1419 330 1591 363 canonicos
1611 342 1618 363 ι
1638 342 1646 350 ’·
1689 331 1704 348 ·“
1731 350 1744 355 -

997 392 1058 421 ies,
1087 380 1182 412 etiam
1210 383 1386 423 geum-ates,
1410 383 1533 425 privato
1553 389 1585 416 ct
1614 384 1745 427 proprio

998 443 1106 467 rerum
1144 433 1371 478 bonorumque
1401 436 1546 469 omnium
1575 437 1744 470 mobilium

997 492 1027 520 et
1046 488 1278 521 semoventium
1299 489 1455 529 «tunninio,
1477 492 1742 531 usu,ususructu,

997 540 1209 584 possessione,
1230 542 1440 585 proprietate,
1469 554 1504 576 ac
1525 543 1618 576 etiam
1645 555 1744 587 pecu-

997 594 1056 627 niis
1072 599 1321 638 etquoeuuique
1343 596 1481 639 peculio,
1499 597 1745 639 quomodolibet

996 647 1214 691 acquisitisvel
1228 648 1381 689 obventis,
1400 656 1557 693 perpetuo
1570 650 1742 693 privamus,

996 700 1144 744 dietaque
1173 702 1372 744 possessione
1398 714 1601 743 amovemus,
1623 716 1660 737 ac
1681 705 1744 747 pri-

997 758 1084 786 vatos
1115 760 1146 787 et
1178 760 1301 788 amotos
1330 756 1534 797 nunciamus,
1566 757 1743 801 eademque

997 808 1179 851 supradicta
1205 808 1237 841 in
1258 809 1415 852 cuiusque
1430 809 1557 851 domus,
1578 811 1670 843 cuius
1690 822 1742 844 ca-

997 861 1104 895 nonici
1130 872 1185 894 seu
1206 862 1320 894 fratres
1345 862 1398 895 illa
1422 863 1576 896 haetenus
1596 864 1741 897 detinue-

996 915 1072 956 rint,
1092 926 1281 948 commuues
1302 927 1377 948 usus
1397 917 1610 949 convertenda
1627 928 1742 950 conce-

995 968 1121 1008 dimus3
1155 968 1290 1011 iuraque
1312 974 1343 1001 et
1362 969 1502 1002 actiones
1520 981 1555 1002 ac
1577 971 1742 1004 facultates

996 1021 1141 1065 exigendi
1177 1033 1398 1066 quascumque
1425 1024 1588 1067 pecunias,
1616 1035 1741 1058 necnon

996 1086 1121 1115 census,
1157 1076 1300 1109 redditus
1324 1083 1379 1109 aut
1411 1077 1581 1121 pensiones
1601 1089 1738 1119 annuas,

996 1136 1058 1162 tam
1079 1130 1184 1172 quoad
1210 1131 1332 1163 fructus
1353 1131 1437 1174 ipsos
1457 1137 1612 1164 etcensus¹
1623 1144 1742 1165 annua-

997 1183 1296 1226 timprovenientes,
1315 1195 1411 1227 quain
1433 1187 1537 1228 quoad
1555 1192 1671 1219 sortem
1693 1187 1741 1230 ip-

996 1247 1060 1269 sam
1081 1237 1293 1280 principalem
1312 1248 1367 1270 seu
1389 1239 1570 1282 capitalem,
1593 1250 1629 1272 ac
1650 1240 1741 1273 deni-

996 1300 1057 1333 que
1081 1290 1213 1323 nomina
1235 1291 1417 1324 debitorum
1432 1318 1440 1332 ‚
1462 1304 1518 1325 seu
1544 1299 1647 1326 certos
1672 1295 1741 1327 recl-

997 1343 1080 1376 'litus
1101 1343 1273 1376 domorum
1294 1345 1506 1387 singularum,
1539 1357 1620 1389 quae
1652 1353 1740 1380 taxae

1003 1398 1211 1442 ippellantur,
1243 1399 1376 1432 cuilibet
1396 1401 1550 1434 canonico
1579 1402 1628 1434 vel
1651 1402 1739 1435 fratri

998 1452 1142 1495 privatim
1164 1455 1390 1497 competentia,
1419 1455 1530 1498 quovis
1559 1462 1736 1498 praetextu,

997 1506 1104 1539 colore
1136 1507 1183 1539 vel
1212 1507 1316 1547 titulo,
1343 1508 1438 1540 etiam
1459 1519 1608 1549 oneroso,
1631 1520 1667 1541 ac
1688 1520 1738 1542 ra-

997 1560 1081 1592 :ione
1101 1566 1286 1603 sumptuum
1314 1562 1471 1594 sartorum
1493 1572 1549 1603 pro
1575 1564 1740 1596 communi

998 1613 1131 1646 utilitate
1148 1615 1195 1647 vel
1216 1615 1403 1647 necessitate
1424 1615 1739 1657 urgentidomusali-

999 1667 1088 1700 euius
1108 1678 1163 1700 seu
1183 1668 1281 1701 totius
1305 1668 1575 1711 congregationis,
1608 1668 1658 1701 eui
1680 1669 1741 1701 sor-

1002 1730 1050 1752 =an
1072 1720 1188 1764 aliquis
1208 1731 1319 1754 eorum
1338 1722 1376 1754 ‹le
1403 1721 1543 1764 propriis
1563 1721 1741 1753 redditibus

999 1773 1153 1811 <uiuente
1174 1780 1229 1806 aut
1254 1774 1407 1817 pecunias
1428 1780 1555 1807 mutuas
1580 1774 1677 1814 dedit,
1706 1784 1742 1806 ac

999 1828 1028 1859 in
1049 1828 1235 1861 earumdem
1265 1828 1484 1871 impensarum
1506 1827 1742 1871 compensatio-

997 1890 1069 1913 nem
1107 1886 1137 1913 et
1174 1881 1327 1919 solutiun‚
1368 1881 1554 1913 auctoritate
1586 1891 1742 1923 quorum-

997 1944 1135 1977 cumque
1149 1935 1366 1978 superiorum,
1381 1934 1475 1967 etiam
1490 1933 1744 1977 generalisprio-

998 1987 1040 2021 ris
1061 1988 1109 2020 vel
1131 1989 1261 2031 capituli
1284 1989 1359 2021 item
1386 1989 1556 2031 generalis,
1579 1987 1742 2030 sigillatim

998 2041 1156 2084 assignata
1176 2047 1205 2074 et
1225 2042 1369 2085 delegata
1392 2041 1438 2074 vel
1471 2042 1561 2081 alias,
1584 2051 1743 2083 quocum-

998 2106 1060 2137 que
1081 2095 1189 2134 modo,
1212 2096 1364 2128 cnusavel
1379 2095 1559 2134 occasione,
1574 2094 1672 2127 cuivis
1688 2104 1744 2127 eo-

1001 2160 1069 2181 rum
1091 2159 1254 2187 concessa,
1277 2149 1315 2180 ab
1336 2149 1414 2192 ipsis
1433 2147 1649 2190 singularibus
1669 2158 1744 2191 per-

1007 2203 1084 2236 -onis
1110 2203 1148 2235 ad
1168 2213 1339 2235 commune
1355 2202 1515 2234 aerarium
1532 2201 1601 2234 eius
1615 2202 1741 2242 domus,

977 2256 978 2271 ¹
999 2256 1048 2288 eui
1071 2256 1188 2288 ezedem
1210 2265 1366 2298 personae
1394 2254 1514 2288 suerint
1549 2254 1741 2297 adscriptae,

1000 2309 1231 2341 transferimus.
1681 2324 1697 2330 -

1041 2362 1055 2404 ἓ
1080 2360 1110 2393 3.
1139 2362 1181 2393 Ac
1202 2361 1309 2393 onmia
1330 2366 1360 2394 et
1378 2371 1598 2404 quaecumque
1618 2359 1743 2404 privile·
1783 2373 1857 2397 omna
1877 2380 1941 2402 sup„

1756 2407 1796 2427 lior
1822 2406 1938 2434 privilegia,

1087 2459 1091 2463 -
1453 2459 1457 2462 .
1664 2458 1668 2462 ,
1756 2438 1861 2463 licentias,
1901 2437 1941 2456 dis-

999 2470 1064 2499 nes,
1085 2459 1217 2498 indulta,
1239 2464 1302 2490 tam
1324 2459 1499 2502 apostolica
1522 2469 1616 2500 quarn
1640 2458 1742 2490 dicto·
1755 2469 1931 2503 perpsauonesuw

1757 2502 1833 2524 trrttat;

998 2411 1060 2452 gia,
1083 2411 1350 2452 dispensationes,
1373 2410 1529 2450 licentias,
1557 2410 1742 2453 permissio-

999 2518 1069 2540 rum
1091 2508 1308 2550 superiorum,
1331 2508 1425 2540 etiam
1447 2507 1605 2549 generalis
1625 2507 1743 2550 prioris

999 2557 1047 2589 vel
1073 2558 1214 2600 capituli,
1244 2557 1443 2596 auctoritate,
1462 2556 1557 2588 etiam
1582 2555 1741 2599 perviam

999 2611 1193 2647 contractus,
1211 2606 1436 2650 assignationis
1460 2606 1507 2638 vel
1528 2605 1742 2647 obligationis,

1765 225 1817 253 An.
1832 226 1859 253 C.
1879 219 1947 255 158ss
