2059 3228
119 228 171 257 An.
189 230 216 258 C.
236 232 302 261 1580

361 223 426 255 772

913 230 991 253 ῐΊῙἿᾸΔ
1001 230 1092 252 ΠΠΓΠ
1117 230 1179 252 11011
1188 230 1265 252 xx'rxt

317 289 373 319 ret,
391 290 419 315 ct
435 293 562 325 semper
579 283 609 314 iu
628 282 803 315 unionibus
815 282 997 315 commissio
1013 282 1066 313 t'ic-
1104 279 1208 320 cuitu,
1227 281 1408 322 structuris,
1431 281 1586 316 aedificiis
1605 287 1636 316 et
1651 281 1855 327 pertinentiis

317 344 361 369 ret
387 336 424 368 ad
446 341 562 378 partes,
589 336 704 368 roratis
725 346 863 378 quorum
885 335 1062 371 interesset,

315 389 523 425 erectionem,
544 389 792 429 iustitutionem,
807 388 972 428 unionem,
986 399 1064 421 con-

317 442 486 474 nexionem
508 446 538 474 et
559 442 866 484 incorporationem,
885 442 1064 475 concessio-

315 505 388 527 nem
408 495 594 527 huiusmodi
621 507 658 528 cx
678 495 842 538 quibusvis
862 495 967 528 causis
983 495 1063 528 etsi-

314 548 380 580 mili
402 553 491 581 motu
513 559 550 581 ac
570 559 605 581 ex
627 554 713 582 certa
730 549 862 582 scic-ntia
876 554 907 582 et
926 549 964 581 de
985 559 1062 592 apo-

312 601 444 633 stolicae
473 601 639 645 potestatis
657 602 868 645 plenitudine,
892 613 965 635 cum
990 602 1062 645 qui-

312 654 418 686 busvis
444 655 598 688 clausulis
623 655 833 698 derogatoriis
865 656 992 695 factam,
1028 666 1062 688 e-

312 707 417 740 tiamsi
438 707 491 740 illa
510 708 659 741 effectum
677 709 786 741 sortita
804 709 912 748 suerit,
931 714 1062 753 aposto-

312 761 372 793 lica
391 760 595 801 auctoritate,
625 768 734 795 tenore
762 762 994 806 praesentium,
1025 772 1061 794 ex

310 820 398 847 certa
421 820 531 848 nostra
558 815 692 848 scicntia
718 821 914 855 revocantes,
938 825 1062 848 cassan-

310 874 358 900 tes
381 874 412 901 et
441 869 646 902 annullantes
666 880 702 902 ac
723 869 852 913 penitus
877 874 909 901 et
929 869 1060 901 omnino

309 921 528 963 dissolventes,
551 933 587 955 ac
609 933 667 966 pro
688 923 776 955 nulla
793 929 823 955 et
839 923 956 955 insecta
974 922 1062 956 aevi-

308 975 399 1007 ribus
418 986 520 1009 vacua
536 976 648 1009 haberi
669 977 892 1016 decernentes,
912 981 1003 1009 motu
1021 976 1061 1008 si-

309 1028 376 1061 mili
397 1034 429 1061 et
448 1039 485 1062 ex
506 1034 594 1063 certa
613 1034 722 1062 nostra
742 1030 876 1062 scientia
899 1040 936 1062 ac
962 1031 1001 1062 de
1026 1040 1060 1062 a·

307 1082 483 1125 postolicae
508 1083 672 1126 potestatis
692 1083 906 1127 plenitudine,
933 1083 1059 1127 priora-

308 1142 376 1168 tum
397 1136 428 1169 S.
449 1136 579 1169 Antonii
599 1136 820 1177 Bononiensis,
844 1136 1060 1177 OrdinisvSan-

310 1188 351 1221 cti
372 1189 552 1231 Augustini,
576 1200 672 1232 quem
695 1190 832 1223 dilectus
852 1190 937 1222 filius
961 1191 1058 1223 Anto-

305 1241 380 1274 nius
404 1243 443 1275 de
464 1243 630 1283 Ianerinis,
648 1244 751 1287 ipsius
772 1244 936 1287 prioratus
955 1246 1055 1288 prior,

306 1296 478 1340 utriusque
500 1297 580 1329 iuris
597 1297 722 1336 doctor,
745 1297 881 1338 obtinet,
904 1308 940 1331 ac
964 1298 997 1330 in
1021 1307 1058 1330 eo

306 1359 438 1385 nomen,
456 1349 587 1382 titulum
606 1356 636 1383 et
653 1350 950 1384 denominationem
970 1351 1058 1395 prio-

306 1408 407 1442 ratus,
427 1402 644 1447 Ordinemque
657 1404 761 1447 ipsum
787 1404 818 1437 S.
836 1405 1006 1447 Augustini
1021 1416 1058 1438 ac

305 1465 438 1488 omnem
472 1457 645 1490 essentiam
675 1458 857 1499 regularem
886 1464 1056 1502 perpetuo,

306 1509 346 1542 de
375 1509 477 1553 ipsius
505 1510 636 1543 Antonii
662 1521 834 1551 consensu,
866 1512 1057 1545 auctoritate

307 1568 337 1596 ct
355 1569 465 1596 tenore
486 1564 680 1607 praemissis,
704 1565 937 1608 supprimimus
956 1571 987 1598 et
1003 1577 1056 1599 ex-

305 1616 494 1659 tinguimus,
511 1618 596 1650 acin
616 1618 734 1661 palatio
755 1624 784 1651 et
805 1619 960 1652 aedificiis
980 1630 1056 1663 sup-

305 1670 410 1713 pressi
439 1671 601 1714 prioratus
629 1671 816 1704 huiusmodi
851 1672 1056 1716 praedictum

307 1724 480 1766 collegium
493 1724 606 1757 Montis
625 1725 687 1757 Alti
705 1736 763 1769 pro
779 1725 911 1758 totidem
929 1726 1055 1759 schola-

306 1777 408 1817 ribus,
426 1778 513 1811 iuxta
525 1778 654 1811 ordines
673 1784 704 1811 et
720 1783 836 1811 statuta
854 1779 994 1823 desuper
1008 1780 1055 1812 fa-

307 1830 422 1864 cienda
441 1837 473 1864 et
492 1832 662 1865 statuenda
682 1832 886 1875 qualificatis,
905 1844 964 1877 per
982 1833 1056 1866 uni-

306 1885 471 1919 ret-sitates
500 1892 531 1919 et
563 1886 712 1920 homines
745 1887 931 1920 huiusmodi
961 1888 1056 1921 modo

309 1939 485 1981 praemisso
509 1939 665 1980 eligendis
683 1945 713 1973 et
731 1941 938 1973 nominandis
958 1947 1002 1981 ut,
1024 1941 1056 1974 in

308 1993 377 2035 ipso
398 1993 534 2036 collegio
555 1994 667 2031 Montis
690 1994 750 2026 Atti
773 1994 967 2038 recipiendis
995 1995 1056 2027 ihi-

307 2046 447 2089 demque
473 2047 530 2079 sul]
561 2047 657 2079 unius
682 2047 818 2080 rectoris
848 2058 925 2080 cura
952 2053 980 2081 ct
1001 2060 1058 2090 gu-

307 2099 420 2132 bernio
441 2100 480 2132 ad
509 2100 768 2143 quinquennium
797 2102 845 2133 vel
870 2101 956 2133 aliud
979 2107 1058 2134 tem-

308 2163 368 2194 pus
381 2152 520 2196 desuper
537 2153 755 2193 statuendum,
777 2158 809 2186 et
824 2164 889 2187 non
906 2155 1006 2191 ultra,
1022 2166 1056 2187 a-

309 2205 411 2238 lendis
432 2212 528 2249 atque
549 2207 766 2247 confovendis,
785 2218 911 2240 necnon
932 2208 964 2240 in
982 2208 1057 2241 Uni-

309 2259 455 2291 xersitatc
486 2260 586 2292 Studii
617 2261 777 2302 generalis
801 2260 903 2294 dictae
924 2261 1058 2294 civitatis

310 2312 487 2353 theologiae
517 2324 553 2345 ac
583 2314 752 2357 utriusque
775 2313 854 2347 iuris
873 2315 1057 2357 artiumque

309 2365 422 2397 studiis
438 2376 475 2398 ac
499 2366 568 2398 aliis
588 2366 728 2399 scientiis
748 2372 778 2399 et
798 2367 975 2410 disciplinis
1000 2377 1058 2410 pro

311 2413 468 2455 cuiusque
481 2415 656 2457 capacitate
669 2425 801 2458 operam
814 2416 988 2455 navaturis,
1004 2415 1058 2447 ibi-

311 2462 381 2493 dem
410 2469 566 2504 perpetuo
604 2463 756 2505 erigimus
785 2469 815 2495 et
841 2463 1055 2503 instituimus3

312 2508 436 2552 ipsique
457 2511 593 2551 collegio
615 2512 727 2544 Montis
752 2512 813 2544 Alti
839 2513 1005 2545 ecclesiam
1029 2523 1057 2545 c-

313 2558 434 2590 iusdem
451 2560 613 2603 suppressi
635 2561 798 2603 prioratus
817 2572 943 2594 necnon
963 2562 1057 2594 aedes

311 2607 502 2648 praedictas,
525 2620 597 2641 cum
619 2619 730 2642 earum
751 2609 826 2650 situ,
845 2611 981 2651 ambitu,
997 2610 1058 2644 cir-

1107 333 1275 373 universis‚
1298 334 1393 367 etiam
1418 340 1576 378 perpetuo
1601 337 1809 370 concedimus
1824 342 1856 370 et

1105 386 1325 429 assignamus,
1361 387 1563 431 applicamus
1600 394 1631 422 ct
1666 390 1856 434 appropria-

1105 450 1187 472 lllU'S.

1147 493 1161 535 ξ
1186 493 1216 526 3.
1245 495 1378 537 Insuper
1388 494 1493 528 eidem
1506 495 1642 538 collegio
1653 495 1766 529 Montis
1779 497 1852 538 Alti,

1908 502 1954 523 Atta
1967 508 2016 530 quw,
2028 514 2032 521 .

1868 534 1913 554 unit
1948 531 2028 555 hese

1103 557 1161 590 pro
1188 547 1275 579 illius
1295 547 1368 580 dote
1388 559 1425 580 ac
1444 548 1579 581 rectoris
1603 553 1633 581 et
1646 549 1852 583 'scholarium
1867 564 1901 587 mc
1915 568 1994 591 expn

1103 601 1343 643 praedictorum
1371 601 1620 642 sustentatione,
1651 612 1852 647 onerumque

1103 654 1167 686 itlis
1179 665 1237 697 pro
1250 660 1395 697 tempore
1408 647 1854 695 incumbentium,ecclesiam

1101 718 1155 740 seu
1179 708 1408 741 monasterium
1428 708 1459 741 S.
1483 708 1646 742 Michaelis
1668 714 1700 742 ct
1727 709 1854 752 priora-

1101 766 1168 794 tum
1191 761 1221 793 S.
1246 761 1361 795 Mariae
1375 762 1413 794 de
1428 761 1558 805 Angelis
1576 762 1774 804 huiusmodi,
1784 763 1856 807 qui-

1101 815 1161 848 bus
1182 826 1259 847 cura
1280 826 1344 848 non
1363 815 1510 848 imminet
1520 815 1765 858 animarum,ac
1774 827 1856 861 quo-

1102 879 1173 900 rum
1195 874 1221 900 et
1238 868 1300 900 illis
1312 869 1419 901 forsan
1430 868 1562 902 annexis
1572 868 1704 902 insimul
1714 869 1850 912 fructus,

1102 920 1244 954 redditus
1268 927 1300 954 et
1324 927 1499 965 proventus
1523 917 1764 965 ncngcntorum
1792 923 1854 957 du-

1102 980 1246 1008 catorum
1267 975 1337 1008 auri
1355 976 1393 1008 de
1404 976 1550 1016 Camera,
1565 977 1744 1010 secundum
1762 988 1851 1011 com-

1102 1039 1232 1061 munem
1262 1029 1502 1062 extimationem
1529 1030 1647 1063 valoris
1675 1031 1785 1072 annui,
1815 1036 1852 1065 ut

1100 1082 1195 1114 etiam
1216 1083 1414 1126 accepimus,
1436 1093 1501 1116 non
1523 1084 1693 1125 excedunt,
1715 1084 1852 1129 quibus<

1100 1135 1143 1168 vis
1165 1136 1280 1175 modis,
1304 1142 1335 1169 et
1355 1147 1390 1170 ex
1401 1147 1682 1182 quorumcumque
1692 1139 1851 1182 personis,

1099 1199 1153 1221 seu
1175 1199 1233 1232 per
1260 1190 1379 1223 liberas
1403 1190 1634 1233 resignationes
1662 1192 1850 1235 quorumvis

1098 1243 1136 1275 de
1164 1242 1227 1276 illis
1256 1253 1312 1276 seu
1337 1243 1494 1286 regimine
1517 1249 1547 1277 et
1567 1245 1852 1280 administratione

1098 1296 1174 1328 dicti
1195 1297 1395 1338 monasterii,
1418 1297 1449 1330 in
1468 1297 1553 1331 dicta
1572 1298 1668 1332 Curia
1687 1299 1737 1332 vel
1763 1304 1852 1332 extra

1098 1360 1181 1388 cam,
1204 1349 1301 1383 etiam
1321 1360 1431 1384 coram
1451 1351 1578 1384 notario
1599 1351 1732 1396 publico
1753 1358 1784 1386 et
1804 1357 1852 1386 te-

1098 1403 1200 1435 stibus
1217 1408 1331 1446 sponte
1351 1404 1460 1445 factas,
1476 1410 1601 1444 vacent,
1615 1405 1741 1438 etiamsi
1760 1410 1850 1440 tanto

1099 1462 1243 1499 ‘tempore
1260 1456 1441 1490 vacaverint
1461 1457 1549 1502 quod
1569 1468 1683 1491 eorum
1704 1459 1849 1501 collatio,

1098 1510 1182 1542 {uua
1192 1510 1414 1544 Lateranensis
1431 1516 1551 1544 statuta
1571 1511 1714 1554 concilii,
1737 1512 1777 1546 ad
1794 1512 1851 1546 Se-

1097 1564 1166 1597 dem
1191 1565 1387 1607 praedictam
1407 1565 1550 1607 legitime
1572 1565 1732 1606 devoluta,
1746 1576 1784 1599 ac
1798 1577 1852 1610 ec-

1099 1617 1194 1651 clesia
1223 1623 1253 1650 et
1285 1617 1447 1661 prioratus
1467 1617 1499 1651 S.
1522 1618 1638 1651 Mariae
1659 1619 1851 1652 huiusmodi

1098 1671 1302 1713 dispositioni
1323 1671 1517 1715 apostolicae
1537 1672 1722 1715 specialiter
1743 1683 1848 1706 reser-

1097 1724 1158 1757 vati
1179 1724 1326 1763 existant,
1344 1735 1381 1757 ac
1397 1725 1551 1768 praedicti
1574 1726 1760 1759 monasterii
1777 1737 1852 1771 pro-

1096 1777 1172 1811 visio
1193 1788 1228 1810 ex
1250 1778 1359 1821 quavis
1380 1788 1476 1811 causa
1498 1778 1538 1811 ad
1562 1779 1676 1812 Sedem
1697 1780 1846 1814 eamdem

1097 1830 1279 1875 specialiter
1294 1831 1343 1865 vel
1359 1831 1554 1874 generaliter
1573 1833 1742 1875 pertineat,
1754 1838 1846 1867 etsu-

1097 1896 1153 1930 per
1181 1885 1226 1919 eis
1253 1886 1337 1918 inter
1364 1885 1489 1929 aliquos
1523 1885 1572 1926 lis,
1605 1886 1697 1920 cuius
1727 1892 1845 1921 statum

1099 1939 1320 1983 praesentibus
1329 1939 1439 1972 haberi
1450 1939 1600 1972 volumus
1612 1950 1671 1984 pro
1683 1951 1844 1984 expresso,

1099 1993 1235 2037 pendeat
1254 1992 1406 2033 indecisa,
1425 1993 1602 2026 dummodo
1631 1999 1774 2037 tempore
1794 1995 1849 2028 da-

1098 2051 1145 2078 tac
1170 2046 1389 2089 praesentium
1419 2057 1484 2079 non
1516 2046 1555 2079 sit
1590 2047 1621 2079 in
1655 2047 1790 2081 ecclesia
1817 2053 1849 2081 et

1100 2099 1244 2143 prioratu
1268 2099 1454 2132 huiusmodi
1475 2099 1571 2133 alicui
1592 2100 1774 2143 specialiter
1798 2101 1848 2134 ius

1100 2153 1293 2195 quaesitum,
1315 2163 1352 2185 ex
1372 2153 1458 2186 dicto
1479 2153 1674 2187 monasterio
1693 2154 1733 2187 de
1752 2153 1848 2187 abba-

1100 2212 1127 2239 te
1149 2206 1324 2249 provisum,
1353 2211 1405 2239 aut
1427 2206 1506 2240 illud
1527 2207 1618 2240 alteri
1639 2208 1847 2240 commcnda-

1101 2265 1165 2291 tum
1188 2260 1343 2293 canonice
1363 2269 1428 2292 non
1449 2260 1572 2301 existat,
1587 2260 1667 2293 etde
1685 2260 1771 2293 dicto
1780 2271 1848 2292 mo-

1100 2313 1238 2345 nastcrio
1269 2312 1534 2346 consistorialiter
1563 2314 1688 2357 disponi
1714 2324 1850 2346 consue-

1101 2366 1182 2398 verit
1211 2377 1267 2398 seu
1302 2367 1437 2406 debeat,
1471 2377 1545 2400 cum
1572 2366 1704 2399 annexis
1733 2367 1848 2400 huius-

1102 2416 1187 2448 modi
1213 2426 1249 2448 ac
1278 2415 1430 2449 omnihus
1450 2415 1574 2449 iuribus
1595 2422 1627 2448 et
1648 2415 1848 2459 pertinentiis

1100 2464 1166 2496 suis
1186 2469 1346 2508 perpetuo
1366 2465 1508 2503 unimus,
1531 2465 1733 2498 annectimus
1753 2470 1782 2497 et
1800 2463 1848 2496 in-

1101 2523 1326 2555 corporamus,
1348 2513 1391 2546 ita
1413 2514 1497 2557 quod
1520 2513 1615 2546 liccat
1636 2513 1736 2556 ipsius
1752 2512 1848 2545 colle-

1100 2562 1141 2604 gii
1167 2562 1279 2594 Montis
1300 2562 1361 2594 Atti
1383 2562 1497 2595 rectori
1524 2573 1582 2606 pro
1614 2568 1756 2605 tempore
1782 2560 1846 2593 exi-

1099 2610 1198 2643 stcnti
1227 2610 1356 2644 illorum
1382 2611 1527 2644 omnium
1554 2610 1755 2654 corporalem
1775 2619 1847 2654 pos-

1979 2375 2009 2650 ·›rfae‘rvu-frzessm*
1981 2330 1984 2338 “
1986 2290 2010 2312 t.
1999 2267 2006 2275 -.
1991 2216 1999 2226 ·-
1984 2200 1987 2202 “

1986 2683 2002 2723 ’ἢ
