2059 3228
30 187 56 209 η.
70 179 98 208 C.
116 179 183 208 1587

846 185 951 208 sixrns
975 186 993 208 v
1017 185 1064 208 rr.
1625 175 1684 210 864

1749 185 1801 214 An.
1819 184 1848 213 C.
1868 182 1932 212 ¹557

196 232 292 266 vitam
322 243 426 277 nuper
455 234 631 272 obtinebat,
663 236 832 279 posteriori
859 247 945 269 com-
963 237 967 292 l
986 246 1043 279 per
1069 246 1123 269 cos
1149 238 1322 271 tractandis
1350 243 1380 271 et
1407 237 1559 271 faciendis
1592 237 1734 281 primum
1768 233 1771 243 '

196 286 331 319 mendae
359 287 543 321 huiusmodi
565 300 602 321 ae
622 289 722 328 omni,
745 295 775 322 et
798 290 943 323 cuicum-

195 339 341 383 que-iuri
363 340 420 372 sibi
449 341 478 373 in
505 341 590 374 dicto
610 343 805 376 monasterio
830 334 861 377 52
891 343 944 375 Ni-

195 392 276 425 colai
307 394 458 437 illiusque
491 395 647 437 regimine
679 402 709 429 et.
738 397 943 430 administra-

197 445 282 479 tione
313 448 359 479 vel
389 448 428 480 ad
462 448 514 481 illa
538 450 782 493 quomodolibet
815 461 944 494 (ποιημα-

195 501 285 543 tenti,
309 501 404 534 bodie
426 501 457 534 in
479 503 627 535 manibus
648 503 764 536 nostris
783 509 898 547 sponte
914 509 945 536 et

195 554 296 587 libere
307 555 450 588 cesserit.
472 555 548 593 Nos.
568 556 745 589 cessionem
758 557 942 590 huiusmodi

194 607 411 647 admittentes,
434 619 469 640 ae
491 609 670 652 cappellam
690 615 828 642 nostram
852 621 943 654 prae-

194 660 325 700 dictam,
352 661 390 693 ad
422 661 565 695 eiusdem
591 662 816 706 Redemptoris
843 664 943 696 nostri

194 714 322 747 laudem
344 719 373 747 et
394 714 566 752 honorem,
582 720 613 748 ct
636 716 886 757 gloriosissimae
907 718 943 749 ll-

195 767 258 800 lius
282 767 452 801 Genitricis
477 768 618 811 dictique
645 768 753 801 Sancti
780 770 944 813 praesepis

196 821 386 854 memoriam
418 827 446 854 et
490 822 741 862 venerationem,
776 834 813 856 ac
844 823 942 856 divini

195 875 302 907 cultus
328 874 578 915 incrementum,
607 876 801 919 competenti
820 877 942 910 beneti-

195 928 321 961 ciorum
347 934 377 962 et
398 929 620 962 ministrorum
651 930 941 964 ecclesiasticorum

194 992 332 1015 numero
361 982 525 1019 stabilire,
556 983 737 1027 annuisque
764 985 941 1024 reditibus,

194 1045 254 1080 pro
269 1046 412 1078 congrua
433 1046 545 1069 eorum
567 1037 821 1071 substentatione
837 1044 867 1071 et
880 1050 944 1072 nia-

194 1088 406 1129 nutentione,
438 1099 639 1133 onerumque
672 1091 734 1123 illis
766 1102 803 1124 ac
841 1092 943 1125 dictae

195 1147 324 1176 nostrae
343 1143 521 1186 cappellae,
542 1153 669 1176 necnon
691 1144 775 1177 illins
804 1146 943 1178 fabricae

194 1201 226 1229 et
244 1195 408 1230 sacristiae
432 1207 492 1240 pro
512 1202 658 1240 tempore
685 1197 942 1231 incumbentium

193 1249 440 1294 supportatione
464 1251 665 1291 necessariis,
693 1252 804 1284 dotare
833 1252 943 1285 volen-

195 1309 445 1348 tes,verumqne
464 1310 495 1337 et
515 1304 666 1337 ultimum
694 1305 856 1338 dictorum
874 1316 943 1339 mo-

195 1357 410 1390 nasteriorum
430 1357 605 1391 vacationis
621 1358 762 1399 modum,
775 1359 897 1392 etiamsi
907 1370 943 1392 ex

194 1410 250 1443 illo
266 1410 396 1453 quaevis
411 1411 571 1453 generalis
592 1412 774 1453 reservatio,
795 1412 890 1445 etiam
912 1412 944 1444 in

195 1474 334 1508 corpore
358 1463 438 1497 iuris
458 1465 577 1505 clausa,
602 1466 746 1506 resultet,
768 1465 945 1509 praesenti-

195 1517 255 1551 bus
267 1527 326 1561 pro
338 1520 496 1561 expressis
514 1519 680 1557 babentes,
698 1525 787 1551 motu
798 1519 942 1562 proprio,

196 1581 262 1604 non
287 1571 327 1604 ad
347 1571 486 1604 alicuius
505 1571 597 1604 nobis
617 1582 715 1615 super
734 1572 796 1605 hoc
820 1572 945 1606 oblatae

195 1624 359 1668 petitionis
378 1624 575 1665 instantiam,
589 1626 643 1657 scd
661 1636 697 1658 ex
718 1636 806 1658 mera
822 1626 945 1658 delibe-

195 1677 320 1711 ratione
340 1683 371 1712 et
395 1683 482 1712 certa
502 1679 635 1711 scicntia
656 1683 774 1719 nostra,
795 1689 832 1712 ac
853 1679 891 1712 de
915 1691 947 1711 a-

194 1732 371 1776 postolicae
391 1732 559 1777 potestatis
576 1732 793 1776 plenitudine,
816 1733 848 1765 in
869 1743 945 1776 cap-

194 1783 279 1826 pella
298 1787 408 1816 nostra
428 1782 593 1826 praedicta
614 1792 712 1814 unam
740 1782 946 1826 praepositu-

195 1841 277 1872 ram,
304 1842 388 1875 quae
419 1831 451 1864 in
477 1832 545 1875 ipsa
573 1831 707 1864 basilica
727 1831 869 1863 secunda
895 1831 943 1863 di-

194 1879 299 1923 gnitas
308 1880 431 1921 existat,
443 1880 504 1913 hoc
513 1880 668 1923 estpriiua
679 1885 750 1922 post
762 1879 945 1923 archipres-

195 1929 383 1972 byteralem,
398 1940 457 1973 pro
476 1940 541 1962 uno
556 1928 751 1972 praeposito,
776 1928 946 1970 utriusque

195 1977 243 2010 vel
263 1978 396 2023 alterius
417 1977 536 2010 iurium
558 1978 702 2017 doctore,
725 1987 780 2009 seu
803 1977 835 2009 in
852 1978 944 2010 theo-

196 2025 283 2069 logia
311 2027 477 2069 magistro,
505 2033 535 2059 et
563 2027 594 2059 in
624 2026 862 2069 presbyteratus
891 2037 943 2059 or-

197 2074 272 2108 dine
290 2076 464 2109 constituto
480 2088 487 2115 ·,
503 2087 538 2108 ac
559 2073 657 2108 unam
678 2074 869 2115 sacristiam,
883 2086 942 2119 pro

197 2134 263 2157 uno
287 2124 442 2165 sacrista3
464 2131 493 2157 el
523 2130 662 2167 ‹piatuor
687 2129 858 2168 perpetuas
879 2124 946 2157 sine

199 2183 276 2206 cura
296 2174 514 2218 cappellanias
534 2184 593 2217 pro
614 2179 754 2216 quatuor
780 2174 947 2217 perpetuis

199 2222 399 2264 cappellanis
424 2221 637 2265 presbyteris·v
665 2226 695 2253 et
722 2226 864 2263 quatuor
884 2221 946 2254 alia

199 2269 372 2302 clericatus
383 2271 602 2314 nuncupanda
617 2275 772 2314 perpetua
787 2270 945 2314 simplicia

198 2318 357 2351 beneficia
385 2319 602 2352 ecclesiastica
629 2329 688 2362 pro
718 2318 850 2351 totidem
876 2319 948 2351 aliis

199 2367 325 2400 clericis
349 2368 576 2413 nuncupandis
596 2368 760 2412 perpetuis
775 2368 948 2400 beneficia-

174 2447 177 2450 .
199 2415 256 2455 tis;
279 2427 418 2459 quorum
438 2417 596 2460 siquidem
622 2416 798 2457 sacristiae,
821 2417 948 2460 cappel-

199 2464 349 2498 lanorum
384 2472 415 2499 et
446 2466 731 2504 beneficiatorum,
759 2465 812 2508 qui
840 2464 948 2498 clerici

198 2520 443 2557 nuncupantur,
475 2514 579 2547 dictus
612 2514 815 2558 praepositus
853 2520 950 2557 capnt

199 2562 323 2604 existat,
345 2573 382 2596 ac
409 2563 441 2595 in
471 2564 587 2603 rebus,
611 2562 747 2606 negotiis
771 2568 802 2596 et
826 2563 950 2596 actibus

986 295 1016 322 et.
1046 289 1224 332 digniorem
1257 292 1362 324 locum
1392 292 1517 331 babeat,
1551 291 1735 336 ibidemque

986 343 1118 387 praesit;
1137 355 1173 376 ac
1190 350 1252 376 tam
1266 344 1331 388 ipse
1344 355 1440 388 qnam
1463 345 1619 388 praedicti
1639 341 1736 378 sacri-

985 401 1044 437 sta,
1064 397 1243 440 cappellani
1257 402 1287 429 et
1300 398 1481 430 beneficiati
1493 398 1596 431 dictae
1608 399 1736 442 cappel-

986 451 1046 490 lae,
1059 455 1155 494 pront
1172 450 1306 483 inferius
1325 451 1521 495 descriptum
1540 452 1612 493 crit,
1629 452 1736 486 deser-

985 503 1082 543 viant,
1096 504 1271 546 apostolica
1288 505 1490 545 anctoritate,
1514 511 1625 538 tenore
1644 516 1736 549 prae-

985 556 1136 597 sentium,
1167 563 1325 600 perpetuo
1355 558 1510 600 erigimus
1538 564 1569 591 et
1599 558 1736 592 institui-

986 621 1068 643 nius.

1029 666 1044 707 ξ
1068 664 1121 697 11.
1144 665 1187 697 Ac
1217 664 1320 697 eidem
1347 665 1512 708 cappellae
1541 671 1669 699 nostrae
1694 665 1733 698 il-
1775 676 1815 697 rm
1835 677 1931 698 ntorum>

986 717 1111 761 litisque
1123 717 1262 750 fabricae
1278 723 1308 751 ct
1321 718 1495 757 sacristiae,
1507 729 1633 752 necnon
1643 729 1732 752 eom-
1747 709 1930 760 {¹,2?,e⁵⁰¹¹⁵¹⁰,2‘„⁸,‡

985 771 1075 803 muni
1105 781 1227 804 massae
1253 771 1395 815 ipsorum
1425 772 1609 815 praepositi,
1633 773 1790 822 sacri-2¹5n
1811 771 1930 822 231⁰&ng

985 829 1063 865 stae,
1090 825 1357 868 cappellanorum
1389 831 1419 858 et
1443 825 1707 858 beneficiatorum
1722 853 1729 865 ‚
1746 834 1872 867 scriptorum
1896 835 1928 854 m

984 888 1043 921 pro
1073 888 1185 911 eorum
1212 878 1455 911 manutentionc
1483 884 1514 911 et
1551 867 1847 912 siibstenta-m'fflu'

984 931 1072 964 tione
1085 942 1122 964 ac
1138 942 1272 964 onerum
1296 931 1359 965 illis
1378 931 1634 964 incumbentium
1655 943 1731 976 sup-

984 984 1178 1028 portatione,
1200 985 1325 1028 singula
1345 985 1538 1018 monasteria
1558 985 1731 1028 praedicta,

984 1048 1066 1081 quae
1085 1043 1242 1070 conventu
1262 1043 1382 1079 carent,
1397 1049 1433 1071 ac
1445 1050 1583 1082 qnorum
1599 1039 1731 1077 fructus,

984 1091 1107 1124 reditus
1137 1097 1166 1123 et
1203 1097 1385 1134 proventus,
1407 1092 1438 1125 S.
1462 1092 1588 1124 loannis
1620 1091 1730 1124 videli-

985 1150 1034 1177 cet
1053 1145 1093 1177 ad
1113 1144 1339 1187 qnadraginta,
1362 1145 1392 1178 S.
1421 1145 1575 1178 Leonardi
1596 1155 1672 1178 vero
1691 1145 1731 1178 ad

984 1198 1218 1241 quinquaginta
1234 1199 1374 1231 florenos
1393 1199 1477 1235 auri,
1506 1199 1539 1231 in
1565 1198 1655 1232 libris
1675 1198 1732 1232 Ca-

984 1251 1301 1295 meraeApostolieae
1313 1252 1406 1284 taxati
1419 1252 1638 1296 reperiuntur3
1651 1252 1730 1285 San-

985 1305 1027 1337 cti
1047 1304 1168 1337 Nicolai
1189 1310 1311 1345 autem,
1329 1316 1365 1338 ac
1387 1305 1432 1337 illi
1454 1311 1611 1349 perpetuo
1631 1315 1730 1338 anne-

984 1368 1112 1398 xorum,
1135 1358 1166 1391 S.
1190 1358 1306 1391 Mariae
1327 1359 1366 1392 de
1392 1359 1556 1401 Pigliano,
1582 1364 1612 1391 et
1645 1358 1730 1391 eius-

985 1411 1058 1444 dem
1084 1412 1115 1443 S.
1144 1411 1260 1444 Mariae
1280 1411 1319 1445 de
1338 1411 1459 1445 Canisis
1479 1412 1730 1455 quingentorum

986 1470 1017 1498 et.
1035 1465 1271 1508 quinquaginta
1298 1465 1491 1498 ducatorum
1511 1465 1581 1498 auri
1607 1466 1646 1498 de
1675 1465 1731 1499 Ca-

987 1529 1074 1551 mera
1094 1519 1273 1551 seeundum
1291 1529 1497 1552 communem
1528 1519 1732 1552 existimatio-

986 1582 1059 1605 nem
1081 1572 1220 1605 valorem
1243 1582 1401 1613 annuum,
1423 1579 1457 1605 ut
1484 1573 1579 1605 etiam
1603 1572 1731 1616 accepi-

988 1636 1070 1665 mus,
1098 1635 1164 1659 non
1192 1626 1362 1665 excedunt,
1390 1625 1553 1669 quibusvis
1572 1625 1675 1658 modis
1703 1630 1734 1657 et

987 1689 1024 1712 ex
1044 1689 1327 1722 quorumcumque
1352 1678 1510 1722 personis,
1542 1689 1597 1711 scu
1618 1689 1676 1722 per
1695 1679 1734 1710 li-

986 1732 1079 1765 beras
1100 1732 1288 1775 quorumvis
1303 1732 1462 1765 cessiones
1482 1731 1520 1765 de
1541 1732 1669 1765 illorum
1687 1743 1735 1764 re-

987 1786 1163 1828 giminibus
1193 1792 1225 1818 et
1249 1785 1592 1825 administrationibus,
1620 1785 1652 1817 in
1672 1786 1734 1817 Ro-

988 1850 1082 1872 mana
1102 1839 1197 1873 Curia
1217 1840 1264 1872 vel
1290 1845 1377 1872 extra
1394 1849 1477 1879 eam,
1505 1838 1601 1872 etiam
1626 1848 1734 1871 coram

987 1893 1114 1925 notario
1136 1893 1267 1936 publico
1292 1898 1322 1925 et
1347 1892 1479 1925 testibus
1497 1897 1609 1935 sponte
1626 1892 1735 1931 factas,

987 1951 1112 1985 vacent,
1135 1945 1260 1978 etiamsi
1281 1950 1367 1978 tanto
1385 1950 1530 1987 tempore
1542 1944 1733 1981 vacaverint,

987 1999 1071 2040 qnod
1092 2009 1204 2031 eorum
1231 1998 1382 2042 provisio,
1410 1999 1496 2030 iuxta
1513 1997 1736 2030 Lateranensis

987 2057 1103 2084 statuta
1125 2052 1252 2084 concilii
1282 2057 1337 2083 aut
1365 2051 1443 2084 alias
1463 2051 1633 2084 canonicas
1662 2061 1735 2084 san-

987 2104 1121 2145 ctiones,
1135 2105 1173 2138 ad
1194 2105 1308 2138 Sedein
1321 2104 1516 2148 praedictam
1529 2103 1669 2147 legitime
1680 2104 1736 2137 de-

988 2159 1097 2191 voluta
1118 2158 1240 2197 existat,
1263 2165 1293 2191 et
1313 2159 1368 2190 illa
1388 2169 1424 2191 ex
1445 2157 1555 2201 quavis
1575 2168 1672 2191 causa
1695 2157 1735 2190 ad

989 2212 1103 2245 Scdem
1133 2212 1279 2245 eamdem
1306 2212 1488 2256 specialiter
1507 2212 1556 2244 vel
1576 2211 1735 2254 generali-

989 2271 1037 2297 ter
1066 2265 1235 2308 pertineat,
1266 2271 1295 2298 et
1321 2265 1359 2298 de
1384 2265 1448 2298 illis
1472 2264 1737 2297 consistorialiter

989 2318 1114 2361 disponi
1136 2319 1337 2351 consueverit
1357 2329 1411 2351 seu
1433 2318 1564 2357 debeatss,
1583 2328 1619 2351 ac
1641 2328 1738 2361 super

989 2367 1203 2409 regiminibus
1220 2373 1249 2400 et
1267 2366 1600 2399 administrationibus
1624 2377 1734 2399 mona-

990 2416 1160 2449 steriorum
1183 2416 1367 2449 huiusmodi
1389 2416 1472 2448 inter
1491 2416 1617 2459 aliquos
1637 2415 1674 2448 lis
1690 2415 1739 2447 vel

991 2476 1102 2498 eornm
1128 2465 1325 2508 possessorio
1360 2464 1525 2504 molestia,
1555 2464 1647 2497 cuius
1674 2464 1740 2496 litis

991 2520 1106 2546 statum
1124 2514 1217 2547 etiam
1237 2513 1457 2557 praesentibus
1468 2513 1579 2546 haberi
1591 2513 1740 2546 volumus

991 2573 1049 2606 pro
1070 2573 1233 2606 expresso,
1248 2562 1545 2606 pendeatindccisa‚
1557 2572 1631 2595 cum
1645 2572 1737 2606 prae-
