2059 3228
109 204 164 232 Au.
182 203 211 232 C.
229 207 294 235 1572

355 195 418 229 522

309 263 336 290 et
370 257 567 300 reliquorum
602 255 689 288 mille
715 265 814 300 super
839 255 994 289 universis
1024 259 1053 289 et

307 311 441 353 singulis
470 319 752 352 quorumcumque
785 310 1053 343 monasteriorum

307 371 333 396 et
361 363 575 407 prioratuum,
606 363 746 396 cuiusvis
768 352 897 397 Ordinis
921 363 1054 397 existen-

307 418 395 453 tium,
413 421 440 449 et
459 416 491 448 in
511 416 655 456 Metensi,
669 416 810 449 Tullensi
823 417 1053 451 etVirdunensi

305 470 505 503 dioecesibus
529 470 680 514 praefatis
705 470 962 512 consistentium,
998 481 1053 504 seu

305 523 432 555 illorum
454 512 660 556 mensarum*
670 522 878 556 abbatialium
902 524 950 556 vel
976 535 1052 557 con-

303 576 499 609 ventualium
532 577 701 617 fructibus,
728 577 906 610 redditibus
926 583 956 610 et
980 588 1053 621 pro-

302 630 460 670 ventibus,
479 630 603 663 etiamsi
628 635 726 674 super
746 629 808 663 illis
822 630 902 664 aliae
923 631 1051 675 pensio-

302 694 357 716 nes
382 693 507 717 annuae
534 684 603 717 aliis
628 684 805 727 assignatae
825 684 973 725 existant,
995 695 1053 728 per

302 737 408 780 ipsum
429 737 579 771 Carolum
598 738 795 771 cardinalem
813 744 844 771 et
858 738 999 782 legatum
1015 749 1052 771 ac

301 801 359 833 pro
390 796 535 835 tempore
556 791 743 825 existentem
770 792 957 836 episcopum
988 792 1052 825 Me—

301 850 422 877 tensem
444 849 476 878 et
495 844 628 878 dilectos
649 845 732 878 filios
743 845 1053 889 singulosmonaste-

300 898 423 930 riorum
444 904 475 932 et
494 899 698 943 prioratuum
715 899 904 932 eorumdem
919 899 1052 932 abbates

299 957 327 983 ct
340 951 465 995 priores
475 962 531 985 seu
552 952 844 986 commendatarios
870 958 900 986 et
921 952 1049 985 illorum

299 1011 482 1046 conventus,
499 1005 592 1039 annis
604 1006 748 1049 singulis,
765 1005 796 1038 in
811 1006 882 1039 loco
893 1011 925 1038 et.
943 1005 1052 1038 termi-

298 1058 347 1091 nis
355 1069 412 1102 per
432 1059 538 1102 ipsum
554 1059 705 1093 Carolum
718 1059 913 1092 cardinalem
926 1065 957 1092 et
967 1059 1052 1102 lega-

298 1117 378 1151 tum,
404 1123 463 1156 per
487 1123 520 1146 se
538 1113 588 1146 vel
620 1113 734 1152 alium,
756 1112 954 1152 statuendis,
990 1111 1050 1155 ipsi

297 1165 434 1208 collegio
456 1177 492 1199 ac
512 1166 600 1199 illius
617 1166 762 1209 personis
779 1166 965 1199 velillarum
978 1175 1052 1209 pro-

297 1219 439 1252 curatori
456 1220 495 1252 ad
515 1220 547 1253 id
572 1219 612 1252 ab
634 1220 679 1253 eis
700 1219 841 1264 speciale
863 1219 1049 1252 mandatum

295 1272 440 1313 habenti,
455 1278 625 1317 perpetuo,
638 1273 742 1306 donec
758 1279 865 1306 tamen
880 1272 1052 1316 episcopus

296 1325 444 1359 Metensis
473 1332 504 1359 et
523 1326 653 1360 abbates
677 1332 709 1360 et
728 1326 855 1370 priores
878 1336 935 1359 seu
961 1336 1050 1359 com-

294 1379 489 1412 mendatarii
510 1380 645 1423 praefati
667 1380 775 1422 aliqua
795 1385 953 1424 perpetua
973 1378 1050 1412 sim-

298 1432 393 1477 plicia
416 1433 574 1466 beneficia
609 1433 838 1474 ecclesiastica,
871 1433 909 1466 ad
937 1443 1050 1466 eorum

297 1485 515 1526 collationem,
533 1487 746 1530 provisionem
764 1486 925 1520 autaliam
938 1497 1052 1530 quam-

297 1550 437 1582 cumque
457 1539 701 1584 dispositionem
723 1539 898 1584 spectantia
911 1540 1051 1584 etperti-

297 1593 417 1634 nentia,
440 1604 579 1635 quorum
595 1605 722 1627 annuus
732 1594 821 1627 valor
832 1594 948 1627 dictam
961 1604 1050 1627 sum-

294 1658 383 1679 mam
403 1647 491 1680 mille
512 1653 679 1681 scutorum
706 1648 838 1680 insimul
860 1648 1047 1687 constituat,

298 1700 384 1734 dicto
405 1700 541 1743 collegio
561 1701 759 1734 sufficienter
778 1706 809 1734 et
829 1712 902 1734 cum
921 1701 1049 1741 effectu,

298 1764 357 1797 pro
399 1754 564 1797 pensionis
605 1754 792 1787 huiusmodi
833 1754 1047 1794 extinctione,

297 1806 383 1839 uniri
409 1807 665 1851 procuraverint,
689 1818 749 1851 pro
770 1813 838 1840 rata
859 1807 1050 1840 facultatum

299 1860 454 1903 cuiusque
467 1887 475 1901 ,
503 1866 534 1894 et
553 1860 639 1893 iuxta
658 1860 865 1904 partitionem
887 1871 941 1893 seu
964 1871 1051 1893 com-

299 1913 426 1945 modam
447 1914 635 1947 divisionem
656 1925 715 1958 per
733 1913 884 1947 Carolum
902 1913 1050 1946 cardina-

298 1965 361 1998 lem
378 1972 408 1999 et
421 1967 561 2009 legatum
581 1978 617 2000 ac
627 1967 861 2000 Virdunenscm
873 1973 903 2000 et.
918 1967 1049 1999 Tullen-

299 2030 365 2052 scm
387 2020 555 2064 episcopos
583 2021 742 2064 praefatos
763 2020 955 2060 faciendam,
972 2020 1052 2053 inte-

902 203 1080 227 Bt'tmntt'n
1101 200 1204 224 nomn*
1211 200 1250 224 [M

1095 253 1235 285 famosae
1256 261 1398 285 annexae
1419 258 1504 292 sunt,
1518 253 1630 286 saltem
1643 254 1844 298 septuaginta

1096 316 1307 350 personarum
1329 306 1474 339 eiusdem
1486 305 1655 339 Societatis
1671 317 1843 343 numerum

1096 360 1303 403 compleant,
1333 359 1364 392 in
1385 369 1423 392 eo
1438 369 1568 402 quoque
1588 359 1693 393 adsint
1708 365 1845 403 quatuor

1095 413 1276 456 theologiae
1297 411 1506 456 professores,
1529 423 1668 455 quorum
1688 424 1773 446 unus
1793 424 1843 447 sa-

1095 477 1165 499 cras
1185 466 1316 506 litteras,
1332 465 1385 498 alii
1406 465 1470 498 duo
1490 465 1844 500 scholasticamtheolo-

1094 520 1192 562 giam,
1226 524 1360 563 quartus
1383 529 1458 552 vero
1487 519 1703 552 conscientiae
1733 530 1842 561 casus,

1094 572 1211 615 singuli
1238 583 1301 605 una
1312 572 1450 605 lectione
1471 572 1658 615 quotidiana
1670 578 1842 617 exponant,

1094 637 1130 659 ac
1160 631 1225 659 tres
1258 626 1482 670 philosophiae
1515 633 1673 670 regentes,
1704 637 1843 671 quorum

1094 680 1232 723 quisque
1257 680 1338 712 duas
1369 679 1515 723 quotidie
1544 680 1629 723 legat
1666 680 1843 714 lectiones:

1093 733 1207 766 ordine
1228 738 1335 766 tamen
1359 732 1545 766 huiusmodi
1570 739 1705 774 servato,
1723 739 1847 778 utquo-

1094 787 1170 820 libet
1179 787 1316 820 triennio
1324 787 1536 831 philosophiae
1543 797 1656 820 cursus
1663 787 1846 831 int-egerab-

1093 841 1245 881 solvatur,
1259 845 1289 873 et
1297 840 1442 883 quolibet
1451 850 1535 873 anno
1544 851 1628 874 unus
1646 840 1789 884 incipiat,
1800 840 1846 874 al-

1093 900 1142 927 ter
1150 904 1225 927 vero
1232 894 1356 927 desinat
1365 905 1372 934 ;
1382 894 1524 938 itemque
1532 895 1614 928 duae
1623 894 1777 928 lectiones
1791 904 1844 928 re-

1093 947 1844 991 thoi-icae.ordinariaesingulisdiebusmnaquo-

1092 1011 1154 1044 que
1161 1001 1392 1034 humaniorum
1403 1001 1728 1042 litterarum,necnon
1738 1007 1802 1035 tres
1811 1012 1844 1035 a-

1092 1054 1154 1087 liae
1163 1055 1393 1097 grammaticae
1404 1056 1521 1088 classes
1529 1055 1750 1096 instituantur;
1760 1056 1843 1089 duae

1092 1107 1225 1152 insuper
1244 1108 1400 1141 lectiones
1418 1119 1545 1152 grecae,
1567 1119 1631 1142 una
1651 1109 1683 1141 in
1703 1109 1842 1142 alicuius

1092 1161 1232 1194 auctoris
1262 1161 1549 1205 interpretatione,
1581 1163 1681 1196 altera
1712 1173 1788 1196 vero
1808 1162 1844 1195 ini

1091 1214 1316 1257 grammatices
1335 1214 1535 1249 institutione
1559 1215 1751 1258 habeantur,
1776 1225 1842 1249 una

1092 1268 1202 1301 itidem
1222 1268 1403 1302 litterarum
1425 1268 1670 1309 Hebraicamm,
1693 1274 1724 1302 et
1742 1269 1842 1304 altera

1091 1321 1396 1355 mathematicarum
1415 1322 1571 1355 lectiones
1596 1322 1741 1366 quotidie
1761 1322 1844 1356 inibi

1092 1375 1253 1416 legantur,
1275 1375 1458 1409 statuimus.
1482 1375 1516 1408 In
1537 1376 1608 1419 ipso
1627 1386 1758 1420 quoque
1782 1386 1841 1420 op-

1091 1428 1167 1472 pido
1190 1428 1436 1462 Universitatem
1465 1429 1567 1462 studii
1599 1429 1758 1473 generalis
1782 1429 1842 1463 sub

1090 1481 1292 1515 invocatione
1322 1493 1381 1526 per
1407 1482 1557 1516 Carolum
1587 1483 1785 1516 cardinalem
1811 1487 1843 1516 et

1090 1535 1232 1578 legatum
1275 1546 1312 1569 ac
1347 1536 1497 1570 Carolum
1530 1537 1647 1570 ducem
1682 1536 1842 1580 praefatos

1091 1588 1249 1631 eligenda,
1272 1589 1305 1622 in
1325 1590 1469 1634 quinque
1489 1589 1696 1623 facultatibus
1714 1589 1841 1633 praefa-

1090 1643 1142 1682 tiS,
1168 1654 1308 1687 quarum
1332 1644 1424 1684 duae,
1450 1644 1631 1687 theologiae
1659 1643 1782 1676 scilicet
1810 1648 1842 1676 et

1092 1695 1325 1739 philosophiae,
1345 1696 1540 1741 presbyteris
1570 1696 1672 1730 dictae
1696 1695 1839 1729 Societa-

1091 1749 1142 1789 tis,
1177 1749 1264 1782 iuxta
1293 1760 1407 1783 eorum
1436 1755 1566 1791 statuta,
1594 1750 1737 1794 reliquae
1766 1755 1840 1790 tres,

1091 1812 1202 1835 earum
1221 1803 1362 1844 decanis,
1386 1803 1571 1836 doctoribus
1590 1808 1622 1836 et
1650 1802 1840 1846 professori-

1091 1856 1151 1889 bus
1171 1856 1370 1900 dirigendae,
1398 1858 1437 1890 ad
1457 1857 1557 1890 instar
1576 1855 1784 1890 Bononiensis
1810 1861 1842 1889 et

1091 1909 1279 1943 Parisiensis
1291 1910 1548 1952 Universitatum,
1565 1916 1595 1943 et
1608 1910 1695 1943 iuxta
1711 1909 1840 1943 illarum

1092 1965 1342 1997 consuetudines
1357 1970 1387 1998 et
1399 1969 1527 2005 statuta,
1541 1964 1695 2008 erigimus
1707 1969 1738 1998 et
1752 1963 1842 1998 insti-

1092 2023 1224 2051 tuimus.

299 2083 353 2115 gre
378 2074 550 2116 quotannis
581 2074 844 2118 persolvendam,
875 2074 1051 2106 dummodo

300 2126 338 2158 ad
360 2126 391 2159 id
424 2126 529 2160 Caroli
555 2127 729 2160 cardinalis
748 2138 785 2160 ac
810 2127 906 2170 legati
927 2137 964 2160 ac
984 2137 1052 2160 om-

300 2179 390 2212 nium
415 2185 445 2212 et
465 2181 667 2224 singulorum
686 2180 880 2214 monasteria
906 2185 937 2213 et
961 2180 1050 2224 prio-

300 2238 387 2264 ratus
407 2233 592 2267 huiusmodi
614 2233 830 2267 obtinentium
847 2233 979 2267 accedat
1000 2244 1051 2266 as-

1135 2071 1150 2113 §
1170 2070 1201 2103 5.
1224 2071 1337 2115 Illique
1357 2071 1402 2104 sic
1422 2076 1546 2104 erectae
1566 2076 1597 2104 et
1612 2071 1786 2112 institutae,
1804 2081 1841 2104 ac
1877 2082 1984 2114 mmm*
2021 2092 2029 2112 ,
2046 2084 2049 2091 ·

1092 2124 1161 2157 eius
1174 2135 1233 2168 pro
1244 2130 1390 2168 tempore
1402 2124 1611 2157 existentibus
1623 2125 1753 2166 rectori,
1775 2135 1842 2158 ma·
1853 2119 1964 2181 ἓξᾙῧξῗιξ

1091 2178 1210 2221 gistris,
1226 2178 1425 2218 doctoribus,
1449 2179 1633 2218 lectoribus,
1655 2184 1842 2222 praecepto·
1853 2184 1920 2221 Stuqfii
1944 2183 1972 2236 ¹³3
2020 2182 2021 2185 ’
2047 2173 2048 2188 l

1092 2232 1194 2273 ribus,
1209 2232 1422 2273 scholaribus,
1434 2231 1573 2272 bidellis,
1591 2231 1719 2265 nunciis
1730 2236 1761 2265 et
1771 2231 1842 2265 aliis
1854 2217 1982 2275 {iiiii-fons
2022 2249 2028 2256 ·

301 2295 423 2327 sensus,
446 2297 658 2329 reservamus,
678 2287 906 2321 constituimus
925 2292 955 2319 et
972 2286 1051 2319 assi-

301 2347 448 2379 gnamus.
486 2347 500 2361 ‘⁸

345 2388 360 2429 ,ξ
384 2387 414 2420 li.
443 2389 478 2421 Et
504 2389 636 2433 insuper
653 2390 740 2433 quod
760 2390 794 2423 in
811 2389 896 2422 dicto
916 2388 1052 2432 collegio

1092 2285 1286 2318 officialibus
1310 2291 1341 2319 et
1359 2285 1520 2330 personis,
1543 2295 1668 2318 necnon
1689 2285 1843 2318 membris

1093 2344 1124 2371 et
1143 2339 1291 2379 subditis,
1309 2339 1395 2382 quod
1416 2338 1566 2372 omnibus
1582 2343 1612 2371 ct
1625 2338 1759 2382 singulis
1774 2339 1842 2382 pri-

1093 2387 1226 2431 vilegiis,
1248 2388 1392 2427 indultis,
1415 2387 1628 2427 libertatibus,
1655 2387 1841 2420 immunita-

1095 2437 1189 2476 tibus,
1217 2436 1487 2480 exemptionibuS,
1519 2436 1691 2476 favoribus,
1716 2435 1840 2479 gratiis,

1094 2486 1335 2527 praerogativis,
1347 2484 1526 2517 honoribus
1539 2495 1575 2517 ac
1589 2483 1842 2528 praeeminentiis

1094 2534 1287 2567 Bononiensi
1319 2540 1350 2567 et
1374 2533 1543 2566 Parisiensi
1576 2532 1842 2567 Universitatibus

1094 2583 1243 2626 praefatis
1264 2584 1459 2627 illorumque
1471 2593 1530 2627 pro
1546 2589 1692 2626 tempore
1703 2581 1842 2614 existen-

119 2445 285 2482 teci-rumcpt-
304 2436 478 2480 presbyteri
502 2439 635 2481 praefati
660 2439 896 2482 plenissimum,
919 2443 949 2471 et
977 2448 1051 2470 eum

105 2479 288 2537 ξξξυεζὶὃξξὲᾗξ
303 2484 369 2527 qui,
391 2485 476 2518 iuxta
500 2487 601 2520 dictae
622 2487 790 2521 Societatis
810 2493 926 2521 statuta
946 2491 975 2519 et
986 2486 1051 2519 for-

103 2534 288 2565 haenau-nerum
305 2543 401 2572 niam,
424 2532 455 2565 in
476 2534 610 2577 singulis
630 2546 743 2569 eorum
770 2535 927 2579 collegiis,
954 2534 1050 2567 etiam

303 2591 398 2624 qnam
420 2582 635 2625 amplissimis,
647 2590 675 2617 et
691 2584 811 2627 quibus
822 2584 1051 2618 Universitates
