2059 3228
91 215 130 240 Au
160 216 191 242 C.
214 215 278 242 1573

129 1696 212 1716 Deinde
225 1697 284 1716 cirea

95 1723 241 1742 confessiones
259 1729 283 1742 a·

96 1749 149 1769 tiam
159 1750 228 1769 edidit
238 1749 286 1769 bul-

95 1776 138 1796 lam
153 1776 173 1796 1.

134 2016 172 2035 Hic
187 2017 284 2036 Pontifex

98 2049 172 2062 omnes
199 2045 284 2068 praedi-

98 2073 142 2087 ctas
179 2072 284 2089 ‹onstitu-

98 2096 167 2115 tiones
176 2096 208 2115 Pii
224 2097 238 2115 Υ
255 2103 287 2115 re·

99 2122 159 2141 ducit
171 2124 198 2141 ad
213 2124 285 2142 termi-

100 2153 137 2166 nos
146 2149 199 2167 iuris
206 2153 227 2168 et
236 2155 286 2168 con-

99 2175 144 2193 cilii
159 2175 288 2200 Tridentini,

331 216 373 249 liu

286 284 315 311 ct
347 279 478 311 frati-uin
513 279 652 322 ipsorum
688 277 836 319 Ordines,
869 287 931 310 non
964 277 1029 309 sin-¹

287 332 372 374 gravi
407 333 503 364 divini
534 333 635 364 cultus
665 337 693 364 et
727 331 906 364 animarum
936 330 1030 363 detri-

287 390 393 416 mento
424 396 458 416 ac
490 384 679 427 populorum
707 384 870 424 scandalo,
896 382 1030 416 concita-

287 443 404 473 verant,
430 442 538 469 contra
563 447 597 469 ac
623 437 688 480 ipse
713 436 860 480 sperabat
888 440 917 468 et
942 445 1031 477 prac-

290 494 336 521 ter
360 500 448 521 suam
473 489 731 531 expectationem,
749 495 781 521 ut
800 488 853 531 qui
872 487 1029 520 interdurn

289 547 537 584 coiupiercretur
561 542 657 574 inulta
681 542 772 575 aliter
797 542 921 583 alioque
938 551 1029 573 sensu

288 605 303 626 a
329 604 359 624 sc
385 594 505 636 prolata
528 594 632 635 fuisse,
647 605 741 638 quam
762 595 874 627 litteris
887 603 1027 635 expressa

288 652 401 678 esseut.
426 646 561 689 Cupiens
586 647 634 680 his
659 648 777 680 mederi
808 645 1028 681 incommodis„

288 698 426 740 priunum
445 699 496 731 itta
519 699 625 732 omnia
639 710 719 742 quae
733 698 941 741 Regularibus
955 697 1031 729 alio-

289 760 358 782 rum
384 750 537 784 Ordinum
562 762 655 794 quam
680 751 924 784 Mendicantium
946 760 1030 782 com-

288 804 504 836 municaverat
528 810 558 837 et
582 804 754 837 secundum
771 803 943 846 praemissa
956 812 1030 834 con-

288 860 434 895 cesserat,
451 861 539 888 motu
556 856 684 899 proprio
708 855 892 888 restrixerit.
914 854 1029 886 Deinde

286 907 410 950 plenius
427 908 592 950 providere
610 909 725 945 volens„
743 908 904 950 prioribus
918 907 1030 940 litteris

288 971 306 993 a
330 971 371 1000 se,
397 961 500 1003 quoad
525 961 608 1004 ipsos
633 961 853 999 Mendicantes‚
871 970 985 1001 magna
998 960 1029 991 in

288 1019 377 1057 parte
409 1014 594 1053 moderatis,
626 1024 735 1045 omnes
759 1017 787 1045 et
817 1022 1030 1055 quascumque

290 1067 366 1099 alias
390 1067 519 1106 litteras,
544 1077 623 1109 quae
652 1066 687 1098 dc
716 1065 784 1098 aliis
808 1064 979 1097 Ordinibus
1001 1069 1029 1095 et

290 1119 589 1162 congregationibus
613 1124 698 1151 extra
716 1116 959 1150 Mendicantium
976 1116 1031 1149 Or-

290 1172 380 1204 dines
411 1172 448 1204 de
480 1170 682 1204 Observantia
721 1173 917 1211 nuncupatos
949 1178 1030 1200 enia-

290 1230 452 1264 naverant,
476 1224 607 1257 omnino
632 1222 810 1261 aboleverit,
835 1232 943 1254 causas
967 1231 1030 1253 om-

290 1288 346 1311 nes
368 1277 430 1310 iam
455 1277 492 1309 de
516 1276 565 1308 his
590 1275 684 1308 etiam
711 1274 742 1305 in
771 1274 913 1306 Romana
941 1272 1028 1304 Curia

290 1329 464 1372 pendentes
492 1329 531 1361 ad
559 1339 590 1361 se
619 1327 809 1365 advocando,
834 1326 902 1358 lites
934 1325 1032 1357 extin-

291 1382 425 1424 guendo,
443 1392 479 1414 ac
503 1381 652 1414 formatos
676 1389 770 1421 super
793 1378 853 1410 illis
870 1387 1032 1420 processus

292 1436 431 1477 latasque
456 1432 626 1466 sententias
651 1430 858 1470 annullando,
883 1429 1033 1472 quemad—

291 1486 420 1519 modum
444 1486 513 1518 aliis
537 1485 601 1517 suis
625 1483 736 1516 litteris
761 1483 793 1514 in
811 1482 946 1525 registro
963 1492 1033 1524 pro-

289 1540 372 1572 xime
399 1539 577 1581 compertis.
605 1545 766 1579 nunquam
799 1540 904 1567 tanisn
934 1533 1033 1577 publi-

291 1593 378 1633 catis,
396 1592 517 1635 plenius
535 1590 723 1622 continetur.

336 1646 351 1688 ἓ
367 1645 396 1678 5.
422 1646 581 1677 Postremo
597 1642 682 1675 circa
699 1640 960 1674 confizssariorum
978 1640 1034 1672 Rc-

293 1697 469 1740 gularium,
501 1696 596 1728 etiam
632 1694 891 1733 Mendicantfflm,
922 1704 1035 1736 appro-

294 1750 464 1789 bationem,
490 1749 574 1780 iuxta
598 1747 720 1780 concilii
749 1747 901 1790 praedicti
929 1747 1035 1779 decre-

292 1807 358 1834 tum
388 1801 582 1841 faciendam,
610 1800 704 1832 etiarn
734 1800 862 1832 lectores
889 1800 922 1832 in
948 1800 1036 1833 theo-

292 1854 375 1896 logia
403 1854 574 1896 graduatos
601 1859 631 1886 et
658 1858 759 1885 certos
786 1852 862 1885 alios
888 1858 961 1885 tunc
987 1864 1036 1885 cx—

294 1916 416 1949 pressos
441 1905 666 1948 comprehendi
687 1905 800 1937 debere
825 1905 1035 1938 declaraverit.

340 1962 353 1998 ,ξ
378 1961 406 1991 o.
431 1958 502 1998 Nos,
527 1958 586 1990 hac
613 1962 700 1990 tanta
723 1957 874 1990 varietate
903 1958 1035 2000 cognita.

296 2021 374 2052 quac
408 2010 502 2042 ctiam
530 2021 566 2042 ex
601 2009 766 2052 multiplici
799 2009 975 2042 litterarum
1008 2018 1033 2043 ct

293 2063 551 2095 constitutionum
583 2063 721 2095 editione
758 2062 916 2105 procedit,
948 2073 1033 2105 praw-

294 2116 434 2147 sumtibus
461 2121 489 2147 ct
518 2115 631 2147 suturis
662 2114 899 2147 discriminibus
930 2124 1035 2147 occur-

297 2178 364 2200 rere
398 2169 541 2207 volentes,
573 2169 610 2200 (te
638 2167 728 2200 nobis
755 2166 924 2199 attributae
951 2173 1035 2210 potc-

297 2221 384 2252 statis
402 2221 606 2262 pl‹‘·nitudine,
625 2220 792 2253 statuimus
807 2224 836 2251 et
853 2218 1036 2251 ordinamus·

298 2274 334 2304 dc
350 2273 551 2315 praedictiset
564 2274 632 2305 :iliis
645 2273 794 2305 omnibus
803 2272 915 2304 litteris
927 2277 1035 2304 etcon-

297 2325 524 2361 stitutioniluis,
554 2336 633 2367 quae
658 2325 697 2356 ab
721 2324 832 2357 eodem
855 2323 1036 2366 praedeces-

297 2379 376 2406 sore,
401 2368 517 2400 eisdem
543 2368 578 2399 dc
604 2369 707 2407 rebus,
730 2378 788 2411 pro
811 2377 1034 2410 quorumcum-

297 2422 357 2454 que
393 2412 610 2453 ltcgulariuni,
646 2413 740 2444 ctiam
775 2411 1034 2450 Mendieantiuui,

297 2455 468 2488 Ordinibus
491 2460 521 2487 et
544 2456 841 2495 congregationibus
864 2455 1037 2497 quomodo—

297 2499 373 2531 libet
397 2504 597 2533 emanarunt.
624 2510 658 2530 ac
682 2500 829 2531 omnibus
853 2504 880 2531 ct
906 2498 1036 2541 quibus-

298 2553 433 2585 cumqus·
449 2542 478 2573 iu
496 2542 541 2573 vis
554 2543 718 2578 contentis,
732 2554 800 2575 cam
814 2543 962 2584 deinceps
974 2542 1036 2573 di<-

324 2602 800 2634 1I'tviderwstintornovu,eonst.
814 2609 887 2635 ceni,
901 2599 1032 2634 pag,938.
1065 2591 1103 2622 :lii
1129 2601 1184 2621 llos
1207 2595 1237 2622 ct
1261 2589 1372 2622 sedent
1397 2588 1615 2631 Apostolicuffl,
1632 2587 1685 2619 Ubi
1709 2592 1737 2619 et
1755 2597 1895 2622 (SC-servat.

869 224 1052 250 BU1.t,.tt:1UM
1072 224 1223 248 stomun!

1061 276 1248 318 positionem
1285 279 1378 317 atque
1415 274 1605 307 decisionem
1644 284 1701 317 pro
1732 272 1807 306 sub-

1063 328 1139 360 iecta
1165 327 1297 360 materia
1322 327 1460 359 suturam
1486 336 1657 369 esse‚quae
1682 326 1746 358 sive
1769 336 1805 358 cx

1062 382 1128 413 iure.
1153 381 1250 413 veteri
1275 380 1338 412 sive
1355 390 1391 412 ex
1408 379 1506 412 sacris
1519 378 1595 411 dicti
1613 378 1738 411 concilii
1752 378 1804 410 de-

1060 434 1170 474 cretis,
1193 433 1255 465 sive
1281 432 1358 465 alias
1382 432 1522 475 legitime
1546 437 1618 464 ante
1647 431 1805 463 dictarum

1061 486 1236 517 litterarum
1271 489 1302 517 ct
1336 484 1598 517 constitutionum
1634 482 1806 516 editionem

1060 543 1126 570 crat
1151 543 1190 578 et,
1215 538 1241 570 si
1267 537 1353 581 ipsae
1376 547 1442 569 non
1466 540 1675 575 emanassent,
1700 534 1806 566 sutura

1061 591 1176 627 suisset,
1201 590 1240 622 ad
1265 600 1361 632 quani
1375 587 1615 631 dispositionem
1628 592 1656 620 et
1672 585 1806 618 decisio-

1061 654 1130 675 nem
1156 653 1310 684 suumque
1335 641 1506 684 pristinum
1523 645 1551 672 et
1569 640 1730 682 integrum
1744 643 1805 670 sta-

1061 701 1125 727 tuni
1150 706 1185 727 ac
1212 694 1382 728 terminum
1407 694 1458 726 illa
1482 692 1590 726 omnia
1614 692 1805 725 reducimus.

1059 747 1138 786 Quin
1164 747 1259 779 etiam
1277 746 1415 779 tollimus
1435 750 1464 779 et
1484 745 1677 787 abrogamus
1696 743 1806 777 omnia

1059 799 1218 831 irritantia
1242 804 1272 831 et
1296 798 1357 831 alia
1369 798 1504 837 decreta,
1522 806 1646 830 necnon
1662 797 1807 840 prohibi-

1060 853 1176 891 tiones,
1202 851 1446 891 declarationes,
1471 850 1620 882 mandata
1652 854 1682 882 et
1712 859 1807 892 quae-

1059 914 1194 946 cumque
1219 903 1280 936 alia
1297 903 1374 946 ipsis
1391 902 1503 935 litteris
1520 907 1548 935 et
1567 900 1804 934 constitutioni-

1061 956 1117 988 bus
1142 955 1286 999 apposita
1310 961 1337 988 et
1356 955 1433 987 alias
1449 964 1560 987 eorum
1577 954 1742 986 occasione
1760 954 1808 986 vel

1060 1019 1151 1040 causa
1183 1008 1281 1048 sacta,
1306 1008 1356 1040 bis
1380 1007 1496 1040 nostris
1520 1012 1654 1047 statuto,
1679 1007 1807 1040 ordina-

1061 1059 1138 1092 tioni
1171 1065 1200 1093 et
1232 1059 1408 1093 reductioni
1433 1059 1651 1101 adversantia,
1676 1060 1806 1103 quibus-

1060 1123 1195 1155 cumque
1231 1113 1281 1145 illa
1316 1113 1377 1145 sint
1414 1118 1566 1156 concepta
1596 1113 1741 1146 formulis
1769 1123 1806 1145 ac

1062 1165 1377 1207 praeservationibus,
1403 1166 1680 1206 declarationibus,
1705 1165 1809 1198 modi-

1061 1218 1271 1258 ficationibus,
1297 1218 1562 1259 restitutionibus,
1587 1217 1703 1250 mentis
1726 1221 1806 1250 atte-

1061 1271 1258 1311 stationibus,
1283 1271 1556 1313 derogatoriarum
1581 1268 1802 1312 derogatoriis,

1062 1326 1191 1368 aliisque
1223 1324 1418 1364 fortissimis,
1447 1323 1672 1357 efficacissimis
1702 1327 1730 1354 et
1755 1321 1805 1353 in-

1063 1377 1260 1411 violabilibus
1284 1377 1440 1417 clausulis,
1465 1376 1561 1409 etiam
1585 1380 1674 1408 motu
1697 1379 1726 1408 et
1750 1384 1806 1417 po-

1064 1430 1182 1463 tcstatis
1206 1429 1402 1472 plenitudine
1426 1429 1593 1468 similibus,
1606 1433 1638 1460 et
1660 1438 1697 1460 cx
1720 1430 1806 1460 certa

1063 1483 1203 1523 scientia,
1235 1481 1329 1514 etiam
1360 1492 1418 1524 pro
1446 1480 1684 1514 conservatione
1709 1483 1807 1512 status

1065 1535 1236 1577 regularis,
1260 1540 1291 1567 et
1321 1545 1358 1567 ex
1382 1534 1636 1577 quibuscumque
1660 1532 1730 1565 aliis
1752 1542 1808 1564 ur-

1064 1587 1256 1631 gentissimis
1279 1586 1400 1627 causis,
1425 1586 1688 1629 quotiescumque
1713 1584 1809 1617 robo-

1067 1646 1141 1674 rata.
1166 1641 1375 1673 Decernentes
1399 1640 1450 1672 illa
1474 1639 1581 1672 omnia
1594 1649 1651 1682 pro
1668 1637 1762 1670 nullis
1777 1640 1810 1670 et

1067 1694 1188 1727 insertis
1212 1693 1334 1733 haberi,
1351 1703 1525 1735 omnesque
1549 1692 1747 1735 supradictos
1771 1690 1809 1722 il-

1066 1749 1165 1779 larum
1189 1756 1258 1786 usu,
1283 1744 1448 1777 commodo
1472 1749 1501 1777 et
1526 1744 1638 1777 effectu
1661 1753 1780 1776 carere.

1108 1801 1122 1843 ἓ
1147 1799 1176 1831 7.
1200 1802 1242 1831 Ac
1276 1808 1386 1830 omnes
1416 1797 1486 1830 lites
1509 1802 1537 1830 et
1563 1795 1807 1836 controversias,
1852 1809 1912 1829 Lites
1923 1813 2008 1829 nem-

1066 1864 1144 1897 quae
1168 1862 1275 1885 coram
1299 1850 1462 1894 quibusvis
1486 1850 1655 1889 iudicibus,
1678 1849 1742 1882 sive
1757 1835 2008 1888 oi·-{2‹{¹³¹m¹¹³‡³u⁰n¹;”²¹¹'

1066 1905 1198 1938 dinariis
1226 1905 1289 1936 sive
1313 1903 1557 1944 commissariis,
1581 1903 1676 1936 etiam
1700 1913 1810 1936 causa-

1066 1969 1136 1991 rum
1181 1956 1291 1990 Palatii
1333 1955 1502 1999 Apostolici
1543 1955 1742 1987 auditoribus
1779 1960 1811 1987 et

1067 2012 1096 2044 S.
1120 2012 1154 2043 P..
1180 2011 1213 2042 Ε.
1236 2008 1571 2048 cai·dinalibus‚ctia1n
1595 2008 1632 2041 de
1656 2009 1752 2041 latere
1768 2009 1811 2041 le-

1066 2064 1155 2104 gatis,
1170 2061 1402 2106 praedictarum
1416 2061 1593 2093 litterarum
1610 2066 1638 2093 et
1656 2062 1809 2093 constitu-

1068 2118 1188 2149 tionum
1211 2114 1393 2154 occasione,
1418 2124 1512 2157 super
1536 2114 1719 2157 praemissis
1746 2114 1810 2147 iam

1067 2173 1168 2201 motae
1191 2172 1274 2208 sunt,
1298 2166 1431 2199 necdum
1457 2166 1580 2199 decisae
1604 2173 1658 2200 aut
1682 2167 1808 2209 finitae,

1066 2223 1111 2254 vel
1134 2221 1229 2254 etiam
1256 2231 1336 2263 quae
1353 2220 1414 2252 ian]
1434 2220 1556 2252 decisae
1573 2225 1655 2261 sunt,
1672 2220 1698 2254 si
1716 2220 1809 2253 modo

1068 2280 1200 2307 tractum
1214 2273 1352 2306 habeant
1368 2273 1589 2313 successivum,
1606 2283 1721 2316 easque
1738 2283 1809 2305 rur-

1065 2339 1115 2359 sus
1141 2333 1169 2360 ct
1194 2327 1277 2359 inter
1301 2335 1516 2369 quoscumque
1540 2325 1670 2358 excitari
1695 2325 1728 2357 in
1751 2335 1809 2368 po-

1066 2386 1181 2412 <terum
1211 2379 1388 2421 contingat,
1413 2378 1587 2410 secundum
1611 2377 1806 2420 praedictam

1065 2433 1302 2475 dispositionem
1326 2441 1384 2464 nec
1407 2431 1499 2463 aliter
1522 2430 1719 2463 decidendas.

1108 2490 1120 2525 ξ
1145 2488 1174 2518 δ’.
1199 2486 1315 2518 Futura
1340 2495 1412 2517 vero
1435 2484 1531 2517 dubia
1554 2484 2010 2542 ⁰²di¹¹⁵⁶¹¹¹¹ffl032m333332¹²gg¹⁶

1066 2539 1326 2581 quandocumque
1360 2543 1392 2570 et
1424 2537 1616 2579 ubicumque
1646 2536 2010 2595 ⁰¹'ie¹³¹¹¹¹'’fi¹⁸”3t1¹2²,⁵0⁸⁸‘¹³

1832 2581 1870 2599 pos
1968 2580 2004 2594 re-

1816 210 1869 237 Au.
1888 209 1917 236 G.
1938 185 2027 252 1573}

1995 269 2031 348 l

2046 1707 2059 1824 ἓ

2047 1842 2059 1886 ⁵}
