2059 3228
107 222 206 254 Ansc.
224 224 290 255 1583

144 1244 286 1268 Absolvenies

103 1275 158 1298 ulios
176 1283 187 1296 a
202 1276 286 1298 casibus

102 1307 136 1328 hic
172 1308 286 1328 reservatis

103 1339 288 1360 excommunican-

101 1371 145 1390 tar.

103 1726 215 1750 Absolutto
237 1723 287 1746 Pon-

104 1758 166 1778 tineis
175 1762 226 1783 quos
236 1761 291 1777 com-

98 1788 230 1817 prehendat.

348 218 411 250 ‹tt-³

304 279 425 312 rumvis
442 278 628 312 facultatum
650 283 677 311 et
697 277 908 317 indultorum,
923 277 1054 320 quibus-

304 341 443 375 cumque
462 332 608 374 personis
625 330 861 371 ecclesiasticis,
879 330 1053 364 saeculari-

302 383 363 417 bus
383 389 413 416 ct.
433 383 621 426 quorumvis
652 382 821 425 Ordinum,
845 384 939 417 etiam
969 384 1052 417 Men-

303 436 480 470 dicantium
498 442 529 470 et
546 436 745 478 militiarum,
775 438 990 481 regularibus,
1018 448 1051 471 e-

303 489 380 522 tiam
402 489 578 534 episcopali
598 491 646 524 vel
671 491 733 524 alia
752 491 868 524 maiori
897 491 1052 534 dignitate

303 543 470 586 praeditis,
506 543 649 588 ipsisque
683 543 858 578 Ordinibus
878 550 908 578 et
938 555 1050 578 corum

303 596 519 637 monasteriis,
542 597 752 632 conventibus
771 603 802 632 et
833 598 993 638 domibus,
1014 609 1051 631 ac

301 649 476 698 capitulis,
515 650 680 694 collegiis,
718 651 1048 691 confraternitatibns,

304 704 628 747 congregationibus,
663 705 877 749 hospitalibus
909 711 940 739 et
972 706 1051 739 locis

301 757 375 800 piis,
397 767 525 791 necnon
552 758 654 799 laicis,
680 759 777 792 etiarn
804 759 979 804 imperiali,
1002 771 1052 793 re-

300 809 365 855 gali
384 815 416 844 et
435 810 500 844 alia
520 812 685 846 mundana
709 812 899 846 excellentia
923 813 1050 855 fulgen-

299 863 396 905 tibus
415 873 476 909 per
494 875 554 898 nos
573 871 604 899 et
624 865 744 899 dictam
761 866 876 900 Sedem
892 877 928 899 ac
944 866 1051 900 cuius-

299 916 346 950 ris
373 918 504 952 concilii
539 919 681 961 decreta,
709 920 819 961 verbo,
851 919 964 954 litteris
997 926 1052 953 aut

300 971 364 1005 alia
400 982 610 1017 quacumque
647 973 820 1017 scriptura,
860 974 892 1007 in
932 985 1050 1018 genere

301 1030 332 1058 et
369 1024 403 1059 in
436 1025 556 1070 specie,
590 1036 820 1061 concessorum
854 1033 885 1061 et
916 1028 1050 1062 innova-

299 1083 422 1120 torum,
456 1089 494 1113 ac
526 1080 810 1114 concedendorum
840 1086 872 1115 et
894 1081 1050 1116 innovan-

300 1131 430 1166 dorum.

343 1186 359 1230 ἓ
379 1185 434 1220 ⁶24.
457 1186 548 1226 Quod
569 1187 594 1220 si
615 1187 698 1221 forte
728 1187 844 1232 aliqui,
867 1194 980 1222 contra
1006 1195 1052 1223 te-

299 1250 414 1274 norem
434 1241 667 1284 praesentium,
689 1242 810 1276 talibus
829 1243 1051 1276 excommuni-

300 1293 427 1327 catione
447 1300 478 1327 et
501 1295 706 1329 anathemate
740 1296 898 1339 laqueatis
922 1297 970 1330 vel
996 1307 1050 1331 eo-

300 1357 374 1380 rum
394 1347 492 1381 alicui
526 1348 739 1382 absolutionis
769 1350 964 1384 beneficium
990 1350 1051 1383 im-

300 1401 443 1445 pendere
468 1401 507 1434 de
542 1401 626 1435 facto
664 1404 954 1448 praesumpserint,
997 1408 1052 1439 ebs

300 1454 645 1491 excommunicationis
668 1458 826 1491 sententia
846 1458 1051 1500 innodamus,

300 1508 427 1552 gravius
444 1514 556 1542 contra
576 1520 630 1543 eos
651 1510 864 1553 spiritualiter
879 1518 910 1546 et
928 1517 1052 1557 tempo-

299 1561 422 1604 raliter,
444 1568 542 1606 prout
570 1563 721 1607 expedire
744 1565 942 1608 noverimus,
978 1578 1052 1611 pro-

301 1626 434 1649 cessuri.

346 1669 427 1713 §25
446 1669 650 1704 Declarantes
663 1681 700 1704 ac
713 1678 928 1716 protestantes
939 1685 1053 1718 quam-

303 1733 444 1767 cumque
464 1723 712 1767 absolutionem,
732 1726 829 1760 etiam
850 1728 1050 1769 solemniter,

304 1787 362 1820 per
390 1787 448 1810 nos
482 1777 675 1820 faciendam,
709 1781 893 1824 praedictos
926 1793 1054 1816 excom-

303 1830 485 1864 municatos
503 1831 564 1865 sub
595 1833 820 1877 praesentibus
840 1837 1054 1880 comprehen-

302 1894 365 1925 sos,
387 1884 449 1918 nisi
474 1885 565 1929 prius
597 1897 616 1919 a
647 1888 846 1932 praemissis,
873 1901 948 1924 curn
978 1902 1053 1925 vero

301 1939 470 1981 proposito
490 1940 628 1974 ulterius
661 1941 781 1975 similia
808 1953 874 1976 non
903 1944 1054 1978 commit-

303 1991 403 2032 tendi,
421 1992 613 2034 destiterint;
635 2005 684 2036 ac,
706 1996 812 2039 quoad
833 2007 888 2031 eos
908 1997 963 2041 qui
978 2008 1054 2031 con-

303 2049 352 2076 tra
372 2044 569 2088 libertatem,
596 2051 632 2080 ut
665 2049 896 2092 praemittitur,
937 2056 1054 2084 statuta

303 2097 448 2139 fecerint,
472 2099 533 2133 nisi
553 2100 645 2145 prius
663 2107 798 2144 statuta,
821 2103 1051 2145 ordinationes,

304 2151 567 2194 constitutiones,
604 2156 820 2199 pragmaticas
857 2161 889 2190 et
926 2157 1054 2191 decreta

304 2204 492 2239 huiusmodi
526 2207 658 2251 publice
691 2210 936 2252 revocaverint,
962 2217 993 2244 et
1017 2222 1053 2244 ex

305 2258 454 2293 archiviis
472 2271 530 2294 seu
550 2262 784 2306 capitularibus
811 2264 903 2306 locis,
929 2270 985 2298 aut
1021 2265 1054 2297 in

305 2310 406 2353 libris,
429 2312 463 2345 in
491 2314 609 2357 quibus
642 2316 794 2351 adnotata
830 2317 1051 2362 reperiuntur,

305 2363 405 2398 deleri
425 2372 456 2399 et
475 2369 606 2410 cassari,
629 2380 666 2403 ac
690 2381 750 2404 nos
778 2371 819 2405 de
851 2371 1055 2405 revocatione.

305 2416 490 2453 huiusmodi
523 2422 679 2457 ceitiores
712 2424 861 2465 fecerint,
902 2435 957 2458 eos
989 2429 1054 2458 non

305 2468 594 2512 comprehendeie,
616 2482 677 2506 nec
698 2473 744 2506 eis
759 2473 853 2506 aliter
869 2473 950 2507 suffi
951 2483 1052 2517 ‘1⁰:111

304 2514 386 2554 Quin
407 2516 501 2550 etiam
522 2530 580 2562 pei
598 2521 790 2555 huiusmodi
818 2500 1054 2556 ahsolutiobncm

901 225 1081 250 nULLARtttM
1100 224 1250 249 ROMANUM

1096 275 1238 309 ticntiam
1259 280 1291 309 et
1310 276 1512 309 tolerantiam
1533 282 1676 311 nostram
1706 277 1753 310 vel
1773 286 1845 310 suc-

1095 338 1258 363 cessurum
1275 334 1462 362 nostiorum
1483 334 1745 387 quantumcumque
1764 334 1844 363 tem-

1094 392 1172 428 poro
1192 383 1423 422 continuatam,
1440 382 1471 415 in
1484 393 1532 426 pl
1525 392 1669 415 ‘remissis
1694 382 1845 416 omnibus

1095 444 1122 470 et
1145 436 1279 481 singulis
1299 447 1335 469 ac
1355 435 1619 480 quibuscumque
1646 435 1771 469 iuribus
1788 422 1850 469 Se-

1094 491 1141 523 dis
1162 490 1366 534 Apostolicae
1387 500 1423 522 ac
1443 489 1474 523 S.
1498 489 1534 521 R.
1558 488 1592 521 E.
1615 488 1853 533 undecumque·

1094 550 1124 578 et
1139 544 1447 588 quomodocumque
1466 542 1621 586 quaesitis
1640 546 1671 575 et
1688 551 1844 585 quaeren-

1093 599 1155 636 dis,
1189 599 1377 632 nullatenus
1406 595 1624 641 praeiudicari
1658 606 1753 640 posse
1785 604 1844 630 seu

1093 652 1221 686 debere.

1135 706 1150 749 ξ
1170 705 1223 738 26.
1246 705 1314 738 Non
1327 703 1530 737 obstantibus
1543 702 1730 748 privilegiis,
1740 701 1846 737 indul-

1091 759 1206 803 gentiis
1225 765 1256 792 et
1276 758 1388 791 litteris
1413 756 1611 801 apostolicis,
1639 756 1846 801 generalibus

1091 814 1139 847 vel
1159 813 1366 857 specialibus,
1381 810 1575 856 supradictis
1587 811 1636 844 vel
1651 821 1766 844 eorum
1785 810 1845 844 aii-

1092 867 1145 900 cui
1165 878 1220 900 seu
1241 866 1440 910 aliquibuset
1451 865 1533 906 aliis,
1544 864 1779 908 cuiuscumque
1794 873 1846 898 or-

1092 921 1186 962 dinis,
1209 926 1310 954 status
1337 920 1386 953 vel
1407 918 1613 959 conditionis,
1634 917 1796 962 dignitatis
1815 922 1846 951 et

1093 973 1353 1018 praeeminentiae
1372 972 1503 1012 fuerint,
1526 971 1664 1013 etiamsi,
1690 977 1726 1005 ut
1750 981 1844 1016 prae-

1093 1028 1241 1069 mittitur,
1264 1028 1453 1072 pontificali,
1473 1026 1645 1070 imperiali,
1667 1026 1767 1069 regali
1786 1036 1844 1059 seu

1092 1082 1202 1125 quavis
1222 1081 1438 1115 ecclesiastica
1458 1085 1489 1113 et
1518 1079 1682 1112 mundana
1709 1078 1845 1121 praeful-

1092 1142 1187 1179 geant
1205 1135 1369 1179 dignitate,
1382 1135 1431 1168 vel
1451 1144 1564 1167 eorum
1583 1132 1701 1176 regnis,
1718 1131 1844 1175 provin-

1092 1191 1161 1231 ciis,
1175 1189 1356 1223 civitatibus
1367 1199 1424 1221 seu
1433 1187 1524 1229 locis,
1545 1197 1563 1220 a
1576 1186 1741 1230 praedicta
1752 1185 1843 1227 Sede,

1093 1256 1130 1278 ex
1149 1243 1260 1287 quavis
1280 1253 1388 1283 causa,
1412 1241 1508 1275 etiam
1532 1251 1591 1285 per
1614 1240 1696 1273 viam
1717 1243 1844 1274 contra-

1094 1304 1163 1331 ctus
1186 1304 1240 1331 aut
1273 1295 1557 1336 remunerationis,
1592 1300 1623 1328 et
1641 1293 1701 1327 sub
1732 1291 1842 1337 quavis

1093 1352 1155 1385 alia
1174 1352 1276 1384 forma
1300 1355 1331 1384 et
1357 1354 1482 1389 tenore,
1510 1359 1547 1384 ae
1577 1358 1652 1381 cum
1676 1345 1842 1391 quibusvis

1093 1405 1259 1446 clausulis,
1286 1404 1382 1438 etiam
1411 1401 1689 1446 derogatoriarum
1708 1400 1844 1443 deroga-

1092 1459 1195 1500 toriis,
1214 1458 1387 1499 concessis,
1402 1457 1498 1492 etiam
1509 1454 1749 1490 continentibus
1759 1453 1846 1497 quod

1094 1512 1381 1552 excommunicari,
1402 1508 1665 1545 anathematizari
1680 1507 1729 1542 vel
1744 1507 1845 1542 inter-

1094 1567 1157 1600 dici
1177 1577 1243 1600 non
1271 1565 1395 1610 possint
1425 1575 1484 1609 per
1503 1563 1625 1597 litteras
1652 1560 1846 1606 apostolicas

1093 1631 1159 1655 non
1179 1620 1332 1654 facientes
1351 1620 1482 1664 plenam
1502 1624 1533 1651 et
1552 1627 1734 1661 expressam
1754 1626 1792 1649 ac
1806 1615 1846 1649 de

1093 1675 1190 1709 verbo
1211 1674 1250 1707 ad
1269 1673 1404 1706 verbum
1429 1673 1468 1705 de
1499 1672 1625 1705 indulto
1658 1669 1845 1704 huiusmodi

1095 1740 1131 1762 ac
1151 1729 1190 1762 de
1217 1727 1399 1767 ordinibus,
1429 1725 1519 1767 locis,
1553 1723 1741 1758 nominibus
1767 1733 1846 1768 pro-

1094 1783 1186 1828 priis,
1213 1780 1461 1825 cognominibus
1493 1784 1525 1812 et
1550 1777 1760 1822 dignitatibus
1789 1786 1846 1810 eo-

1094 1846 1168 1870 rum
1179 1834 1377 1869 mentionem
1382 1845 1390 1875 ;
1403 1843 1531 1867 necnon
1542 1830 1844 1872 consuetudinibus,

1095 1891 1191 1925 etiam
1211 1887 1538 1928 immemorabilibus,
1564 1897 1602 1920 ac
1620 1884 1848 1931 praescriptio-

1094 1945 1202 1984 nibus,
1212 1939 1725 1987 quantumcumquelongissimis,
1737 1944 1768 1973 et
1774 1938 1846 1973 aliis

1094 1997 1295 2042 quibuslibet
1315 1994 1535 2036 observantiis,
1557 1993 1686 2039 scriptis
1709 1993 1759 2026 vel
1779 2001 1846 2026 non

1095 2049 1234 2094 scriptis,
1253 2059 1310 2093 per
1325 2059 1407 2092 quae
1421 2053 1532 2081 contra
1547 2047 1606 2081 hos
1620 2052 1750 2081 nostros
1768 2055 1845 2090 pro·

1095 2114 1202 2137 cessus
1222 2114 1258 2136 ac
1275 2102 1459 2142 sententias,
1478 2102 1652 2146 quominus
1676 2099 1845 2134 includan-

1096 2156 1191 2190 turin
1211 2156 1268 2196 eis,
1291 2155 1442 2188 seiuvare
1453 2155 1577 2188 valeant
1587 2154 1635 2187 vel
1648 2153 1743 2194 tueri,
1764 2162 1847 2196 quae

1095 2209 1215 2250 omnia,
1237 2209 1344 2253 quoad
1363 2209 1437 2249 hoc,
1459 2219 1572 2242 eorum
1593 2207 1740 2241 omnium
1759 2212 1848 2240 teno-

1095 2274 1157 2304 res„
1180 2274 1216 2296 ac
1236 2263 1262 2296 si
1270 2263 1309 2296 ad
1319 2262 1465 2303 verbum,
1478 2262 1557 2295 nihil
1572 2261 1699 2306 penitus
1714 2259 1844 2295 omisso,

1096 2317 1317 2350 insererentur
1349 2316 1585 2360 praesentibus,
1608 2325 1667 2359 pro
1691 2313 1847 2358 expressis

1095 2370 1262 2411 habentes,
1297 2371 1428 2415 penitus
1466 2370 1610 2404 tollimus
1647 2374 1678 2403 et
1713 2368 1846 2402 omnino

1096 2433 1295 2465 revocamus,
1317 2428 1496 2470 ceterisque
1516 2423 1685 2459 contrariis
1712 2422 1845 2466 quibus-

1096 2483 1248 2516 cumque.

1140 2522 1154 2565 ξ
1181 2521 1235 2555 27.
1256 2522 1296 2556 Ut
1319 2533 1393 2556 vero
1413 2522 1707 2567 praesentesnostri
1719 2531 1846 2566 proces-

1353 663 1366 670 »ι

305 2569 362 2597 aut
380 2574 604 2613 quoscumque
624 2571 708 2605 alios
738 2576 829 2605 actus
860 2571 1052 2612 contrarios,
1073 2554 1077 2628 1
1096 2581 1150 2604 sus
1169 2572 1207 2605 ad
1222 2582 1429 2606 communem
1436 2573 1590 2607 omnium
1605 2572 1749 2606 notitiam
1768 2571 1846 2605 saci-

305 2612 417 2650 tacitos
436 2616 485 2650 vel
505 2626 682 2663 expmssos,
714 2631 753 2655 ac
785 2621 882 2656 etiam
914 2631 973 2666 pei
996 2632 1054 2666 pa·
1096 2620 1160 2654 lius
1179 2621 1392 2664 deducantur,
1414 2623 1540 2656 chartas
1569 2633 1623 2656 seu
1645 2621 1967 2656 memlnanasnononm
1997 2638 1998 2641 =

1858 223 1909 252 An.
1925 222 1971 255 c.·
1990 232 2029 277 ‘'z‘f

1874 2534 1947 2557 rom
1961 2531 2003 2568 ·{'.
2039 2552 2042 2561 .

1861 2569 1909 2588 ctus
1922 2572 1957 2594 pn
1981 2569 2000 2598 ³<ss
2039 2567 2041 2569 ’

1861 2597 1915 2619 hune
1937 2603 1970 2619 eo
1986 2603 2011 2618 ιω
