2059 3228
63 227 70 236 .
96 203 160 236 1:57&

57 2595 146 2625 *rogatio

64 2626 133 2644 orum,

777 220 951 245 nnncontus
972 220 1024 244 xm
1046 221 1091 244 ΡΡ.

172 273 244 308 aliis
266 273 410 317 personis
432 274 533 307 dictae
561 274 715 307 ecclesiae
745 274 919 307 [Barchino-

172 327 279 360 nensis
299 338 356 370 pro
378 332 522 370 tempore
542 327 724 364 existentes,
737 326 920 359 necitivnns

172 379 530 419 ollioiisinteressentes,
545 380 604 424 sul)
622 379 792 423 praedictis
803 378 920 412 nostris

172 432 294 472 litteris,
321 432 427 475 quoad
453 433 692 476 perceptionem
719 431 918 464 distributio-

172 495 250 525 num
288 485 564 528 quotidianarum,
597 490 658 518 tani
685 490 917 517 nocturnarum

171 538 488 581 quam‹lini-nanim,
502 539 627 571 indicta
643 538 776 571 ecclesia
791 537 920 570 Barchi-

171 590 306 624 nonensi
327 602 384 634 per
396 597 577 634 praesentes
586 597 617 624 et
627 591 793 633 ‹livinispr=
808 590 919 624 elictis

171 643 406 682 interessentes,
420 648 483 676 tam
496 644 619 676 diurnis
630 655 724 687 quain
739 643 915 682 nocturnis,

171 694 291 741 percipi
311 701 340 729 et
360 696 515 733 lucrifieri
534 696 700 729 solitarum
731 695 915 741 huiusmodi

171 750 354 782 nullatenus
381 749 501 782 int-ludi
535 760 591 782 seu
612 748 842 792 comprehendi
861 748 916 781 de-

168 802 258 842 bere,
272 813 342 842 nec,
357 808 519 845 praetextu
541 803 719 835 litterarum
734 807 914 834 nostrarum

168 856 418 899 praedictarum.
452 855 695 889 distributiones
729 855 914 888 huiusmodi

169 909 336 953 percipere
355 915 405 942 aut
430 909 619 942 lucrifacere
636 919 740 952 posse,
764 920 801 941 ac
823 919 914 952 prae-

167 962 288 994 dictum
315 962 492 1006 capitulum
522 963 561 995 ad
592 961 840 994 ministrandum
873 961 917 994 eis

168 1015 411 1049 distributiones
431 1015 618 1048 huiusmodi
645 1015 778 1048 minime
800 1015 913 1055 teneri,

167 1079 226 1101 nec
233 1073 365 1112 propter
374 1069 503 1103 illarum
512 1079 576 1101 non
587 1065 913 1101 subministrationem

166 1121 290 1164 aliquas
315 1122 500 1163 sententias,
530 1132 681 1155 censuras
713 1126 768 1154 aut
797 1132 915 1164 poenas

139 1174 399 1207 .ecelesiasticas
433 1174 621 1216 incurrere,
655 1174 830 1218 apostolica
860 1184 915 1206 au-

166 1227 323 1263 ctoritate.
334 1238 444 1261 tenore
453 1228 683 1271 praesentiunt,
695 1227 912 1261 decernimus.

209 1281 223 1323 ξ
243 1280 274 1313 4.
291 1281 446 1320 Quocirca
464 1281 638 1314 venerabili
657 1281 746 1313 sratri
762 1281 914 1325 episcopo

140 1333 378 1372 [Amerinensn
397 1339 427 1367 et
447 1333 572 1367 dilectis
593 1334 666 1366 tiliis
683 1334 783 1377 priori
805 1345 914 1367 mona-

166 1386 252 1419 sterii
273 1387 407 1420 Sanctae
435 1388 544 1420 Annae
572 1387 854 1426 Barcliinouensis,
877 1398 913 1420 ac

164 1439 294 1472 officiali
310 1440 539 1473 Tarraconensi
559 1451 617 1484 per
632 1446 817 1484 praesentes
827 1451 914 1474 com-

165 1492 322 1525 mittimus
338 1498 370 1526 et
389 1493 579 1526 mandamus
599 1499 758 1537 quatenus
778 1493 837 1537 ipsi
864 1494 913 1526 vel

165 1546 229 1578 duo
247 1551 300 1579 aut
327 1557 411 1580 nnus
442 1557 567 1587 eorum,
596 1558 653 1590 per
683 1558 716 1580 se
743 1548 789 1580 vel
812 1548 911 1579 alium

163 1610 220 1632 seu
237 1599 327 1640 alios,
350 1606 534 1643 praesentes
553 1600 675 1634 litteras
686 1607 717 1634 et
732 1601 763 1633 in
777 1601 823 1634 eis
835 1611 911 1634 con-

165 1657 251 1684 tenta
271 1663 506 1696 quaecumque,
537 1653 591 1686 ubi
617 1659 646 1687 et
674 1654 803 1697 quando
831 1664 911 1697 opus

163 1705 330 1745 l'uerit,.ae
348 1706 472 1749 quoties
492 1717 550 1750 pro
570 1712 662 1750 parte
683 1707 758 1739 dicti
779 1707 910 1750 capituli

117 1780 122 1785 -
162 1757 283 1791 fuerint
301 1759 458 1802 requisiti,
481 1760 669 1793 solemniter
694 1760 908 1804 publicantes,

163 1810 291 1854 illisque
313 1812 342 1844 in
365 1812 548 1856 praemissis
567 1813 703 1846 efficacis
717 1813 910 1846 defensionis

162 1864 323 1907 praesidio
351 1866 546 1902 assistentes,
569 1866 686 1899 saciant
720 1867 909 1900 auctoritate

163 1910 271 1950 nostra
310 1919 488 1962 capitulum
529 1919 715 1952 huiusmodi
754 1919 909 1963 praemis-

162 1969 205 2003 sis
243 1971 394 2005 omnibus
427 1977 457 2005 et
495 1973 628 2016 singulis
642 1999 649 2013 ‚
688 1973 776 2006 iuxta
814 1984 906 2016 prae-

162 2023 301 2057 sentium
312 2025 541 2059 continentiam
558 2032 588 2060 et
604 2032 760 2065 tenorem,
775 2027 908 2071 pacifice

162 2076 224 2108 frui
245 2082 276 2110 et
294 2078 444 2120 gaudere,
467 2089 532 2112 non
552 2079 772 2123 permittentes
787 2080 908 2113 dictum

162 2129 340 2172 capitulum
360 2142 378 2164 a
396 2142 562 2176 quoquam
576 2132 715 2176 desuper
727 2133 908 2176 quomodo-

162 2182 241 2215 libet
270 2183 412 2217 indebite
442 2185 621 2225 molestari;
657 2186 908 2219 contradictores

162 2236 322 2278 quoslihet
345 2243 376 2269 et
404 2237 540 2271 rebelles
569 2243 599 2271 et
629 2238 811 2282 praemissis
843 2250 908 2272 non

162 2293 322 2331 parentes,
340 2300 398 2333 per
413 2291 597 2331 sententias,
614 2302 767 2324 censuras
787 2297 815 2324 et
834 2303 908 2335 poe-

162 2351 220 2374 nas
236 2341 468 2375 ecclesiasticas
487 2344 612 2387 aliaque
629 2351 811 2387 opportuna
830 2345 908 2378 iuris

163 2399 194 2427 et
217 2394 289 2428 sacti
310 2396 464 2435 remedia,
486 2397 701 2439 appellatione
719 2398 904 2440 postposita,

162 2443 409 2486 compescendo,
432 2443 576 2477 invocato
602 2445 697 2476 etiam
722 2446 761 2477 ad
786 2446 858 2485 hoc,
883 2446 907 2477 si

162 2501 244 2535 opus
276 2492 385 2532 fuerit,
416 2492 535 2524 auxillo
565 2492 689 2524 brachii
720 2494 904 2527 saecularis.

206 2540 272 2584 §5
302 2541 371 2574 Non
398 2540 597 2573 obstantibus
621 2542 811 2574 recolendae
840 2552 906 2575 me-

163 2589 284 2623 moriae
303 2589 457 2622 Bonisacii
482 2590 585 2633 Papae
602 2590 675 2629 VIII,
697 2590 791 2623 etiam
813 2602 905 2634 pra-e-

1600 215 1662 247 w)

960 273 1141 305 decessoris
1167 275 1278 313 nostri,
1299 275 1336 308 de
1360 286 1435 312 unu,
1456 280 1485 308 ct,
1506 276 1635 308 concilii
1657 287 1713 318 gc-

962 325 1081 358 neralis
1101 326 1139 357 de
1158 327 1282 359 duabus
1299 328 1424 367 diaetis,
1444 328 1620 362 dummodo
1641 330 1713 372 quis

961 378 1069 420 vigore
1091 380 1305 421 praesentiunt
1329 382 1366 413 ad
1386 382 1714 416 iudieIumultratres

961 431 1083 464 diaetas
1123 443 1184 464 non
1226 434 1385 474 lralnatnr,
1423 435 1558 480 aliisque
1593 436 1712 469 consti-

963 484 1140 517 tutionibus
1174 493 1205 517 et
1239 487 1494 520 ordinationibus
1528 484 1712 532 apostolicis

961 538 1415 582 contrariisqnilinsmnnqiie:
1431 547 1482 573 ant
1495 541 1519 573 <i
1532 541 1708 585 aliquibus,

961 591 1178 623 eominuiiiier
1190 592 1235 623 vel
1255 592 1393 632 divisiin,
1416 594 1455 625 ab
1469 594 1650 637 Apostolica
1670 595 1708 628 sit

960 644 1042 676 Sede
1068 644 1228 676 indultum
1256 645 1340 687 quod
1368 645 1523 687 interdici,
1554 648 1706 691 suspendi

959 697 1005 728 vel
1027 697 1300 729 excommunicari
1323 708 1385 729 non
1407 700 1528 740 possint
1547 712 1605 743 per
1624 701 1708 734 litte-

960 759 1010 780 ras
1041 749 1232 792 apostolicas
1258 760 1321 782 non
1348 750 1498 784 iacientes
1523 753 1649 796 plenam
1675 758 1706 786 et

958 812 1139 844 expressam
1160 813 1196 834 ai:
1217 802 1255 834 ‹le
1273 803 1368 834 verbo
1385 804 1422 835 ad
1445 805 1575 838 verbum
1596 807 1634 838 de
1655 806 1704 839 in-

957 855 1046 887 dulto
1069 854 1253 887 huiusmodi
1275 856 1483 889 mentionem.

1001 907 1114 939 Datum
1137 908 1280 947 Tusculi,
1302 908 1352 941 die
1381 920 1410 942 xi
1445 911 1516 943 inaii
1550 922 1684 946 notxxtx

958 961 1164 1003 pontificatus
1184 962 1284 994 nostri
1305 973 1388 995 anno
1410 973 1462 995 vn.

1010 1018 1071 1047 Dat.
1087 1019 1133 1048 die
1147 1020 1178 1048 ‘ll
1197 1020 1264 1049 inaii
1278 1021 1365 1058 157¹),
1380 1022 1483 1060 pontis.
1502 1032 1578 1053 anno
1600 1033 1638 1054 vtt

1262 1189 1389 1223 XCVIII.

953 1263 1083 1296 Erectio
1113 1264 1237 1307 colleqii
1265 1265 1485 1298 Helvetiorum
1518 1271 1548 1299 et„
1571 1267 1699 1301 Rlcctz'o-

996 1328 1070 1349 rum
1091 1318 1126 1350 ιή
1146 1318 1276 1351 civitate
1295 1319 1528 1352 lllcdiolanensi
1542 1321 1567 1352 l.

997 1396 1143 1431 Gregorius
1162 1397 1303 1432 episcopus
1319 1405 1413 1426 servus
1432 1406 1574 1428 servorum
1596 1400 1651 1433 Dei,

1098 1451 1132 1478 ad
1150 1452 1310 1486 perpetuam
1329 1453 1369 1480 ret
1387 1453 1556 1481 memoriam.

995 1521 1075 1553 Dum
1086 1522 1124 1554 ad
1137 1522 1260 1566 amplas
1279 1523 1496 1557 Helvetiorum
1517 1530 1548 1557 et
1567 1525 1698 1559 Rlietio-

953 1584 1022 1606 rum
1049 1575 1311 1619 populorumque
1331 1576 1375 1610 eis
1395 1577 1596 1611 subditorum
1621 1590 1698 1622 pro-

952 1627 1081 1668 vincias,
1102 1639 1185 1672 quae
1202 1630 1368 1674 perpetuis
1388 1631 1607 1674 superioribus
1627 1643 1696 1666 sae-

951 1681 1030 1714 culis
1048 1692 1112 1715 non
1132 1683 1238 1716 minus
1258 1684 1382 1717 bellicis
1392 1684 1542 1718 laudibus
1555 1696 1591 1718 ac
1603 1697 1696 1729 prae-

950 1735 1077 1775 stantia,
1099 1747 1196 1779 quam
1218 1736 1362 1770 sincerae
1387 1737 1460 1770 fidei
1488 1738 1696 1772 christianae-

950 1798 1012 1830 que
1032 1789 1196 1832 religionis
1222 1790 1322 1830 cultu,
1351 1801 1387 1823 ac
1411 1791 1585 1834 praecipuo
1616 1803 1695 1834 quo-

950 1841 1021 1873 dam
1039 1853 1113 1883 erga
1129 1843 1289 1876 Romanos
1300 1844 1469 1877 Pontifices
1485 1851 1694 1888 sanctamque

948 1895 1061 1928 Sedem
1071 1897 1286 1939 Apostolieam
1298 1897 1475 1930 devotionis
1486 1898 1600 1930 affectu
1612 1898 1693 1930 emi-

950 1958 1025 1981 nere
1045 1949 1201 1989 solebant,
1224 1961 1311 1983 nunc
1332 1961 1404 1983 vero
1422 1950 1574 1993 aliquain
1589 1957 1690 1993 parte,

950 2002 1118 2044 instigante
1136 2003 1259 2046 antiqui
1279 2003 1403 2045 generis
1425 2003 1557 2036 humani
1587 2003 1690 2045 hoste,

949 2055 1143 2088 deformatae
1157 2057 1305 2095 existunt,
1319 2055 1434 2089 mentis
1446 2061 1571 2089 nostrae
1581 2057 1693 2091 oculos

948 2109 1175 2148 convertimus,
1202 2120 1271 2141 eam
1293 2109 1495 2152 potissimum
1522 2109 1614 2142 nobis
1637 2121 1692 2143 cu-

948 2172 1015 2194 ram
1036 2162 1272 2205 suscipiendam
1302 2168 1463 2205 putamus,
1494 2168 1530 2194 ut
1556 2163 1691 2205 quibus-

948 2226 1086 2258 cumque
1118 2226 1286 2258 possumus
1311 2214 1424 2252 modis⁷
1453 2215 1548 2248 nullis
1572 2216 1692 2249 labori-

948 2270 1006 2300 bus
1017 2268 1149 2300 nullisve
1160 2268 1339 2311 surnptibus
1349 2274 1526 2310 parcentes,
1540 2279 1593 2301 eos
1607 2269 1692 2313 ipsos

948 2321 1003 2363 qui
1021 2321 1145 2353 divinae
1166 2321 1285 2361 gratiae
1308 2331 1440 2353 inuuere
1463 2321 1494 2353 in
1504 2321 1626 2354 unitate
1638 2333 1691 2354 ca-

949 2374 1084 2406 thelicae
1123 2374 1195 2406 tidei
1228 2374 1330 2405 adhue
1366 2373 1490 2406 sortiter
1522 2374 1692 2417 persistere

948 2427 1191 2469 dignoscuntur,
1217 2437 1443 2458 conservemus
1472 2438 1508 2459 ac
1529 2433 1690 2465 tueamur;

948 2481 1097 2513 cadentes
1116 2486 1221 2512 autem
1243 2484 1273 2511 et
1289 2479 1457 2523 collapsos,
1477 2480 1582 2512 divina
1603 2481 1691 2512 lioni—

948 2539 1010 2566 tate
1031 2534 1164 2572 favente,
1187 2533 1359 2575 erigamus,
1381 2544 1559 2577 eorumque
1579 2544 1691 2567 sanan-

985 2603 994 2627 i
1013 2600 1055 2628 Ex
1071 2600 1179 2632 aegest,
1197 2599 1225 2626 in
1240 2599 1345 2632 Segret.
1365 2599 1444 2627 ssrev.

1733 224 1773 249 An
1802 222 1828 249 C.
1850 223 1914 249 1571*

1739 1533 1868 1559 Prooemiwin,
