2059 3228
66 185 86 216 C
114 185 181 215 1587

195 238 357 280 quomodo
376 241 544 275 molestent
559 250 610 277 ant
626 245 786 278 molestari
809 246 940 289 permit-

194 295 272 332 tant,
300 292 475 327 districtius
496 296 690 331 iuhibemus.

205 344 252 387 «ξ
271 343 324 377 ⁶22.
348 346 386 379 Ut
410 358 483 381 vero
504 351 667 393 cappellae
689 357 827 391 nostrae,
843 352 942 385 iltius-

52 413 179 433 ,uowrem-
194 406 257 440 que
277 398 418 433 fabricae
442 407 473 434 et
493 403 656 437 sacristiae
673 416 709 437 ac
730 406 856 447 collegii
882 406 940 438 lm-

32 445 331 498 ἓθιαζξζζξζίυεωοὼ
353 453 436 487 felici
462 460 493 487 ct
512 466 666 500 prospero
688 458 850 499 regimini,
881 470 939 501 gu-

73 504 180 557 Pfflgffig
192 502 305 538 bernio
326 511 357 538 et
381 509 614 542 conservationi
628 516 808 553 opportune
823 521 939 544 consu-

43 562 46 565 '
73 567 126 589 «iem
153 567 178 588 zio
192 555 287 597 latur,
308 564 408 602 utque
432 568 620 605 promptum
655 568 686 595 et
720 568 866 606 paratum
901 565 940 597 sit

36 597 179 657 ymnum?
192 608 236 642 eis
247 610 413 653 auxilium,
431 613 583 647 dilectum
600 616 703 647 fitium
724 616 939 649 Alexandrum

51 662 84 686 ³⁸
99 660 178 712 ⁸⁰³1?AE
191 662 326 697 Sanctae
359 665 474 698 Mariae
503 667 534 699 in
565 668 733 701 Cosmcdin
766 669 938 703 diaconum

32 728 36 734 ·
58 722 178 750 ‘exig-»atos
192 716 389 751 cardinalem
407 719 445 752 de
466 720 636 754 Montealto
653 731 887 765 nuncupatum,
902 736 939 757 ex

41 751 90 773 ’Μ’
189 779 299 803 sorore
319 781 484 814 germana,
507 774 685 806 secundum
706 785 846 816 carnem,
864 788 938 820 pro-

189 828 340 866 nepotem
362 831 522 867 nostrum,
545 832 576 859 et
600 838 637 860 eo
658 828 719 861 vita
737 830 859 870 functo,
885 842 939 863 an-

188 875 361 919 tiquiorem
373 885 500 913 sanctae
516 881 676 915 Romanae
694 883 855 917 Ecclesiae
873 895 938 918 car-

187 928 340 972 dinalem,
359 942 396 964 ex
419 939 528 967 nostra
553 935 674 968 familia
701 943 731 969 ct
759 940 934 981 parentela,

187 983 235 1015 vel
251 983 284 1016 in
295 984 364 1017 eius
378 985 552 1028 defectum,
567 998 603 1020 ex
614 989 778 1031 provincia
791 991 936 1025 Marchae

187 1035 405 1071 Anconitanae
429 1039 616 1082 oriundum,
640 1052 696 1074 seu
715 1043 739 1074 si
761 1045 868 1077 nullus
886 1056 937 1078 eo-

187 1099 260 1122 rum
280 1091 387 1133 fuerit,
416 1093 557 1136 primum
592 1096 814 1140 presbyterum
835 1099 937 1131 cardi-

186 1143 292 1177 nalem
318 1155 377 1188 pro
401 1151 547 1191 tempore
573 1149 770 1191 existentem,
791 1152 934 1186 eiusdem

187 1197 353 1241 cappellae
378 1205 506 1234 nostrae
531 1202 682 1246 illiusque
711 1215 934 1248 personarum,

186 1260 309 1293 rerum,
326 1252 488 1287 bonorum
509 1260 540 1288 at
573 1257 692 1289 iurium
718 1265 933 1301 protectorem

187 1303 444 1349 etdesensorem,
459 1309 552 1343 cuius
564 1311 698 1345 consilio
713 1317 811 1356 etope
828 1315 934 1348 omnia

187 1359 373 1402 supradicta
391 1367 423 1394 et
441 1373 666 1408 quaecumque
686 1366 747 1399 alia
769 1367 800 1399 in
828 1368 876 1401 his
905 1374 935 1401 et

186 1410 272 1445 circa
292 1423 329 1446 ea
351 1416 596 1458 quomodolibet
629 1417 808 1454 necessaria
836 1432 933 1465 agan-

185 1469 250 1506 tur,
273 1471 454 1502 statuantur
478 1475 509 1503 et
540 1471 742 1513 ordinentur,
770 1476 933 1509 constitui-

185 1529 258 1552 mus
278 1525 309 1553 et
328 1521 530 1565 deputamus.
553 1526 597 1558 Ac
614 1527 761 1560 volumus
782 1534 812 1561 et
830 1521 934 1563 decla-

184 1581 294 1605 ramus
313 1575 412 1617 quod,
434 1575 519 1618 licet,
539 1579 628 1611 nullo
649 1580 802 1614 existente
832 1584 932 1616 nostri

185 1626 349 1668 sanguinis
368 1629 543 1670 cardinale,
563 1632 645 1665 alius
661 1633 699 1665 ad
721 1634 764 1674 id,
785 1640 818 1667 ut
838 1646 932 1679 prae-

185 1676 298 1719 fertur,
316 1687 446 1715 vocatus
466 1684 639 1718 cardinalis
659 1697 776 1719 munus
806 1695 932 1732 protec-

184 1730 264 1764 toris
281 1731 468 1768 huiusmodi
489 1737 597 1770 subire
615 1744 645 1771 et
660 1750 808 1774 exercere
826 1742 934 1776 incoe-

184 1784 280 1827 pe1·it;
301 1786 524 1830 nihilominus,
558 1791 582 1823 si
614 1793 818 1835 postmodum
854 1806 931 1829 con-

185 1836 286 1880 tingat
304 1839 445 1884 aliquem
461 1848 588 1877 nostrae
609 1846 747 1879 familiae
768 1853 798 1880 et
816 1859 932 1892 paren-

185 1890 268 1924 telae
287 1891 325 1924 ad
346 1894 562 1929 cardinalatus
579 1898 735 1932 honorem
757 1902 888 1943 assumi,
908 1903 933 1936 is

185 1942 219 1976 in
239 1943 382 1978 eiusdem
415 1950 558 1982 muneris
582 1951 747 1986 functione
778 1956 933 1997 praeferri

185 1995 321 2040 debeat,
343 2005 374 2032 et
402 2002 588 2036 constitutio
622 2016 658 2037 ac
695 2006 858 2050 deputatio
895 2010 932 2042 de

184 2049 325 2084 cuiusvis
358 2053 490 2087 alterius
507 2067 644 2099 persona
664 2058 696 2091 in
715 2066 932 2102 protectorem

183 2102 371 2138 huiusmodi
390 2107 492 2141 sactae
512 2120 549 2142 eo
570 2110 638 2154 ipso
657 2122 781 2145 cessare
802 2120 833 2147 et
845 2116 932 2159 expi-

185 2166 257 2190 rare
281 2166 487 2194 censeantur.

195 2226 211 2236 »a
228 2210 243 2254 ἓ
276 2211 330 2245 23.
367 2213 482 2249 Dantes
515 2222 545 2250 ct
581 2220 794 2254 concedentes
828 2222 932 2255 eidem

54 2273 173 2297 nrt-aicae·
183 2261 364 2312 Alexandro
376 2267 533 2301 cardinali
548 2271 714 2314 moderno,
735 2279 765 2306 et
785 2285 844 2317 pro
855 2281 934 2308 tem-

63 2305 174 2333 ¹·'“⁸¹'¹'³⁶'
185 2326 264 2360 pore
289 2318 434 2352 existenti
461 2321 602 2356 eiusdem
624 2335 751 2359 nostrae
768 2329 932 2371 cappellae

60 2367 173 2418 9³1⁶·in-
185 2367 373 2408 protectori,
398 2369 523 2411 plenam
546 2377 576 2404 et
596 2373 729 2406 liberam
748 2376 932 2410 facultatem

65 2399 90 2448 2⁸⁸
101 2403 172 2450 ,ἓξὲξ
185 2417 217 2446 et
228 2415 465 2456 auctoritatem,
479 2418 687 2463 differentias,
704 2423 786 2464 lites,
803 2431 932 2459 contro-

55 2457 121 2481 ⁸¹¹⁹¹¹¹
134 2459 174 2481 ⁸¹²·
185 2462 315 2504 versias‚
330 2463 414 2497 inter
434 2477 656 2512 quascumque
677 2481 842 2515 personas,
868 2480 931 2507 tam

186 2511 359 2554 praepositi
378 2524 474 2556 quam
489 2517 648 2558 sacristae,
666 2521 930 2563 cappellanorum

186 2563 218 2591 et
240 2559 517 2605 beneficiatorum,
544 2567 736 2603 clericorum
761 2581 931 2616 nuncupa-

262 2608 418 2641 Baletium
441 2613 494 2642 Vol.
518 2614 586 2646 t'lll.
755 2619 812 2650 109

37 690 76 718 ,ἓ

852 194 954 217 six't'tts
973 194 992 217 V
1012 195 1059 217 ΓΡ.

1621 186 1684 219 8115

984 251 1101 285 toi-uin,
1130 247 1233 279 <lictae
1267 248 1443 291 cappellae,
1474 248 1729 291 eorumdemque

983 298 1085 331 litium
1108 306 1283 340 consortes,
1306 313 1359 333 seu
1387 302 1425 333 ab
1446 301 1491 334 eis
1511 312 1641 334 causam
1672 302 1729 334 lia-

982 352 1092 384 bentcs
1113 363 1170 395 pro
1193 359 1336 396 tempore
1371 360 1506 396 exortas,
1539 355 1727 396 surnmarie,

982 405 1171 448 simpliciter
1192 412 1217 437 ct
1241 408 1279 438 ‹le
1301 408 1408 450 plano,
1431 408 1497 441 sinc
1533 410 1667 453 strepitu
1698 415 1730 442 et

982 458 1084 501 ligura
1105 459 1226 499 iudicii,
1256 462 1470 503 appellatione
1492 469 1625 503 remota,
1646 463 1730 496 deci-

981 511 1088 552 dendi,
1099 512 1282 553 deliniendi,
1296 516 1486 548 terminamli
1498 521 1527 548 ‹·t
1537 517 1726 560 exeqrmndi,

981 576 1018 597 ac
1046 565 1184 608 denique
1206 568 1352 599 camitem
1374 579 1507 611 prorsus
1533 569 1728 603 iurisdictio-

982 628 1067 657 ncm,
1107 619 1367 662 superioritatem
1401 628 1426 654 et
1470 628 1656 665 poti-statem
1696 624 1728 657 in

981 672 1125 714 cappella
1146 679 1265 714 nostra,
1281 674 1610 717 illiusquealtaribus,
1632 682 1729 720 atque

981 724 1135 758 universis·
1160 732 1189 758 ct
1220 726 1353 770 singulis
1378 729 1523 771 personis
1557 731 1728 772 praedietis

980 778 1079 812 libere
1093 781 1275 820 exercendi,
1290 781 1319 812 in
1335 783 1485 815 onmibus
1499 788 1528 815 ct
1540 795 1597 826 per
1608 784 1727 825 onmia,

980 843 1077 875 quam
1093 844 1152 876 pro
1165 839 1226 865 tem
1233 845 1309 877 pore
1321 835 1458 869 existens
1470 837 1728 881 archipresbyter

979 885 1081 918 dietae
1101 886 1252 920 basilicae
1278 888 1410 931 eiusque
1440 889 1577 922 vicarius
1594 890 1626 922 in
1658 891 1726 934 ipsa

979 938 1108 972 basilica
1123 940 1272 984 illiusque
1285 942 1449 983 altaribus,
1463 943 1616 986 capitulo,
1634 956 1726 977 cano-

978 992 1069 1032 nicis,
1092 993 1289 1026 beneficiatis
1306 1000 1336 1027 ct
1356 995 1481 1029 clericis
1492 997 1541 1029 vel
1559 997 1722 1039 ministris,

978 1045 1016 1078 de
1036 1045 1119 1085 iure,
1150 1048 1383 1081 consuetudine
1419 1055 1475 1081 aut
1499 1061 1534 1082 cx
1560 1051 1725 1094 privilegio

977 1104 1034 1132 aut
1052 1099 1129 1132 alias
1149 1102 1392 1143 quomodolibet
1408 1113 1555 1137 exercere
1576 1110 1677 1147 potest
1696 1110 1727 1137 et

977 1152 1082 1193 debet,
1105 1154 1168 1187 sive
1189 1154 1219 1187 in
1238 1155 1382 1188 futurum
1404 1157 1521 1200 poterit
1537 1162 1567 1190 01
1586 1158 1724 1199 debebit,

978 1206 1072 1239 etiam
1099 1209 1204 1250 quoad
1217 1219 1253 1241 ea
1274 1210 1421 1243 universa
1442 1216 1472 1243 ct
1492 1211 1627 1254 singula,
1643 1223 1725 1254 quae

977 1261 1214 1304 expressionem
1236 1269 1266 1295 et
1286 1264 1528 1297 concessionem
1554 1266 1725 1309 requirnnt

977 1314 1077 1357 magis
1094 1315 1280 1358 specialem,
1314 1328 1461 1361 quaeque
1490 1319 1548 1351 sub
1581 1320 1723 1361 generali

976 1368 1162 1401 huiusmodi
1187 1371 1395 1404 concessione
1424 1382 1487 1405 non
1510 1374 1723 1416 comprehen-

975 1421 1109 1455 duntur.
1626 1440 1642 1455 a„

1019 1475 1033 1518 g
1053 1475 1105 1508 24.
1119 1476 1254 1520 Insuper
1269 1478 1508 1522 iuspatronatus
1525 1487 1552 1513 et
1570 1492 1722 1524 praesen-

977 1529 1062 1561 tandi
1075 1540 1227 1573 personas
1240 1531 1382 1573 idoneas,
1397 1533 1491 1567 etiam
1512 1535 1719 1578 alienigenas,

975 1582 1014 1614 ad
1036 1584 1293 1626 praeposituram
1307 1585 1465 1627 videlicet,
1479 1590 1666 1631 protectori3
1683 1590 1720 1623 ad

975 1636 1153 1669 sacristiam
1183 1648 1257 1670 vcro
1277 1649 1313 1671 ac
1334 1645 1474 1682 quatuor
1503 1644 1721 1686 cappellanias

975 1694 1005 1721 et
1045 1689 1106 1722 alia
1138 1690 1295 1724 beneficia
1331 1693 1499 1727 clericatus
1534 1703 1720 1740 nuncupata

974 1741 1169 1783 huiusmodi,
1194 1746 1389 1788 praeposito,
1409 1759 1467 1791 pro
1489 1754 1633 1793 tempore
1654 1752 1720 1784 exi-

974 1796 1131 1829 stentibus
1152 1799 1330 1840 psanticus,
1355 1806 1417 1833 tam
1444 1803 1503 1835 liae
1527 1803 1631 1846 prima
1655 1805 1721 1838 vice

975 1849 1013 1881 ab
1033 1860 1146 1883 eorum
1180 1852 1340 1894 primaeva
1361 1855 1522 1889 erectione
1543 1862 1572 1889 et
1592 1858 1720 1891 institu-

974 1902 1060 1936 tione
1081 1903 1265 1937 huiusmodi
1286 1908 1371 1950 apud
1398 1908 1509 1941 Sedem
1523 1911 1719 1953 praedictam

974 1957 1130 1994 vacantia,
1154 1969 1250 2000 quam
1276 1961 1401 2002 quoties
1432 1973 1468 1995 cx
1490 1974 1575 1996 nunc
1604 1966 1642 1998 de
1668 1977 1720 1999 ce-

975 2015 1042 2042 tero
1064 2010 1117 2043 illa
1137 2011 1301 2054 quibusvis
1331 2015 1433 2047 modis
1454 2021 1539 2049 etex
1569 2029 1722 2061 quarum-

975 2074 1114 2107 cumque
1149 2065 1306 2107 personis,
1335 2067 1428 2100 etiam
1455 2070 1554 2103 nostri
1588 2072 1723 2105 3111Ηο-

975 2117 1061 2149 mani
1093 2118 1257 2151 Pontiticis
1287 2131 1345 2163 pro
1381 2126 1523 2166 tempore
1560 2124 1722 2159 existentis

974 2179 1030 2202 scu
1066 2170 1204 2204 cuiusvis
1233 2172 1415 2213 cardinalis,
1448 2176 1541 2208 etiam
1569 2183 1643 2211 tunc
1678 2179 1721 2211 vi-

974 2223 1087 2262 ventis,
1117 2224 1328 2258 familiaribus
1361 2228 1522 2262 continuis
1555 2242 1720 2265 commen-

975 2276 1107 2317 salibus,
1129 2288 1184 2310 seu
1201 2278 1363 2313 Romanae
1384 2280 1498 2315 Curiae
1515 2283 1718 2327 officialibus,

974 2335 1028 2361 aut
1048 2330 1125 2363 alias
1145 2333 1386 2373 quomodolibet
1406 2336 1654 2370 reservationem
1675 2339 1721 2372 in-

974 2378 1177 2420 ducentibus,
1205 2392 1332 2425 semper
1353 2383 1480 2423 liberas,
1502 2387 1548 2418 rel
1570 2397 1605 2419 ex
1627 2398 1721 2421 causa

974 2429 1220 2470 permutationis
1260 2430 1490 2473 resignationcs
1523 2436 1562 2468 de
1594 2436 1657 2469 illis
1688 2438 1721 2470 in

974 2476 1058 2509 dicta
1077 2476 1171 2510 Curia
1196 2479 1290 2511 etiam
1312 2480 1343 2512 in
1364 2481 1514 2515 manibus
1538 2485 1655 2518 nostris
1674 2486 1722 2518 vel

1744 194 1795 221 An.
1812 195 1840 222 C.
1858 194 1924 222 1587

1776 1488 1812 1510 Jus
1846 1492 1920 1516 patro-

1736 1524 1798 1540 natus
1813 1524 1833 1540 ct
1856 1527 1918 1546 piac-

1736 1553 1831 1571 seinawn
1847 1558 1919 1578 perso-

1737 1589 1773 1602 nas
1798 1583 1918 1608 praedictas

1735 1611 1822 1633 Micliali
1833 1612 1918 1634 peretto

1735 1645 1780 1665 eius
1805 1646 1918 1671 pronepoti

1736 1676 1834 1702 illiusque
1879 1677 1920 1696 de-

1735 1708 1849 1727 scendent.
1865 1712 1920 1728 cou-

1736 1738 1802 1759 cedit.

974 2525 1109 2559 Romani
1126 2527 1288 2562 Pontilicis
1305 2541 1364 2573 pro
1385 2537 1530 2575 tempore
1550 2533 1720 2574 existentis,
1750 2542 1756 2549 ·

974 2575 1022 2607 vel
1059 2581 1145 2609 extra
1184 2588 1254 2611 eam
1287 2580 1531 2621 quomodolibet
1560 2582 1659 2616 factas
1691 2589 1722 2617 et
