2059 3228
160 243 212 269 An.
232 241 258 268 C.
280 243 347 270 1579

427 243 487 276 268
937 253 1121 277 numanum
1144 251 1305 276 Romnum

363 310 530 348 suevcrint;
556 318 631 352 prae
656 306 770 339 ceteris
792 309 896 338 autem
911 304 1098 337 cathedrali-
1127 304 1215 336 ribus
1228 302 1490 345 interessentiam,
1511 304 1693 339 ministrare
1712 305 1874 348 deberent,

361 363 419 394 bus
445 362 582 394 ecclesiis
616 359 814 403 principatus
841 357 1022 390 huiusmodi
1051 368 1098 389 cc·
1128 355 1186 388 hoc
1210 356 1348 398 profecto
1371 366 1434 388 non
1458 357 1556 389 solum
1596 358 1628 390 in
1666 368 1794 403 eorum,
1818 356 1873 400 qui

361 414 469 445 clesias
485 411 758 451 Bai-chinonensis‚
776 415 900 453 praeter
913 415 1048 452 quatuor
1065 409 1100 440 il·
1128 408 1245 440 eisdem
1269 408 1394 440 diurnis
1416 413 1446 441 et
1469 410 1632 442 nocturnis
1645 409 1756 442 officiis
1772 409 1874 442 conti-

361 465 421 497 lius
453 465 620 497 canonicos
647 463 835 506 praedictos,
863 461 957 494 etiam
986 471 1100 503 magno
1128 470 1190 492 nue
1215 460 1366 492 interesse
1391 459 1527 501 student,
1552 462 1669 494 malum
1684 462 1874 504 exemplum,

360 516 491 548 aliarum
510 524 804 558 personarum,non
820 515 919 546 solum
937 513 1027 553 inibi,
1048 513 1101 545 scd
1129 513 1182 545 sed
1205 512 1301 544 etiam
1325 512 1460 545 aliorum
1484 513 1524 545 ab
1537 512 1635 556 ipsius
1647 513 1794 546 ecclesiae
1809 523 1876 545 scr-

361 568 455 600 etiam
484 572 570 600 extra
599 567 699 610 ipsam
728 566 901 605 eeclesiam,
935 565 1101 607 dignitates
1131 563 1208 596 vitio
1232 569 1363 608 propter
1387 564 1587 598 infirmitates
1599 571 1652 598 aut
1665 566 1741 599 alias
1765 576 1875 608 graves

362 625 393 651 et
416 619 529 659 officia,
554 619 679 662 aliaque
708 618 860 651 beneficia
884 617 1101 655 ecclesiastica,
1134 616 1337 649 necessitates
1392 617 1618 650 excusabilium
1636 645 1643 659 ‚
1688 619 1875 662 praesertim

363 681 499 713 quorum
518 670 640 703 ratione
657 671 696 703 ad
712 671 814 704 officia
830 671 969 713 deputati
992 675 1022 702 et
1050 680 1104 701 au-
1132 667 1217 700 circa
1242 669 1421 712 praedictas
1438 676 1610 704 nocturnas
1626 672 1874 711 distributiones,

362 722 475 755 diteris
503 723 788 756 ecclesiasticorum
819 722 1001 755 huiusmodi
1030 732 1105 755 con·
1133 730 1223 762 quae,
1248 721 1333 754 iuxta
1357 722 1523 765 privilegia
1560 730 1591 756 et
1628 724 1747 757 indulta
1770 725 1878 758 eidem'

361 784 490 807 currere
513 781 654 817 possunt,
670 775 883 808 obtinentium
908 785 1041 807 numero
1058 786 1104 807 re-
1133 773 1281 806 ecclesiae
1304 774 1456 807 canonice
1495 786 1641 809 concessa
1658 803 1666 816 ,
1700 787 1756 810 seu
1792 777 1876 811 illius

362 825 441 858 serta
465 826 514 866 sit,
538 832 568 860 et
583 833 750 870 propterea
766 838 876 860 omnes
899 828 933 860 in
957 828 1018 860 illis
1034 839 1105 871 par—
1134 831 1248 858 statuta
1263 832 1290 859 et
1304 827 1476 861 laudabiles
1489 829 1741 869 consuetudines,
1755 840 1773 862 a
1789 835 1876 862 tanto

362 878 447 911 tibus
471 879 652 914 huiusmodi
677 881 815 913 Officium
850 882 985 914 maxime
1014 892 1106 925 emp-
1135 882 1287 921 tempore,
1313 881 1403 913 cuius
1428 881 1579 914 contrarii
1605 883 1758 923 memoria
1773 883 1878 916 homi-

362 935 440 971 lant,
464 942 500 964 ac
523 933 634 965 exinde
666 934 787 966 eveniat
811 938 846 965 ut
870 944 937 966 sors
961 933 996 966 in
1019 934 1106 977 capi·
1137 941 1212 962 num
1238 942 1302 964 non
1327 932 1440 973 existit,
1466 933 1687 967 inviolabililer
1703 934 1876 975 Observata,

363 984 479 1017 tulares
497 991 527 1018 et
551 986 627 1018 alias
652 996 800 1028 personas
825 986 924 1029 ipsius
947 986 1105 1026 ecclesiae,
1135 983 1222 1024 nulli,
1248 984 1308 1016 nisi
1327 985 1490 1018 nocturnis
1506 986 1619 1018 officiis
1635 986 1815 1019 huiusmodi
1829 986 1878 1018 in-

362 1037 550 1079 praesertim
575 1043 678 1070 autem
696 1049 758 1078 eas,
777 1049 857 1080 quae
881 1038 963 1071 illius
979 1038 1105 1071 servitio
1134 1037 1308 1077 teres-senti,
1334 1037 1428 1070 etiam
1443 1038 1467 1070 si
1483 1038 1553 1081 quis
1566 1038 1760 1080 infirmitate,
1778 1049 1877 1082 quan-

364 1088 470 1121 minus
493 1089 637 1122 addictae
661 1090 815 1131 existunt,
840 1101 876 1124 ac
900 1101 917 1123 a
942 1092 1337 1132 matutinisttumcumquc
1362 1091 1446 1132 gravi
1473 1095 1502 1123 ct
1526 1090 1644 1130 lethali,
1661 1095 1715 1123 aut
1738 1090 1879 1133 negociis

363 1146 393 1173 et
417 1142 485 1174 aliis
510 1142 623 1176 divinis
640 1143 750 1175 officiis
766 1143 845 1176 inihi
863 1143 973 1176 haberi
991 1149 1021 1176 et
1037 1141 1264 1184 fie1·i‚capituli
1290 1142 1389 1185 ipsius
1413 1143 1560 1176 ecclcsiae
1583 1145 1630 1176 vel
1654 1144 1714 1176 alio
1737 1144 1879 1187 legitimo

364 1193 463 1226 solitis
492 1205 524 1226 se
558 1195 741 1237 retrahunt,
775 1196 969 1239 frequentius
1000 1197 1105 1236 cedat,
1136 1193 1365 1236 impedimento
1389 1195 1593 1236 detineretur,
1619 1202 1647 1228 et
1673 1202 1774 1237 antea,
1790 1196 1880 1228 intir-

365 1256 445 1288 quae
471 1247 598 1289 quidem
622 1258 790 1291 personae,
825 1249 948 1282 ratione
979 1249 1107 1292 deputa·
1137 1246 1245 1279 mitate
1269 1252 1298 1279 et
1322 1247 1548 1290 impedimento
1562 1249 1742 1282 huiusmodi
1755 1260 1879 1282 cessan-

364 1298 460 1330 tionis
491 1304 520 1331 et
544 1300 717 1333 auditionis
746 1306 969 1344 computorum
999 1301 1108 1334 huius·
1139 1298 1231 1338 tibuS‚
1256 1309 1313 1341 per
1335 1299 1449 1342 viginti
1473 1300 1614 1344 quinque
1653 1312 1752 1335 annos
1779 1303 1880 1335 conti-

364 1350 460 1391 modi‚
496 1352 625 1395 propria
659 1353 818 1386 domicilia
854 1353 1044 1396 relinquere,
1079 1358 1110 1385 et
1139 1360 1235 1382 nuam
1259 1353 1455 1394 personalem
1484 1353 1687 1387 residentiam
1726 1355 1758 1387 in
1797 1355 1880 1389 dicta

364 1403 448 1435 salvo
472 1403 566 1436 unius
589 1406 636 1437 vel
659 1406 788 1439 alterius
805 1406 995 1439 famulorum
1011 1416 1109 1447 augu-
1141 1404 1270 1436 ecclesia
1293 1405 1425 1445 fecisset,
1450 1406 1630 1450 eisdemque
1664 1409 1828 1442 matutinis
1850 1415 1882 1442 ct

366 1462 483 1496 mento,
514 1457 574 1489 alia
603 1468 698 1490 onera
727 1458 977 1491 extraordinaria
1004 1458 1111 1491 subire
1140 1455 1209 1488 aliis
1232 1456 1345 1489 officiis
1369 1457 1572 1499 interfuisset,
1612 1460 1786 1494 ministrari
1811 1472 1884 1505 pos-

365 1509 546 1542 nullatenus
570 1516 749 1553 coguntur,
775 1521 833 1544 nec
858 1511 890 1543 in
921 1510 1029 1553 aliquo
1066 1513 1202 1541 msnt
1226 1514 1277 1540 aut
1304 1509 1446 1550 debeant,
1465 1511 1635 1544 maximum
1651 1513 1882 1556 praeiudicium

1117 1123 1124 1163 a„
1117 966 1123 1097 -.=...-..-.

364 1562 539 1604 pediuntur
555 1574 617 1606 quo
631 1563 744 1604 minus,
762 1574 820 1606 pro
834 1562 1112 1596 distributionibus
1140 1561 1250 1594 cedere
1274 1567 1305 1594 et
1328 1573 1509 1605 gravamen,
1534 1564 1696 1609 ipsiusque
1735 1567 1881 1599 ccclesiae

367 1613 550 1647 huiusmodi
585 1615 798 1658 percipiendis
826 1621 856 1648 et
879 1615 1054 1655 lucrandis,
1080 1615 1111 1647 in
1142 1621 1240 1648 status
1264 1626 1329 1649 non
1353 1627 1467 1659 parum
1492 1623 1735 1660 perverteretur.
1768 1619 1881 1660 Quare,

367 1666 450 1698 dicta
467 1668 614 1700 eccelesia
631 1668 778 1708 residere,
796 1679 832 1701 ac
849 1668 939 1709 inibi,
965 1673 1028 1700 tam
1047 1678 1112 1700 ma·
1144 1679 1199 1710 pro
1223 1674 1312 1711 parte
1337 1670 1465 1712 capituli
1492 1670 1673 1704 huiusmodi
1711 1671 1802 1704 nobis
1824 1671 1884 1704 suit

367 1719 494 1759 tutinis,
520 1730 600 1762 quae
624 1731 749 1764 semper
779 1731 836 1764 per
861 1726 923 1754 tres
947 1721 1043 1754 horas
1068 1721 1113 1753 vet
1145 1722 1309 1755 humiliter
1333 1723 1542 1766 supplicatum
1567 1728 1722 1766 quatenus
1744 1723 1777 1755 in
1793 1733 1884 1767 prae··

368 1772 462 1812 circa,
488 1778 658 1816 antequam
692 1773 731 1806 ad
763 1774 892 1806 domum
916 1773 1113 1817 praedictam
1143 1774 1245 1806 missis
1269 1780 1447 1817 opportune
1460 1775 1626 1818 providere
1638 1775 1676 1808 de
1688 1775 1884 1818 benignitate

368 1825 566 1867 deputationi
613 1831 643 1858 et
689 1826 843 1859 auditioni
891 1832 1112 1869 computorum
1142 1826 1311 1869 apostolica
1335 1827 1553 1869 dignaremur.

367 1877 551 1912 huiusmodi
568 1878 708 1911 vacaturi
722 1879 884 1919 accedant,
902 1879 987 1911 finiri
1002 1880 1112 1919 solent,
1186 1880 1201 1923 ξ
1217 1880 1247 1913 3.
1260 1880 1322 1913 Nos
1335 1880 1442 1923 igitur,
1456 1881 1631 1923 singulares
1644 1891 1796 1923 personas
1807 1881 1883 1914 dicti

369 1941 464 1973 quam
489 1930 622 1973 singulis
645 1931 714 1963 aliis
732 1931 847 1963 divinis
870 1931 981 1964 officiis
1006 1932 1113 1964 huius·
1143 1932 1272 1974 capituli
1297 1943 1314 1964 a
1338 1933 1500 1975 quibusvis
1538 1934 1885 1976 excommunicationis,

367 1982 463 2023 modi,
488 1983 672 2025 praesertim
698 1989 803 2017 antem
828 1983 994 2016 dominicis
1017 1990 1047 2016 et
1072 1985 1113 2017 fc·
1144 1984 1359 2027 suspensionis
1383 1990 1412 2017 et
1437 1985 1597 2017 interdicti
1633 1986 1766 2029 aliisque
1789 1987 1886 2020 eccle·

368 2035 455 2068 stivis
472 2037 647 2079 ceterisque
664 2036 785 2077 diebus,
802 2037 835 2068 in
853 2036 968 2079 quibus
985 2047 1042 2079 pro
1061 2037 1114 2069 de·
1143 2036 1277 2069 siasticis
1302 2037 1477 2077 sententiis,
1503 2038 1644 2070 censuris
1668 2043 1699 2071 et
1722 2039 1843 2081 poenis,
1868 2050 1885 2072 a

368 2089 534 2131 putatione
550 2095 580 2122 et
594 2089 755 2122 auditione
767 2095 989 2132 computorum
1004 2089 1114 2121 huius-
1143 2089 1210 2120 iure
1235 2089 1282 2121 vel
1305 2089 1345 2121 ab
1370 2089 1508 2129 homine,
1534 2090 1643 2132 quavis
1659 2090 1823 2124 occasione
1840 2093 1886 2124 vcl

369 2141 453 2173 modi
490 2141 617 2174 insimul
653 2142 822 2174 convenire
857 2152 919 2174 non
955 2147 1111 2181 tenentur;
1141 2141 1346 2182 causa,lati5,
1370 2141 1395 2173 si
1421 2141 1535 2183 quibus
1548 2143 1780 2184 quomodolibet
1795 2143 1886 2175 inno*

368 2193 546 2233 commode,
570 2193 595 2225 si
620 2194 727 2234 velint,
752 2193 902 2226 interesse
926 2193 1057 2236 possint:
1082 2199 1109 2225 et
1142 2194 1234 2226 datae
1258 2193 1407 2233 existunt,
1433 2193 1471 2225 ad
1496 2194 1642 2226 effectum
1670 2195 1886 2237 praesentium

369 2245 393 2276 si
419 2245 535 2277 eisdem
562 2245 711 2288 deputato
734 2251 766 2278 et
793 2245 929 2278 auditori
969 2247 1113 2279 ecclesia·
1142 2246 1300 2278 dumtaxat
1339 2247 1607 2289 consequendum,
1646 2247 1759 2280 harum
1805 2248 1886 2281 serie

370 2297 466 2337 sitis-is,
491 2298 528 2330 de
542 2297 771 2340 capitularibus
784 2298 896 2331 etaliis
908 2298 1050 2341 personis
1064 2309 1113 2330 cc-
1142 2299 1335 2331 absolventes
1358 2303 1386 2331 et
1411 2299 1569 2331 absolutas
1607 2300 1672 2332 fore
1710 2305 1883 2338 censentes,

371 2349 481 2381 cit-siae
507 2349 771 2383 Barchinonensis
790 2350 968 2383 huiusmodi
982 2351 1113 2383 existcn-
1146 2362 1182 2383 ac
1207 2351 1402 2393 singularum
1443 2351 1618 2383 litterarum
1643 2362 1765 2385 necnon
1789 2353 1886 2395 privi-

372 2400 466 2439 tibus‚
491 2402 592 2434 dictae
621 2402 861 2436 distributiones
900 2403 1112 2446 quotidianae,
1144 2405 1299 2447 legiorum
1324 2410 1355 2437 et
1395 2405 1588 2437 indultorum
1628 2410 1658 2437 et
1696 2410 1884 2437 statutorum

372 2456 433 2482 tam
460 2453 591 2487 diurnae
609 2461 899 2497 quamnocturnac,
915 2457 997 2488 iuxta
1016 2457 1374 2511 dicta-‘praedictorum
1414 2461 1537 2489 tenores
1571 2457 1789 2500 praesentibus
1828 2467 1886 2499 pro

373 2517 441 2537 rum
468 2508 642 2541 litterarum
668 2516 847 2542 nostrarum
866 2515 1018 2551 tenorem,
1035 2511 1296 2559 citra{ess›;prcssis
1321 2510 1483 2549 habentes,
1509 2509 1691 2541 huiusmodi
1731 2509 1885 2552 supplica-

371 2570 480 2591 ‹zoruiii
504 2561 534 2592 in
561 2562 642 2593 dicta
671 2563 800 2595 ecclesia
830 2563 1058 2596 matutinorum
1083 2562 1282 2604 etsstiouibus
1307 2563 1460 2604 inclinati,
1485 2563 1568 2606 ipsos
1585 2563 1767 2605 deputatum
1786 2567 1813 2593 ct
1829 2571 1885 2593 au-

372 2611 502 2646 aliorum
529 2614 702 2647 officiorum
732 2615 963 2658 praedictorum
996 2612 1275 2660 teiiip0-¹d{101·em
1300 2617 1526 2651 ecclesiasticos
1550 2616 1587 2648 de
1611 2615 1838 2658 capitularibus
1854 2619 1885 2647 et
