2059 3228
804 271 900 294 innnx
925 269 1036 294 nanum
1560 255 1643 290 1057

229 326 294 359 882
318 337 347 365 a;
372 325 550 359 iurisdictio
585 324 755 358 cardinalis
793 323 980 368 protectoris
1018 327 1048 356 et
1083 322 1197 355 iudicis
1220 322 1366 355 omnium
1390 331 1558 355 causarum
1600 319 1678 353 dicti

232 379 416 414 monasterii
442 380 488 412 vel
516 377 638 421 collegii
655 388 831 421 eorumque
848 386 1069 421 personarum,
1098 375 1163 409 883
1180 386 1212 414 α;
1237 376 1367 408 facultas
1392 374 1592 408 visitatorum
1618 384 1683 406 mo-

233 433 362 466 nasterii
394 433 441 465 vel
466 431 576 474 collegi
601 431 863 474 praedictorum,
888 431 963 464 ibid.
992 430 1019 468 b;
1044 429 1245 473 privilegium
1272 439 1448 472 pauperum
1478 427 1655 472 puellarum
1679 454 1687 466 ,

232 487 308 519 ibid.
333 487 360 523 l›;
385 486 542 519 indultum
558 485 641 517 circa
655 484 764 517 relicta
782 484 976 518 monasterio
987 489 1019 517 et
1034 482 1167 525 collegio
1181 482 1351 526 praedictis
1363 486 1393 515 et
1411 491 1523 515 eorum
1538 479 1682 514 validita-

233 544 306 579 tem,
332 539 396 572 885
421 550 450 570 a.

896 646 920 685 Q

141 753 421 796 Quadragesimale
446 760 571 796 tenipus
589 758 634 787 est
652 763 717 797 prze
733 754 846 787 ceteris
868 758 979 796 aptum
995 752 1268 793 christifidelibus,
1282 758 1313 785 et
1330 751 1362 784 in
1388 750 1510 784 ieiunio
1525 754 1557 783 et
1581 749 1680 792 lacry-

227 806 288 839 mis
311 811 538 840 convertantur
554 817 591 840 ex
615 812 681 840 toto
705 807 800 840 corde
824 807 863 839 ad
887 808 1069 848 Dominum,
1094 807 1159 840 666
1183 818 1213 838 α.

136 860 231 900 Quito
255 861 322 905 (de)
347 860 380 893 in
398 860 522 894 civitate
540 860 722 904 provinciae
735 860 842 894 Sancti
856 861 1016 894 Michaelis
1039 860 1202 894 indiarum
1227 858 1478 893 Occidentalium
1514 855 1678 889 Universi-

229 918 276 947 tas
300 913 402 947 Studii
428 913 586 957 generalis
610 913 738 947 Ordinis
761 913 967 947 eremitarum
1003 914 1108 948 Sancti
1146 913 1326 957 Augustini,
1365 912 1502 945 instante
1538 909 1686 953 Philippo

225 965 454 1010 Hispaniarum
478 976 552 1009 rege
576 965 713 1009 erigitur
738 965 812 1008 734,
836 979 869 1008 a;
892 968 1024 1002 facultas
1047 969 1075 1002 ei
1103 968 1256 1001 tribuitur
1291 968 1432 1000 lauream
1464 963 1684 1003 concedendi,

226 1019 303 1053 ibid.
329 1020 359 1060 b;
383 1019 549 1063 privilegia
573 1026 752 1053 ceterarum
777 1021 1026 1056 Universitatum
1051 1022 1281 1062 conceduntur,
1306 1020 1396 1059 ibid.;
1418 1018 1584 1063 privilegia
1619 1021 1684 1050 stu-

223 1072 381 1114 dentium,
407 1072 472 1107 735
494 1083 527 1113 a;
550 1073 680 1107 facultas
703 1074 819 1108 rectori
844 1074 1004 1109 condendi
1029 1079 1158 1116 statuta,
1185 1074 1263 1107 ibid.
1641 1067 1645 1071 ’

901 1182 927 1216 R

129 1289 373 1333 ‚Redemptionis
397 1289 597 1333 captivorum
620 1289 713 1330 Ordo,
746 1289 859 1324 Beatae
883 1290 999 1323 Mariae
1023 1289 1161 1332 Virginis
1185 1289 1224 1322 de
1248 1288 1389 1322 Mercede
1414 1298 1470 1332 per
1493 1285 1680 1320 commissa-

225 1343 291 1376 rios
314 1353 332 1376 a
356 1343 412 1376 Pio
436 1343 459 1375 V
483 1348 514 1376 et
537 1342 691 1386 Gregorio
716 1342 780 1375 XllI
812 1342 1003 1376 reformatus
1027 1341 1060 1374 in
1084 1340 1310 1375 reformatione
1334 1340 1494 1384 persistat,
1519 1337 1583 1373 619
1607 1348 1628 1370 α
1651 1342 1682 1370 et

225 1395 290 1430 620
306 1407 335 1437 a;
361 1396 514 1440 magister
530 1396 687 1440 generalis
704 1395 846 1440 quolibet
862 1394 1012 1428 sexennio
1028 1393 1175 1437 eligatur,
1200 1393 1277 1426 ibid.
1302 1393 1332 1429 b:
1349 1403 1413 1436 quo
1437 1392 1589 1425 defuncto
1610 1397 1684 1424 ante

223 1454 350 1494 tempus
375 1450 517 1494 capituli,
541 1450 631 1493 prior
655 1448 841 1483 monasterii
855 1448 1126 1482 Bai-chinonensis
1150 1453 1196 1480 est
1217 1447 1287 1480 iure
1303 1457 1360 1480 suo
1385 1445 1523 1479 vicarius
1546 1455 1680 1489 genera-

221 1503 270 1545 lis,
293 1503 382 1544 ibid.;
406 1503 548 1548 primum
572 1502 746 1546 capitulum
771 1502 805 1535 in
829 1501 955 1535 civitate
978 1501 1252 1545 Cesaraugustana
1276 1499 1456 1543 cogendum
1475 1526 1482 1540 ,
1518 1498 1594 1531 ibid.
1613 1510 1621 1539 ;
1646 1498 1679 1531 in

219 1556 362 1601 quolibet
385 1557 524 1601 capitulo
548 1557 586 1589 de
610 1557 678 1589 loco
702 1560 733 1588 et
757 1560 901 1599 tempore
924 1554 1023 1588 futuri
1047 1552 1177 1597 capituli
1202 1557 1234 1585 et
1249 1552 1403 1585 electione
1421 1551 1562 1584 ministri
1581 1561 1677 1594 gene-

223 1611 300 1644 ralis
323 1611 535 1650 tractandum,
560 1610 647 1647 ibid.;
672 1608 829 1652 quidquid
854 1608 887 1640 in
913 1606 1096 1640 huiusmodi
1113 1605 1253 1649 capitulo
1276 1605 1372 1638 fuerit
1395 1609 1553 1638 statutum
1577 1604 1680 1637 firmi-

220 1667 270 1696 ter
292 1663 476 1704 tenendum,
501 1662 560 1697 621
589 1674 622 1702 α,·
646 1662 774 1696 Ordinis
789 1660 943 1694 fratribus
967 1671 1003 1693 ac
1028 1659 1221 1693 monialibus
1245 1657 1400 1692 recitandi
1425 1657 1567 1690 officium
1591 1657 1677 1690 iuxta

219 1716 425 1757 breviarium,
451 1727 508 1761 pro
533 1715 610 1759 ipsis
639 1715 863 1759 approbatum,
881 1714 1074 1757 indulgetur,
1099 1713 1164 1748 943
1187 1714 1215 1753 b;
1240 1712 1433 1746 describitur
1456 1709 1679 1744 kalendarium

219 1769 373 1803 festorum
398 1770 523 1803 dierum
548 1775 579 1803 et
595 1769 775 1802 officiorum
800 1767 927 1801 Ordinis
944 1768 1056 1800 Beatae
1081 1766 1196 1799 Mariae
1220 1765 1259 1799 de
1283 1765 1426 1799 Mercede
1438 1763 1678 1807 Redemptionis

138 1864 141 1866 q
220 1822 429 1867 captivorum,
455 1823 519 1857 944
542 1834 561 1856 α
585 1828 615 1856 et
637 1823 664 1855 b.

132 1877 347 1911 Referendarii
373 1877 540 1921 utriusque
565 1876 755 1919 Signaturae
773 1874 908 1908 Romani
927 1872 1090 1908 Pontiticis
1107 1871 1147 1904 ad
1163 1869 1385 1904 centenarium
1402 1880 1574 1903 numerum
1593 1869 1677 1902 limi-

217 1935 338 1973 tantur,
363 1930 426 1965 749
440 1942 459 1964 a
476 1936 507 1964 et
530 1931 556 1968 b;
582 1930 853 1963 admittendorum
878 1926 1048 1971 qualitates
1072 1931 1103 1959 et
1127 1924 1331 1958 admissionis
1347 1924 1460 1964 forma,
1479 1923 1544 1956 750
1561 1933 1590 1962 α;
1608 1927 1677 1966 post

217 1983 393 2017 triennium
429 1984 469 2017 ad
504 1984 703 2027 signaturam
744 1981 866 2026 gratiae
905 1977 1097 2013 admittendi
1123 1976 1212 2016 sint,
1235 1976 1361 2016 ibidenn
1395 1973 1610 2008 assistentium
1636 1974 1677 2006 si-

217 2040 373 2078 gnaturae
396 2036 519 2079 gratiae
552 2045 706 2068 numerus
730 2040 760 2068 et
784 2035 862 2068 ordo
877 2062 884 2076 ,
910 2034 985 2067 ibid.
1010 2034 1052 2071 b;
1090 2031 1298 2066 referendarii
1339 2041 1434 2073 super
1472 2029 1676 2062 concessione

216 2089 488 2124 referendariatus
519 2089 641 2122 litteras
677 2088 867 2132 apostolicas
906 2088 989 2120 insra
1012 2092 1077 2120 ires
1105 2096 1230 2119 menses
1264 2083 1455 2127 expediant;
1489 2082 1591 2119 ibid.;
1631 2081 1676 2114 sa-

217 2141 414 2177 miliaritatis
451 2147 483 2175 et
516 2151 610 2175 verae
650 2140 828 2174 nobilitatis
852 2140 991 2184 insignia
1026 2150 1083 2172 sua
1107 2138 1265 2182 gentilitia
1297 2137 1416 2170 eisdem
1452 2135 1677 2169 conceduntur

216 2200 248 2228 et
271 2205 290 2227 a
313 2194 536 2228 iurisdictione
559 2193 800 2227 ordinariorum
817 2195 952 2237 exempti
977 2192 1192 2231 declarantur,
1217 2190 1277 2224 751
1305 2201 1335 2229 α;
1360 2189 1456 2222 mitra
1480 2187 1526 2220 uti
1544 2193 1678 2230 possunt

217 2255 249 2282 et
272 2249 390 2293 populo
413 2247 613 2288 benedicere,
638 2247 715 2280 ibid.
739 2247 766 2287 b;
791 2248 1004 2280 consessorem
1029 2245 1242 2290 approbatum
1274 2243 1392 2287 eligere
1410 2269 1417 2283 ‚
1443 2242 1497 2285 qui
1522 2241 1618 2274 semel
1643 2240 1676 2273 in

216 2302 281 2335 vita
303 2307 333 2335 et
352 2302 385 2335 in
409 2301 543 2335 articulo
561 2300 672 2334 mortis
685 2300 861 2344 plenariam
878 2300 924 2333 eis
941 2298 1173 2341 indulgentiam
1190 2296 1354 2336 concedat,
1368 2295 1444 2327 ibid.
1460 2295 1488 2333 b;
1503 2294 1677 2340 celebrare,

216 2366 254 2388 ac
277 2354 431 2389 celebrari
456 2355 559 2387 facere
582 2353 668 2386 circa
692 2363 842 2386 auroram
867 2353 963 2386 etiam
981 2352 1014 2385 in
1032 2351 1108 2384 locis
1120 2350 1292 2383 interdicto
1316 2347 1526 2381 ecclesiastico
1557 2357 1674 2391 suppo-

216 2408 304 2450 sitis,
327 2407 415 2447 ibid,
440 2407 593 2441 stationes
621 2405 715 2439 Urbis
739 2405 831 2438 dictis
850 2405 1075 2440 referendariis
1107 2403 1311 2437 visitantibus
1326 2401 1473 2436 ecclesias
1491 2402 1531 2434 ab
1547 2401 1594 2434 eis
1617 2401 1673 2434 eli-

214 2463 334 2507 gendas
356 2463 602 2503 conceduntur,
628 2462 692 2495 752
720 2473 765 2501 a;
790 2460 941 2494 carnibus
972 2457 1099 2501 quando
1123 2456 1206 2489 vesci
1232 2455 1364 2499 possint,
1389 2455 1466 2487 ibid.
1480 2465 1487 2493 ;
1512 2453 1668 2497 dignitate

215 2517 384 2561 gaudeant,
408 2517 448 2550 de
472 2528 535 2561 qua
559 2517 592 2549 in
617 2516 712 2560 capit.
736 2515 900 2549 Stabulum
923 2513 961 2546 de
984 2512 1112 2555 rescrip.
1130 2511 1163 2544 in
1188 2520 1220 2543 vi
1247 2510 1321 2542 ibid.

127 2569 320 2605 Reformatio
344 2569 439 2602 officii
464 2574 496 2602 et
518 2570 811 2602 emolumentorum
835 2566 1000 2602 secretarii
1035 2565 1201 2599 domestici
1236 2562 1369 2597 Romani
1394 2561 1556 2595 Pontiticis
1573 2588 1581 2603 ,
1607 2561 1673 2595 685

215 2633 244 2664 a,
270 2621 519 2656 Secretariorum
544 2622 796 2666 Apostolicorum
821 2621 988 2664 collegium
1013 2625 1155 2653 erexerat
1181 2616 1383 2652 Innocentius
1408 2615 1469 2648 Vlll
1494 2625 1566 2648 cuni
1608 2614 1673 2647 suis
