2059 3228
91 270 143 300 An.
161 271 190 301 C.
206 272 274 302 1586
333 266 395 301 702

286 328 474 362 sectantium
496 329 593 371 quieti
608 334 636 362 ct
649 329 830 363 animarum
848 331 942 364 saluti
959 342 1034 365 con-
1076 326 1677 375 11101101i1201‚exeep1isrogatibus,fieri
1688 327 1825 368 autcon-

286 382 421 421 sulatur,
444 382 580 416 libenter
599 383 808 420 intendimus,
824 395 861 417 ac
874 385 968 418 inhis
978 396 1034 419 no-

285 441 368 468 strae
387 435 566 478 vigilantiae
586 442 692 480 partes
706 439 898 481 propensius
916 438 1035 483 impar-

285 488 394 529 timur,
416 495 510 532 prout
533 489 565 522 in
584 489 722 524 Domino
739 491 914 526 salubriter
938 504 1033 538 expe-

284 541 351 574 dire
371 542 601 586 conspicimus.

327 595 342 637 §
367 594 397 627 t.
425 594 503 628 Cum
516 595 637 640 itaque,
656 596 1034 643 sicutaccepimus,non-

100 682 104 685 ,
152 651 222 691 cmm
237 650 271 685 1³,-
283 647 391 680 nullae
412 658 568 691 personae
588 649 690 684 laicae
719 650 751 684 in
791 652 897 695 regnis
918 653 1032 696 IIispa-

85 682 409 746 {ii.'.'.i¹.i'{ai’·r⁰qhti{niarum
441 701 605 745 degentes,
625 704 754 748 saepius
777 716 815 738 eo
844 706 1034 739 temeritatis

85 748 106 762 ¹¹¹
121 743 212 768 ‘mmm'
283 753 451 787 deveniant
485 759 530 796 ut,
561 756 621 789 sub
652 763 820 801 praetextu
849 759 935 802 quod
955 759 1033 792 alias

281 817 416 840 suorum
432 808 661 843 defunctorum
674 821 810 855 corpora
824 812 857 845 in
875 812 969 846 certis
980 824 1034 846 eo<

282 872 353 894 rum
373 862 527 906 cappellis
547 874 601 897 seu
619 865 808 898 monialium
821 866 929 900 choris
938 867 986 899 vel
998 878 1032 900 a·

280 915 332 948 liis
352 915 431 949 locis
455 917 539 950 intra
555 923 644 962 septa
664 924 695 951 et
719 919 901 953 clausuram
920 931 1032 954 mona-

282 970 456 1004 steriorum
468 971 659 1005 monialium
670 973 701 1006 S.
713 973 880 1017 Augustini
893 975 942 1007 vel
954 975 1032 1008 alte-

281 1023 350 1057 rius
367 1023 504 1066 Ordinis,
522 1026 581 1059 sub
593 1037 670 1059 cura
686 1033 715 1060 et
730 1027 886 1070 regimine
897 1029 1032 1064 fratrum

283 1081 314 1110 et
330 1078 537 1121 superiorum
562 1079 690 1113 Ordinis
705 1081 841 1114 fratrum
864 1082 1032 1118 Praedica-

282 1136 391 1164 torum
417 1131 609 1174 viventium,
643 1134 863 1176 existentibus,
897 1138 1032 1180 sepelire

282 1194 339 1217 seu
364 1185 526 1229 deponere
543 1187 778 1229 consueverint,
795 1189 834 1221 ab
844 1189 1031 1224 huiusmodi

282 1238 470 1272 scandaloso
491 1239 594 1273 abusu
616 1240 770 1274 desistere
791 1253 855 1275 non
873 1249 1032 1284 curantes,

282 1301 411 1324 murum
432 1292 522 1326 chori
538 1294 747 1327 ecclesiarum
761 1297 1031 1330 monasteriorum

279 1345 467 1379 huiusmodi
486 1357 545 1390 pro
562 1347 804 1381 introducendis
825 1350 1033 1384 cadaveribus

281 1409 434 1443 rumpere
455 1405 485 1432 et
504 1400 688 1434 clausuram
709 1402 896 1435 huiusmodi
913 1404 1033 1438 violare

282 1459 501 1496 praesumant,
524 1454 557 1487 in
577 1465 642 1488 non
659 1455 822 1489 modicum
839 1457 1032 1491 christifide-

281 1505 360 1539 lium
381 1508 581 1541 scandalum.

325 1560 340 1604 5
364 1559 394 1593 2.
422 1561 496 1602 Nos,
532 1572 590 1605 pro
626 1562 727 1595 nostri
748 1564 917 1607 pastoralis
937 1565 1033 1598 officii

282 1624 431 1654 munere,
454 1615 644 1649 scandaloso
665 1616 779 1649 abusui
803 1623 832 1650 et
851 1618 1033 1662 pernicioso

283 1667 431 1711 exemplo
451 1667 638 1702 huiusmodi
657 1669 796 1710 obviare,
817 1681 852 1703 ac
873 1677 1033 1704 monaste-

284 1720 407 1754 riorum
425 1721 594 1755 clausurae
610 1728 640 1755 et
658 1723 846 1756 monialium
860 1724 892 1756 in
908 1725 970 1757 illis
981 1725 1036 1757 de-

284 1774 427 1817 gentium
441 1774 542 1818 quieti
559 1781 589 1808 et
612 1776 793 1809 animarum
808 1777 914 1818 saluti,
931 1789 1035 1822 quan-

285 1833 352 1860 tum
369 1839 443 1861 cum
459 1827 524 1861 Deo
542 1839 726 1872 possumus,
747 1830 914 1873 providere
928 1832 1037 1864 rolen-

285 1886 343 1920 tes,
363 1892 400 1914 ac
415 1886 536 1914 certain
557 1882 596 1914 de
614 1883 798 1926 praemissis
817 1884 960 1916 notitiam
982 1885 1036 1918 lia—

286 1935 410 1974 bentcs,
430 1940 519 1968 motu
539 1935 683 1980 proprio,
702 1947 765 1969 non
787 1937 823 1969 a‹l
837 1937 1037 1971 alicuiusde-

286 1998 384 2031 super
401 1987 493 2021 nobis
508 1988 636 2022 oblatae
656 1989 820 2033 petitionis
840 1990 1035 2030 instantiam,

287 2042 341 2073 sed
362 2041 401 2074 de
418 2047 528 2075 nostra
545 2053 634 2075 mera
651 2043 894 2083 deliberatione,
917 2044 1038 2077 discre-

289 2094 366 2126 tioni
388 2099 461 2128 tuae
482 2106 539 2139 per
558 2096 734 2140 apostolica
756 2097 873 2141 scripta
894 2098 1041 2131 commit-

290 2147 387 2181 timus
407 2154 437 2182 et
457 2150 649 2183 mandamus
669 2155 703 2183 ut
722 2151 912 2183 auctoritate
932 2158 1040 2184 nostra

292 2202 463 2244 prohibeas
476 2208 507 2236 et
522 2209 640 2236 statuas
660 2204 746 2247 quod
767 2204 804 2236 de
825 2210 943 2244 cetero,
968 2216 1040 2247 per-

292 2255 397 2298 petuis
418 2257 534 2289 suturis
558 2258 770 2300 temporibus,
793 2258 881 2290 nulla
908 2265 1042 2301 prorsus

294 2308 520 2342 defunctorum
542 2321 688 2354 corpora,
709 2319 934 2355 praeterquam
950 2322 1042 2353 rega-

297 2361 349 2400 lia,
370 2361 531 2404 inchoris,
555 2364 719 2408 cappellis,
743 2365 891 2408 capitulis
906 2365 952 2397 vel
972 2364 1044 2397 aliis

297 2413 373 2445 locis
399 2415 481 2448 intra
506 2423 594 2459 septa
621 2417 831 2450 ecclesiarum
857 2417 1043 2450 huiusmodi

298 2462 514 2501 existentibus,
537 2466 646 2508 (piovis
665 2472 828 2510 praetextu
846 2473 897 2499 aut
921 2467 1041 2506 colore,

298 2511 426 2553 sepeliri
465 2520 519 2546 aut
561 2515 699 2557 deponi,
737 2522 890 2558 perpetuo
919 2516 965 2548 vel
1005 2516 1042 2547 acl

300 2563 436 2601 tempus,
451 2571 556 2604 neque
577 2564 705 2595 tumbae
722 2572 774 2597 aut
795 2565 978 2608 sepulturae
999 2564 1044 2596 in-

300 2611 348 2638 tra
377 2615 462 2650 septa
492 2616 518 2642 et
546 2612 727 2644 clausuram
749 2612 948 2653 huiusmodi,
971 2624 1043 2645 cum

301 2658 522 2692 stemmatibus
536 2666 585 2692 ant
605 2660 783 2704 insignibus
807 2663 853 2695 vel
873 2661 951 2695 alias
967 2673 1047 2706 quo-

109 1613 233 1636 Prohibita).

879 279 975 301 numa
982 279 1055 302 nlt'xt
1081 279 1142 301 ROM
1149 279 1229 302 &NVW

1072 1454 1183 1488 eadem
1210 1454 1345 1488 ecclesia
1375 1454 1493 1499 aperiri
1523 1459 1553 1488 et
1576 1454 1647 1488 fieri
1674 1455 1822 1497 debeant,

1837 263 1949 321 Anscssf‘

1073 383 1150 416 strui
1180 384 1227 417 vel
1256 383 1345 417 refici
1366 384 1490 429 possint
1513 390 1569 418 aut
1591 386 1716 420 valeant
1739 397 1821 432 quo-

1074 437 1249 481 quomodo.
1878 483 1881 487 ,
1957 469 1971 486 2

1116 490 1131 533 g
1155 489 1186 523 3.
1214 490 1250 523 Et
1269 490 1356 535 quod
1377 491 1416 524 de
1436 491 1597 534 praesenti
1615 491 1721 527 forsan
1741 503 1820 527 con·
1841 491 1941 546 ωηῗῑηῗ
1961 510 1971 542 {⁴3

1073 549 1211 576 structae
1232 555 1268 578 ex
1299 544 1393 578 dictis
1423 544 1502 578 locis
1532 544 1616 578 intra
1639 546 1820 581 clausuram
1835 531 1966 579 'clausurum
2033 582 2034 589 ,

1073 597 1258 630 huiusmodi
1272 597 1492 639 existentibus,
1506 598 1633 643 penitus
1645 605 1674 632 et
1689 600 1821 634 omnino
1834 589 1965 640 {iamiar
2014 603 2016 606 ’

1073 651 1226 691 amoveri,
1249 656 1288 684 et·
1303 651 1343 684 ad
1373 651 1472 684 alium
1492 651 1601 685 locum
1622 652 1654 685 in
1678 653 1822 687 ecclesiis
1835 647 1884 670 ‘¹⁵⁸'
1971 648 1973 650 ¹

1073 703 1342 737 monasteriorum
1354 704 1605 748 praedictorum,
1615 711 1702 739 extra
1713 711 1822 741 tamen

1071 757 1266 798 clausuram,
1280 757 1414 790 arbitrio
1430 757 1635 801 superiorum
1645 759 1824 803 praedicto-

1073 821 1145 843 rum
1160 817 1190 844 et
1201 811 1342 854 partium
1351 811 1506 845 interesse
1513 811 1824 855 habentium,trans-

1073 864 1148 897 ferri
1167 864 1317 899 debeant.
1967 909 1969 914 Ι

1117 919 1131 962 g
1155 918 1186 952 4.
1214 919 1331 963 Siquae
1364 929 1439 952 vero
1466 919 1645 964 cappellae,
1666 916 1764 955 etiam
1782 914 1841 962 ad,
1871 925 1980 955 (hm

1073 971 1195 1016 aliquas
1215 973 1426 1016 particulares
1447 984 1602 1017 personas
1621 974 1735 1018 quovis
1749 974 1822 1009 iure
1835 963 1973 1011 affinium.

1073 1031 1264 1070 spectanteS,
1284 1026 1366 1059 intra
1379 1027 1524 1060 eamdem
1535 1028 1719 1061 clausuram
1731 1038 1824 1076 repe·
1834 1019 1970 1047 ¹²⁰¹¹⁰¹¹⁶¹⁹¹

1073 1079 1208 1121 riantur,
1236 1081 1275 1113 ad
1297 1091 1388 1124 quas,
1411 1091 1470 1125 pro
1490 1081 1719 1115 defunctorum
1747 1092 1822 1116 cor·
1847 1108 1850 1110 v

1073 1133 1205 1176 poribus
1227 1133 1307 1166 inibi
1335 1134 1538 1178 sepeliendis,
1568 1146 1604 1168 ex
1625 1134 1693 1179 ipsa
1717 1136 1822 1170 eccle-

1072 1186 1117 1219 sia
1133 1197 1197 1219 non
1218 1186 1279 1219 nisi
1297 1186 1404 1220 diruto
1424 1198 1518 1220 muro
1529 1193 1634 1231 pateat
1648 1188 1823 1232 ingressus,

1073 1240 1258 1273 earumdem
1280 1241 1500 1285 cappellarum
1528 1241 1655 1284 ianuae,
1681 1253 1764 1286 quae
1783 1243 1824 1278 de

1071 1293 1232 1337 praesenti
1254 1293 1337 1327 intra
1357 1294 1502 1327 eamdem
1519 1294 1702 1328 clausuram
1713 1301 1825 1342 aperte

1073 1346 1222 1388 existunt,
1249 1347 1389 1386 occludi,
1411 1353 1442 1380 et
1459 1347 1523 1380 illis
1541 1347 1671 1391 penitus
1690 1349 1822 1390 clausis,

1072 1400 1133 1433 alia
1159 1400 1237 1434 ostia
1262 1406 1351 1434 extra
1371 1401 1555 1435 clausuram
1574 1401 1760 1436 huiusmodi
1789 1402 1824 1436 in

1074 1509 1116 1540 ita
1144 1508 1231 1551 quod
1250 1518 1309 1552 pro
1338 1507 1485 1551 ingressu
1504 1508 1726 1552 cappellarum
1757 1508 1822 1543 hu-

1074 1562 1209 1595 iusmodi
1225 1562 1275 1603 vel
1286 1561 1364 1594 alias
1371 1561 1616 1605 quomodolibet
1624 1562 1714 1595 nullo
1722 1562 1820 1597 modo

1073 1615 1184 1648 eadem
1208 1598 1359 1648 ciiausura
1384 1615 1423 1648 de
1448 1619 1557 1648 cetero
1580 1614 1730 1648 violetur.

1116 1669 1131 1711 ξ
1155 1668 1186 1701 5.
1214 1669 1257 1701 Ac
1275 1669 1370 1701 etiam
1391 1668 1435 1701 ita
1454 1667 1486 1701 in
1506 1668 1667 1708 futurum,
1689 1668 1749 1702 sub
1769 1680 1821 1703 ex·
1868 1710 1874 1716 ⁶
1948 1711 1969 1715 ῃ

1073 1721 1378 1765 communicationis
1395 1721 1528 1755 maioris
1546 1722 1628 1755 latae
1643 1723 1819 1756 sententiae
1833 1710 1943 1766 ζῇζὲὦμ,

1073 1777 1142 1820 ipso
1170 1776 1253 1809 sacto
1273 1787 1332 1820 per
1358 1775 1636 1809 contravenientes
1655 1776 1911 1826 incurren-fggff'0

1074 1831 1132 1863 dae
1149 1840 1266 1874 poena,
1285 1841 1303 1863 a
1322 1829 1521 1874 quanonnisi
1532 1840 1591 1874 per
1602 1840 1662 1863 nos
1680 1835 1737 1863 aut
1751 1841 1823 1864 suc-

1075 1893 1217 1916 cessores
1234 1888 1359 1916 nostros
1388 1883 1550 1916 Romanos
1569 1883 1743 1918 Pontifices
1765 1894 1824 1928 pro

1076 1943 1221 1980 tempore
1253 1936 1422 1969 existentes
1445 1935 1565 1969 absolvi
1591 1936 1726 1980 possint,
1748 1947 1824 1980 per-

1078 1995 1173 2033 petuo
1194 1990 1357 2022 observari
1378 1989 1490 2023 eadem
1516 1989 1707 2023 auctoritate
1734 2001 1826 2034 prae-

1077 2043 1177 2087 cipias
1192 2049 1223 2076 et
1238 2044 1381 2083 mandes,
1405 2043 1626 2088 monialesque
1643 2049 1827 2078 etconven-

1080 2104 1129 2129 tus
1149 2096 1339 2130 monialium
1360 2107 1417 2130 seu
1441 2096 1613 2130 domorum
1638 2097 1826 2130 huiusmodi

1079 2161 1176 2194 <uper
1189 2150 1371 2194 praemissis
1391 2161 1408 2183 a
1428 2160 1605 2194 quoquam,
1623 2150 1718 2184 etiam
1732 2161 1827 2194 prae-

1081 2210 1165 2236 textu
1196 2203 1431 2247 cuiuscumque
1456 2203 1708 2244 consuetudinis,
1730 2203 1825 2237 etiam

1083 2257 1359 2299 immemorabilis,
1378 2268 1475 2300 quam
1503 2258 1614 2291 eadem
1638 2257 1828 2291 auctoritate

1083 2320 1209 2343 revoces
1230 2315 1259 2343 et
1280 2310 1438 2351 annulles,
1465 2316 1520 2343 aut
1548 2310 1627 2344 alias
1646 2311 1758 2354 quovis
1776 2321 1829 2343 co·
1868 2349 1872 2351 λ

1084 2365 1149 2396 lore
1172 2364 1356 2397 nullatenus
1375 2363 1550 2404 molestari,
1570 2363 1754 2408 perturbari
1773 2369 1829 2398 aut

1084 2416 1253 2460 inquietari
1279 2427 1387 2460 possc3
1411 2427 1537 2450 necnon
1562 2416 1719 2460 quiequid
1737 2427 1830 2450 secus

1083 2476 1180 2508 super
1204 2465 1252 2498 liis
1273 2477 1290 2498 a
1310 2477 1487 2510 quoquam,
1503 2465 1613 2510 quavis
1623 2466 1827 2507 auctoritate,

1084 2516 1223 2548 scienter
1242 2516 1289 2548 vel
1316 2516 1514 2558 ignoranter,
1551 2516 1698 2548 attentari
1731 2513 1831 2548 con'ti-

1085 2563 1176 2605 gerit,
1202 2564 1328 2597 irritum
1351 2571 1380 2597 et
1402 2564 1495 2597 inane
1516 2564 1683 2605 decernas,
1701 2570 1829 2597 contra-

1085 2613 1222 2646 dictores
1242 2614 1397 2657 quoslibct
1418 2620 1447 2646 et
1468 2613 1604 2646 rebelles
1627 2624 1685 2656 per
1703 2618 1830 2645 senten-

1085 2661 1154 2703 tias,
1175 2673 1327 2695 censuras
1339 2669 1369 2695 ct
1380 2673 1500 2706 poenas
1511 2661 1743 2696 ecclesiasticas
1752 2661 1830 2693 alia-

1882 1677 1942 1707 om
1960 1687 1962 1692 ·
