2059 3228
130 193 172 221 A„
201 195 228 223 c.
249 196 313 224 1582
374 198 438 231 460

127 310 311 364 εῇζῖῗιῑξῗῃεῖΐὲἓ
327 306 384 347 les,
406 316 502 349 quam
512 305 567 348 qui
584 305 779 348 temporales
799 305 1002 339 coadiutorcs
1014 307 1077 339 sor-

126 349 284 400 hmwdmffsso
326 359 402 392 mati
423 358 554 399 suerint,
577 359 748 392 certumin
767 359 926 393 Societate
939 360 1073 403 gradum

126 411 274 432 ⁵⁰⁶⁰⁰⁵⁵⁵⁰¹¹⁵⁵
323 413 456 453 habent,
479 417 616 457 suntque
636 412 742 445 omnis
757 412 991 448 haereditariae
1002 426 1074 448 suc-

323 466 478 499 cessionis
496 466 677 510 incapaces,
699 465 846 511 nihilque
856 468 989 502 omniuo
1002 479 1074 512 pro-

320 520 384 565 prii
417 519 505 553 iuxta
529 520 776 554 constitutiones
799 522 927 555 easdem
953 523 1072 556 habere

320 580 467 619 possunt.
501 574 565 608 Nec
589 580 724 619 propter
743 575 859 608 emissa
882 576 1070 609 huiusmodi

319 634 392 661 vota
410 628 554 672 publica,
568 634 623 661 aut
634 635 840 673 permortem
851 629 891 662 ab
904 629 1068 670 intestato,

318 681 351 714 in
389 681 542 723 illorum,
569 682 664 716 sicuti
697 683 757 716 nec
784 681 816 715 in
849 683 1070 726 professorum

316 734 411 770 bonis
437 737 553 770 domus
586 737 653 770 ulla
680 742 736 770 aut
764 736 900 770 ecclesia
931 736 981 770 vel
1001 738 1068 770 col-

315 789 436 833 legium
447 791 551 825 dictae
570 791 738 825 Societatis
758 791 934 824 succedere
949 796 1065 834 potest.

358 846 374 889 ἓ
394 846 447 880 19..
487 846 546 886 Qui
565 856 641 879 vero
661 850 801 889 quatuor
819 850 966 877 votorum
990 855 1067 888 pro-

114 896 300 955 dffnffflmffig‘g
313 900 387 933 fessi
406 900 506 934 futuri
526 905 612 941 sunt,
635 899 656 932 ii
677 898 853 932 tribusillis
867 898 1067 931 solemnibus

115 958 299 1012 {peagnsffietinli-
312 954 577 988 substantialibus
613 953 694 986 votis
730 958 883 997 quartum
917 951 1066 985 similiter

255 1006 262 1017 '
312 1010 457 1043 solemne
476 1008 611 1048 addunt,
634 1006 784 1051 specialis
804 1006 937 1039 Summo
958 1005 1065 1039 Ponti-

309 1063 364 1097 fici
380 1062 584 1097 obedientiae
602 1062 688 1095 circa
708 1060 878 1093 missiones
897 1064 1065 1103 praestan·
1105 1063 1228 1099 mento,
1253 1058 1444 1102 privaretur,
1464 1059 1655 1103 praesertim
1665 1070 1740 1093 cum
1750 1059 1859 1094 Socie-

310 1118 383 1158 dae,
405 1117 445 1150 ob
466 1117 639 1150 certiorem
653 1114 792 1159 Spiritus
811 1114 919 1147 Sancti
940 1113 973 1145 in
986 1113 1063 1146 mis-
1103 1111 1176 1157 tatis
1210 1112 1454 1146 constitutiones
1491 1118 1522 1146 et
1555 1112 1734 1157 privilegia,
1773 1124 1858 1157 quae

307 1171 455 1206 sionibus
485 1171 562 1215 ipsis
587 1169 813 1208 directionem,
841 1179 878 1201 ac
904 1167 1061 1200 maiorem
1104 1165 1289 1209 supradicta
1309 1166 1489 1206 continent,
1519 1167 1551 1198 in
1582 1171 1738 1210 separata,
1764 1172 1856 1200 ante-

306 1226 454 1270 ipsorum
483 1223 717 1257 mittendorum
749 1221 823 1255 Sedi
857 1220 1061 1264 Apostolicae
1079 1204 1084 1258 i
1102 1229 1200 1263 quam
1214 1219 1255 1252 ad
1278 1219 1474 1252 novitiorum
1490 1219 1855 1255 convictumadmittan-

307 1279 538 1318 obedientiam,
582 1276 806 1319 maioremque
843 1274 1060 1314 devotionem,

306 1333 538 1373 humilitatem,
556 1330 840 1365 mortificationem
859 1339 897 1362 ac
914 1328 1061 1362 volunta-

306 1393 376 1422 tum
396 1386 658 1430 abnegationem.

350 1442 366 1486 §
386 1440 439 1475 113.
462 1440 537 1474 Post
551 1440 702 1473 emissam
720 1448 797 1472 vero
821 1435 1058 1481 professionem

305 1495 371 1529 sive
389 1501 531 1540 quatuor
550 1494 613 1527 sive
628 1494 725 1526 trium
737 1497 897 1531 votorum,
909 1489 1056 1535 professi,

305 1551 346 1585 ad
373 1549 586 1595 paupertatis,
615 1558 697 1592 quae
731 1545 888 1589 regularis
921 1543 1058 1577 instituti

304 1616 421 1639 murus
440 1610 489 1638 est
531 1608 561 1637 et
597 1600 895 1647 propugnaculum,
930 1599 1058 1644 perfec-

304 1660 427 1694 tionem
464 1659 617 1692 tuendam
634 1685 642 1698 ,
681 1666 877 1699 omnemque
909 1652 1059 1687 ambitio-

304 1714 355 1748 nis
388 1712 593 1747 occasionem
623 1709 875 1749 excludendam,
900 1706 1057 1740 nonnulla

305 1767 368 1802 alia
386 1766 546 1812 simplicia
565 1770 636 1798 vota
650 1763 813 1803 emittunt,
834 1761 953 1806 quibus
980 1769 1057 1804 pro-

304 1822 437 1856 mittunt
451 1832 485 1855 se
504 1828 682 1862 numquam
702 1826 908 1861 quacumque
933 1814 1057 1848 ratione

304 1883 435 1912 acturos
452 1877 503 1910 vel
523 1883 741 1909 consensuros
760 1877 809 1912 ut,
831 1881 915 1914 quae
937 1870 969 1902 in
981 1879 1058 1903 con-

306 1927 706 1966 stitutionibusSocietatis
727 1925 811 1959 circa
831 1929 1056 1968 paupertatem

305 1985 453 2019 ordinata
477 1989 562 2023 sunt,
582 1983 807 2020 immutentur,
830 1978 890 2011 nisi
911 1977 1054 2021 quando,

306 2052 342 2074 ex
362 2040 446 2073 iusta
474 2048 585 2072 rerum
614 2033 811 2078 exigentium
842 2042 949 2072 causa,
979 2041 1058 2074 pau-

305 2100 414 2139 pertas
421 2093 523 2136 magis
534 2089 757 2133 restringenda
766 2086 938 2126 videretur,
951 2094 1057 2127 neque

306 2154 545 2193 plaetensuros,
565 2156 606 2179 ne
626 2143 785 2177 indirecte
805 2139 950 2183 quidem,
977 2143 1011 2171 ut
1024 2137 1056 2169 in

305 2203 447 2246 aliquam
462 2199 695 2246 praelationem
705 2194 960 2237 veldignitatem,
973 2191 1057 2223 intra

304 2258 353 2290 vet
374 2263 462 2290 extra
481 2254 685 2292 Societatem,
705 2250 876 2293 eligantur,
889 2257 949 2279 nce
969 2250 1057 2278 extra

305 2311 498 2344 Societatem
518 2308 551 2340 in
564 2307 613 2340 sui
626 2305 830 2343 electionem,
852 2306 1008 2345 quantum
1023 2299 1056 2331 in

306 2366 351 2397 cis
372 2364 480 2403 suerit,
502 2370 730 2399 consensuros,
753 2356 812 2390 nisi
836 2360 965 2389 coactos
981 2352 1057 2386 obe-

305 2413 426 2445 dientia
450 2412 530 2451 eius,
550 2409 606 2454 qui
624 2409 655 2441 id
671 2407 747 2451 ipsis
767 2405 865 2450 possit
884 2402 1056 2446 subpoena

304 2463 426 2506 peccati
439 2461 638 2505 praecipere.
656 2458 733 2490 hem
753 2453 903 2488 Societati
923 2452 971 2485 vel
987 2450 1057 2484 eius

305 2518 490 2555 praem-»sito
516 2508 776 2542 manifestaturos
795 2504 821 2537 si
837 2512 933 2546 quem
954 2500 1055 2534 sciant

305 2559 430 2602 aliquid
451 2557 636 2591 huiusmodi
657 2554 780 2589 moliri.

349 2612 365 2653 g
384 2608 436 2639 lsi.
461 2608 560 2640 Porro
580 2616 643 2638 non
661 2606 766 2637 solum
777 2599 911 2648 professi
921 2606 951 2633 et
963 2597 1056 2632 coad-

102 1522 106 1523 V
136 1494 224 1520 Attente-e
240 1495 291 1516 sim-

108 1525 174 1552 plicia
187 1529 244 1547 vota.

922 206 1099 230 sumnum
1124 205 1275 230 nontam

372 254 386 295 g
410 250 914 295 11ouibusemissis,tamhiqui
926 252 1078 295 spiritua-
1119 250 1241 283 iutores
1261 251 1412 292 formati,
1433 253 1487 289 sed
1508 263 1545 287 ex
1558 253 1628 288 aliis
1647 254 1863 300 quicumque,
1879 261 1957 286 nimi
1984 233 2022 304 ³

1878 199 1932 230 ᾹῚΙ.
2007 207 2021 229 ³2·

1116 304 1263 337 absoluto
1291 305 1493 349 probationis
1520 308 1665 351 biennio,
1701 310 1867 354 praedicta
1879 296 1935 352 iix*
1973 316 1989 354 Ξ
2005 308 2022 341 4

1116 357 1177 390 tria
1201 358 1426 393 substantialia
1447 366 1533 401 vota,
1563 362 1658 395 etiarn
1691 363 1862 408 simplicia,
1879 361 1993 380 “³⁶⁸²
2026 389 2027 398 1

1115 410 1293 453 emiserint,
1320 413 1357 454 si,
1377 414 1500 458 absque
1516 426 1665 459 expressa
1683 416 1826 459 licentia,
1847 428 1866 450 a

1114 464 1272 498 Societate
1292 466 1469 508 discedant,
1481 468 1606 502 etiamsi
1617 475 1784 513 praetextu
1795 481 1865 505 me-

1113 518 1204 552 lioris
1225 519 1326 563 frugis
1345 525 1376 553 et
1394 521 1550 555 transitus
1566 522 1606 555 ad
1629 522 1729 556 alium
1749 534 1864 567 quem·

1113 583 1252 616 cumque
1268 573 1421 608 Ordinem
1435 574 1724 617 (Carthusicnsium
1734 577 1864 612 dumta-

1111 633 1163 659 xat.
1182 627 1330 670 excepto)
1349 627 1382 660 id
1401 627 1531 669 saciant,
1551 629 1729 673 apostasiae
1753 636 1785 664 et
1811 641 1864 664 ex·

1111 680 1417 715 communicationis
1449 693 1488 715 ex
1523 683 1727 726 Apostolicae
1771 683 1864 718 Sedis

1111 734 1239 768 decreto
1253 745 1374 778 poenas
1393 735 1579 776 incurrunt,
1605 747 1623 769 a
1643 736 1761 780 quibus
1778 747 1861 771 non-

1109 787 1170 820 nisi
1194 799 1213 821 a
1240 788 1374 822 Summo
1402 789 1557 823 Pontifice
1588 790 1637 823 rel
1667 801 1686 822 a
1718 790 1862 834 generali

1108 841 1293 886 praeposito
1314 842 1434 875 absolvi
1461 849 1606 887 possunt.
1637 843 1750 888 Inique
1773 844 1862 878 enim

1108 907 1181 928 cum
1202 896 1360 930 Societate
1373 897 1442 941 ipsa
1451 903 1613 941 ageretur,
1631 898 1656 931 si
1672 897 1860 932 virismulto

1106 950 1217 984 labore
1237 951 1277 984 ad
1297 951 1399 984 ardua
1424 952 1603 985 ministeria
1623 952 1770 994 eruditis,
1784 964 1860 986 cum

1106 1003 1271 1047 religionis
1291 1005 1468 1039 catholicae
1489 1012 1519 1038 et
1540 1006 1638 1039 huius
1658 1005 1750 1040 Sedis
1762 1006 1860 1040 detri-

1101 1278 1167 1314 tur,
1189 1273 1385 1306 habitatione
1401 1273 1856 1308 eismaturiusconsideranda

1100 1326 1280 1360 tradantur.

1144 1379 1233 1424 515.
1267 1380 1402 1414 Biennio
1428 1380 1602 1414 novitiatus
1625 1381 1800 1425 completo,
1822 1387 1854 1416 et
1891 1392 1987 1427 omer,
2017 1415 2019 1417 ,

1100 1433 1224 1468 emissis
1254 1434 1334 1467 votis
1354 1434 1570 1478 simplicibus,
1592 1445 1657 1467 una
1677 1439 1726 1468 est
1744 1435 1852 1469 omni·
1865 1429 1984 1482 ξζζζζζζῖ.
2010 1420 2022 1465 i

1099 1489 1161 1521 bus
1185 1487 1318 1522 omnino
1347 1487 1472 1521 vivendi
1500 1493 1531 1520 et
1563 1487 1736 1521 obediendi
1754 1488 1850 1530 ratio,
1864 1493 1924 1513 '¹²¹¹‘-

1099 1542 1219 1590 debent
1237 1541 1324 1575 enim
1344 1551 1458 1575 omnes
1477 1541 1508 1574 in
1530 1541 1680 1575 omnibus
1704 1541 1849 1584 obedire,

1099 1601 1131 1630 et
1145 1595 1179 1628 in
1193 1595 1360 1629 communi
1370 1595 1487 1631 vivere.
1499 1606 1564 1628 nin
1578 1605 1671 1629 secus
1689 1594 1744 1628 alii
1753 1600 1852 1640 atque
1900 1603 1902 1606 “

1099 1650 1160 1694 ipsi
1180 1649 1317 1694 professi
1337 1654 1368 1682 et
1389 1649 1593 1682 coadiutorcs
1618 1649 1775 1690 formati;
1803 1648 1850 1683 id-

1099 1715 1174 1748 que,
1196 1703 1230 1736 in
1250 1703 1401 1737 domibus
1420 1702 1551 1747 quidem
1573 1701 1800 1746 probationum
1819 1707 1851 1737 et

1099 1757 1263 1801 collegiis,
1285 1768 1322 1790 ex
1342 1756 1534 1795 redditibus;
1556 1755 1587 1788 in
1605 1755 1757 1789 domibus
1774 1767 1850 1790 vero

1097 1812 1331 1856 professorum,
1355 1821 1438 1854 quae
1462 1810 1570 1843 nullos
1605 1809 1740 1842 omnino
1773 1810 1850 1843 red-

1098 1865 1184 1898 ditus
1207 1865 1328 1898 habere
1347 1868 1493 1909 possunt,
1513 1874 1550 1897 ex
1561 1863 1851 1908 eleemosynistan-

1097 1924 1179 1952 tum.

1141 1974 1156 2017 ἓ
1176 1972 1229 2006 16.
1257 1972 1292 2005 Et
1314 1971 1401 2012 licet,
1418 1971 1474 2014 qui
1494 1970 1534 2004 ad
1551 1970 1669 2014 gradus
1687 1971 1850 2014 professo·
1895 1982 1966 2011 rupe

1098 2037 1169 2060 rum
1191 2026 1459 2059 etcoadiutorum
1472 2025 1686 2058 formatorum
1702 2024 1847 2058 nondum
1861 2018 1965 2073 {22:⁸¹2
2006 2004 2020 2062 ἑ

1098 2083 1327 2124 pervenerunt,
1348 2079 1510 2112 bonorum
1531 2087 1665 2110 suorum
1685 2077 1735 2111 ius
1752 2082 1848 2122 atque
1861 2064 2020 2129 yffssgsss'ff

1098 2133 1290 2174 dominium,
1310 2138 1378 2165 tum
1409 2132 1487 2165 alias
1519 2131 1561 2165 ob
1587 2131 1686 2164 iustas
1719 2141 1847 2172 causas,
1873 2114 1886 2130 υ
1919 2131 1925 2139 ’
1997 2128 2004 2130 ’

1092 2192 1165 2220 tum
1195 2187 1291 2220 etiam
1321 2191 1357 2219 ut
1381 2185 1538 2219 maiorem
1566 2184 1708 2218 Societas
1731 2184 1849 2218 habeat

1097 2241 1279 2274 libertatcm
1301 2240 1386 2286 illos,
1412 2239 1439 2272 si
1459 2249 1540 2283 opus
1560 2238 1669 2279 fuerit,
1690 2248 1765 2271 cum
1789 2237 1849 2270 mi-

1097 2305 1175 2327 nore
1207 2293 1385 2327 offensione
1413 2291 1609 2334 dimittendi,
1624 2291 1681 2324 ‘ad
1703 2296 1844 2335 tempus,

1096 2348 1256 2392 generalis
1275 2346 1451 2392 praepositi
1476 2346 1597 2379 iudicio
1622 2344 1846 2389 praescriben-

1097 2398 1187 2437 dum,
1221 2397 1348 2430 valeant
1375 2395 1527 2435 retinere,
1561 2399 1595 2428 ut
1626 2393 1659 2427 in
1685 2402 1846 2438 pauperes

1097 2447 1228 2480 tandem
1248 2457 1306 2480 seu
1329 2445 1410 2478 alios
1429 2444 1500 2488 pios
1518 2454 1595 2476 usus
1615 2453 1674 2487 pro
1698 2442 1845 2492 ipsorum

1097 2496 1267 2530 devotione
1287 2494 1495 2534 distribuant,
1517 2494 1605 2526 iuxta
1618 2490 1844 2535 ,evangelicum

1097 2545 1269 2579 consilium
1289 2555 1326 2578 ac
1350 2543 1598 2588 promissionem
1626 2551 1724 2585 quam
1752 2538 1844 2572 initio

1096 2595 1267 2629 novitiatus
1286 2593 1428 2635 faciunt3
1445 2591 1575 2626 interim
1595 2596 1716 2631 tamen,
1744 2597 1845 2632 quan-

1977 2649 2000 2775 1⁷³·s4’5fl
1980 2612 1982 2618 ”
1991 2582 1993 2584 .
