2059 3228
127 224 180 253 An.
197 225 225 252 C.
248 226 315 255 1587

138 651 267 684 {JK—tarano,
286 661 311 682 de

126 696 167 718 qua
180 698 202 712 iu
218 690 311 713 rubrica.

171 1881 282 1903 clausulae

157 2413 270 2435 ῐὶμηιετιιίιι
278 2418 327 2433 con-

144 2446 264 2465 Ιηιίυῐιιιιι.

375 240 380 250 .
397 219 438 251 :¹3ss

329 280 412 313 sario
433 279 574 323 generali
595 280 759 323 praedicto
778 290 834 313 vox
855 280 956 313 activa
968 286 1078 323 etpas-

329 332 393 365 siva
422 333 631 372 concedatur,
656 333 845 377 praesertim
872 344 945 366 cum
966 334 1028 367 hoc
1050 327 1076 366 i-

328 397 422 429 psum
448 386 536 419 valde
562 393 688 429 gratum
709 392 738 419 ct
759 392 927 430 acceptum
950 387 1076 431 praedi-

328 447 378 473 cto
404 439 552 484 Philippo
591 440 658 482 regi
689 441 755 473 sore
780 441 1012 479 existimemus,
1046 447 1077 474 et

329 499 391 525 tam
416 493 645 526 ultramontani
673 503 770 537 quam
792 494 984 527 cismontani
1013 495 1076 528 sra-

326 552 390 578 tres
411 546 628 579 communiter
644 547 678 580 in
699 547 761 581 lioc
778 553 986 581 concurrant.

371 599 386 642 ἓ
410 599 441 632 ⁶2.
469 599 572 638 Quare
599 610 669 640 nos,
704 601 790 634 bono
810 601 961 645 regimini
991 601 1076 635 eius-

327 653 401 686 dem
435 652 563 686 Ordinis
589 655 758 688 consulere
781 655 939 694 volentes,
971 666 1007 689 ac
1037 655 1076 689 de

327 706 493 749 religionis
509 707 589 747 zelo,
611 708 745 751 aliisque
770 709 939 752 probitatis
963 715 993 742 et
1012 709 1075 742 vir-

326 765 432 793 tutum
463 761 586 794 meritis
612 761 720 795 dilecti
746 762 802 795 tilii
828 762 1015 807 Hieronymi
1038 763 1076 796 de

327 814 480 855 Guzman‚
494 815 642 849 moderni
654 816 879 857 commissarii,
896 817 1075 861 plurimum

326 868 359 900 in
379 868 515 902 Domino
536 869 662 910 confisi,
684 875 774 903 motu
793 870 938 914 proprio,
952 877 1016 903 tam
1033 871 1076 903 ei-

325 922 398 954 dem
430 922 625 967 Hieronymo
658 934 757 967 quam
782 924 882 957 cnivis
903 924 997 957 alteri
1017 935 1076 968 pro

326 981 471 1020 tempore
493 976 601 1010 futuro
621 977 843 1010 commissario
863 978 1006 1020 generali
1027 978 1076 1011 di-

326 1029 367 1063 cti
387 1029 515 1063 Ordinis
535 1030 567 1063 in
593 1031 739 1075 partibus
769 1031 952 1075 praedictis,
984 1037 1019 1064 ut
1044 1031 1076 1064 in

325 1083 468 1125 generali
490 1084 522 1116 in
547 1084 644 1117 domo
664 1084 698 1117 B.
721 1085 839 1118 Mariae
860 1084 899 1118 de
929 1085 1074 1118 Aracaeli

326 1137 364 1170 de
385 1137 469 1170 Urbe
490 1137 553 1170 iam
575 1143 769 1181 congregato
790 1138 932 1183 capitulo
952 1144 983 1171 et
1003 1138 1076 1182 qui-

324 1190 466 1224 buslibet
477 1191 547 1224 aliis
563 1191 712 1235 capitulis
723 1191 930 1235 generalibus
943 1202 1077 1234 congre-

325 1244 449 1288 gandis,
481 1250 511 1279 et
544 1246 577 1278 in
602 1245 752 1278 omnibus
781 1256 895 1279 eorum
922 1245 1077 1289 capitula-

326 1300 424 1340 ribus,
453 1310 535 1343 quae
566 1300 598 1332 in
619 1300 764 1333 futurum
784 1299 923 1333 ubilibet
942 1300 976 1332 in
998 1299 1077 1333 locis
1111 1319 1115 1327 ν

326 1354 586 1392 celebrabuntur,
606 1354 640 1387 in
660 1354 818 1387 electione
840 1353 1000 1397 generalis
1020 1353 1079 1387 mi-

326 1407 418 1441 nistri
439 1413 470 1441 et
497 1408 574 1440 alias
601 1407 633 1441 in
661 1408 813 1441 omnibus
833 1413 863 1441 et
887 1419 946 1452 per
969 1407 1078 1441 omnia

325 1472 436 1496 vocem
461 1462 595 1495 activam
615 1468 647 1495 et
666 1461 823 1506 passivam
835 1462 990 1495 aclocum
1003 1471 1079 1495 con-

327 1521 510 1560 gruentem,
532 1522 630 1561 prout
649 1515 721 1549 aliis
740 1515 969 1549 commissariis
984 1526 1079 1559 gene-

328 1571 450 1604 ralibus
476 1570 554 1604 dic-ti
582 1569 709 1604 Ordinis
737 1570 804 1602 dari
834 1570 924 1610 solet,
945 1569 1079 1602 omnino

327 1625 456 1665 habeat,
478 1631 507 1658 et
527 1636 586 1658 sua
603 1635 680 1658 voce
701 1624 748 1658 uti
767 1630 798 1657 et
813 1624 922 1658 locum
940 1623 1079 1657 retinere

328 1679 430 1714 libere
450 1685 480 1713 et
504 1680 589 1713 licite
608 1680 723 1720 valeat,
743 1679 933 1713 auctoritate
953 1684 1082 1723 aposto-

328 1735 524 1776 lica,tenore
538 1733 770 1779 praesentium,
790 1739 948 1778 perpetuo
967 1744 1082 1767 conce-

331 1789 438 1823 dimus
457 1795 487 1822 et
509 1788 727 1831 indulgemus.

375 1844 390 1885 ξ
413 1843 445 1877 3.
471 1843 686 1876 Decernentes
706 1840 906 1885 praedictum
927 1841 1082 1884 Hierony-

332 1908 422 1931 mum
443 1907 480 1930 ac
496 1907 555 1940 pro
566 1901 713 1939 tempore
730 1895 917 1928 existentem
934 1894 1084 1927 commis-

333 1951 453 1985 sarium
478 1950 663 1993 generalem
695 1949 734 1982 ad
755 1959 869 1982 vocem
889 1948 1024 1981 activam
1055 1953 1084 1980 ct

334 2003 491 2049 passivam
511 2008 543 2036 et
560 2003 671 2036 locum
686 2001 873 2035 huiusmodi
889 2012 947 2045 per
964 2011 1030 2041 θος,
1045 2001 1084 2034 ad

335 2068 417 2102 quos
436 2062 568 2102 spectat,
588 2055 732 2094 omnino,
745 2061 775 2088 et
790 2065 997 2098 quacumque
1011 2065 1086 2087 con-

335 2111 538 2147 tradictione.
567 2109 784 2154 appellatione
804 2113 858 2142 aut
877 2119 1012 2142 recursu
1033 2119 1085 2141 re-

336 2165 444 2205 motis,
477 2163 578 2208 recipi
602 2169 634 2196 et
653 2162 778 2196 admitti
798 2161 937 2199 debere·‚
959 2172 1087 2194 necnon

338 2218 463 2251 irritum
485 2223 514 2251 et
534 2217 630 2250 inane
649 2216 673 2249 si
691 2226 782 2249 secus
801 2215 967 2258 superbis
982 2225 1089 2258 aquo-

338 2282 446 2316 quam‚
458 2271 569 2315 quavis
579 2269 782 2309 auctoritate,
794 2268 932 2302 scienter
939 2268 987 2301 vel
998 2268 1088 2311 igno-

340 2331 459 2365 ranter,
487 2324 659 2365 contigerit
679 2321 841 2356 attentari.

385 2378 400 2420 ξ
423 2377 455 2410 4.
472 2377 542 2410 Non
563 2375 763 2409 obstantibus
775 2374 868 2407 dictis
878 2374 1092 2417 Leonisprae-

342 2425 520 2459 decessoris
538 2424 673 2463 litteris3
700 2433 737 2457 ac
757 2422 1042 2456 constitutionibus
1062 2427 1090 2454 ct

344 2473 600 2507 ordinationibus
627 2471 825 2516 apostolicis,
856 2481 984 2504 necnon
1015 2469 1091 2502 dicti

345 2522 473 2555 Ordinis
489 2522 682 2561 iuramento,
703 2520 948 2553 confirmatione
968 2524 1095 2563 aposto-

345 2570 407 2603 lica
439 2571 486 2603 vel
521 2570 630 2612 quavis
663 2569 813 2602 firmitate
838 2569 900 2602 alia
920 2568 1092 2604 roboratis,

341 2618 473 2666 *statutis
501 2625 533 2652 et
560 2617 862 2665 consuetudinibus,
894 2616 991 2650 etiam
1019 2617 1096 2649 tales

909 227 983 252 ΠΓΠ
997 226 1090 249 ΑΠΠἿΥ
1115 226 1268 251 ΠΠῚΗΝΓΜ

1119 287 1212 310 voces
1233 277 1374 321 cuipiam
1391 280 1482 314 alteri
1499 292 1595 324 quam
1610 285 1704 318 certis
1715 276 1883 328 ,personis

1119 336 1195 363 tunc
1204 331 1360 375 expressis
1372 333 1504 366 concedi
1518 335 1764 386 prohibentibus
1777 349 1784 378 ;
1797 337 1866 383 pri—

1119 385 1240 427 vilegiis
1267 396 1408 429 quoque,
1438 387 1571 421 indultis
1594 393 1626 421 et
1652 389 1769 424 litteris
1786 388 1865 436 apo-

1119 439 1239 471 stolicis
1256 439 1360 472 eidem
1381 440 1491 473 Ordini
1512 447 1566 474 aut
1582 441 1670 475 illius
1687 444 1878 487 superiori--

1117 493 1178 526 bus
1200 504 1237 526 ac
1257 493 1403 537 personis
1423 494 1670 538 quomodolibet
1693 485 1880 539 concessis(

1119 547 1304 590 approbatis
1324 553 1355 580 et
1374 547 1541 581 innovatis.
1561 548 1684 588 Qnibus
1703 550 1865 592 omnibus,

1118 600 1254 639 etiamsi,
1288 612 1347 644 pro
1378 601 1509 635 illorum
1536 602 1709 636 sufficienti
1731 602 1868 647 deroga-

1118 655 1217 695 tione,
1244 655 1283 688 de
1307 655 1372 688 illis
1397 666 1578 699 eorumque
1601 656 1677 690 totis
1696 656 1868 691 tenoribus

1118 709 1278 753 specialis,
1299 709 1451 754 specifica
1470 716 1500 743 et
1512 721 1662 754 expressa
1678 702 1800 745 mentio
1810 711 1870 745 ha-

1117 764 1222 797 benda
1250 764 1343 804 soret,
1375 770 1502 797 tenores
1526 765 1713 798 huiusmodi
1732 775 1792 810 pro
1811 776 1866 799 ex-

1117 817 1237 862 pressis
1261 828 1298 851 ac
1323 817 1363 850 ad
1386 819 1520 852 verbum
1551 818 1680 852 insertis
1698 819 1865 860 habentes,

1117 872 1156 905 ad
1176 871 1326 905 effectum
1347 872 1567 914 praesentium
1587 872 1763 912 dumtaxat,
1778 871 1867 906 latis-

1117 926 1198 958 sime
1231 925 1426 969 derogamus
1443 952 1451 967 ,
1483 926 1664 970 ceterisque
1695 924 1868 959 contrariis

1117 979 1391 1024 quibuscumque.

1160 1033 1277 1066 Datum
1297 1033 1417 1066 Romae
1438 1034 1523 1077 apud
1549 1034 1702 1068 Sanctum
1721 1034 1865 1076 Petrum,

1118 1087 1177 1120 sub
1215 1087 1336 1120 annulo
1377 1087 1549 1120 Piscatoris
1563 1115 1570 1129 ‚
1615 1088 1667 1121 die
1708 1098 1749 1121 xv
1790 1087 1867 1121 maii

1117 1150 1300 1182 immi-xxvii,
1321 1141 1530 1184 pontificatus
1549 1141 1650 1174 nostri
1670 1152 1755 1175 anno
1774 1152 1820 1175 ni.

1164 1198 1228 1228 Dat.
1247 1199 1295 1229 die
1312 1199 1349 1230 15
1364 1199 1435 1229 maii
1454 1199 1541 1237 1587,
1559 1199 1665 1239 pontis.
1682 1208 1758 1230 anno
1774 1207 1817 1229 ιιι.

1399 1365 1581 1400 Lxxxvnl.

1118 1455 1286 1489 Statuitur
1305 1455 1388 1498 quad
1407 1455 1588 1499 capitulum
1603 1454 1750 1498 qenerale
1773 1453 1869 1488 07·ἀί-

1163 1510 1216 1542 m's
1235 1509 1378 1551 fratrum
1395 1509 1431 1541 M
1432 1510 1561 1542 imorum
1572 1508 1688 1541 Sancti
1702 1507 1733 1541 F
1731 1507 1872 1541 rancisci

1164 1562 1202 1595 de
1220 1562 1329 1595 Paula
1348 1563 1385 1595 cle
1410 1566 1510 1595 cetero
1534 1562 1571 1595 tle
1593 1561 1747 1595 semmai«)
1766 1561 1804 1593 in
1821 1570 1871 1594 se-

1163 1616 1322 1649 xennium
1346 1616 1500 1649 celebrari
1527 1615 1649 1648 debeat.

1165 1690 1260 1739 Sintiis
1270 1709 1341 1747 Papa
1352 1710 1382 1744 V,
1393 1711 1426 1738 ad
1434 1710 1598 1746 perpetuam
1609 1709 1651 1738 rei
1659 1708 1828 1738 memoriam.

1165 1795 1209 1828 De
1237 1805 1402 1829 sacrarum
1431 1794 1622 1837 religionum
1653 1793 1874 1837 quarumlibet

1123 1848 1246 1881 salubri
1267 1848 1445 1881 directione
1469 1847 1612 1887 solliciti,
1631 1857 1668 1880 ea
1692 1857 1751 1890 pro
1767 1851 1874 1891 pasto-

1124 1901 1201 1934 ralis
1214 1901 1311 1935 officii
1328 1900 1430 1934 nostri
1443 1900 1549 1933 debito
1566 1899 1803 1940 constituimus,
1815 1909 1875 1943 per

1125 1966 1208 1999 quae
1232 1956 1361 1988 illarum
1393 1953 1592 1998 profectibus
1623 1953 1822 1995 occurritur,
1843 1958 1875 1987 et

1126 2009 1306 2053 dispendiis
1326 2008 1486 2041 obviatur.

1170 2062 1185 2105 ξ
1209 2061 1240 2095 t.
1263 2062 1341 2095 Cum
1368 2062 1490 2104 itaque,
1513 2060 1596 2094 sicut
1615 2061 1812 2105 accepimus,
1827 2071 1878 2094 ca·
1917 2062 2010 2102 cuins,

1128 2114 1268 2158 pitulum
1296 2115 1446 2157 generale
1471 2113 1598 2146 Ordinis
1618 2115 1754 2147 fratrum
1774 2107 2018 2158 1111ηο-ἷζξ*,“,“ξζ,ἶη

1128 2179 1202 2202 rum
1221 2168 1254 2202 S.
1277 2167 1436 2201 Francisci
1452 2167 1491 2200 dc
1509 2167 1606 2200 Paula
1626 2167 1759 2210 singulis
1778 2167 1877 2200 trien·
1893 2168 2029 2220 ffifffio‘s]

1129 2222 1190 2255 niis
1201 2222 1234 2254 in
1254 2221 1420 2255 festivitate
1440 2221 1654 2259 Pentecostcs,
1676 2221 1764 2254 iuxta
1778 2220 1879 2264 ipsius
1893 2215 1968 2256 paga'u,

1893 2261 1948 2282 moin
1994 2263 1999 2271 '

1130 2275 1258 2310 Ordinis
1282 2281 1399 2308 statuta
1430 2285 1484 2307 seu
1506 2274 1670 2318 privilegia
1695 2279 1725 2307 ct
1753 2274 1879 2307 indulta
1894 2294 1934 2312 „m
1955 2282 2024 2312 ire'

1131 2329 1176 2362 illi
1197 2328 1307 2362 aSede
1323 2327 1505 2372 Apostolica
1525 2337 1689 2367 concessa,
1711 2326 1878 2368 celebrari,
1892 2321 2003 2376 {22¹¹be
2031 2329 2033 2337 '

1133 2388 1164 2415 et
1183 2382 1216 2415 in
1240 2391 1278 2415 eo
1296 2386 1461 2415 corrector
1483 2380 1642 2423 generalis
1658 2381 1791 2423 eiusque
1811 2381 1878 2414 col-

1134 2437 1224 2479 legae
1243 2446 1280 2468 ac
1302 2435 1426 2467 zelosus
1445 2433 1520 2467 dicti
1540 2432 1666 2466 Ordinis
1689 2433 1818 2466 nonnisi
1839 2433 1879 2466 ad

1135 2489 1311 2523 triennium
1332 2488 1407 2531 eligi
1427 2487 1665 2527 consueverint;
1682 2487 1761 2520 ordo
1772 2491 1878 2520 autem

1136 2543 1332 2588 praedictus,
1358 2542 1568 2576 benedicente
1597 2540 1744 2577 Domino,
1767 2540 1808 2573 ita
1827 2551 1879 2573 ex-

1912 1810 2000 1832 Prooe
2024 1823 2026 1827 -

1174 2621 1185 2647 ί
1203 2620 1244 2648 Ex
1260 2620 1370 2655 Regest.
1394 2619 1422 2646 in
1441 2619 1545 2647 Secret.
1563 2618 1646 2645 Brev.
1687 2649 1694 2654 ,
