<?xml version="1.0" encoding="UTF-8"?>
<!DOCTYPE html PUBLIC "-//W3C//DTD XHTML 1.0 Transitional//EN"
    "http://www.w3.org/TR/xhtml1/DTD/xhtml1-transitional.dtd">
<html xmlns="http://www.w3.org/1999/xhtml" xml:lang="en" lang="en">
 <head>
  <title>
</title>
<meta http-equiv="Content-Type" content="text/html;charset=utf-8" />
  <meta name='ocr-system' content='tesseract 3.04.00' />
  <meta name='ocr-capabilities' content='ocr_page ocr_carea ocr_par ocr_line ocrx_word'/>
</head>
<body>
  <div class='ocr_page' id='page_1' title='image "./bullarumdiplomat08cath_0944.png"; bbox 0 0 2059 3228; ppageno 0'>
   <div class='ocr_carea' id='block_1_1' title="bbox 121 251 303 281">
    <p class='ocr_par' dir='ltr' id='par_1_1' title="bbox 121 251 303 281">
     <span class='ocr_line' id='line_1_1' title="bbox 121 251 303 281; baseline 0 -3"><span class='ocrx_word' id='word_1_1' title='bbox 121 254 172 278; x_wconf 73' lang='lat' dir='ltr'>An.</span> <span class='ocrx_word' id='word_1_2' title='bbox 191 251 303 281; x_wconf 53' lang='lat'>[21:283</span> 
     </span>
    </p>
   </div>
   <div class='ocr_carea' id='block_1_2' title="bbox 364 245 429 279">
    <p class='ocr_par' dir='ltr' id='par_1_2' title="bbox 364 245 429 279">
     <span class='ocr_line' id='line_1_2' title="bbox 364 245 429 279; baseline 0.031 -2"><span class='ocrx_word' id='word_1_3' title='bbox 364 245 429 279; x_wconf 55' lang='lat'>{228</span> 
     </span>
    </p>
   </div>
   <div class='ocr_carea' id='block_1_3' title="bbox 915 253 1263 279">
    <p class='ocr_par' dir='ltr' id='par_1_3' title="bbox 915 253 1263 279">
     <span class='ocr_line' id='line_1_3' title="bbox 915 253 1263 279; baseline -0.003 0"><span class='ocrx_word' id='word_1_4' title='bbox 915 255 1094 279; x_wconf 73' lang='lat' dir='ltr'><strong>BL&#39;LLARU&#39;M</strong></span> <span class='ocrx_word' id='word_1_5' title='bbox 1114 253 1263 278; x_wconf 63' lang='lat' dir='ltr'>nmmum</span> 
     </span>
    </p>
   </div>
   <div class='ocr_carea' id='block_1_4' title="bbox 322 306 1856 352">
    <p class='ocr_par' dir='ltr' id='par_1_4' title="bbox 322 306 1856 352">
     <span class='ocr_line' id='line_1_4' title="bbox 322 306 1856 352; baseline 0.004 -16"><span class='ocrx_word' id='word_1_6' title='bbox 322 306 398 337; x_wconf 79' lang='lat' dir='ltr'>‹luiu</span> <span class='ocrx_word' id='word_1_7' title='bbox 420 312 525 339; x_wconf 71' lang='lat' dir='ltr'>tamen</span> <span class='ocrx_word' id='word_1_8' title='bbox 558 313 657 340; x_wconf 67' lang='lat' dir='ltr'>ratam</span> <span class='ocrx_word' id='word_1_9' title='bbox 684 307 850 350; x_wconf 72' lang='lat' dir='ltr'>temporis,</span> <span class='ocrx_word' id='word_1_10' title='bbox 884 318 950 351; x_wconf 89' lang='lat' dir='ltr'>quo</span> <span class='ocrx_word' id='word_1_11' title='bbox 970 308 1072 341; x_wconf 81' lang='lat' dir='ltr'>inser·</span> <span class='ocrx_word' id='word_1_12' title='bbox 1114 311 1225 339; x_wconf 81' lang='lat' dir='ltr'>contra</span> <span class='ocrx_word' id='word_1_13' title='bbox 1258 311 1398 339; x_wconf 85' lang='lat' dir='ltr'>mentem</span> <span class='ocrx_word' id='word_1_14' title='bbox 1423 306 1593 350; x_wconf 82' lang='lat' dir='ltr'>Magalotti‚</span> <span class='ocrx_word' id='word_1_15' title='bbox 1618 309 1752 352; x_wconf 85' lang='lat' dir='ltr'>quince</span> <span class='ocrx_word' id='word_1_16' title='bbox 1772 309 1856 342; x_wconf 89' lang='lat' dir='ltr'>iudi-</span> 
     </span>
    </p>
   </div>
   <div class='ocr_carea' id='block_1_5' title="bbox 311 359 1070 2618">
    <p class='ocr_par' dir='ltr' id='par_1_5' title="bbox 322 359 460 391">
     <span class='ocr_line' id='line_1_5' title="bbox 322 359 460 391; baseline 0.007 -1"><span class='ocrx_word' id='word_1_17' title='bbox 322 359 460 391; x_wconf 66' lang='lat' dir='ltr'>riorum.</span> 
     </span>
    </p>

    <p class='ocr_par' dir='ltr' id='par_1_6' title="bbox 312 412 1070 1527">
     <span class='ocr_line' id='line_1_6' title="bbox 360 412 1070 458; baseline 0.007 -15"><span class='ocrx_word' id='word_1_18' title='bbox 360 412 436 450; x_wconf 71' lang='lat' dir='ltr'>Ouia</span> <span class='ocrx_word' id='word_1_19' title='bbox 464 413 621 454; x_wconf 62' lang='lat' dir='ltr'>contingit</span> <span class='ocrx_word' id='word_1_20' title='bbox 641 413 812 456; x_wconf 80' lang='lat' dir='ltr'>aliquando</span> <span class='ocrx_word' id='word_1_21' title='bbox 829 415 951 448; x_wconf 83' lang='lat' dir='ltr'>curiam</span> <span class='ocrx_word' id='word_1_22' title='bbox 974 425 1070 458; x_wconf 77' lang='lat' dir='ltr'>gene-</span> 
     </span>
     <span class='ocr_line' id='line_1_7' title="bbox 317 466 1068 507; baseline 0.008 -12"><span class='ocrx_word' id='word_1_23' title='bbox 317 466 415 497; x_wconf 69' lang='lat' dir='ltr'>ralem</span> <span class='ocrx_word' id='word_1_24' title='bbox 437 476 504 498; x_wconf 75' lang='lat' dir='ltr'>esse</span> <span class='ocrx_word' id='word_1_25' title='bbox 527 466 622 499; x_wconf 79' lang='lat' dir='ltr'>niodo</span> <span class='ocrx_word' id='word_1_26' title='bbox 652 466 683 499; x_wconf 93' lang='lat' dir='ltr'>in</span> <span class='ocrx_word' id='word_1_27' title='bbox 714 477 778 500; x_wconf 82' lang='lat' dir='ltr'>una</span> <span class='ocrx_word' id='word_1_28' title='bbox 801 468 939 507; x_wconf 72' lang='lat' dir='ltr'>civitate,</span> <span class='ocrx_word' id='word_1_29' title='bbox 971 468 1068 501; x_wconf 84' lang='lat' dir='ltr'>modo</span> 
     </span>
     <span class='ocr_line' id='line_1_8' title="bbox 319 518 1063 561; baseline 0.007 -12"><span class='ocrx_word' id='word_1_30' title='bbox 319 518 347 550; x_wconf 84' lang='lat' dir='ltr'>iu</span> <span class='ocrx_word' id='word_1_31' title='bbox 361 518 432 558; x_wconf 77' lang='lat' dir='ltr'>alia.</span> <span class='ocrx_word' id='word_1_32' title='bbox 454 525 481 551; x_wconf 79' lang='lat' dir='ltr'>et</span> <span class='ocrx_word' id='word_1_33' title='bbox 499 530 586 552; x_wconf 85' lang='lat' dir='ltr'>nunc</span> <span class='ocrx_word' id='word_1_34' title='bbox 607 530 672 553; x_wconf 69' lang='lat' dir='ltr'>uuo</span> <span class='ocrx_word' id='word_1_35' title='bbox 684 519 716 552; x_wconf 92' lang='lat' dir='ltr'>in</span> <span class='ocrx_word' id='word_1_36' title='bbox 729 520 812 561; x_wconf 85' lang='lat' dir='ltr'>loco,</span> <span class='ocrx_word' id='word_1_37' title='bbox 826 522 922 554; x_wconf 86' lang='lat' dir='ltr'>modo</span> <span class='ocrx_word' id='word_1_38' title='bbox 943 522 974 553; x_wconf 84' lang='lat' dir='ltr'>in</span> <span class='ocrx_word' id='word_1_39' title='bbox 989 522 1063 554; x_wconf 79' lang='lat' dir='ltr'>alio:</span> 
     </span>
     <span class='ocr_line' id='line_1_9' title="bbox 318 571 1066 618; baseline 0.007 -16"><span class='ocrx_word' id='word_1_40' title='bbox 318 571 387 603; x_wconf 69' lang='lat' dir='ltr'>ideo</span> <span class='ocrx_word' id='word_1_41' title='bbox 427 572 561 605; x_wconf 76' lang='lat' dir='ltr'>relatum</span> <span class='ocrx_word' id='word_1_42' title='bbox 595 578 642 605; x_wconf 76' lang='lat' dir='ltr'>est</span> <span class='ocrx_word' id='word_1_43' title='bbox 676 573 846 607; x_wconf 76' lang='lat' dir='ltr'>advocatos</span> <span class='ocrx_word' id='word_1_44' title='bbox 873 574 1066 618; x_wconf 75' lang='lat' dir='ltr'>quandoque</span> 
     </span>
     <span class='ocr_line' id='line_1_10' title="bbox 315 625 1066 667; baseline 0.005 -11"><span class='ocrx_word' id='word_1_45' title='bbox 315 625 405 657; x_wconf 79' lang='lat' dir='ltr'>adire</span> <span class='ocrx_word' id='word_1_46' title='bbox 427 625 563 666; x_wconf 82' lang='lat' dir='ltr'>curiam,</span> <span class='ocrx_word' id='word_1_47' title='bbox 587 631 615 658; x_wconf 86' lang='lat' dir='ltr'>et</span> <span class='ocrx_word' id='word_1_48' title='bbox 636 626 828 661; x_wconf 68' lang='lat' dir='ltr'>delient-alis</span> <span class='ocrx_word' id='word_1_49' title='bbox 838 628 915 667; x_wconf 78' lang='lat' dir='ltr'>suis,</span> <span class='ocrx_word' id='word_1_50' title='bbox 943 627 1066 661; x_wconf 76' lang='lat' dir='ltr'>etiamsi</span> 
     </span>
     <span class='ocr_line' id='line_1_11' title="bbox 315 679 1066 725; baseline 0.004 -14"><span class='ocrx_word' id='word_1_51' title='bbox 315 679 361 711; x_wconf 75' lang='lat' dir='ltr'>vel</span> <span class='ocrx_word' id='word_1_52' title='bbox 387 689 445 722; x_wconf 87' lang='lat' dir='ltr'>pro</span> <span class='ocrx_word' id='word_1_53' title='bbox 460 690 517 712; x_wconf 89' lang='lat' dir='ltr'>suo</span> <span class='ocrx_word' id='word_1_54' title='bbox 534 680 666 724; x_wconf 86' lang='lat' dir='ltr'>proprio</span> <span class='ocrx_word' id='word_1_55' title='bbox 688 681 840 715; x_wconf 77' lang='lat' dir='ltr'>interesse</span> <span class='ocrx_word' id='word_1_56' title='bbox 862 682 1066 725; x_wconf 74' lang='lat' dir='ltr'>proficiscan-</span> 
     </span>
     <span class='ocr_line' id='line_1_12' title="bbox 315 733 1064 778; baseline 0.005 -15"><span class='ocrx_word' id='word_1_57' title='bbox 315 738 368 764; x_wconf 85' lang='lat' dir='ltr'>tur</span> <span class='ocrx_word' id='word_1_58' title='bbox 403 733 448 765; x_wconf 79' lang='lat' dir='ltr'>vel</span> <span class='ocrx_word' id='word_1_59' title='bbox 481 733 632 774; x_wconf 80' lang='lat' dir='ltr'>aliorum,</span> <span class='ocrx_word' id='word_1_60' title='bbox 658 734 795 768; x_wconf 73' lang='lat' dir='ltr'>voluisse</span> <span class='ocrx_word' id='word_1_61' title='bbox 822 735 946 775; x_wconf 71' lang='lat' dir='ltr'>viatica,</span> <span class='ocrx_word' id='word_1_62' title='bbox 978 735 1064 778; x_wconf 68' lang='lat' dir='ltr'>qumi</span> 
     </span>
     <span class='ocr_line' id='line_1_13' title="bbox 314 785 1066 832; baseline 0.003 -15"><span class='ocrx_word' id='word_1_63' title='bbox 314 791 401 819; x_wconf 77' lang='lat' dir='ltr'>certe</span> <span class='ocrx_word' id='word_1_64' title='bbox 417 785 564 830; x_wconf 88' lang='lat' dir='ltr'>iniquum</span> <span class='ocrx_word' id='word_1_65' title='bbox 587 793 651 829; x_wconf 78' lang='lat' dir='ltr'>est;</span> <span class='ocrx_word' id='word_1_66' title='bbox 673 793 845 832; x_wconf 85' lang='lat' dir='ltr'>propterea</span> <span class='ocrx_word' id='word_1_67' title='bbox 857 788 1066 821; x_wconf 65' lang='lat' dir='ltr'>decernimus</span> 
     </span>
     <span class='ocr_line' id='line_1_14' title="bbox 314 839 1066 885; baseline 0.004 -14"><span class='ocrx_word' id='word_1_68' title='bbox 314 839 494 882; x_wconf 82' lang='lat' dir='ltr'>praedictos</span> <span class='ocrx_word' id='word_1_69' title='bbox 518 841 689 874; x_wconf 78' lang='lat' dir='ltr'>advocatos</span> <span class='ocrx_word' id='word_1_70' title='bbox 708 852 774 874; x_wconf 87' lang='lat' dir='ltr'>non</span> <span class='ocrx_word' id='word_1_71' title='bbox 800 851 894 885; x_wconf 79' lang='lat' dir='ltr'>posse</span> <span class='ocrx_word' id='word_1_72' title='bbox 924 853 942 874; x_wconf 81' lang='lat' dir='ltr'>a</span> <span class='ocrx_word' id='word_1_73' title='bbox 974 852 1066 885; x_wconf 84' lang='lat' dir='ltr'>prae-</span> 
     </span>
     <span class='ocr_line' id='line_1_15' title="bbox 313 892 1064 939; baseline 0.004 -14"><span class='ocrx_word' id='word_1_74' title='bbox 313 892 407 926; x_wconf 76' lang='lat' dir='ltr'>dictis</span> <span class='ocrx_word' id='word_1_75' title='bbox 426 894 492 926; x_wconf 81' lang='lat' dir='ltr'>suis</span> <span class='ocrx_word' id='word_1_76' title='bbox 516 895 688 935; x_wconf 78' lang='lat' dir='ltr'>clientulis,</span> <span class='ocrx_word' id='word_1_77' title='bbox 711 896 770 928; x_wconf 88' lang='lat' dir='ltr'>sub</span> <span class='ocrx_word' id='word_1_78' title='bbox 801 896 867 928; x_wconf 90' lang='lat' dir='ltr'>ullo</span> <span class='ocrx_word' id='word_1_79' title='bbox 888 902 1064 939; x_wconf 74' lang='lat' dir='ltr'>praetexto,</span> 
     </span>
     <span class='ocr_line' id='line_1_16' title="bbox 313 946 1064 992; baseline 0.005 -14"><span class='ocrx_word' id='word_1_80' title='bbox 313 946 434 990; x_wconf 82' lang='lat' dir='ltr'>aliquid</span> <span class='ocrx_word' id='word_1_81' title='bbox 456 947 580 981; x_wconf 90' lang='lat' dir='ltr'>ratione</span> <span class='ocrx_word' id='word_1_82' title='bbox 601 948 706 982; x_wconf 76' lang='lat' dir='ltr'>viatici</span> <span class='ocrx_word' id='word_1_83' title='bbox 729 949 898 992; x_wconf 79' lang='lat' dir='ltr'>consequi,</span> <span class='ocrx_word' id='word_1_84' title='bbox 925 948 986 981; x_wconf 77' lang='lat' dir='ltr'>nisi</span> <span class='ocrx_word' id='word_1_85' title='bbox 1011 960 1064 982; x_wconf 81' lang='lat' dir='ltr'>ex—</span> 
     </span>
     <span class='ocr_line' id='line_1_17' title="bbox 314 1001 1064 1042; baseline 0.003 -10"><span class='ocrx_word' id='word_1_86' title='bbox 314 1011 421 1042; x_wconf 74' lang='lat' dir='ltr'>presse</span> <span class='ocrx_word' id='word_1_87' title='bbox 466 1001 646 1035; x_wconf 78' lang='lat' dir='ltr'>constiterit</span> <span class='ocrx_word' id='word_1_88' title='bbox 684 1003 723 1035; x_wconf 86' lang='lat' dir='ltr'>de</span> <span class='ocrx_word' id='word_1_89' title='bbox 751 1003 915 1035; x_wconf 77' lang='lat' dir='ltr'>voluntate</span> <span class='ocrx_word' id='word_1_90' title='bbox 950 1013 1064 1035; x_wconf 87' lang='lat' dir='ltr'>eorum</span> 
     </span>
     <span class='ocr_line' id='line_1_18' title="bbox 313 1054 1062 1096; baseline 0.005 -11"><span class='ocrx_word' id='word_1_91' title='bbox 313 1054 442 1087; x_wconf 73' lang='lat' dir='ltr'>realiter</span> <span class='ocrx_word' id='word_1_92' title='bbox 452 1061 569 1088; x_wconf 84' lang='lat' dir='ltr'>etcum</span> <span class='ocrx_word' id='word_1_93' title='bbox 582 1056 699 1089; x_wconf 81' lang='lat' dir='ltr'>effectu</span> <span class='ocrx_word' id='word_1_94' title='bbox 712 1056 784 1089; x_wconf 88' lang='lat' dir='ltr'>illos</span> <span class='ocrx_word' id='word_1_95' title='bbox 796 1056 918 1089; x_wconf 83' lang='lat' dir='ltr'>curiam</span> <span class='ocrx_word' id='word_1_96' title='bbox 934 1056 1062 1096; x_wconf 77' lang='lat' dir='ltr'>adiisse,</span> 
     </span>
     <span class='ocr_line' id='line_1_19' title="bbox 313 1107 1064 1153; baseline 0.003 -13"><span class='ocrx_word' id='word_1_97' title='bbox 313 1107 372 1140; x_wconf 82' lang='lat' dir='ltr'>sub</span> <span class='ocrx_word' id='word_1_98' title='bbox 385 1119 491 1152; x_wconf 85' lang='lat' dir='ltr'>poena</span> <span class='ocrx_word' id='word_1_99' title='bbox 510 1109 644 1143; x_wconf 84' lang='lat' dir='ltr'>arbitrio</span> <span class='ocrx_word' id='word_1_100' title='bbox 656 1109 733 1142; x_wconf 86' lang='lat' dir='ltr'>dicti</span> <span class='ocrx_word' id='word_1_101' title='bbox 754 1109 910 1153; x_wconf 86' lang='lat' dir='ltr'>praesidis</span> <span class='ocrx_word' id='word_1_102' title='bbox 931 1109 1064 1142; x_wconf 78' lang='lat' dir='ltr'>taxanda</span> 
     </span>
     <span class='ocr_line' id='line_1_20' title="bbox 313 1161 1063 1206; baseline 0.001 -12"><span class='ocrx_word' id='word_1_103' title='bbox 313 1167 341 1194; x_wconf 78' lang='lat' dir='ltr'>et</span> <span class='ocrx_word' id='word_1_104' title='bbox 363 1161 560 1206; x_wconf 82' lang='lat' dir='ltr'>imponenda</span> <span class='ocrx_word' id='word_1_105' title='bbox 582 1163 663 1203; x_wconf 78' lang='lat' dir='ltr'>illis;</span> <span class='ocrx_word' id='word_1_106' title='bbox 689 1174 782 1196; x_wconf 86' lang='lat' dir='ltr'>secus</span> <span class='ocrx_word' id='word_1_107' title='bbox 800 1173 887 1204; x_wconf 68' lang='lat' dir='ltr'>vcro,</span> <span class='ocrx_word' id='word_1_108' title='bbox 909 1162 935 1195; x_wconf 87' lang='lat' dir='ltr'>si</span> <span class='ocrx_word' id='word_1_109' title='bbox 954 1163 994 1196; x_wconf 86' lang='lat' dir='ltr'>de</span> <span class='ocrx_word' id='word_1_110' title='bbox 1008 1173 1063 1196; x_wconf 71' lang='lat' dir='ltr'>vo-</span> 
     </span>
     <span class='ocr_line' id='line_1_21' title="bbox 312 1215 1065 1260; baseline 0.004 -13"><span class='ocrx_word' id='word_1_111' title='bbox 312 1215 434 1248; x_wconf 88' lang='lat' dir='ltr'>luntate</span> <span class='ocrx_word' id='word_1_112' title='bbox 458 1216 703 1260; x_wconf 84' lang='lat' dir='ltr'>praedictorum</span> <span class='ocrx_word' id='word_1_113' title='bbox 723 1216 863 1250; x_wconf 82' lang='lat' dir='ltr'>adierint</span> <span class='ocrx_word' id='word_1_114' title='bbox 881 1217 1017 1257; x_wconf 82' lang='lat' dir='ltr'>curiam,</span> <span class='ocrx_word' id='word_1_115' title='bbox 1034 1223 1065 1250; x_wconf 87' lang='lat' dir='ltr'>et</span> 
     </span>
     <span class='ocr_line' id='line_1_22' title="bbox 312 1269 1064 1312; baseline 0.001 -11"><span class='ocrx_word' id='word_1_116' title='bbox 312 1279 371 1312; x_wconf 89' lang='lat' dir='ltr'>pro</span> <span class='ocrx_word' id='word_1_117' title='bbox 397 1269 461 1302; x_wconf 86' lang='lat' dir='ltr'>illis</span> <span class='ocrx_word' id='word_1_118' title='bbox 478 1275 533 1302; x_wconf 88' lang='lat' dir='ltr'>aut</span> <span class='ocrx_word' id='word_1_119' title='bbox 549 1281 614 1303; x_wconf 89' lang='lat' dir='ltr'>uno</span> <span class='ocrx_word' id='word_1_120' title='bbox 639 1278 753 1303; x_wconf 86' lang='lat' dir='ltr'>eorum</span> <span class='ocrx_word' id='word_1_121' title='bbox 773 1270 990 1310; x_wconf 76' lang='lat' dir='ltr'>tractaverint,</span> <span class='ocrx_word' id='word_1_122' title='bbox 1018 1270 1064 1303; x_wconf 94' lang='lat' dir='ltr'>lo-</span> 
     </span>
     <span class='ocr_line' id='line_1_23' title="bbox 313 1322 1064 1366; baseline 0.003 -11"><span class='ocrx_word' id='word_1_123' title='bbox 313 1322 380 1355; x_wconf 91' lang='lat' dir='ltr'>cuti</span> <span class='ocrx_word' id='word_1_124' title='bbox 399 1323 519 1356; x_wconf 86' lang='lat' dir='ltr'>fuerint</span> <span class='ocrx_word' id='word_1_125' title='bbox 533 1324 582 1356; x_wconf 78' lang='lat' dir='ltr'>vel</span> <span class='ocrx_word' id='word_1_126' title='bbox 603 1334 714 1356; x_wconf 80' lang='lat' dir='ltr'>causas</span> <span class='ocrx_word' id='word_1_127' title='bbox 729 1323 971 1366; x_wconf 78' lang='lat' dir='ltr'>disputaverint,</span> <span class='ocrx_word' id='word_1_128' title='bbox 987 1330 1064 1357; x_wconf 83' lang='lat' dir='ltr'>tune</span> 
     </span>
     <span class='ocr_line' id='line_1_24' title="bbox 312 1376 1064 1420; baseline 0.003 -12"><span class='ocrx_word' id='word_1_129' title='bbox 312 1376 398 1409; x_wconf 87' lang='lat' dir='ltr'>enim</span> <span class='ocrx_word' id='word_1_130' title='bbox 417 1376 636 1420; x_wconf 75' lang='lat' dir='ltr'>permittimus</span> <span class='ocrx_word' id='word_1_131' title='bbox 655 1376 728 1409; x_wconf 85' lang='lat' dir='ltr'>illos</span> <span class='ocrx_word' id='word_1_132' title='bbox 752 1376 807 1409; x_wconf 87' lang='lat' dir='ltr'>tali</span> <span class='ocrx_word' id='word_1_133' title='bbox 827 1387 905 1410; x_wconf 82' lang='lat' dir='ltr'>casu</span> <span class='ocrx_word' id='word_1_134' title='bbox 920 1387 1064 1420; x_wconf 79' lang='lat' dir='ltr'>congrua</span> 
     </span>
     <span class='ocr_line' id='line_1_25' title="bbox 312 1430 1063 1464; baseline 0.003 -2"><span class='ocrx_word' id='word_1_135' title='bbox 312 1435 343 1463; x_wconf 86' lang='lat' dir='ltr'>et</span> <span class='ocrx_word' id='word_1_136' title='bbox 361 1430 495 1464; x_wconf 80' lang='lat' dir='ltr'>honesta</span> <span class='ocrx_word' id='word_1_137' title='bbox 507 1430 621 1463; x_wconf 71' lang='lat' dir='ltr'>viatica</span> <span class='ocrx_word' id='word_1_138' title='bbox 632 1430 811 1463; x_wconf 79' lang='lat' dir='ltr'>secundum</span> <span class='ocrx_word' id='word_1_139' title='bbox 826 1430 1063 1464; x_wconf 79' lang='lat' dir='ltr'>ordinationem</span> 
     </span>
     <span class='ocr_line' id='line_1_26' title="bbox 312 1483 742 1527; baseline 0 -11"><span class='ocrx_word' id='word_1_140' title='bbox 312 1483 472 1527; x_wconf 77' lang='lat' dir='ltr'>Magalotti</span> <span class='ocrx_word' id='word_1_141' title='bbox 493 1484 613 1517; x_wconf 86' lang='lat' dir='ltr'>habere</span> <span class='ocrx_word' id='word_1_142' title='bbox 637 1493 742 1527; x_wconf 88' lang='lat' dir='ltr'>posse.</span> 
     </span>
    </p>

    <p class='ocr_par' dir='ltr' id='par_1_7' title="bbox 311 1538 1064 2618">
     <span class='ocr_line' id='line_1_27' title="bbox 354 1538 1062 1582; baseline 0.001 -12"><span class='ocrx_word' id='word_1_143' title='bbox 354 1538 532 1572; x_wconf 84' lang='lat' dir='ltr'>Advocatos</span> <span class='ocrx_word' id='word_1_144' title='bbox 558 1544 588 1572; x_wconf 82' lang='lat' dir='ltr'>et</span> <span class='ocrx_word' id='word_1_145' title='bbox 607 1545 836 1582; x_wconf 67' lang='lat' dir='ltr'>procuratores</span> <span class='ocrx_word' id='word_1_146' title='bbox 860 1539 1062 1572; x_wconf 81' lang='lat' dir='ltr'>consuevisse</span> 
     </span>
     <span class='ocr_line' id='line_1_28' title="bbox 311 1591 1063 1636; baseline -0.003 -12"><span class='ocrx_word' id='word_1_147' title='bbox 311 1591 426 1624; x_wconf 84' lang='lat' dir='ltr'>salaria</span> <span class='ocrx_word' id='word_1_148' title='bbox 446 1592 602 1636; x_wconf 88' lang='lat' dir='ltr'>recipere,</span> <span class='ocrx_word' id='word_1_149' title='bbox 629 1592 657 1625; x_wconf 91' lang='lat' dir='ltr'>si</span> <span class='ocrx_word' id='word_1_150' title='bbox 688 1592 815 1624; x_wconf 88' lang='lat' dir='ltr'>debitor</span> <span class='ocrx_word' id='word_1_151' title='bbox 835 1591 1004 1633; x_wconf 76' lang='lat' dir='ltr'>citabatur,</span> <span class='ocrx_word' id='word_1_152' title='bbox 1033 1597 1063 1625; x_wconf 82' lang='lat' dir='ltr'>et.</span> 
     </span>
     <span class='ocr_line' id='line_1_29' title="bbox 311 1645 1064 1689; baseline -0.001 -10"><span class='ocrx_word' id='word_1_153' title='bbox 311 1651 384 1679; x_wconf 81' lang='lat' dir='ltr'>ante</span> <span class='ocrx_word' id='word_1_154' title='bbox 402 1646 594 1689; x_wconf 81' lang='lat' dir='ltr'>petitionem</span> <span class='ocrx_word' id='word_1_155' title='bbox 605 1646 747 1679; x_wconf 78' lang='lat' dir='ltr'>solvebat</span> <span class='ocrx_word' id='word_1_156' title='bbox 763 1645 913 1678; x_wconf 85' lang='lat' dir='ltr'>creditori</span> <span class='ocrx_word' id='word_1_157' title='bbox 923 1655 994 1685; x_wconf 89' lang='lat' dir='ltr'>suo,</span> <span class='ocrx_word' id='word_1_158' title='bbox 1011 1656 1064 1678; x_wconf 84' lang='lat' dir='ltr'>ac-</span> 
     </span>
     <span class='ocr_line' id='line_1_30' title="bbox 313 1699 1060 1743; baseline 0 -11"><span class='ocrx_word' id='word_1_159' title='bbox 313 1699 468 1743; x_wconf 86' lang='lat' dir='ltr'>cepimus.</span> <span class='ocrx_word' id='word_1_160' title='bbox 485 1700 565 1734; x_wconf 87' lang='lat' dir='ltr'>Cum</span> <span class='ocrx_word' id='word_1_161' title='bbox 584 1705 689 1733; x_wconf 72' lang='lat' dir='ltr'>tamen</span> <span class='ocrx_word' id='word_1_162' title='bbox 703 1700 782 1732; x_wconf 85' lang='lat' dir='ltr'>nihil</span> <span class='ocrx_word' id='word_1_163' title='bbox 795 1699 914 1732; x_wconf 87' lang='lat' dir='ltr'>laboris</span> <span class='ocrx_word' id='word_1_164' title='bbox 925 1699 1060 1742; x_wconf 79' lang='lat' dir='ltr'>egerint,</span> 
     </span>
     <span class='ocr_line' id='line_1_31' title="bbox 312 1752 1060 1796; baseline 0.001 -11"><span class='ocrx_word' id='word_1_165' title='bbox 312 1752 459 1796; x_wconf 82' lang='lat' dir='ltr'>iniquum</span> <span class='ocrx_word' id='word_1_166' title='bbox 479 1761 526 1787; x_wconf 87' lang='lat' dir='ltr'>est</span> <span class='ocrx_word' id='word_1_167' title='bbox 545 1754 625 1787; x_wconf 84' lang='lat' dir='ltr'>velle</span> <span class='ocrx_word' id='word_1_168' title='bbox 645 1753 759 1786; x_wconf 80' lang='lat' dir='ltr'>salaria</span> <span class='ocrx_word' id='word_1_169' title='bbox 779 1754 840 1786; x_wconf 86' lang='lat' dir='ltr'>hoc</span> <span class='ocrx_word' id='word_1_170' title='bbox 859 1764 953 1793; x_wconf 83' lang='lat' dir='ltr'>casu;</span> <span class='ocrx_word' id='word_1_171' title='bbox 976 1752 1060 1793; x_wconf 87' lang='lat' dir='ltr'>ideo,</span> 
     </span>
     <span class='ocr_line' id='line_1_32' title="bbox 311 1806 1063 1851; baseline 0 -12"><span class='ocrx_word' id='word_1_172' title='bbox 311 1813 491 1840; x_wconf 82' lang='lat' dir='ltr'>resec-antes</span> <span class='ocrx_word' id='word_1_173' title='bbox 502 1808 590 1840; x_wconf 89' lang='lat' dir='ltr'>hunc</span> <span class='ocrx_word' id='word_1_174' title='bbox 606 1807 754 1851; x_wconf 82' lang='lat' dir='ltr'>abusum,</span> <span class='ocrx_word' id='word_1_175' title='bbox 767 1806 956 1839; x_wconf 84' lang='lat' dir='ltr'>mandamus</span> <span class='ocrx_word' id='word_1_176' title='bbox 971 1817 1063 1850; x_wconf 83' lang='lat' dir='ltr'>prae·</span> 
     </span>
     <span class='ocr_line' id='line_1_33' title="bbox 312 1860 1061 1904; baseline 0 -12"><span class='ocrx_word' id='word_1_177' title='bbox 312 1860 397 1893; x_wconf 86' lang='lat' dir='ltr'>dicto</span> <span class='ocrx_word' id='word_1_178' title='bbox 422 1872 499 1894; x_wconf 85' lang='lat' dir='ltr'>casu</span> <span class='ocrx_word' id='word_1_179' title='bbox 522 1861 605 1893; x_wconf 86' lang='lat' dir='ltr'>nihil</span> <span class='ocrx_word' id='word_1_180' title='bbox 629 1871 684 1893; x_wconf 88' lang='lat' dir='ltr'>eos</span> <span class='ocrx_word' id='word_1_181' title='bbox 708 1871 767 1904; x_wconf 91' lang='lat' dir='ltr'>pro</span> <span class='ocrx_word' id='word_1_182' title='bbox 792 1860 909 1893; x_wconf 85' lang='lat' dir='ltr'>salario</span> <span class='ocrx_word' id='word_1_183' title='bbox 941 1860 1061 1893; x_wconf 86' lang='lat' dir='ltr'>habere</span> 
     </span>
     <span class='ocr_line' id='line_1_34' title="bbox 312 1914 1062 1958; baseline 0 -11"><span class='ocrx_word' id='word_1_184' title='bbox 312 1925 416 1958; x_wconf 87' lang='lat' dir='ltr'>posse,</span> <span class='ocrx_word' id='word_1_185' title='bbox 440 1926 514 1949; x_wconf 89' lang='lat' dir='ltr'>cum</span> <span class='ocrx_word' id='word_1_186' title='bbox 539 1926 604 1949; x_wconf 92' lang='lat' dir='ltr'>non</span> <span class='ocrx_word' id='word_1_187' title='bbox 625 1921 748 1949; x_wconf 71' lang='lat' dir='ltr'>constet</span> <span class='ocrx_word' id='word_1_188' title='bbox 774 1915 805 1947; x_wconf 91' lang='lat' dir='ltr'>in</span> <span class='ocrx_word' id='word_1_189' title='bbox 835 1914 943 1957; x_wconf 85' lang='lat' dir='ltr'>aliquo</span> <span class='ocrx_word' id='word_1_190' title='bbox 972 1915 1062 1947; x_wconf 86' lang='lat' dir='ltr'>labo-</span> 
     </span>
     <span class='ocr_line' id='line_1_35' title="bbox 313 1967 1060 2008; baseline -0.003 -7"><span class='ocrx_word' id='word_1_191' title='bbox 313 1978 410 2001; x_wconf 80' lang='lat' dir='ltr'>rasse.</span> <span class='ocrx_word' id='word_1_192' title='bbox 450 1968 542 2007; x_wconf 78' lang='lat' dir='ltr'>Quod</span> <span class='ocrx_word' id='word_1_193' title='bbox 574 1969 723 2001; x_wconf 84' lang='lat' dir='ltr'>volumus</span> <span class='ocrx_word' id='word_1_194' title='bbox 756 1968 852 2001; x_wconf 87' lang='lat' dir='ltr'>etiam</span> <span class='ocrx_word' id='word_1_195' title='bbox 885 1967 1060 2008; x_wconf 73' lang='lat' dir='ltr'>observari,</span> 
     </span>
     <span class='ocr_line' id='line_1_36' title="bbox 313 2021 1063 2066; baseline 0 -12"><span class='ocrx_word' id='word_1_196' title='bbox 313 2028 461 2065; x_wconf 84' lang='lat' dir='ltr'>porrecta</span> <span class='ocrx_word' id='word_1_197' title='bbox 480 2022 650 2066; x_wconf 74' lang='lat' dir='ltr'>petitione,</span> <span class='ocrx_word' id='word_1_198' title='bbox 671 2021 696 2054; x_wconf 88' lang='lat' dir='ltr'>si</span> <span class='ocrx_word' id='word_1_199' title='bbox 717 2021 903 2054; x_wconf 87' lang='lat' dir='ltr'>mandatum</span> <span class='ocrx_word' id='word_1_200' title='bbox 926 2031 991 2053; x_wconf 91' lang='lat' dir='ltr'>non</span> <span class='ocrx_word' id='word_1_201' title='bbox 1016 2021 1063 2054; x_wconf 82' lang='lat' dir='ltr'>fu-</span> 
     </span>
     <span class='ocr_line' id='line_1_37' title="bbox 314 2074 1062 2118; baseline -0.003 -10"><span class='ocrx_word' id='word_1_202' title='bbox 314 2075 389 2108; x_wconf 86' lang='lat' dir='ltr'>isset</span> <span class='ocrx_word' id='word_1_203' title='bbox 412 2076 601 2115; x_wconf 82' lang='lat' dir='ltr'>relaxatum‚</span> <span class='ocrx_word' id='word_1_204' title='bbox 634 2075 709 2117; x_wconf 87' lang='lat' dir='ltr'>quia</span> <span class='ocrx_word' id='word_1_205' title='bbox 737 2083 814 2108; x_wconf 84' lang='lat' dir='ltr'>tunc</span> <span class='ocrx_word' id='word_1_206' title='bbox 846 2074 1062 2118; x_wconf 85' lang='lat' dir='ltr'>permittimus</span> 
     </span>
     <span class='ocr_line' id='line_1_38' title="bbox 314 2127 1063 2171; baseline -0.003 -10"><span class='ocrx_word' id='word_1_207' title='bbox 314 2127 493 2171; x_wconf 88' lang='lat' dir='ltr'>patrocinia</span> <span class='ocrx_word' id='word_1_208' title='bbox 512 2128 576 2161; x_wconf 85' lang='lat' dir='ltr'>illis</span> <span class='ocrx_word' id='word_1_209' title='bbox 595 2128 726 2168; x_wconf 79' lang='lat' dir='ltr'>debere3</span> <span class='ocrx_word' id='word_1_210' title='bbox 749 2127 826 2160; x_wconf 85' lang='lat' dir='ltr'>alias</span> <span class='ocrx_word' id='word_1_211' title='bbox 854 2127 987 2160; x_wconf 87' lang='lat' dir='ltr'>minime</span> <span class='ocrx_word' id='word_1_212' title='bbox 1010 2137 1063 2160; x_wconf 93' lang='lat' dir='ltr'>vo-</span> 
     </span>
     <span class='ocr_line' id='line_1_39' title="bbox 314 2179 1063 2225; baseline -0.001 -12"><span class='ocrx_word' id='word_1_213' title='bbox 314 2182 420 2214; x_wconf 88' lang='lat' dir='ltr'>lumus</span> <span class='ocrx_word' id='word_1_214' title='bbox 440 2182 512 2214; x_wconf 89' lang='lat' dir='ltr'>illos</span> <span class='ocrx_word' id='word_1_215' title='bbox 526 2181 702 2225; x_wconf 87' lang='lat' dir='ltr'>quicquam</span> <span class='ocrx_word' id='word_1_216' title='bbox 722 2181 842 2213; x_wconf 84' lang='lat' dir='ltr'>habere</span> <span class='ocrx_word' id='word_1_217' title='bbox 863 2191 969 2224; x_wconf 85' lang='lat' dir='ltr'>posse,</span> <span class='ocrx_word' id='word_1_218' title='bbox 986 2179 1063 2224; x_wconf 87' lang='lat' dir='ltr'>quia</span> 
     </span>
     <span class='ocr_line' id='line_1_40' title="bbox 314 2233 1062 2277; baseline -0.001 -10"><span class='ocrx_word' id='word_1_219' title='bbox 314 2245 373 2268; x_wconf 81' lang='lat' dir='ltr'>nec</span> <span class='ocrx_word' id='word_1_220' title='bbox 392 2235 555 2268; x_wconf 83' lang='lat' dir='ltr'>iudicibus</span> <span class='ocrx_word' id='word_1_221' title='bbox 574 2235 762 2277; x_wconf 76' lang='lat' dir='ltr'>Magaloltus</span> <span class='ocrx_word' id='word_1_222' title='bbox 782 2233 930 2266; x_wconf 81' lang='lat' dir='ltr'>concedit</span> <span class='ocrx_word' id='word_1_223' title='bbox 954 2233 1062 2277; x_wconf 86' lang='lat' dir='ltr'>aliqua</span> 
     </span>
     <span class='ocr_line' id='line_1_41' title="bbox 314 2286 1062 2327; baseline -0.001 -7"><span class='ocrx_word' id='word_1_224' title='bbox 314 2288 429 2321; x_wconf 72' lang='lat' dir='ltr'>salaria</span> <span class='ocrx_word' id='word_1_225' title='bbox 449 2288 481 2321; x_wconf 90' lang='lat' dir='ltr'>in</span> <span class='ocrx_word' id='word_1_226' title='bbox 502 2288 687 2327; x_wconf 60' lang='lat' dir='ltr'>exeuntis-is,</span> <span class='ocrx_word' id='word_1_227' title='bbox 710 2287 734 2320; x_wconf 86' lang='lat' dir='ltr'>si</span> <span class='ocrx_word' id='word_1_228' title='bbox 755 2286 940 2319; x_wconf 82' lang='lat' dir='ltr'>mandatum</span> <span class='ocrx_word' id='word_1_229' title='bbox 965 2286 1062 2319; x_wconf 86' lang='lat' dir='ltr'>tradi-</span> 
     </span>
     <span class='ocr_line' id='line_1_42' title="bbox 316 2344 1062 2388; baseline -0.001 -11"><span class='ocrx_word' id='word_1_230' title='bbox 316 2351 383 2378; x_wconf 87' lang='lat' dir='ltr'>tum</span> <span class='ocrx_word' id='word_1_231' title='bbox 409 2356 473 2378; x_wconf 88' lang='lat' dir='ltr'>non</span> <span class='ocrx_word' id='word_1_232' title='bbox 500 2346 606 2379; x_wconf 83' lang='lat' dir='ltr'>suerit.</span> <span class='ocrx_word' id='word_1_233' title='bbox 634 2346 678 2378; x_wconf 88' lang='lat' dir='ltr'>lta</span> <span class='ocrx_word' id='word_1_234' title='bbox 708 2345 827 2388; x_wconf 88' lang='lat' dir='ltr'>paritor</span> <span class='ocrx_word' id='word_1_235' title='bbox 853 2344 1062 2388; x_wconf 81' lang='lat' dir='ltr'>probibemus</span> 
     </span>
     <span class='ocr_line' id='line_1_43' title="bbox 317 2401 1062 2446; baseline -0.001 -12"><span class='ocrx_word' id='word_1_236' title='bbox 317 2403 487 2446; x_wconf 73' lang='lat' dir='ltr'>praedictis</span> <span class='ocrx_word' id='word_1_237' title='bbox 524 2403 683 2436; x_wconf 82' lang='lat' dir='ltr'>advocatis</span> <span class='ocrx_word' id='word_1_238' title='bbox 721 2409 752 2436; x_wconf 90' lang='lat' dir='ltr'>et</span> <span class='ocrx_word' id='word_1_239' title='bbox 779 2401 1062 2446; x_wconf 82' lang='lat' dir='ltr'>procuratoribus</span> 
     </span>
     <span class='ocr_line' id='line_1_44' title="bbox 317 2458 1063 2502; baseline 0.001 -12"><span class='ocrx_word' id='word_1_240' title='bbox 317 2470 409 2502; x_wconf 80' lang='lat' dir='ltr'>posse</span> <span class='ocrx_word' id='word_1_241' title='bbox 433 2460 465 2492; x_wconf 87' lang='lat' dir='ltr'>iu</span> <span class='ocrx_word' id='word_1_242' title='bbox 482 2460 666 2500; x_wconf 79' lang='lat' dir='ltr'>cxccutivis‚</span> <span class='ocrx_word' id='word_1_243' title='bbox 689 2459 744 2492; x_wconf 91' lang='lat' dir='ltr'>ubi</span> <span class='ocrx_word' id='word_1_244' title='bbox 766 2459 950 2492; x_wconf 86' lang='lat' dir='ltr'>mandatum</span> <span class='ocrx_word' id='word_1_245' title='bbox 967 2458 1063 2491; x_wconf 85' lang='lat' dir='ltr'>tradi-</span> 
     </span>
     <span class='ocr_line' id='line_1_45' title="bbox 318 2517 1060 2561; baseline 0 -12"><span class='ocrx_word' id='word_1_246' title='bbox 318 2524 383 2549; x_wconf 78' lang='lat' dir='ltr'>tum</span> <span class='ocrx_word' id='word_1_247' title='bbox 418 2528 484 2551; x_wconf 91' lang='lat' dir='ltr'>non</span> <span class='ocrx_word' id='word_1_248' title='bbox 511 2518 582 2557; x_wconf 86' lang='lat' dir='ltr'>l&#39;uit,</span> <span class='ocrx_word' id='word_1_249' title='bbox 611 2517 733 2561; x_wconf 89' lang='lat' dir='ltr'>aliquid</span> <span class='ocrx_word' id='word_1_250' title='bbox 770 2524 976 2561; x_wconf 81' lang='lat' dir='ltr'>praetensum</span> <span class='ocrx_word' id='word_1_251' title='bbox 1009 2527 1060 2549; x_wconf 85' lang='lat' dir='ltr'>sa-</span> 
     </span>
     <span class='ocr_line' id='line_1_46' title="bbox 316 2574 1060 2618; baseline 0.001 -13"><span class='ocrx_word' id='word_1_252' title='bbox 316 2574 387 2606; x_wconf 79' lang='lat' dir='ltr'>larii</span> <span class='ocrx_word' id='word_1_253' title='bbox 407 2576 454 2608; x_wconf 86' lang='lat' dir='ltr'>vel</span> <span class='ocrx_word' id='word_1_254' title='bbox 482 2575 653 2618; x_wconf 83' lang='lat' dir='ltr'>patrocinii</span> <span class='ocrx_word' id='word_1_255' title='bbox 677 2575 809 2615; x_wconf 86' lang='lat' dir='ltr'>habere,</span> <span class='ocrx_word' id='word_1_256' title='bbox 832 2575 951 2608; x_wconf 73' lang='lat' dir='ltr'>reiecta</span> <span class='ocrx_word' id='word_1_257' title='bbox 983 2584 1060 2607; x_wconf 85' lang='lat' dir='ltr'>con-</span> 
     </span>
    </p>
   </div>
   <div class='ocr_carea' id='block_1_6' title="bbox 1082 1023 1089 1354">
    <p class='ocr_par' dir='ltr' id='par_1_8' title="bbox 1082 1023 1089 1354">
     <span class='ocr_line' id='line_1_47' title="bbox 1082 1023 1089 1354; baseline 0 0"><span class='ocrx_word' id='word_1_258' title='bbox 1082 1023 1089 1354; x_wconf 56' lang='lat'>„</span> 
     </span>
    </p>
   </div>
   <div class='ocr_carea' id='block_1_7' title="bbox 1105 355 1859 1134">
    <p class='ocr_par' dir='ltr' id='par_1_9' title="bbox 1113 355 1854 400">
     <span class='ocr_line' id='line_1_48' title="bbox 1113 355 1854 400; baseline 0.007 -13"><span class='ocrx_word' id='word_1_259' title='bbox 1113 355 1202 388; x_wconf 69' lang='lat' dir='ltr'>cibus¹</span> <span class='ocrx_word' id='word_1_260' title='bbox 1220 365 1278 388; x_wconf 87' lang='lat' dir='ltr'>nec</span> <span class='ocrx_word' id='word_1_261' title='bbox 1292 356 1424 388; x_wconf 83' lang='lat' dir='ltr'>notariis</span> <span class='ocrx_word' id='word_1_262' title='bbox 1440 356 1493 388; x_wconf 87' lang='lat' dir='ltr'>tali</span> <span class='ocrx_word' id='word_1_263' title='bbox 1505 366 1579 389; x_wconf 86' lang='lat' dir='ltr'>casu</span> <span class='ocrx_word' id='word_1_264' title='bbox 1597 358 1716 400; x_wconf 87' lang='lat' dir='ltr'>aliquid</span> <span class='ocrx_word' id='word_1_265' title='bbox 1731 358 1854 392; x_wconf 85' lang='lat' dir='ltr'>tribuit.</span> 
     </span>
    </p>

    <p class='ocr_par' dir='ltr' id='par_1_10' title="bbox 1105 403 1859 987">
     <span class='ocr_line' id='line_1_49' title="bbox 1155 403 1856 448; baseline 0.007 -12"><span class='ocrx_word' id='word_1_266' title='bbox 1155 403 1395 437; x_wconf 77' lang='lat' dir='ltr'>Proliibendum</span> <span class='ocrx_word' id='word_1_267' title='bbox 1409 405 1529 448; x_wconf 78' lang='lat' dir='ltr'>pariter</span> <span class='ocrx_word' id='word_1_268' title='bbox 1539 410 1585 438; x_wconf 85' lang='lat' dir='ltr'>est</span> <span class='ocrx_word' id='word_1_269' title='bbox 1604 405 1763 440; x_wconf 76' lang='lat' dir='ltr'>advocatis</span> <span class='ocrx_word' id='word_1_270' title='bbox 1779 417 1856 440; x_wconf 85' lang='lat' dir='ltr'>neo-</span> 
     </span>
     <span class='ocr_line' id='line_1_50' title="bbox 1110 453 1855 497; baseline 0.007 -13"><span class='ocrx_word' id='word_1_271' title='bbox 1110 463 1175 485; x_wconf 87' lang='lat' dir='ltr'>non</span> <span class='ocrx_word' id='word_1_272' title='bbox 1193 453 1469 496; x_wconf 62' lang='lat' dir='ltr'>procuratoribuS,</span> <span class='ocrx_word' id='word_1_273' title='bbox 1482 454 1550 487; x_wconf 70' lang='lat' dir='ltr'>&#39;sub</span> <span class='ocrx_word' id='word_1_274' title='bbox 1574 464 1677 497; x_wconf 82' lang='lat' dir='ltr'>poena</span> <span class='ocrx_word' id='word_1_275' title='bbox 1697 455 1855 495; x_wconf 76' lang='lat' dir='ltr'>infamiae,</span> 
     </span>
     <span class='ocr_line' id='line_1_51' title="bbox 1109 502 1855 546; baseline 0.007 -12"><span class='ocrx_word' id='word_1_276' title='bbox 1109 511 1203 545; x_wconf 79' lang='lat' dir='ltr'>posse</span> <span class='ocrx_word' id='word_1_277' title='bbox 1219 502 1358 535; x_wconf 84' lang='lat' dir='ltr'>retinere</span> <span class='ocrx_word' id='word_1_278' title='bbox 1376 502 1537 546; x_wconf 81' lang='lat' dir='ltr'>sportulas</span> <span class='ocrx_word' id='word_1_279' title='bbox 1549 514 1566 535; x_wconf 84' lang='lat' dir='ltr'>a</span> <span class='ocrx_word' id='word_1_280' title='bbox 1577 502 1748 543; x_wconf 84' lang='lat' dir='ltr'>clientulis,</span> <span class='ocrx_word' id='word_1_281' title='bbox 1760 515 1855 539; x_wconf 79' lang='lat' dir='ltr'>causa</span> 
     </span>
     <span class='ocr_line' id='line_1_52' title="bbox 1110 551 1854 595; baseline 0.005 -13"><span class='ocrx_word' id='word_1_282' title='bbox 1110 551 1292 593; x_wconf 84' lang='lat' dir='ltr'>deponendi</span> <span class='ocrx_word' id='word_1_283' title='bbox 1327 556 1387 595; x_wconf 76' lang='lat' dir='ltr'>pro</span> <span class='ocrx_word' id='word_1_284' title='bbox 1415 551 1573 585; x_wconf 81' lang='lat' dir='ltr'>sententia</span> <span class='ocrx_word' id='word_1_285' title='bbox 1601 551 1749 592; x_wconf 55' lang='lat' dir='ltr'>ferenda,</span> <span class='ocrx_word' id='word_1_286' title='bbox 1778 562 1854 586; x_wconf 85' lang='lat' dir='ltr'>nam</span> 
     </span>
     <span class='ocr_line' id='line_1_53' title="bbox 1108 599 1854 644; baseline 0.004 -13"><span class='ocrx_word' id='word_1_287' title='bbox 1108 599 1246 632; x_wconf 88' lang='lat' dir='ltr'>relatum</span> <span class='ocrx_word' id='word_1_288' title='bbox 1271 606 1318 632; x_wconf 87' lang='lat' dir='ltr'>est</span> <span class='ocrx_word' id='word_1_289' title='bbox 1332 610 1386 633; x_wconf 90' lang='lat' dir='ltr'>eos</span> <span class='ocrx_word' id='word_1_290' title='bbox 1405 600 1601 644; x_wconf 84' lang='lat' dir='ltr'>quandoque</span> <span class='ocrx_word' id='word_1_291' title='bbox 1625 601 1664 633; x_wconf 84' lang='lat' dir='ltr'>ab</span> <span class='ocrx_word' id='word_1_292' title='bbox 1685 601 1747 634; x_wconf 82' lang='lat' dir='ltr'>illis</span> <span class='ocrx_word' id='word_1_293' title='bbox 1773 601 1854 635; x_wconf 79' lang='lat' dir='ltr'>reci-</span> 
     </span>
     <span class='ocr_line' id='line_1_54' title="bbox 1108 649 1857 692; baseline 0.004 -12"><span class='ocrx_word' id='word_1_294' title='bbox 1108 659 1185 691; x_wconf 86' lang='lat' dir='ltr'>pere</span> <span class='ocrx_word' id='word_1_295' title='bbox 1219 649 1279 681; x_wconf 85' lang='lat' dir='ltr'>sub</span> <span class='ocrx_word' id='word_1_296' title='bbox 1310 649 1474 692; x_wconf 82' lang='lat' dir='ltr'>praedicto</span> <span class='ocrx_word' id='word_1_297' title='bbox 1501 650 1610 683; x_wconf 85' lang='lat' dir='ltr'>colore</span> <span class='ocrx_word' id='word_1_298' title='bbox 1643 655 1674 682; x_wconf 89' lang='lat' dir='ltr'>et</span> <span class='ocrx_word' id='word_1_299' title='bbox 1700 651 1857 684; x_wconf 85' lang='lat' dir='ltr'>sententia</span> 
     </span>
     <span class='ocr_line' id='line_1_55' title="bbox 1107 697 1859 741; baseline 0.003 -10"><span class='ocrx_word' id='word_1_300' title='bbox 1107 697 1223 741; x_wconf 85' lang='lat' dir='ltr'>posita,</span> <span class='ocrx_word' id='word_1_301' title='bbox 1241 704 1336 741; x_wconf 90' lang='lat' dir='ltr'>prout</span> <span class='ocrx_word' id='word_1_302' title='bbox 1355 698 1386 730; x_wconf 88' lang='lat' dir='ltr'>in</span> <span class='ocrx_word' id='word_1_303' title='bbox 1408 698 1534 738; x_wconf 77' lang='lat' dir='ltr'>cedula,</span> <span class='ocrx_word' id='word_1_304' title='bbox 1556 699 1604 732; x_wconf 85' lang='lat' dir='ltr'>vel</span> <span class='ocrx_word' id='word_1_305' title='bbox 1624 699 1734 733; x_wconf 83' lang='lat' dir='ltr'>habito</span> <span class='ocrx_word' id='word_1_306' title='bbox 1751 699 1859 732; x_wconf 90' lang='lat' dir='ltr'>termi-</span> 
     </span>
     <span class='ocr_line' id='line_1_56' title="bbox 1107 747 1856 790; baseline 0.004 -12"><span class='ocrx_word' id='word_1_307' title='bbox 1107 756 1150 779; x_wconf 90' lang='lat'>110</span> <span class='ocrx_word' id='word_1_308' title='bbox 1171 757 1230 790; x_wconf 89' lang='lat' dir='ltr'>pro</span> <span class='ocrx_word' id='word_1_309' title='bbox 1250 752 1386 784; x_wconf 67' lang='lat' dir='ltr'>servato,</span> <span class='ocrx_word' id='word_1_310' title='bbox 1407 757 1473 779; x_wconf 88' lang='lat' dir='ltr'>nou</span> <span class='ocrx_word' id='word_1_311' title='bbox 1490 757 1605 779; x_wconf 88' lang='lat' dir='ltr'>curare</span> <span class='ocrx_word' id='word_1_312' title='bbox 1626 747 1711 780; x_wconf 87' lang='lat' dir='ltr'>ultra</span> <span class='ocrx_word' id='word_1_313' title='bbox 1726 758 1856 781; x_wconf 85' lang='lat' dir='ltr'>causam</span> 
     </span>
     <span class='ocr_line' id='line_1_57' title="bbox 1107 796 1854 840; baseline 0.003 -12"><span class='ocrx_word' id='word_1_314' title='bbox 1107 796 1249 839; x_wconf 74' lang='lat' dir='ltr'>expediri</span> <span class='ocrx_word' id='word_1_315' title='bbox 1275 807 1348 829; x_wconf 89' lang='lat' dir='ltr'>cum</span> <span class='ocrx_word' id='word_1_316' title='bbox 1369 796 1455 839; x_wconf 72' lang='lat' dir='ltr'>gravi</span> <span class='ocrx_word' id='word_1_317' title='bbox 1476 796 1598 829; x_wconf 87' lang='lat' dir='ltr'>iactura</span> <span class='ocrx_word' id='word_1_318' title='bbox 1613 796 1854 840; x_wconf 84' lang='lat' dir='ltr'>principalium:</span> 
     </span>
     <span class='ocr_line' id='line_1_58' title="bbox 1106 844 1855 889; baseline 0.001 -11"><span class='ocrx_word' id='word_1_319' title='bbox 1106 844 1179 878; x_wconf 89' lang='lat' dir='ltr'>idco</span> <span class='ocrx_word' id='word_1_320' title='bbox 1200 845 1452 878; x_wconf 85' lang='lat' dir='ltr'>determinamus</span> <span class='ocrx_word' id='word_1_321' title='bbox 1472 845 1544 878; x_wconf 91' lang='lat' dir='ltr'>illos</span> <span class='ocrx_word' id='word_1_322' title='bbox 1561 845 1666 877; x_wconf 88' lang='lat' dir='ltr'>statim</span> <span class='ocrx_word' id='word_1_323' title='bbox 1685 851 1782 889; x_wconf 85' lang='lat' dir='ltr'>atque</span> <span class='ocrx_word' id='word_1_324' title='bbox 1796 845 1855 879; x_wconf 85' lang='lat' dir='ltr'>ba-</span> 
     </span>
     <span class='ocr_line' id='line_1_59' title="bbox 1105 894 1856 938; baseline 0.003 -12"><span class='ocrx_word' id='word_1_325' title='bbox 1105 894 1485 937; x_wconf 82' lang='lat' dir='ltr'>buerintsportulasillas</span> <span class='ocrx_word' id='word_1_326' title='bbox 1501 894 1662 937; x_wconf 86' lang='lat' dir='ltr'>deponere</span> <span class='ocrx_word' id='word_1_327' title='bbox 1678 894 1737 926; x_wconf 81' lang='lat' dir='ltr'>sub</span> <span class='ocrx_word' id='word_1_328' title='bbox 1753 904 1856 938; x_wconf 85' lang='lat' dir='ltr'>poena</span> 
     </span>
     <span class='ocr_line' id='line_1_60' title="bbox 1106 943 1282 987; baseline 0.006 -12"><span class='ocrx_word' id='word_1_329' title='bbox 1106 943 1282 987; x_wconf 84' lang='lat' dir='ltr'>praedicta.</span> 
     </span>
    </p>

    <p class='ocr_par' dir='ltr' id='par_1_11' title="bbox 1105 991 1854 1134">
     <span class='ocr_line' id='line_1_61' title="bbox 1149 991 1854 1035; baseline 0.003 -11"><span class='ocrx_word' id='word_1_330' title='bbox 1149 991 1229 1030; x_wconf 82' lang='lat' dir='ltr'>Quia</span> <span class='ocrx_word' id='word_1_331' title='bbox 1249 992 1344 1025; x_wconf 86' lang='lat' dir='ltr'>etiam</span> <span class='ocrx_word' id='word_1_332' title='bbox 1380 991 1608 1032; x_wconf 80' lang='lat' dir='ltr'>intelleximus,</span> <span class='ocrx_word' id='word_1_333' title='bbox 1635 991 1661 1024; x_wconf 87' lang='lat' dir='ltr'>si</span> <span class='ocrx_word' id='word_1_334' title='bbox 1685 997 1792 1035; x_wconf 84' lang='lat' dir='ltr'>partes</span> <span class='ocrx_word' id='word_1_335' title='bbox 1814 992 1854 1026; x_wconf 83' lang='lat' dir='ltr'>ad</span> 
     </span>
     <span class='ocr_line' id='line_1_62' title="bbox 1106 1041 1854 1086; baseline 0.001 -13"><span class='ocrx_word' id='word_1_336' title='bbox 1106 1041 1314 1074; x_wconf 80' lang='lat' dir='ltr'>concordiam</span> <span class='ocrx_word' id='word_1_337' title='bbox 1330 1042 1475 1075; x_wconf 70' lang='lat' dir='ltr'>venerint</span> <span class='ocrx_word' id='word_1_338' title='bbox 1496 1047 1670 1086; x_wconf 83' lang='lat' dir='ltr'>antequam</span> <span class='ocrx_word' id='word_1_339' title='bbox 1699 1041 1854 1086; x_wconf 81' lang='lat' dir='ltr'>sententia</span> 
     </span>
     <span class='ocr_line' id='line_1_63' title="bbox 1105 1089 1854 1134; baseline 0.004 -13"><span class='ocrx_word' id='word_1_340' title='bbox 1105 1089 1298 1133; x_wconf 72' lang='lat' dir='ltr'>proseratur,</span> <span class='ocrx_word' id='word_1_341' title='bbox 1319 1091 1448 1124; x_wconf 81' lang='lat' dir='ltr'>eosdem</span> <span class='ocrx_word' id='word_1_342' title='bbox 1474 1090 1643 1124; x_wconf 73' lang='lat' dir='ltr'>advocatos</span> <span class='ocrx_word' id='word_1_343' title='bbox 1677 1096 1708 1124; x_wconf 88' lang='lat' dir='ltr'>et</span> <span class='ocrx_word' id='word_1_344' title='bbox 1735 1101 1854 1134; x_wconf 88' lang='lat' dir='ltr'>procu-</span> 
     </span>
    </p>
   </div>
   <div class='ocr_carea' id='block_1_8' title="bbox 1106 1138 1866 1183">
    <p class='ocr_par' dir='ltr' id='par_1_12' title="bbox 1106 1138 1866 1183">
     <span class='ocr_line' id='line_1_64' title="bbox 1106 1138 1866 1183; baseline 0.003 -13"><span class='ocrx_word' id='word_1_345' title='bbox 1106 1144 1229 1172; x_wconf 77' lang='lat' dir='ltr'>ratores</span> <span class='ocrx_word' id='word_1_346' title='bbox 1247 1139 1387 1173; x_wconf 77' lang='lat' dir='ltr'>voluisse</span> <span class='ocrx_word' id='word_1_347' title='bbox 1408 1140 1599 1183; x_wconf 84' lang='lat' dir='ltr'>patrocinia,</span> <span class='ocrx_word' id='word_1_348' title='bbox 1615 1150 1651 1172; x_wconf 89' lang='lat' dir='ltr'>ac</span> <span class='ocrx_word' id='word_1_349' title='bbox 1663 1138 1760 1173; x_wconf 80' lang='lat' dir='ltr'>silata</span> <span class='ocrx_word' id='word_1_350' title='bbox 1775 1139 1866 1172; x_wconf 87' lang='lat' dir='ltr'>fuis-&#39;</span> 
     </span>
    </p>
   </div>
   <div class='ocr_carea' id='block_1_9' title="bbox 1105 1187 1854 1428">
    <p class='ocr_par' dir='ltr' id='par_1_13' title="bbox 1105 1187 1854 1370">
     <span class='ocr_line' id='line_1_65' title="bbox 1105 1187 1854 1232; baseline 0.001 -12"><span class='ocrx_word' id='word_1_351' title='bbox 1105 1193 1151 1220; x_wconf 85' lang='lat' dir='ltr'>set</span> <span class='ocrx_word' id='word_1_352' title='bbox 1171 1188 1340 1221; x_wconf 80' lang='lat' dir='ltr'>sententia:</span> <span class='ocrx_word' id='word_1_353' title='bbox 1358 1189 1442 1229; x_wconf 88' lang='lat' dir='ltr'>ideo,</span> <span class='ocrx_word' id='word_1_354' title='bbox 1458 1188 1535 1221; x_wconf 86' lang='lat' dir='ltr'>huic</span> <span class='ocrx_word' id='word_1_355' title='bbox 1550 1198 1648 1232; x_wconf 85' lang='lat' dir='ltr'>pravo</span> <span class='ocrx_word' id='word_1_356' title='bbox 1667 1187 1782 1221; x_wconf 82' lang='lat' dir='ltr'>abusui</span> <span class='ocrx_word' id='word_1_357' title='bbox 1801 1190 1854 1221; x_wconf 76' lang='grc' dir='ltr'>ὀα-</span> 
     </span>
     <span class='ocr_line' id='line_1_66' title="bbox 1105 1237 1854 1279; baseline 0 -9"><span class='ocrx_word' id='word_1_358' title='bbox 1105 1243 1283 1279; x_wconf 82' lang='lat' dir='ltr'>currentes‚</span> <span class='ocrx_word' id='word_1_359' title='bbox 1310 1238 1562 1271; x_wconf 82' lang='lat' dir='ltr'>determinamus</span> <span class='ocrx_word' id='word_1_360' title='bbox 1582 1238 1616 1270; x_wconf 90' lang='lat' dir='ltr'>in</span> <span class='ocrx_word' id='word_1_361' title='bbox 1639 1237 1701 1270; x_wconf 87' lang='lat' dir='ltr'>hoc</span> <span class='ocrx_word' id='word_1_362' title='bbox 1725 1247 1854 1271; x_wconf 88' lang='lat' dir='ltr'>servan-</span> 
     </span>
     <span class='ocr_line' id='line_1_67' title="bbox 1105 1287 1854 1331; baseline 0.001 -12"><span class='ocrx_word' id='word_1_363' title='bbox 1105 1287 1181 1320; x_wconf 88' lang='lat' dir='ltr'>dum</span> <span class='ocrx_word' id='word_1_364' title='bbox 1207 1298 1275 1321; x_wconf 82' lang='lat' dir='ltr'>esse</span> <span class='ocrx_word' id='word_1_365' title='bbox 1288 1288 1375 1331; x_wconf 87' lang='lat' dir='ltr'>quod</span> <span class='ocrx_word' id='word_1_366' title='bbox 1395 1287 1534 1321; x_wconf 84' lang='lat' dir='ltr'>diximus</span> <span class='ocrx_word' id='word_1_367' title='bbox 1543 1298 1642 1331; x_wconf 84' lang='lat' dir='ltr'>supra</span> <span class='ocrx_word' id='word_1_368' title='bbox 1654 1287 1687 1320; x_wconf 90' lang='lat' dir='ltr'>in</span> <span class='ocrx_word' id='word_1_369' title='bbox 1706 1287 1854 1320; x_wconf 85' lang='lat' dir='ltr'>auditore</span> 
     </span>
     <span class='ocr_line' id='line_1_68' title="bbox 1105 1335 1850 1370; baseline 0.001 -2"><span class='ocrx_word' id='word_1_370' title='bbox 1105 1342 1134 1369; x_wconf 89' lang='lat' dir='ltr'>et</span> <span class='ocrx_word' id='word_1_371' title='bbox 1160 1337 1286 1370; x_wconf 87' lang='lat' dir='ltr'>notario</span> <span class='ocrx_word' id='word_1_372' title='bbox 1306 1348 1363 1370; x_wconf 84' lang='lat' dir='ltr'>seu</span> <span class='ocrx_word' id='word_1_373' title='bbox 1389 1336 1581 1370; x_wconf 87' lang='lat' dir='ltr'>cancellario</span> <span class='ocrx_word' id='word_1_374' title='bbox 1601 1335 1709 1369; x_wconf 86' lang='lat' dir='ltr'>curiae</span> <span class='ocrx_word' id='word_1_375' title='bbox 1738 1335 1850 1369; x_wconf 83' lang='lat' dir='ltr'>civilis.</span> 
     </span>
    </p>

    <p class='ocr_par' dir='ltr' id='par_1_14' title="bbox 1147 1385 1853 1428">
     <span class='ocr_line' id='line_1_69' title="bbox 1147 1385 1853 1428; baseline -0.003 -9"><span class='ocrx_word' id='word_1_376' title='bbox 1147 1386 1270 1419; x_wconf 85' lang='lat' dir='ltr'>Pariter</span> <span class='ocrx_word' id='word_1_377' title='bbox 1301 1386 1479 1419; x_wconf 85' lang='lat' dir='ltr'>tollendum</span> <span class='ocrx_word' id='word_1_378' title='bbox 1510 1392 1555 1419; x_wconf 85' lang='lat' dir='ltr'>est</span> <span class='ocrx_word' id='word_1_379' title='bbox 1580 1385 1668 1428; x_wconf 90' lang='lat' dir='ltr'>quod</span> <span class='ocrx_word' id='word_1_380' title='bbox 1697 1395 1714 1417; x_wconf 80' lang='lat' dir='ltr'>a</span> <span class='ocrx_word' id='word_1_381' title='bbox 1742 1385 1853 1418; x_wconf 84' lang='lat' dir='ltr'>multis</span> 
     </span>
    </p>
   </div>
   <div class='ocr_carea' id='block_1_10' title="bbox 1104 1433 1860 1476">
    <p class='ocr_par' dir='ltr' id='par_1_15' title="bbox 1104 1433 1860 1476">
     <span class='ocr_line' id='line_1_70' title="bbox 1104 1433 1860 1476; baseline -0.001 -9"><span class='ocrx_word' id='word_1_382' title='bbox 1104 1436 1251 1468; x_wconf 88' lang='lat' dir='ltr'>auditum</span> <span class='ocrx_word' id='word_1_383' title='bbox 1275 1441 1333 1476; x_wconf 85' lang='lat' dir='ltr'>est,</span> <span class='ocrx_word' id='word_1_384' title='bbox 1373 1435 1496 1468; x_wconf 84' lang='lat' dir='ltr'>scilicet</span> <span class='ocrx_word' id='word_1_385' title='bbox 1519 1434 1649 1468; x_wconf 86' lang='lat' dir='ltr'>eosdem</span> <span class='ocrx_word' id='word_1_386' title='bbox 1682 1433 1860 1467; x_wconf 81' lang='lat' dir='ltr'>advocatos</span> 
     </span>
    </p>
   </div>
   <div class='ocr_carea' id='block_1_11' title="bbox 1103 1482 1853 1918">
    <p class='ocr_par' dir='ltr' id='par_1_16' title="bbox 1103 1482 1853 1918">
     <span class='ocr_line' id='line_1_71' title="bbox 1105 1482 1852 1528; baseline -0.003 -11"><span class='ocrx_word' id='word_1_387' title='bbox 1105 1489 1133 1517; x_wconf 87' lang='lat' dir='ltr'>et</span> <span class='ocrx_word' id='word_1_388' title='bbox 1153 1490 1380 1528; x_wconf 87' lang='lat' dir='ltr'>procuratores</span> <span class='ocrx_word' id='word_1_389' title='bbox 1398 1483 1536 1517; x_wconf 84' lang='lat' dir='ltr'>voluisse</span> <span class='ocrx_word' id='word_1_390' title='bbox 1555 1482 1684 1523; x_wconf 84' lang='lat' dir='ltr'>salaria,</span> <span class='ocrx_word' id='word_1_391' title='bbox 1711 1482 1738 1515; x_wconf 89' lang='lat' dir='ltr'>si</span> <span class='ocrx_word' id='word_1_392' title='bbox 1762 1492 1852 1516; x_wconf 89' lang='lat' dir='ltr'>sum-</span> 
     </span>
     <span class='ocr_line' id='line_1_72' title="bbox 1105 1530 1853 1578; baseline 0 -12"><span class='ocrx_word' id='word_1_393' title='bbox 1105 1534 1205 1567; x_wconf 89' lang='lat' dir='ltr'>marie</span> <span class='ocrx_word' id='word_1_394' title='bbox 1225 1540 1256 1567; x_wconf 87' lang='lat' dir='ltr'>et</span> <span class='ocrx_word' id='word_1_395' title='bbox 1274 1534 1342 1567; x_wconf 82' lang='lat' dir='ltr'>sine</span> <span class='ocrx_word' id='word_1_396' title='bbox 1361 1537 1516 1578; x_wconf 76' lang='lat' dir='ltr'>processu</span> <span class='ocrx_word' id='word_1_397' title='bbox 1530 1538 1561 1566; x_wconf 87' lang='lat' dir='ltr'>et</span> <span class='ocrx_word' id='word_1_398' title='bbox 1579 1533 1700 1576; x_wconf 83' lang='lat' dir='ltr'>absque</span> <span class='ocrx_word' id='word_1_399' title='bbox 1718 1532 1781 1565; x_wconf 86' lang='lat' dir='ltr'>tela</span> <span class='ocrx_word' id='word_1_400' title='bbox 1806 1530 1853 1566; x_wconf 91' lang='lat' dir='ltr'>iu-</span> 
     </span>
     <span class='ocr_line' id='line_1_73' title="bbox 1104 1581 1853 1627; baseline -0.004 -11"><span class='ocrx_word' id='word_1_401' title='bbox 1104 1583 1239 1616; x_wconf 82' lang='lat' dir='ltr'>diciaria</span> <span class='ocrx_word' id='word_1_402' title='bbox 1262 1583 1371 1627; x_wconf 85' lang='lat' dir='ltr'>aliqua</span> <span class='ocrx_word' id='word_1_403' title='bbox 1406 1592 1502 1615; x_wconf 86' lang='lat' dir='ltr'>causa</span> <span class='ocrx_word' id='word_1_404' title='bbox 1529 1581 1761 1625; x_wconf 80' lang='lat' dir='ltr'>expediebatur</span> <span class='ocrx_word' id='word_1_405' title='bbox 1794 1590 1853 1624; x_wconf 84' lang='lat' dir='ltr'>per</span> 
     </span>
     <span class='ocr_line' id='line_1_74' title="bbox 1104 1629 1852 1676; baseline -0.005 -10"><span class='ocrx_word' id='word_1_406' title='bbox 1104 1633 1260 1666; x_wconf 86' lang='lat' dir='ltr'>maiorem</span> <span class='ocrx_word' id='word_1_407' title='bbox 1276 1632 1495 1676; x_wconf 84' lang='lat' dir='ltr'>superiorem:</span> <span class='ocrx_word' id='word_1_408' title='bbox 1518 1631 1602 1671; x_wconf 88' lang='lat' dir='ltr'>ideo,</span> <span class='ocrx_word' id='word_1_409' title='bbox 1616 1630 1693 1674; x_wconf 89' lang='lat' dir='ltr'>quia</span> <span class='ocrx_word' id='word_1_410' title='bbox 1705 1629 1852 1663; x_wconf 80' lang='lat' dir='ltr'>modicus</span> 
     </span>
     <span class='ocr_line' id='line_1_75' title="bbox 1104 1679 1852 1723; baseline -0.003 -9"><span class='ocrx_word' id='word_1_411' title='bbox 1104 1682 1149 1715; x_wconf 84' lang='lat' dir='ltr'>eis</span> <span class='ocrx_word' id='word_1_412' title='bbox 1169 1682 1207 1714; x_wconf 78' lang='lat' dir='ltr'>sit</span> <span class='ocrx_word' id='word_1_413' title='bbox 1227 1682 1331 1722; x_wconf 87' lang='lat' dir='ltr'>labor,</span> <span class='ocrx_word' id='word_1_414' title='bbox 1354 1681 1545 1714; x_wconf 85' lang='lat' dir='ltr'>mandamus</span> <span class='ocrx_word' id='word_1_415' title='bbox 1569 1679 1641 1713; x_wconf 84' lang='lat' dir='ltr'>illos</span> <span class='ocrx_word' id='word_1_416' title='bbox 1668 1679 1729 1714; x_wconf 89' lang='lat' dir='ltr'>nisi</span> <span class='ocrx_word' id='word_1_417' title='bbox 1754 1684 1852 1723; x_wconf 82' lang='lat' dir='ltr'>prout</span> 
     </span>
     <span class='ocr_line' id='line_1_76' title="bbox 1103 1727 1850 1773; baseline -0.004 -9"><span class='ocrx_word' id='word_1_418' title='bbox 1103 1732 1136 1765; x_wconf 93' lang='lat' dir='ltr'>in</span> <span class='ocrx_word' id='word_1_419' title='bbox 1157 1731 1327 1764; x_wconf 80' lang='lat' dir='ltr'>executivis</span> <span class='ocrx_word' id='word_1_420' title='bbox 1345 1730 1466 1763; x_wconf 73' lang='lat' dir='ltr'>(lictum</span> <span class='ocrx_word' id='word_1_421' title='bbox 1491 1735 1539 1763; x_wconf 87' lang='lat' dir='ltr'>est</span> <span class='ocrx_word' id='word_1_422' title='bbox 1562 1739 1661 1773; x_wconf 83' lang='lat' dir='ltr'>supra</span> <span class='ocrx_word' id='word_1_423' title='bbox 1693 1728 1734 1761; x_wconf 92' lang='lat' dir='ltr'>de</span> <span class='ocrx_word' id='word_1_424' title='bbox 1756 1727 1850 1762; x_wconf 86' lang='lat' dir='ltr'>audi-</span> 
     </span>
     <span class='ocr_line' id='line_1_77' title="bbox 1103 1777 1771 1821; baseline -0.009 -6"><span class='ocrx_word' id='word_1_425' title='bbox 1103 1786 1172 1815; x_wconf 89' lang='lat' dir='ltr'>tore</span> <span class='ocrx_word' id='word_1_426' title='bbox 1197 1787 1227 1814; x_wconf 91' lang='lat' dir='ltr'>et</span> <span class='ocrx_word' id='word_1_427' title='bbox 1249 1780 1375 1813; x_wconf 85' lang='lat' dir='ltr'>notario</span> <span class='ocrx_word' id='word_1_428' title='bbox 1389 1779 1475 1812; x_wconf 82' lang='lat' dir='ltr'>civili</span> <span class='ocrx_word' id='word_1_429' title='bbox 1493 1777 1647 1821; x_wconf 87' lang='lat' dir='ltr'>consequi</span> <span class='ocrx_word' id='word_1_430' title='bbox 1666 1787 1771 1821; x_wconf 85' lang='lat' dir='ltr'>posse.</span> 
     </span>
     <span class='ocr_line' id='line_1_78' title="bbox 1146 1825 1850 1872; baseline -0.007 -9"><span class='ocrx_word' id='word_1_431' title='bbox 1146 1830 1259 1863; x_wconf 88' lang='lat' dir='ltr'>Datum</span> <span class='ocrx_word' id='word_1_432' title='bbox 1280 1830 1400 1862; x_wconf 85' lang='lat' dir='ltr'>Romae</span> <span class='ocrx_word' id='word_1_433' title='bbox 1419 1828 1505 1872; x_wconf 87' lang='lat' dir='ltr'>apud</span> <span class='ocrx_word' id='word_1_434' title='bbox 1524 1827 1678 1860; x_wconf 86' lang='lat' dir='ltr'>Sanctum</span> <span class='ocrx_word' id='word_1_435' title='bbox 1698 1825 1850 1867; x_wconf 80' lang='lat' dir='ltr'>Marcum,</span> 
     </span>
     <span class='ocr_line' id='line_1_79' title="bbox 1103 1874 1852 1918; baseline -0.007 -6"><span class='ocrx_word' id='word_1_436' title='bbox 1103 1879 1162 1912; x_wconf 88' lang='lat' dir='ltr'>sub</span> <span class='ocrx_word' id='word_1_437' title='bbox 1183 1879 1304 1912; x_wconf 85' lang='lat' dir='ltr'>annulo</span> <span class='ocrx_word' id='word_1_438' title='bbox 1324 1877 1506 1917; x_wconf 78' lang='lat' dir='ltr'>piscatoris,</span> <span class='ocrx_word' id='word_1_439' title='bbox 1523 1875 1574 1909; x_wconf 90' lang='lat' dir='ltr'>die</span> <span class='ocrx_word' id='word_1_440' title='bbox 1589 1885 1642 1908; x_wconf 80' lang='lat' dir='ltr'>xix</span> <span class='ocrx_word' id='word_1_441' title='bbox 1661 1874 1852 1918; x_wconf 84' lang='lat' dir='ltr'>septembris</span> 
     </span>
    </p>
   </div>
   <div class='ocr_carea' id='block_1_12' title="bbox 1870 228 2020 293">
    <p class='ocr_par' dir='ltr' id='par_1_17' title="bbox 1870 228 2020 293">
     <span class='ocr_line' id='line_1_80' title="bbox 1870 228 2020 293; baseline -0.007 -20"><span class='ocrx_word' id='word_1_442' title='bbox 1870 228 1962 293; x_wconf 35' lang='lat' dir='ltr'>Aust:</span> <span class='ocrx_word' id='word_1_443' title='bbox 1989 276 1993 277; x_wconf 20' lang='lat'><em>⁷</em></span> <span class='ocrx_word' id='word_1_444' title='bbox 2017 252 2020 272; x_wconf 74' lang='grc' dir='ltr'><strong>ι</strong></span> 
     </span>
    </p>
   </div>
   <div class='ocr_carea' id='block_1_13' title="bbox 1102 1923 1873 1971">
    <p class='ocr_par' dir='ltr' id='par_1_18' title="bbox 1102 1923 1873 1971">
     <span class='ocr_line' id='line_1_81' title="bbox 1102 1923 1873 1971; baseline -0.008 -10"><span class='ocrx_word' id='word_1_445' title='bbox 1102 1938 1284 1967; x_wconf 70' lang='lat' dir='ltr'>uanxxvn,</span> <span class='ocrx_word' id='word_1_446' title='bbox 1302 1926 1508 1971; x_wconf 82' lang='lat' dir='ltr'>pontificatus</span> <span class='ocrx_word' id='word_1_447' title='bbox 1523 1924 1624 1958; x_wconf 89' lang='lat' dir='ltr'>nostri</span> <span class='ocrx_word' id='word_1_448' title='bbox 1644 1933 1730 1957; x_wconf 85' lang='lat' dir='ltr'>anno</span> <span class='ocrx_word' id='word_1_449' title='bbox 1739 1923 1848 1956; x_wconf 83' lang='lat' dir='ltr'>tertio.</span> <span class='ocrx_word' id='word_1_450' title='bbox 1870 1930 1873 1937; x_wconf 95' lang='grc'><strong><em>·</em></strong></span> 
     </span>
    </p>
   </div>
   <div class='ocr_carea' id='block_1_14' title="bbox 1152 1977 1802 2020">
    <p class='ocr_par' dir='ltr' id='par_1_19' title="bbox 1152 1977 1802 2020">
     <span class='ocr_line' id='line_1_82' title="bbox 1152 1977 1802 2020; baseline -0.008 -9"><span class='ocrx_word' id='word_1_451' title='bbox 1152 1981 1216 2011; x_wconf 84' lang='lat' dir='ltr'>Dat.</span> <span class='ocrx_word' id='word_1_452' title='bbox 1233 1981 1279 2011; x_wconf 90' lang='lat' dir='ltr'>die</span> <span class='ocrx_word' id='word_1_453' title='bbox 1297 1981 1333 2010; x_wconf 76' lang='lat'>19</span> <span class='ocrx_word' id='word_1_454' title='bbox 1351 1984 1426 2020; x_wconf 88' lang='lat' dir='ltr'>sept.</span> <span class='ocrx_word' id='word_1_455' title='bbox 1440 1978 1529 2016; x_wconf 75' lang='lat'><strong>1587,</strong></span> <span class='ocrx_word' id='word_1_456' title='bbox 1546 1977 1650 2018; x_wconf 84' lang='lat' dir='ltr'>pontif.</span> <span class='ocrx_word' id='word_1_457' title='bbox 1666 1986 1744 2007; x_wconf 87' lang='lat' dir='ltr'>anno</span> <span class='ocrx_word' id='word_1_458' title='bbox 1757 1984 1802 2007; x_wconf 86' lang='lat'>111.</span> 
     </span>
    </p>
   </div>
   <div class='ocr_carea' id='block_1_15' title="bbox 1395 2042 1563 2053">
    <p class='ocr_par' dir='ltr' id='par_1_20' title="bbox 1395 2042 1563 2053">
     <span class='ocr_line' id='line_1_83' title="bbox 1395 2042 1563 2053; baseline 0 0"><span class='ocrx_word' id='word_1_459' title='bbox 1395 2042 1563 2053; x_wconf 95' lang='lat' dir='ltr'> </span> 
     </span>
    </p>
   </div>
   <div class='ocr_carea' id='block_1_16' title="bbox 1102 2156 1848 2510">
    <p class='ocr_par' dir='ltr' id='par_1_21' title="bbox 1102 2156 1848 2401">
     <span class='ocr_line' id='line_1_84' title="bbox 1102 2156 1848 2204; baseline -0.005 -9"><span class='ocrx_word' id='word_1_460' title='bbox 1102 2162 1288 2196; x_wconf 62' lang='lat' dir='ltr'>Prohibita&gt;</span> <span class='ocrx_word' id='word_1_461' title='bbox 1307 2160 1503 2195; x_wconf 69' lang='lat' dir='ltr'>extrahendi</span> <span class='ocrx_word' id='word_1_462' title='bbox 1529 2164 1587 2193; x_wconf 81' lang='lat' dir='ltr'>aut</span> <span class='ocrx_word' id='word_1_463' title='bbox 1613 2169 1734 2204; x_wconf 77' lang='lat' dir='ltr'>quoquo</span> <span class='ocrx_word' id='word_1_464' title='bbox 1757 2156 1848 2192; x_wconf 80' lang='lat' dir='ltr'>modo</span> 
     </span>
     <span class='ocr_line' id='line_1_85' title="bbox 1147 2207 1848 2244; baseline -0.006 0"><span class='ocrx_word' id='word_1_465' title='bbox 1147 2211 1316 2244; x_wconf 73' lang='lat' dir='ltr'>amovendi</span> <span class='ocrx_word' id='word_1_466' title='bbox 1347 2211 1444 2243; x_wconf 79' lang='lat' dir='ltr'>libros</span> <span class='ocrx_word' id='word_1_467' title='bbox 1467 2214 1497 2243; x_wconf 81' lang='lat' dir='ltr'>et</span> <span class='ocrx_word' id='word_1_468' title='bbox 1520 2209 1589 2242; x_wconf 80' lang='lat' dir='ltr'>alia.</span> <span class='ocrx_word' id='word_1_469' title='bbox 1617 2209 1790 2241; x_wconf 66' lang='lat' dir='ltr'>existentia</span> <span class='ocrx_word' id='word_1_470' title='bbox 1811 2207 1848 2240; x_wconf 78' lang='lat' dir='ltr'>in</span> 
     </span>
     <span class='ocr_line' id='line_1_86' title="bbox 1146 2255 1848 2301; baseline -0.007 -8"><span class='ocrx_word' id='word_1_471' title='bbox 1146 2260 1344 2293; x_wconf 76' lang='lat' dir='ltr'>bibliothecis</span> <span class='ocrx_word' id='word_1_472' title='bbox 1355 2260 1498 2301; x_wconf 64' lang='lat' dir='ltr'>frah-um</span> <span class='ocrx_word' id='word_1_473' title='bbox 1512 2258 1676 2290; x_wconf 68' lang='lat' dir='ltr'>Minoi-um</span> <span class='ocrx_word' id='word_1_474' title='bbox 1687 2257 1724 2289; x_wconf 70' lang='lat' dir='ltr'>de</span> <span class='ocrx_word' id='word_1_475' title='bbox 1735 2255 1848 2290; x_wconf 78' lang='lat' dir='ltr'>Obser-</span> 
     </span>
     <span class='ocr_line' id='line_1_87' title="bbox 1145 2305 1848 2346; baseline -0.007 -4"><span class='ocrx_word' id='word_1_476' title='bbox 1145 2310 1260 2342; x_wconf 78' lang='grc' dir='ltr'><em>υαηίία</em></span> <span class='ocrx_word' id='word_1_477' title='bbox 1281 2309 1415 2342; x_wconf 73' lang='lat' dir='ltr'>Ordinis</span> <span class='ocrx_word' id='word_1_478' title='bbox 1433 2308 1468 2340; x_wconf 84' lang='lat' dir='ltr'>S.</span> <span class='ocrx_word' id='word_1_479' title='bbox 1495 2307 1680 2346; x_wconf 44' lang='lat' dir='ltr'>Frmzeisc&amp;</span> <span class='ocrx_word' id='word_1_480' title='bbox 1703 2312 1732 2338; x_wconf 77' lang='lat' dir='ltr'>el</span> <span class='ocrx_word' id='word_1_481' title='bbox 1759 2305 1848 2337; x_wconf 84' lang='lat' dir='ltr'>ordi-</span> 
     </span>
     <span class='ocr_line' id='line_1_88' title="bbox 1144 2354 1847 2401; baseline -0.007 -9"><span class='ocrx_word' id='word_1_482' title='bbox 1144 2359 1294 2392; x_wconf 72' lang='lat' dir='ltr'>nationes</span> <span class='ocrx_word' id='word_1_483' title='bbox 1325 2358 1437 2401; x_wconf 74' lang='lat' dir='ltr'>qm&#39;btes</span> <span class='ocrx_word' id='word_1_484' title='bbox 1456 2357 1565 2390; x_wconf 80' lang='lat' dir='ltr'>eadem</span> <span class='ocrx_word' id='word_1_485' title='bbox 1592 2355 1776 2389; x_wconf 65' lang='lat' dir='ltr'>conservari</span> <span class='ocrx_word' id='word_1_486' title='bbox 1793 2354 1847 2388; x_wconf 75' lang='lat' dir='ltr'>de-</span> 
     </span>
    </p>

    <p class='ocr_par' dir='ltr' id='par_1_22' title="bbox 1118 2408 1833 2510">
     <span class='ocr_line' id='line_1_89' title="bbox 1118 2408 1833 2440; baseline -0.006 0"><span class='ocrx_word' id='word_1_487' title='bbox 1118 2423 1127 2427; x_wconf 48' lang='lat'><em>*</em></span> <span class='ocrx_word' id='word_1_488' title='bbox 1147 2408 1242 2440; x_wconf 70' lang='lat' dir='ltr'>beant</span> <span class='ocrx_word' id='word_1_489' title='bbox 1262 2408 1289 2440; x_wconf 72' lang='lat'>1.</span> <span class='ocrx_word' id='word_1_490' title='bbox 1828 2416 1833 2422; x_wconf 90' lang='lat'><strong>·</strong></span> 
     </span>
     <span class='ocr_line' id='line_1_90' title="bbox 1146 2471 1802 2510; baseline -0.006 -7"><span class='ocrx_word' id='word_1_491' title='bbox 1146 2475 1242 2503; x_wconf 82' lang='lat' dir='ltr'>Sixtus</span> <span class='ocrx_word' id='word_1_492' title='bbox 1251 2474 1321 2510; x_wconf 80' lang='lat' dir='ltr'>Papa</span> <span class='ocrx_word' id='word_1_493' title='bbox 1330 2473 1359 2507; x_wconf 81' lang='lat' dir='ltr'>V,</span> <span class='ocrx_word' id='word_1_494' title='bbox 1368 2473 1402 2502; x_wconf 77' lang='lat' dir='ltr'>ad</span> <span class='ocrx_word' id='word_1_495' title='bbox 1410 2473 1571 2509; x_wconf 76' lang='lat' dir='ltr'>perpetuam</span> <span class='ocrx_word' id='word_1_496' title='bbox 1583 2472 1625 2501; x_wconf 78' lang='lat' dir='ltr'>rei</span> <span class='ocrx_word' id='word_1_497' title='bbox 1634 2471 1802 2500; x_wconf 77' lang='lat' dir='ltr'>memoriam.</span> 
     </span>
    </p>
   </div>
   <div class='ocr_carea' id='block_1_17' title="bbox 1139 2529 1845 2627">
    <p class='ocr_par' dir='ltr' id='par_1_23' title="bbox 1139 2529 1845 2627">
     <span class='ocr_line' id='line_1_91' title="bbox 1145 2529 1844 2574; baseline -0.009 -8"><span class='ocrx_word' id='word_1_498' title='bbox 1145 2533 1236 2573; x_wconf 87' lang='lat' dir='ltr'>Cum,</span> <span class='ocrx_word' id='word_1_499' title='bbox 1250 2532 1332 2565; x_wconf 89' lang='lat' dir='ltr'>sicut</span> <span class='ocrx_word' id='word_1_500' title='bbox 1350 2530 1545 2574; x_wconf 84' lang='lat' dir='ltr'>accepimus,</span> <span class='ocrx_word' id='word_1_501' title='bbox 1559 2529 1719 2569; x_wconf 86' lang='lat' dir='ltr'>nonnulli,</span> <span class='ocrx_word' id='word_1_502' title='bbox 1730 2536 1844 2572; x_wconf 87' lang='lat' dir='ltr'>parum</span> 
     </span>
     <span class='ocr_line' id='line_1_92' title="bbox 1139 2586 1845 2627; baseline -0.011 -3"><span class='ocrx_word' id='word_1_503' title='bbox 1139 2599 1149 2624; x_wconf 90' lang='lat'>1</span> <span class='ocrx_word' id='word_1_504' title='bbox 1168 2596 1228 2624; x_wconf 85' lang='lat' dir='ltr'>Alia</span> <span class='ocrx_word' id='word_1_505' title='bbox 1247 2595 1281 2623; x_wconf 86' lang='lat' dir='ltr'>de</span> <span class='ocrx_word' id='word_1_506' title='bbox 1296 2596 1350 2622; x_wconf 89' lang='lat' dir='ltr'>hoc</span> <span class='ocrx_word' id='word_1_507' title='bbox 1365 2593 1468 2622; x_wconf 87' lang='lat' dir='ltr'>Ordine</span> <span class='ocrx_word' id='word_1_508' title='bbox 1489 2593 1594 2627; x_wconf 79' lang='lat' dir='ltr'>inspice</span> <span class='ocrx_word' id='word_1_509' title='bbox 1605 2592 1632 2619; x_wconf 89' lang='lat' dir='ltr'>in</span> <span class='ocrx_word' id='word_1_510' title='bbox 1647 2590 1758 2619; x_wconf 84' lang='lat' dir='ltr'>constit.</span> <span class='ocrx_word' id='word_1_511' title='bbox 1767 2586 1845 2617; x_wconf 76' lang='lat' dir='ltr'>xxvii</span> 
     </span>
    </p>
   </div>
   <div class='ocr_carea' id='block_1_18' title="bbox 317 2633 1622 2682">
    <p class='ocr_par' dir='ltr' id='par_1_24' title="bbox 317 2633 1622 2682">
     <span class='ocr_line' id='line_1_93' title="bbox 317 2633 1622 2682; baseline 0.001 -20"><span class='ocrx_word' id='word_1_512' title='bbox 317 2633 484 2667; x_wconf 68' lang='lat' dir='ltr'>s-uetudinc</span> <span class='ocrx_word' id='word_1_513' title='bbox 501 2644 608 2677; x_wconf 78' lang='lat' dir='ltr'>prava,</span> <span class='ocrx_word' id='word_1_514' title='bbox 635 2643 718 2680; x_wconf 83' lang='lat' dir='ltr'>quae</span> <span class='ocrx_word' id='word_1_515' title='bbox 739 2633 793 2667; x_wconf 82' lang='lat' dir='ltr'>diu</span> <span class='ocrx_word' id='word_1_516' title='bbox 813 2634 976 2668; x_wconf 83' lang='lat' dir='ltr'>observata</span> <span class='ocrx_word' id='word_1_517' title='bbox 1001 2633 1077 2682; x_wconf 51' lang='lat' dir='ltr'>suit-</span> <span class='ocrx_word' id='word_1_518' title='bbox 1101 2641 1204 2671; x_wconf 86' lang='lat' dir='ltr'>Leonis</span> <span class='ocrx_word' id='word_1_519' title='bbox 1220 2640 1258 2673; x_wconf 81' lang='lat' dir='ltr'>X,</span> <span class='ocrx_word' id='word_1_520' title='bbox 1282 2639 1333 2675; x_wconf 77' lang='lat' dir='ltr'>Ite,</span> <span class='ocrx_word' id='word_1_521' title='bbox 1353 2643 1421 2667; x_wconf 83' lang='lat' dir='ltr'>tom.</span> <span class='ocrx_word' id='word_1_522' title='bbox 1439 2644 1466 2670; x_wconf 82' lang='lat' dir='ltr'>v,</span> <span class='ocrx_word' id='word_1_523' title='bbox 1481 2644 1543 2673; x_wconf 73' lang='lat' dir='ltr'>pag.</span> <span class='ocrx_word' id='word_1_524' title='bbox 1561 2636 1622 2664; x_wconf 73' lang='lat'>692.</span> 
     </span>
    </p>
   </div>
  </div>
 </body>
</html>
