2059 3228
119 231 171 260 An.
188 231 216 260 C.
237 232 303 260 trzs7

147 294 186 314 l‘ro
199 293 303 314 tructibus

119 325 170 344 dirti
225 324 301 344 montis

119 355 214 375 redditus
246 355 300 374 the-

119 386 228 405 saur-iriae
249 392 301 412 pro-

119 417 200 436 nun-iae
211 417 300 443 {limpa-

119 454 166 468 ume
181 449 284 474 ,issigiian

361 214 427 254 stt.

319 283 404 315 illius
438 282 522 319 dote,
554 293 590 314 ac·
624 292 747 317 aarum.
773 282 840 324 qui,
867 286 1009 314 nostram
1034 284 1065 311 et.

317 336 450 368 Romani
466 335 629 367 Pontitieis
650 335 744 367 tidem
769 334 883 375 secuti,
909 333 1064 378 pecunias

317 389 347 420 iu
378 388 563 420 huiusmodi
595 393 703 421 monte
729 387 925 420 contulerint
945 392 975 420 et
1000 386 1065 419 col-

314 441 498 480 locaverint,
519 451 626 473 annua
648 441 857 484 responsione
873 446 904 473 et
928 441 1063 473 honesto

313 495 432 533 fructu,
455 494 691 537 cuiuscumque
714 494 757 527 illi
778 495 840 527 siut
859 494 1022 538 qualitatis
1033 499 1064 526 et

313 547 518 586 conditionis,
535 548 698 591 dignitatis
717 549 766 581 vel
786 554 897 590 status·
919 547 1062 580 saecula-

312 611 363 633 res
378 600 426 633 vel
450 601 670 642 ecclesiastici,
693 601 788 634 etiam
810 601 983 644 regulares,
1004 611 1062 634 cu-

313 653 409 686 iusvis
428 654 551 695 aetatis,
575 655 668 688 etiam
691 654 863 698 illegitimi,
893 654 1062 697 incapaces

313 713 342 739 et
369 707 546 748 inhabiles;
586 718 713 741 necnon
747 708 902 742 ecclesiae
934 713 965 741 et
1000 707 1063 740 alia

312 771 538 805 quaecumque
558 762 640 803 loca,
662 762 812 805 religiosa
847 767 878 795 et
906 762 1060 805 profana,
1080 785 1082 793 .

311 825 471 847 summam
492 821 658 848 scutorum
679 815 766 848 mille
787 820 817 847 et
844 815 1061 848 ducentorum
1080 847 1082 856 k

311 868 467 901 similium
488 879 525 902 ex
546 869 648 903 tribus
668 869 812 903 millibus
829 876 859 903 et
879 868 1062 912 quingentis

311 921 570 966 vigintiquinque
595 923 706 963 scutis,
723 934 806 967 quae
822 923 989 956 annuatim
1009 933 1061 956 re-

311 974 469 1017 diguntur
488 987 525 1008 ex
541 976 724 1020 praedictae
745 976 964 1010 thesaurariae
985 987 1060 1020 pro-

310 1028 432 1062 vinciae
452 1028 646 1073 Campaniae
671 1031 818 1074 appaltu,
849 1031 889 1064 ad
919 1040 1060 1074 quorum

309 1082 505 1116 solutionem
526 1083 558 1116 in
583 1083 731 1117 manibus
751 1083 850 1117 nostri
872 1083 1059 1127 depositarii

309 1137 469 1177 generalis
480 1148 538 1180 pro
550 1143 695 1181 tempore
704 1137 865 1171 existentis
879 1138 1060 1171 faciendam

309 1190 417 1223 dilecti
437 1191 495 1223 filii
520 1191 670 1224 Horatius
698 1197 730 1225 et
766 1191 980 1235 Hieronymus
1007 1191 1062 1225 Sa-

310 1244 408 1285 belli,
443 1245 612 1278 Marcellus
646 1251 675 1277 et
705 1245 757 1278 alii
788 1246 827 1278 de
856 1245 1058 1285 Filonardis,

282 1342 284 1344 q
309 1298 386 1331 dicti
419 1299 568 1342 appaltus
588 1299 814 1339 conductores,
844 1304 996 1332 tenentur
1030 1304 1061 1332 et

310 1352 440 1395 obligati
461 1352 599 1385 existunt
628 1364 664 1385 ex
694 1353 909 1385 instrumento
942 1352 993 1385 dic
1021 1362 1080 1385 xv*

309 1405 500 1448 septembris
520 1405 732 1438 anniDomini
754 1415 912 1446 tintxxxxg
932 1406 965 1438 in
981 1407 1060 1439 actis

309 1457 417 1491 dilecti
435 1458 493 1491 filii
513 1459 672 1502 Scipionis
697 1459 814 1492 Perelli
839 1459 983 1493 eiusdem
1004 1459 1060 1493 Ca-

309 1522 417 1545 merae
450 1512 579 1552 notarii,
602 1524 637 1545 ex
671 1513 789 1556 quibus
822 1513 922 1546 scutis
956 1513 1060 1547 tribus

308 1566 453 1599 millibus
473 1566 659 1610 quingentis
678 1567 788 1610 viginti
811 1567 968 1610 quinque,
1004 1567 1060 1600 de-

309 1619 415 1652 ductis
440 1620 539 1653 scutis
560 1620 646 1653 mille
667 1626 694 1654 et
717 1621 905 1664 quingentis
924 1631 984 1664 pro
1009 1621 1059 1653 di-

308 1673 405 1705 rersis
429 1674 612 1718 sumptibus
631 1680 659 1707 et
681 1674 845 1715 oneribus,
865 1680 901 1707 ut
923 1674 956 1707 in
973 1674 1059 1708 dicto

309 1727 521 1760 instrumento
547 1727 726 1771 assignatis,
754 1728 856 1761 libere
885 1728 1060 1761 deveniunt

309 1781 342 1813 in
355 1791 470 1814 manus
485 1781 559 1813 dieti
582 1781 682 1814 nostri
699 1781 885 1825 depositarii
901 1782 1061 1824 generalis

308 1840 399 1868 scuta
419 1836 484 1868 duo
497 1835 597 1868 millia
618 1841 646 1868 et
663 1837 760 1879 paulo
778 1836 871 1880 plus3
898 1841 928 1868 et
949 1847 985 1869 ex
997 1836 1061 1869 illis

309 1888 475 1922 siclibcris
489 1889 745 1930 remanentibus,
763 1889 961 1930 praedictam
974 1900 1062 1922 sum-

308 1952 393 1974 mam
414 1947 582 1975 scutorum
602 1942 690 1975 mille
703 1947 732 1975 et
749 1942 961 1975 ducentorum
984 1943 1060 1976 huic

909 226 1090 251 mmmmm
1113 224 1266 250 ROMANUM

1106 278 1245 321 demque
1265 288 1424 311 summam
1440 271 1605 313 scutorum
1626 281 1713 314 millo
1741 287 1772 315 et,
1795 281 1852 314 du-

1106 337 1275 364 centorum
1295 342 1394 374 super
1421 332 1647 366 emolumentis
1676 334 1754 368 dicti
1784 334 1855 367 thc-

1105 384 1302 418 saurariatus
1313 383 1496 428 provinciae
1509 383 1711 428 Campaniae,
1724 392 1760 420 ut
1771 398 1854 432 prm.-

1106 437 1220 477 sertur,
1251 438 1457 471 constitutam
1487 443 1518 470 et
1541 437 1732 481 assignatam
1762 439 1854 474 titulo

1104 490 1295 524 venditionis
1326 497 1356 523 et
1388 490 1591 524 alienationis
1623 491 1728 525 eidem
1752 493 1855 527 monti

1105 549 1135 577 et
1150 544 1261 578 locoru
1268 556 1296 577 m
1309 545 1454 578 eiusdem
1475 545 1690 588 emptoribus,
1705 556 1787 590 quos
1800 546 1854 581 hic

1105 608 1164 642 pro
1193 598 1403 641 singulariter
1434 597 1606 631 nominatis
1622 599 1735 632 haberi
1762 600 1852 634 volu-

1105 662 1189 692 mus,
1218 662 1277 695 pro
1297 662 1330 685 se
1354 651 1432 695 ipsis
1457 657 1488 685 et
1519 652 1783 696 quibuscumque
1814 653 1854 686 ab

1104 704 1149 738 cis
1178 705 1451 748 quandocumque
1484 705 1713 747 nominandis,
1757 705 1854 740 etiarn

1103 758 1271 802 utriusque
1309 770 1414 799 sexus,
1453 759 1619 803 personis,
1659 759 1854 804 illarumque

1104 811 1296 845 haeredibus
1331 818 1361 845 et
1395 813 1646 855 successoribus,
1682 813 1739 857 qui
1770 813 1854 848 inter

1103 875 1170 898 sese
1204 866 1376 909 collegium
1412 866 1620 908 constituant,
1650 867 1697 900 uti
1720 867 1854 911 singulis

1103 924 1133 950 et
1152 918 1320 960 universis,
1346 925 1504 964 perpetuo
1521 920 1739 964 assignamus,
1763 932 1800 955 ac
1819 921 1853 955 in

1102 971 1174 1004 illos
1194 982 1289 1006 omne
1318 973 1379 1014 ius,
1411 978 1600 1017 potestatem
1620 979 1651 1007 et
1677 975 1853 1009 auctorita-

1103 1031 1179 1066 tem,
1203 1026 1235 1058 in
1259 1037 1323 1070 qua
1343 1038 1401 1060 nos
1422 1027 1483 1072 ipsi
1508 1033 1539 1061 et
1557 1027 1691 1061 camera
1719 1029 1852 1073 Aposto-

1102 1078 1163 1112 lica
1190 1085 1248 1120 est,
1278 1082 1525 1121 transferimus,
1555 1081 1707 1126 ipsosque
1735 1082 1769 1115 in
1795 1093 1856 1116 no·>

1102 1138 1204 1165 strum
1226 1139 1254 1166 et
1289 1134 1442 1168 Gamerae
1469 1135 1631 1179 praefatae
1651 1136 1772 1177 locum,
1801 1135 1853 1170 ius

1102 1193 1131 1219 et
1153 1187 1311 1221 actionem
1332 1189 1439 1232 quoad
1459 1189 1578 1221 dictam
1598 1199 1759 1222 summam
1778 1200 1851 1224 scu-

1104 1246 1209 1274 torum
1248 1242 1335 1274 mille
1373 1248 1403 1275 et
1439 1243 1654 1276 ducentorum
1700 1242 1852 1287 illiusque

1103 1294 1303 1329 exactionem
1324 1301 1355 1328 et
1377 1296 1620 1340 perceptionem
1644 1296 1798 1341 ponimus
1821 1302 1853 1330 et

1102 1348 1326 1391 subrogamus,
1353 1348 1538 1392 dictamque
1558 1360 1718 1383 summam
1742 1356 1851 1386 scuto-

1101 1411 1174 1434 rum
1209 1413 1262 1435 sex
1287 1413 1346 1446 pro
1371 1402 1516 1446 quolibet
1540 1404 1611 1436 loco
1647 1415 1705 1447 per
1736 1415 1852 1448 quem-

1102 1466 1240 1499 eumque
1254 1455 1355 1490 libere
1366 1462 1396 1489 et
1416 1457 1502 1490 licite
1515 1457 1610 1501 exigi,
1629 1468 1667 1491 ac
1683 1457 1716 1490 in
1732 1465 1850 1492 sortem

1101 1508 1235 1542 minime
1253 1510 1434 1553 computari
1453 1521 1547 1554 posse
1567 1511 1776 1546 intendimus.

1145 1563 1159 1606 g
1185 1563 1216 1595 6.
1239 1563 1317 1595 Cum
1342 1564 1493 1598 facultate
1517 1565 1614 1598 ctiam
1635 1566 1729 1599 dictis
1762 1577 1854 1600 mon-

1100 1616 1183 1649 tistis
1203 1627 1382 1660 eorumque
1407 1617 1556 1661 collegio,
1578 1619 1617 1651 ad
1642 1618 1743 1653 instar
1775 1621 1853 1654 alio-

1102 1680 1174 1702 rum
1190 1670 1348 1704 montium
1361 1671 1466 1712 Urbis,
1480 1672 1691 1706 secretarium
1707 1674 1850 1709 eiusdem

1102 1724 1220 1757 montis
1244 1724 1283 1756 ab
1312 1724 1389 1768 ipsis
1413 1725 1610 1768 eligendum,
1646 1727 1702 1771 qui
1731 1727 1854 1762 litteras

1102 1782 1245 1819 patentes
1266 1778 1483 1811 creditoribus
1513 1779 1682 1824 descriptis
1709 1781 1742 1814 in
1766 1782 1852 1816 dicto

1102 1837 1210 1864 monte
1232 1831 1382 1865 conficiat
1407 1837 1437 1865 et
1464 1832 1658 1874 subscribat,
1685 1840 1715 1868 et
1747 1835 1852 1879 sigillo

1102 1884 1248 1918 eiusdem
1275 1886 1391 1919 montis
1423 1886 1576 1927 munitas,
1601 1887 1665 1921 illis
1697 1889 1853 1922 concedat

1103 1944 1133 1971 et
1152 1940 1329 1981 consignet,
1349 1950 1386 1973 ac
1405 1940 1476 1973 iura
1499 1940 1642 1974 eiusdem
1664 1942 1790 1986 collegii
1819 1943 1852 1976 in

310 1995 411 2027 monti
432 1995 639 2038 assignatam,
660 1995 700 2027 ab
721 1995 872 2028 omnibus
893 1996 1058 2036 oneribus,
1102 1997 1211 2025 notam
1247 1992 1381 2037 recipiat
1414 1999 1445 2026 et
1468 2000 1646 2036 conservet,
1676 1995 1851 2039 deputandi

309 2048 480 2081 ordinariis
509 2053 539 2081 et
567 2048 843 2089 extraordinariis,
874 2049 1061 2082 defalcatio-

311 2101 417 2141 uibus,
457 2102 737 2142 diminutionibus,
768 2102 993 2151 praesentibus
1031 2109 1062 2136 et

1079 2059 1083 2129 Ι

1103 2053 1134 2079 et
1167 2047 1316 2089 eligendi,
1337 2048 1392 2091 qui
1429 2053 1535 2081 tamen
1559 2059 1619 2092 pro
1649 2049 1851 2093 expeditione

1103 2099 1282 2133 litterarum
1312 2100 1490 2144 patentium
1526 2101 1611 2134 ultra
1640 2101 1736 2135 iulios
1772 2103 1852 2136 duos

311 2155 438 2195 suturis,
462 2155 608 2196 liberam,
630 2155 809 2190 immunem
831 2161 859 2188 et
881 2159 1068 2199 exemptam
1104 2154 1270 2198 percipere
1291 2159 1322 2187 et
1341 2154 1466 2197 exigere
1484 2154 1618 2189 minime
1637 2155 1761 2189 debeat.

311 2218 378 2240 esse
399 2209 547 2241 volumus
571 2214 602 2241 et
622 2208 792 2242 eximimus
813 2214 843 2242 et
871 2209 1060 2249 liberamus,

312 2261 353 2292 ita
370 2266 402 2293 ut
419 2261 514 2294 iidem
529 2272 653 2302 omnes,
667 2262 722 2305 qui
739 2262 911 2306 pecuniam
928 2262 960 2295 in
976 2263 1061 2296 dicto
1104 2266 1134 2293 et.
1153 2260 1286 2294 (lamera
1310 2260 1453 2304 praefata
1483 2261 1646 2294 securitati
1683 2263 1853 2297 consulere
1867 2269 1990 2303 stanuum(

313 2319 419 2346 monte
441 2315 667 2349 collocaverint
681 2327 739 2359 pro
752 2322 820 2348 rata
840 2323 969 2349 centum
988 2327 1061 2349 scu-

313 2372 430 2403 torum,
453 2368 587 2411 singulis
610 2369 702 2402 annis
722 2380 882 2402 summam
895 2375 1061 2402 scutorum

313 2426 377 2455 sex,
401 2426 437 2448 ac
458 2416 547 2449 sinito
573 2428 768 2461 unoquoque
792 2418 949 2459 bimestri,
983 2419 1063 2452 inci-

314 2463 432 2506 piendo
453 2476 469 2497 a
490 2465 634 2499 kalendis
654 2467 773 2500 mensis
802 2467 882 2500 iunii
917 2468 1062 2512 proxime

316 2513 426 2552 futuri,
454 2519 553 2546 ratam
582 2515 725 2549 eiusdem
748 2516 904 2559 portionis
924 2522 1061 2561 partem,

315 2562 434 2605 :ubsque
460 2563 525 2595 ulia
546 2574 678 2607 prorsus
708 2565 932 2605 diminutione,
959 2564 1063 2609 perci-

315 2610 392 2653 piat,
414 2612 615 2655 applicamus
635 2618 664 2646 et
684 2613 952 2657 appropriamus3
975 2624 1062 2647 eam-

1081 2395 1085 2405 ι

1081 2407 1085 2428 1

1081 2583 1086 2650 l

1147 2208 1162 2250 ξ
1187 2206 1216 2238 7.
1249 2207 1379 2240 Necnon
1401 2208 1660 2241 contrabentium
1682 2209 1850 2243 nobiscum

1104 2314 1257 2354 volentes,
1280 2315 1365 2358 quod
1385 2314 1523 2348 dilectus
1534 2314 1619 2348 filius
1632 2316 1772 2349 Joannes
1791 2319 1853 2350 Au-

1104 2368 1251 2410 gustinus
1266 2368 1418 2409 Pinellus,
1441 2373 1548 2401 noster
1562 2369 1779 2412 depositarius
1797 2381 1852 2413 ge-

1105 2417 1233 2456 neralis,
1250 2423 1280 2450 et
1299 2417 1367 2450 eius
1386 2417 1419 2450 in
1434 2417 1622 2450 huiusmodi
1643 2429 1777 2452 munere
1794 2429 1852 2462 pro

1106 2471 1250 2509 tempore
1288 2466 1387 2499 futuri
1422 2476 1635 2506 successores,
1658 2477 1726 2499 sese
1767 2467 1853 2510 ipsos

1105 2514 1314 2558 ipsorumque
1333 2515 1490 2548 haeredes
1508 2521 1536 2548 et
1565 2515 1662 2556 bona,
1691 2515 1792 2548 donec
1821 2520 1849 2547 et

1105 2574 1275 2607 quousque
1295 2564 1437 2597 ossicium
1453 2563 1665 2608 depositariae
1681 2563 1851 2607 praedit-tte

1105 2613 1284 2654 retinuerit,
1306 2624 1364 2657 pro
1388 2613 1472 2647 dicta
1496 2623 1621 2646 summa
1640 2613 1716 2645 liuic
1736 2611 1848 2653 monti,

1861 225 1921 264 An.
1937 207 1991 258 (Lol
2020 235 2024 253 ῑ
2039 216 2040 225 ³

1891 1577 1987 1600 flumin
2020 1586 2022 1588 ’

1867 1609 1965 1636 rrivitegt
1972 1610 1990 1637 tj
2018 1622 2028 1637 .÷

1865 1641 1959 1662 crem-iu
1966 1650 1973 1657 w
2022 1647 2023 1650 ¹

1867 1670 1969 1698 eligendi.

1893 2216 1972 2244 nepos?
2012 2225 2013 2229 =

1867 2247 1963 2275 praedict
2017 2260 2019 2263 v

1867 2310 2018 2337 mamper

1867 2340 1912 2361 dam
1927 2345 1951 2361 se
1972 2342 1993 2364 ⁴2«

1867 2370 1922 2392 hona
1935 2369 1979 2392 vult
2016 2371 2018 2383 ’-

1866 2402 1919 2428 ὅιῐὴ
