2059 3228
78 1827 87 1834 ι
65 1765 82 1792 ²*
62 1431 97 1750 *xm-este...
68 1393 85 1418 ,-

63 2069 144 2097 &netto
161 2078 200 2100 poe
206 2085 213 2089 -

824 248 1000 275 ctu-comt's
1022 248 1078 272 xm
1100 248 1148 272 1⁵1³.

223 304 349 346 lchrafi,
376 305 514 339 uniones
545 309 728 349 perpetuas,
752 304 811 339 nisi
832 304 863 338 in
884 303 965 337 casi-

223 359 284 393 bus
302 369 320 392 a
347 359 417 393 iure
450 359 624 403 permissis,
660 357 729 391 sieri
754 358 965 402 prohibentis,

223 411 359 456 aliisque
394 412 679 446 constitutionibus
699 417 729 445 et
755 411 965 445 ordinationi-

223 465 284 499 bus
301 465 498 510 apostolicis;
529 476 654 498 necnon
680 465 839 499 dictarum
861 465 965 498 eccle-

223 518 354 559 siarum,
378 518 571 558 iuramento,
585 518 966 562 confirmationeaposto-

181 590 184 593 Δ
224 571 286 606 lica
303 572 352 605 vel
363 572 475 615 quavis
491 571 642 605 firmitate
653 572 714 605 alia
733 571 892 605 roboratis
903 577 965 604 sta-

224 625 300 660 tutis
323 630 354 659 et
366 625 668 666 consuetudinibus;
690 625 863 668 privilegiis
883 635 966 668 quo-

223 689 298 724 que,
319 678 454 712 indultis
474 684 505 712 et
524 679 638 712 litteris
671 679 866 722 apostolicis,
904 678 966 712 illis

195 755 197 757 -
223 742 400 776 eorumque
433 732 580 776 personis
612 731 671 764 sub
709 732 967 775 quibuscumque

224 784 388 819 tenoribus
411 790 442 819 et
476 785 587 818 formis
615 795 651 818 ac
681 795 754 818 cum
785 784 964 828 quibusvis,

228 837 323 872 etiam
344 838 620 882 derogatoriarum
650 838 861 881 derogatoriis
881 838 966 871 aliis-

221 902 284 936 que
312 891 548 925 efficacioribus
572 896 602 924 et
625 891 762 924 insolitis
799 891 964 932 clausulis,

222 944 486 988 irritantibusque
506 950 537 977 et
552 944 622 978 aliis
641 945 790 985 decretis,
813 945 846 978 in
869 955 967 988 gene-

222 1009 256 1032 rc
275 998 322 1031 vel
344 998 377 1031 in
396 998 515 1042 specie,
542 998 640 1031 etiam
666 1004 755 1031 motu
786 998 917 1042 proprio
937 1004 965 1031 et

221 1063 258 1086 ex
277 1056 364 1085 certa
383 1051 515 1084 scientia
535 1062 572 1084 ac
592 1051 631 1084 de
660 1051 855 1094 apostolicae
876 1058 967 1095 pote-

221 1105 309 1139 statis
327 1105 541 1149 plenitudine,
563 1110 593 1138 ct
613 1105 707 1138 etiam
734 1105 966 1138 consistoriali-

222 1163 270 1192 ter
288 1169 326 1192 ac
345 1157 423 1191 alias
441 1157 686 1201 quomodolibet
706 1158 738 1190 in
769 1159 967 1192 contrarium

222 1211 394 1252 concessis,
417 1211 601 1255 approbatis
615 1211 822 1244 etinnovatis.
845 1212 968 1250 Quibus

222 1265 383 1306 omnibus,
404 1265 499 1298 etiam
520 1265 545 1298 si
566 1265 605 1298 de
625 1265 689 1298 illis
705 1266 968 1309 eorumquetotis

223 1318 389 1352 tenoribus
408 1318 569 1363 specialis,
591 1318 753 1362 specifica,
776 1329 923 1362 expressa
939 1325 969 1352 et
988 1342 990 1348 ,

222 1371 399 1411 individua,
421 1382 486 1405 non
506 1377 612 1404 autem
647 1382 705 1416 per
729 1372 887 1406 clausulas
913 1383 968 1416 ge-

222 1425 348 1459 nerales
376 1425 461 1458 idem
495 1424 717 1468 importantes,
759 1425 879 1459 mentio
913 1437 968 1459 seu
989 1434 990 1437 ’

223 1478 353 1522 quaevis
368 1478 430 1511 alia
450 1479 612 1522 expressio
636 1485 692 1512 aut
711 1479 818 1522 aliqua
838 1479 900 1513 alia
921 1491 970 1513 ex-
989 1496 990 1505 κ

223 1531 339 1576 quisita
359 1532 462 1565 forma
486 1532 525 1565 ad
547 1533 606 1565 hoc
627 1533 781 1566 servanda
803 1534 900 1574 soret,
923 1539 969 1566 te-

223 1595 318 1619 nores
341 1585 539 1626 huiusmodi,
560 1596 596 1618 ac
621 1586 644 1619 si
666 1585 703 1618 de
724 1586 819 1619 verbo
839 1587 878 1619 ad
903 1597 971 1619 ver-

223 1639 313 1680 bum,
340 1638 420 1672 nihil
453 1639 580 1683 penitus
609 1640 739 1680 omisso,
774 1646 805 1673 et
824 1640 926 1674 forma
938 1641 970 1673 in

223 1692 268 1726 eis
291 1692 407 1725 tradita
427 1692 603 1732 observata,
625 1693 735 1726 inserti
753 1693 856 1726 forent
878 1705 971 1738 prae-

224 1745 443 1790 sentibus,pro
464 1746 662 1780 sufficienter
678 1746 834 1790 expressis
847 1747 970 1781 haben-

225 1805 283 1841 tes,
305 1799 368 1833 illis
387 1800 465 1833 alias
485 1799 517 1832 in
527 1811 584 1833 suo
605 1801 720 1833 robore
742 1801 970 1844 permansuris,

225 1852 284 1886 hac
303 1852 371 1886 vice
391 1852 567 1893 dumtaxat,
586 1853 807 1897 specialiteret
824 1865 971 1898 expresse

225 1905 428 1949 derogamus,
451 1906 631 1949 ceterisque
648 1907 819 1940 contrariis
837 1907 971 1951 quibus-

225 1969 378 2002 cumque.

269 2012 285 2055 ᾗ
309 2011 340 2044 7.
366 2011 452 2045 Nulli
481 2022 557 2055 ergo
586 2012 719 2046 omnino
740 2013 910 2047 hominum
936 2014 974 2047 li-

227 2071 296 2099 ceat
314 2065 397 2098 hanc
418 2065 566 2110 paginam
586 2071 713 2099 nostrae
726 2068 972 2111 suppressionis,

227 2118 442 2160 extinctionis,
464 2120 692 2160 translationis,
714 2121 896 2162 erectionis,
924 2122 973 2155 in-

227 2172 415 2213 stitutionis,
425 2172 651 2213 decorationis,
672 2174 900 2216 concessionis,
923 2187 974 2208 as-

229 2224 428 2268 signationis,
451 2226 680 2267 subiectionis‚
706 2228 847 2268 unionis,
874 2239 974 2262 anne-

229 2278 332 2311 xionis
347 2284 379 2311 et
397 2278 678 2323 incorporationis,
691 2281 822 2322 decreti,
840 2282 975 2325 deroga-

230 2330 517 2374 tionisinsringere,
526 2333 575 2366 vel
589 2334 615 2366 ei
627 2345 708 2367 ausu
719 2335 890 2368 temerario
901 2346 977 2368 con-

229 2383 338 2417 traire.
365 2383 396 2416 Si
412 2384 486 2428 quis
503 2392 610 2419 autem
630 2387 691 2420 hoc
711 2393 867 2421 attentare
886 2399 977 2431 prae-

230 2436 418 2480 sumpserit,
458 2437 710 2481 indignationem
748 2440 978 2485 omnipotentis

231 2484 286 2517 Dei
304 2496 342 2518 ac
360 2485 528 2519 beatorum
546 2487 630 2520 Petri
651 2495 681 2521 et
698 2489 787 2522 Pauli
814 2491 977 2532 apostolo-

233 2543 304 2567 rum
324 2534 394 2568 eius
413 2546 446 2568 sc
471 2536 593 2568 noverit
614 2536 832 2570 incursurum.

275 2582 390 2616 Datum
421 2583 539 2617 Romae
566 2585 650 2628 apud
671 2585 702 2618 S.
724 2586 869 2626 Petrum,
893 2598 978 2622 anno

233 2629 463 2665 incarnationis
483 2632 653 2666 dominicae
679 2634 849 2669 millesimo
882 2637 978 2680 quin-

984 300 1183 344 gentesimo
1217 300 1451 345 octuagesimo,
1483 299 1609 335 decimo
1640 301 1752 336 kalen-

1007 355 1062 388 das
1082 354 1201 395 martii,
1223 356 1429 398 pontificatus
1457 355 1558 389 nostri
1577 365 1662 389 anno
1686 365 1728 389 ix.

1021 413 1083 444 Dat.
1097 412 1144 444 die
1159 412 1193 442 21
1225 412 1299 443 sehr.
1320 414 1406 452 1580,
1423 414 1528 454 pontis.
1543 422 1621 445 anno
1634 422 1674 445 lx.

1315 579 1455 615 CXXVII.

986 688 988 692 χ
1009 656 1222 700 Confirmatio
1261 657 1429 689 erectionis
1472 657 1754 701 confraternitatis

1138 710 1278 744 Sanctae
1292 710 1418 744 Mariae
1437 711 1604 745 Rotundae
1618 712 1644 745 ¹.

1064 791 1210 827 Gregorius
1228 791 1370 827 episcopus
1384 798 1480 821 servus
1491 799 1630 823 servorum
1643 794 1700 828 Dei.

1154 846 1188 874 ad
1202 846 1364 882 perpetuam
1382 846 1424 875 rei
1441 847 1609 876 memoriam.

1051 917 1180 949 Pietatis
1201 922 1231 950 et
1254 917 1447 951 christianae
1464 918 1627 954 charitatis
1642 930 1752 965 opera,

987 977 1090 1014 lquae
1121 970 1265 1004 Salvator
1293 976 1324 1004 et
1351 971 1506 1005 Dominus
1533 979 1640 1007 noster
1667 975 1754 1009 Iesus

986 1047 989 1068 ᾗ
1008 1022 1163 1063 Christus,
1178 1024 1271 1057 cuius
1289 1024 1386 1065 vices,
1399 1025 1473 1058 licet
1486 1025 1650 1067 immeriti,
1672 1028 1755 1071 geri-

987 1104 989 1131 i
1008 1087 1080 1110 mus
1100 1077 1132 1110 in
1152 1078 1258 1118 terris,
1290 1078 1442 1112 fidelibus
1473 1080 1562 1124 ipsis,
1585 1086 1755 1126 antequam

988 1141 989 1149 ³
1008 1136 1183 1176 pateretur,
1204 1132 1360 1165 instanter
1373 1134 1619 1176 commendavit,
1636 1135 1757 1180 ubique

988 1186 1155 1219 ¹locorum
1177 1197 1212 1218 ac
1240 1187 1429 1229 praesertim
1449 1187 1482 1220 in
1515 1188 1599 1221 Urbe
1633 1195 1754 1231 nostra,

1009 1239 1204 1272 christianae
1229 1240 1395 1283 religionis
1428 1241 1560 1285 proprio
1576 1241 1754 1284 domicilio,

1009 1293 1150 1326 exerceri
1177 1293 1356 1337 cupientes,
1388 1294 1449 1335 liis,
1481 1306 1562 1337 quae
1586 1301 1756 1340 propterea

1009 1347 1141 1391 provide
1163 1352 1193 1380 et
1214 1347 1363 1390 religiose
1379 1348 1524 1381 ordinata
1536 1349 1634 1382 fuisse
1647 1349 1758 1383 dicun-

1010 1405 1074 1440 tur,
1098 1401 1247 1441 libenter,
1264 1412 1337 1434 cum
1358 1413 1376 1435 a
1400 1402 1494 1436 nobis
1522 1402 1652 1447 petitur,
1683 1413 1760 1447 apo-

1010 1453 1454 1488 licimuniminisfirmitatem
1472 1455 1758 1497 adiicimus,alias-

1010 1518 1072 1551 que
1092 1508 1231 1552 desuper
1247 1508 1460 1553 disponimus,
1485 1515 1580 1553 prout
1599 1510 1759 1554 conspici-

1011 1571 1084 1594 mus
1104 1561 1136 1593 in
1156 1562 1292 1595 Domino
1313 1563 1487 1597 salubriter
1511 1563 1672 1607 expedire.

1056 1615 1071 1658 ᾗ
1100 1615 1131 1647 ’1.
1159 1615 1306 1649 Exhibita
1331 1616 1490 1661 siquidem
1528 1617 1622 1650 nobis
1642 1628 1756 1661 nuper,

1011 1679 1070 1713 pro
1095 1674 1185 1713 parte
1215 1669 1323 1702 dilecti
1354 1670 1410 1703 filii
1439 1670 1582 1704 Federici
1614 1671 1756 1711 Zuccari‚

1012 1722 1166 1765 regentis,
1199 1733 1236 1756 ac
1263 1724 1461 1757 confratrum
1488 1724 1759 1757 confraternitatis

1012 1775 1044 1809 S.
1071 1776 1197 1820 Iosephi
1218 1777 1251 1809 in
1264 1777 1400 1810 ecclesia
1419 1777 1759 1811 RMa1·iaeR01undae

1013 1829 1051 1862 de
1065 1829 1148 1862 Urbe
1164 1830 1317 1863 canonice
1330 1830 1505 1870 institutae,
1528 1831 1639 1875 petitio
1660 1832 1760 1864 conti-

1013 1882 1110 1915 nebat
1129 1883 1217 1926 quod
1245 1884 1380 1925 dudum,
1403 1890 1571 1928 postquam
1596 1885 1758 1928 quondam

1012 1935 1196 1969 Desiderius
1216 1937 1255 1970 de
1274 1938 1456 1974 Auditorio,
1479 1943 1556 1971 tunc
1584 1938 1759 1971 canonicus

1013 1988 1117 2022 dictae
1127 1990 1294 2031 ecclesiae,
1309 1992 1476 2024 devotione
1491 1991 1617 2031 ductuS,
1635 2002 1671 2025 ex
1685 2002 1760 2024 con-

1015 2043 1157 2076 cessione
1178 2044 1268 2077 Sedis
1286 2045 1498 2088 Apostolicae‚
1526 2045 1677 2078 Sanctum
1702 2046 1759 2079 Se-

1015 2097 1188 2140 pulchrum
1207 2097 1410 2130 Dominicum
1436 2098 1759 2142 ll-ierosolymitanum

1014 2150 1073 2190 bis,
1099 2156 1129 2183 et
1148 2151 1286 2184 Montem
1308 2152 1393 2185 Sinai
1419 2152 1528 2191 semel,
1550 2157 1579 2184 et
1605 2152 1666 2186 alia
1690 2153 1762 2186 loca

1016 2204 1132 2237 Terrae
1148 2205 1294 2245 Sanctae,
1316 2206 1458 2239 diversos
1473 2206 1617 2250 corporis
1641 2212 1671 2240 et
1692 2207 1760 2240 ani-

1017 2258 1232 2298 maelabores,
1242 2269 1315 2292 cum
1329 2269 1454 2292 summo
1467 2258 1547 2291 vitae
1560 2259 1758 2303 discrimine,

1017 2312 1220 2354 perferendo,
1240 2312 1279 2345 ad
1296 2313 1425 2345 laudem
1442 2312 1495 2345 Dci
1514 2313 1704 2356 visitaverat,
1732 2321 1763 2349 et

1017 2365 1130 2398 exinde
1142 2366 1266 2398 nonull.
1280 2365 1478 2399 venerabiles
1490 2366 1641 2410 reliquias
1652 2378 1761 2402 secum

1018 2418 1185 2459 detulerat,
1196 2418 1348 2462 reliquias
1359 2420 1573 2463 praescriptas
1583 2421 1615 2453 in
1624 2422 1696 2456 loco
1706 2423 1762 2456 de-

1018 2477 1090 2504 voto
1106 2478 1135 2504 et
1157 2473 1357 2505 convenienti
1377 2473 1541 2515 collocari,
1564 2480 1595 2507 et
1613 2480 1677 2508 tarn
1694 2476 1763 2520 ipse

1019 2524 1298 2567 quamdilectifilii
1315 2525 1491 2569 capitulum
1505 2527 1649 2561 eiusdem
1660 2530 1762 2563 eccle-

1020 2577 1096 2617 siae,
1107 2578 1306 2611 attendentes
1313 2579 1514 2624 quodinipsa
1523 2582 1680 2616 ecclesian
1689 2583 1748 2615 sini

1056 2649 1067 2676 1
1086 2649 1127 2676 Ex
1142 2649 1253 2684 Regest.
1271 2649 1299 2678 in
1318 2650 1423 2679 Secret.
1443 2651 1587 2681 Brevtum.

1645 235 1710 271 365
1755 242 1823 275 *Aa
1840 245 1869 275 c.
1887 246 1953 276 1580

1796 938 1914 962 uxoratum.

1800 1629 1856 1651 Facti
1877 1629 1946 1651 cert·-
