2059 3228
167 227 219 258 An.
237 229 265 258 C.
283 231 350 260 1584

408 219 471 253 448

364 292 432 314 eam
454 289 565 313 curam
578 277 820 311 incumbamus:
836 276 954 310 frustra
966 281 1073 309 tamen
1090 285 1106 306 a

363 333 454 366 nobis
474 338 619 375 suscepta
640 342 706 363 esse
728 332 835 362 omia
855 331 930 363 satis
954 330 1106 373 intelligi-

363 397 444 426 mus,
467 385 527 418 nisi
555 385 646 425 illud,
677 384 949 426 quemadmodum
978 383 1106 428 optimis

361 439 540 483 disciplinis
560 444 590 471 et
609 449 699 471 sacra
718 438 905 482 praesertim
928 437 1105 480 theologiae

361 493 505 526 doctrina
525 503 679 525 curamus
696 492 921 533 imbuendum,
943 492 986 524 ita
1010 492 1103 524 etiam

361 546 544 579 salubribus
565 545 717 579 institutis
727 545 998 586 communiamus,
1014 545 1104 577 utiu-

359 609 455 632 venes
474 599 624 644 inipsum
641 599 789 644 cooptati,
801 609 948 633 normam
966 599 1104 642 aliquam

359 653 507 693 habeant,
520 653 557 685 ad
575 653 666 687 cuius
683 653 984 698 praescriptionem,
998 658 1029 685 et
1045 652 1105 696 ipsi

358 716 430 739 suas
447 706 748 750 dirigantactiones,
759 712 791 740 et
801 707 984 751 superiores
998 706 1106 739 omnia

357 770 493 793 suorum
507 766 668 793 momenta
687 761 890 804 perpendant
909 759 1103 799 officiorum;

357 817 509 856 aetasque
528 813 584 846 illa
607 813 732 847 lubrica
749 824 786 847 ac
807 824 900 857 saepe
918 813 1103 857 prolabens,

358 866 452 899 cuius
484 866 544 900 iter
575 867 741 910 cognitum
774 872 821 901 est
851 867 1052 911 perdifficile,
1072 866 1107 898 in

358 919 603 964 circumscripto
628 921 656 953 ei
688 931 706 953 a
734 920 826 954 nobis
850 920 977 953 virtutis
1001 919 1105 952 curri-

359 973 433 1006 culo
453 984 486 1007 se
506 985 670 1015 exercens,
689 985 780 1008 suam
793 974 981 1007 modestiam
992 974 1104 1017 probet

359 1032 389 1060 et
408 1027 649 1069 continentiam,
670 1028 878 1072 paternisque
902 1027 1019 1060 nostris
1036 1037 1103 1059 mo-

357 1081 433 1114 nitis
467 1081 620 1123 innitens,
651 1087 682 1114 et
716 1086 925 1114 monstratam
959 1080 1102 1114 semitam

358 1134 484 1167 assidue
516 1141 639 1176 tenens,
676 1134 716 1168 ad
753 1134 952 1178 propositam
986 1133 1104 1176 gloriae

358 1188 511 1232 palmam,
534 1199 598 1222 non
629 1189 716 1221 illam
745 1189 876 1230 quidem
911 1187 1104 1231 corruptibi-

358 1242 434 1282 lem,
461 1242 516 1275 sed
536 1248 698 1276 aeternam
712 1269 720 1283 ,
746 1242 906 1276 inoffenso
931 1252 1029 1275 cursu
1049 1241 1103 1274 de-

358 1295 492 1329 feratur.

403 1349 418 1393 g
437 1350 469 1382 1.
487 1349 603 1391 Quare,
625 1355 714 1383 motu
734 1350 868 1394 proprio
889 1354 1040 1394 certaque
1052 1360 1092 1382 no

949 218 1129 248 ammantat
1147 218 1299 245 nomam!

1148 273 1207 306 fuit
1227 283 1424 318 expressum,
1447 273 1480 306 in
1500 275 1634 317 collegio
1654 285 1733 308 esse.
1762 275 1793 308 Si
1820 283 1895 308 vero

1147 328 1256 371 aliqua
1291 327 1418 370 collegii
1443 327 1513 360 loca
1540 339 1638 360 vacua
1668 328 1893 369 remanebunt,

1147 393 1183 415 ea
1202 387 1354 426 poterunt
1374 392 1411 414 ex
1439 381 1680 424 aquilonaribus
1706 381 1893 426 provinciis,

1146 436 1271 469 haeresi
1310 435 1405 468 etiam
1440 435 1576 474 infectis,
1617 435 1758 479 expleri,
1798 435 1895 468 modo

1146 490 1274 523 iuvenes
1305 500 1340 522 ex
1366 489 1415 521 his
1434 488 1608 533 provinciis
1630 489 1723 522 valde
1742 489 1805 522 sint
1823 489 1895 522 ido-

1146 543 1208 584 nei,
1233 549 1501 589 protectoresque
1521 548 1551 576 et
1571 542 1756 586 superiores
1781 552 1894 576 eorum

1147 597 1374 630 admissionem
1396 597 1574 630 catholicae
1593 596 1756 629 Ecclesiae
1780 596 1894 630 utilem

1145 652 1212 684 fore
1234 651 1445 684 iudicaverint
1476 657 1506 684 et
1534 651 1760 684 necessariam.
1794 650 1895 684 Nemo

1145 711 1253 738 tamen
1274 716 1311 738 ex
1334 715 1540 748 quacumque
1559 709 1653 748 gente
1673 711 1725 738 aut
1762 704 1894 748 provin-

1145 758 1194 792 cia
1214 758 1411 798 admittatur,
1435 757 1503 803 qui,
1536 758 1652 792 studiis
1682 758 1838 791 absolutis
1864 763 1896 792 et

1144 813 1242 846 sacris
1262 813 1431 846 ordinibus
1451 812 1619 857 susceptis,
1642 817 1766 845 certum
1784 812 1894 846 locum

1144 876 1209 900 non
1230 866 1393 906 habuerit,
1416 866 1455 899 ad
1476 876 1573 910 quem
1593 876 1627 899 se
1647 865 1782 909 recipiat
1806 870 1838 899 et
1860 863 1894 898 in

1145 931 1209 964 quo
1224 920 1302 953 boni
1314 925 1345 953 et
1356 920 1474 953 eruditi
1486 919 1661 954 sacerdotis
1679 929 1812 952 munere
1822 928 1894 963 per-

1145 973 1306 1017 fungatur.

1187 1028 1202 1071 g
1227 1027 1258 1061 3.
1281 1026 1399 1060 Omnes
1417 1027 1562 1071 legitimo
1587 1025 1795 1060 matrimonio
1814 1025 1894 1059 ·sint
1918 1040 1979 1068 omit
2014 1057 2019 1061 .

1905 1076 2009 1098 mutum

1143 1081 1222 1123 nati,
1243 1082 1329 1115 bona
1346 1082 1431 1114 fama
1451 1080 1681 1121 commendati,
1704 1090 1781 1113 sano
1801 1089 1893 1123 prae-

1143 1141 1231 1168 terea
1255 1135 1319 1169 sint
1338 1146 1486 1179 corpore,
1507 1135 1617 1178 lingua
1634 1133 1767 1167 minime
1790 1133 1893 1177 impe—

1144 1190 1220 1230 dita,
1243 1194 1273 1223 et
1293 1194 1424 1233 aspectu
1444 1200 1510 1222 non
1529 1188 1678 1229 deformi,
1699 1187 1821 1220 nullius
1839 1197 1892 1221 re-

1145 1243 1273 1287 ligionis
1293 1244 1483 1283 desertores,
1496 1242 1625 1275 Latinae
1637 1247 1668 1275 et
1683 1240 1893 1275 Germanicae

1145 1297 1272 1340 linguae
1302 1296 1410 1340 periti,
1435 1296 1516 1329 nihil
1543 1296 1663 1329 Romae
1681 1294 1808 1338 negocii
1838 1298 1893 1328 aut

1145 1350 1251 1383 litium
1268 1351 1436 1392 habentes,
1459 1350 1522 1382 sint
1541 1349 1638 1382 etiam
1658 1348 1770 1382 aetatis
1788 1352 1893 1381 matu-

1984 839 2008 1023 atu-Hfst'sw
1979 738 2003 829 ‘dorsu-:⁶³
1986 672 2000 722 ..ιι
1991 618 1998 630 .-

160 1405 254 1457 ”fleu-5⁸}
265 1405 343 1457 02:1²3·-
359 1407 424 1436 stra
448 1403 590 1443 scientia,
611 1403 644 1436 in
663 1409 856 1447 perpetuum
880 1403 1052 1437 statuimus
1076 1414 1100 1435 c·

161 1468 345 1490 clm-,etroustiiu-
359 1455 547 1490 ordinamus
567 1463 614 1498 ut,
637 1467 695 1500 pro
715 1456 934 1490 subveniendo
958 1456 1105 1500 spiritua-

161 1504 199 1556 {fo
210 1498 346 1551 ggss'mffigss
359 1510 444 1543 libus
463 1509 655 1543 Germaniae
674 1510 931 1551 necessitatibus,
950 1521 1015 1553 quo
1044 1510 1106 1543 col-

359 1563 434 1606 legii
456 1563 614 1597 institutio
634 1570 768 1607 spectat,
788 1564 820 1596 in
841 1564 1032 1608 opportunis
1056 1564 1107 1608 ip-

361 1617 427 1650 sius
447 1616 636 1650 Germaniae
667 1618 758 1658 locis,
788 1617 846 1650 viri
872 1617 971 1661 aliqui
1000 1617 1043 1661 pii
1077 1623 1106 1650 et

361 1671 536 1714 p1·ud‹=ntes
563 1671 812 1712 constituantur,
834 1672 889 1716 qui
923 1672 1108 1716 praeclarae

362 1724 478 1758 indolis
503 1725 632 1758 iuvenes
652 1726 857 1768 conquirant,
894 1726 1107 1758 examinatos-

362 1789 424 1821 que
454 1779 590 1821 collegio
623 1785 816 1823 proponant,
844 1790 881 1811 ex
900 1779 1019 1822 quibus
1044 1779 1109 1812 col-

362 1831 437 1874 legii
468 1833 650 1876 superiores
684 1833 823 1876 optimos
851 1843 996 1876 quosque
1027 1832 1107 1865 deli-

363 1891 448 1927 gent.
480 1884 549 1918 Sint
573 1885 668 1918 etiam
689 1886 808 1919 Romae
828 1892 893 1919 tres
917 1885 1108 1919 examinato-

363 1948 426 1977 res,
453 1938 509 1981 qui
529 1949 637 1972 coram
664 1944 789 1972 rectore
824 1939 950 1982 collegii
981 1939 1091 1972 iuvem

364 1991 559 2031 examinent,
581 2003 700 2036 eosque
726 1993 921 2034 iuramento,
956 1994 1041 2037 quod
1063 2000 1080 2025 12

365 2055 452 2084 men,
470 2045 494 2076 si
515 2046 737 2088 superioribus
750 2047 881 2079 minime
893 2048 1086 2080 necessarim

366 2098 536 2139 videbitur,
564 2101 662 2144 possit
686 2100 818 2141 remitti,
850 2100 1029 2145 approbent
1058 2113 1096 2133 ai.

368 2152 552 2194 reprobent.
574 2153 696 2187 Debent
715 2160 822 2187 autem
843 2155 901 2187 viri
923 2154 1063 2198 religiosi
1083 2163 1111 2187 vt

368 2206 581 2240 ecclesiastica
600 2208 757 2242 beneficia
770 2208 834 2241 iam
848 2207 1029 2242 obtinentes
1044 2208 1113 2242 aliis

368 2259 535 2300 praeferri.

412 2312 427 2355 ἓ
447 2312 477 2345 ⁶2.
501 2314 633 2348 Iuvenes
652 2325 727 2348 vero
747 2315 780 2348 in
799 2315 862 2348 hoc
878 2315 1049 2358 collegium
1062 2315 1115 2347 ad-

185 2374 211 2397 ει
222 2374 354 2412 quibu-cfr·
368 2365 526 2408 mittendi,
556 2379 592 2400 ex
619 2369 786 2413 superiore
815 2369 997 2410 Germania,
1023 2369 1115 2402 Wes-

171 2413 353 2463 2ξῖζ’““”ῗ,,.ῗξζζῐζῇξ
370 2414 488 2456 phalia,
511 2416 659 2458 Saxona,
676 2418 814 2460 Prussia,
830 2419 942 2452 Rheno
962 2424 1058 2461 atque
1078 2428 1115 2450 ex

171 2468 313 2489 natatumni-
369 2473 468 2505 regno
492 2464 692 2508 Ilungariae,
730 2473 766 2500 ut
798 2469 967 2511 hucusque
997 2467 1115 2500 sactum

370 2517 428 2550 est,
460 2513 675 2557 accipiantur:
712 2522 837 2560 oportet
861 2517 946 2550 enim
977 2527 1013 2550 ex
1038 2516 1115 2549 Ger-

370 2560 479 2593 mania
509 2563 747 2607 provinciisque
781 2566 952 2608 praedictis
985 2570 1115 2598 centum

370 2608 529 2650 alumnos,
551 2612 638 2654 quod
658 2612 691 2646 in
709 2613 782 2647 aliis
797 2614 911 2648 litteris
929 2613 1116 2659 apostolicis

1144 1414 1209 1446 rae,
1239 1403 1350 1447 viginti
1369 1404 1498 1437 circiter
1517 1413 1619 1436 annos
1641 1402 1719 1436 nati.
1750 1401 1842 1441 Quod
1865 1401 1891 1434 si

1143 1458 1263 1492 fuerint
1281 1458 1419 1499 nobiles,
1441 1458 1562 1501 quique
1581 1457 1614 1490 in
1634 1455 1796 1500 superiori
1811 1455 1890 1490 Ger-

1144 1513 1270 1545 maniae
1308 1511 1547 1546 cathedralibus
1583 1510 1727 1544 ecclesiis
1765 1508 1893 1542 admitti

1144 1570 1392 1607 consueverunt,
1411 1570 1487 1598 tunc
1495 1565 1535 1598 ad
1542 1564 1714 1597 minimum
1733 1561 1892 1596 sexdecim

1143 1630 1245 1653 annos
1265 1620 1435 1663 attingant,
1457 1624 1488 1652 et
1511 1617 1755 1662 grammaticam
1775 1616 1888 1656 sciant;

1144 1674 1243 1707 ceteri
1268 1684 1381 1707 omnes
1401 1673 1440 1706 ad
1459 1671 1640 1715 theologica
1670 1671 1720 1704 vel
1747 1669 1892 1714 philoso-

1144 1727 1240 1771 phica
1259 1728 1323 1761 sint
1342 1727 1469 1767 idonei;
1491 1726 1603 1768 ignoti,
1616 1725 1836 1769 ,amplumque
1853 1723 1893 1757 de

1145 1781 1209 1814 vita
1229 1787 1259 1814 et
1282 1781 1426 1814 moribus
1445 1779 1665 1814 testimonium
1683 1789 1750 1812 non
1768 1777 1892 1811 haben-

1146 1839 1204 1875 tes,
1231 1835 1281 1868 vel
1316 1835 1372 1878 qui
1406 1839 1493 1868 extra
1527 1833 1730 1867 Germaniam
1758 1832 1792 1865 in
1810 1831 1894 1865 aulis

1146 1896 1202 1922 aut
1236 1889 1503 1923 Universitatibus
1535 1889 1692 1928 vixerunt,
1723 1893 1779 1920 aut
1809 1886 1892 1930 vagi,

1148 1942 1247 1976 cuivis
1258 1943 1389 1976 domino
1401 1942 1621 1981 inservientes,
1635 1941 1811 1984 ingenitam
1824 1950 1896 1984 ger-

1148 1997 1307 2029 manicam
1328 1997 1417 2029 illam
1437 1996 1676 2040 simplicitatem
1703 1995 1892 2034 amiserunt,

1149 2050 1188 2082 ad
1207 2050 1291 2083 hanc
1311 2050 1514 2093 disciplinam
1533 2050 1667 2083 idoneos
1686 2059 1751 2082 non
1770 2047 1894 2082 iudica-

1150 2114 1231 2143 mus
1245 2114 1363 2147 eosque
1374 2104 1413 2136 ab
1426 2103 1573 2147 ingressu
1584 2102 1710 2146 collegii
1718 2101 1894 2142 reiicimus,

1151 2157 1238 2200 quod
1258 2157 1386 2200 collegii
1407 2157 1564 2201 praedicti
1584 2157 1769 2200 superiores
1788 2155 1897 2189 obser-

1151 2211 1270 2244 vabunt
1289 2211 1322 2244 in
1336 2211 1381 2245 eis
1395 2211 1558 2252 omnibus,
1575 2222 1656 2254 quos
1675 2211 1715 2244 ad
1733 2210 1796 2243 hoc
1815 2209 1897 2243 vitae

1155 2265 1334 2298 {nstitutum
1345 2265 1479 2298 minime
1491 2271 1582 2309 aptos
1591 2275 1659 2298 esse
1674 2264 1894 2307 cognoverint.

1155 2319 1270 2351 Verum
1283 2319 1339 2362 qui
1357 2318 1461 2351 bonae
1477 2319 1596 2351 suerint
1610 2319 1738 2357 indolis,
1756 2318 1898 2351 nullum·

1155 2383 1216 2415 que
1235 2372 1419 2405 huiusmodi
1435 2372 1605 2406 habuerint
1616 2372 1895 2416 impedimentum,

1157 2427 1227 2464 post
1245 2421 1424 2464 legitimum
1445 2431 1590 2459 examen,
1613 2432 1630 2454 a
1649 2420 1831 2464 praeposito
1845 2429 1900 2462 ge-

1158 2470 1256 2503 nerali
1276 2470 1377 2514 recipi
1407 2476 1571 2514 poterunt,
1594 2470 1642 2510 iis,
1662 2471 1718 2514 qui
1737 2469 1898 2502 desectum

1158 2519 1330 2562 patientur,
1354 2519 1490 2559 reiectis,
1526 2518 1579 2562 qui
1615 2520 1746 2552 omnino
1774 2517 1899 2551 admitti

1157 2578 1221 2601 non
1241 2568 1390 2609 debeant,
1413 2568 1472 2601 nisi
1493 2578 1594 2610 graws
1614 2568 1722 2612 aliqua
1741 2578 1835 2601 causa
1850 2566 1899 2599 in-

1159 2617 1311 2659 tercedat,
1333 2623 1364 2650 et
1386 2617 1425 2651 de
1446 2617 1591 2651 unanimi
1610 2617 1755 2651 omnium
1774 2622 1901 2661 protec-
1934 2634 1937 2637 ·

1987 2119 1991 2139 ‘⁴
1987 1763 2015 2093 'mm
1995 1708 2010 1752 ,υκ
1988 1470 2014 1687 naor-..nv
1988 1253 2013 1460 wmwfixevzr-
1983 1160 2010 1244 'tu-»2
1991 1120 2012 1145 τε
