2059 3228
99 255 148 282 An.
167 255 195 283 C.
217 254 281 284 15711

147 634 207 655 Fides
218 639 278 655 trau-

93 669 230 692 sumptorum

99 844 208 866 Clausutau
221 852 275 865 eoni-

94 882 217 901 minatensi«)

113 2083 229 2106 Emi-dium,

342 242 384 277 88

891 248 1069 273 BULLARIUM
1088 247 1238 272 ROMANUM

294 315 436 349 quoque.
457 302 586 336 indultis
600 306 626 334 et
647 300 759 334 litteris
773 302 1039 346 apostolicisqui-
1080 310 1116 332 ea
1151 298 1280 343 privatis
1318 296 1548 340 cupiditatibus
1579 307 1617 330 ac
1651 295 1830 330 commodis

294 359 399 392 bus-vis
412 357 567 401 personis,
583 356 710 399 publice
728 357 774 388 vel
795 356 954 400 privatim,
980 356 1038 389 sub

294 412 553 454 quibuscumque
575 409 740 442 tenoribus
759 414 790 441 et
818 409 940 450 formis,
964 421 1040 443 eon-

293 464 401 503 cessis,
415 462 599 506 approbatis
613 467 644 494 et
664 461 822 495 innovatis
834 488 842 504 ,
860 463 1038 507 ceterisque

292 516 459 551 contrariis
483 515 754 558 quibuscumque.

338 573 352 611 ξ
371 570 402 601 3.
426 569 464 602 Ut
483 574 589 601 autem
607 573 790 612 praesentes
804 568 928 602 litterae
948 568 980 602 in
1000 580 1036 602 o-

292 623 415 655 mnium
436 621 580 655 notitiam
601 621 726 654 facilius
757 623 960 665 perveniant,
983 634 1036 656 ro-

293 677 398 708 lumus
413 686 524 708 earum
545 675 709 718 exemplis,
725 686 822 707 manu
842 676 957 708 notarii
976 688 1036 720 pu-

291 729 365 761 blici
386 728 575 772 subscriptis
595 732 653 761 etc.

333 782 398 823 §ln
425 782 509 814 Nulli
536 792 612 824 ergo
642 781 774 815 omnino
808 782 975 815 hominum
997 782 1035 814 li-

289 841 358 868 ceat
378 836 461 868 lianc
477 835 625 878 paginam
642 840 768 871 nostrae
780 835 1032 878 approbationis,

289 888 463 932 praecepti,
494 887 655 920 interdicti
685 893 715 920 et
734 888 906 920 voluntatis
926 887 1036 920 11111111-

287 952 374 983 gere,
393 942 439 974 vel
459 941 488 974 ei
507 952 588 973 ausu
611 940 783 973 temerario
804 940 983 980 contraire‘,
1010 941 1035 973 si

288 995 359 1038 quis
379 1000 486 1027 autem
507 994 569 1027 1100
595 999 749 1026 attentare
769 994 1032 1037 praesumpserit,

288 1048 539 1091 indignationem
558 1047 786 1091 omnipotentis
796 1047 851 1079 Dei
871 1058 908 1080 ac
925 1047 1034 1080 beato-

286 1112 359 1134 rum
390 1100 473 1134 Petri
493 1106 521 1134 et
543 1100 632 1133 Pauli
663 1101 885 1144 apostolorum
914 1100 983 1133 eius
1003 1111 1034 1133 se

287 1154 410 1187 noverit
429 1153 649 1186 incursurum.

331 1208 446 1240 Datum
466 1207 586 1240 Romae.
614 1207 700 1250 apud
716 1206 746 1239 S.
770 1206 924 1246 Marcum,
950 1216 1034 1239 anno

286 1261 519 1294 Incarnationis
539 1259 719 1293 dominicae
745 1259 914 1292 millesimo
939 1260 1034 1302 quin-

287 1314 464 1357 gentesimo
502 1313 737 1357 septuagesimo
767 1319 898 1356 quarto,
930 1313 1035 1345 idibus

287 1367 495 1412 septembris,
531 1366 735 1411 pontificatus
755 1366 855 1399 nostri
883 1376 966 1399 anno
987 1376 1031 1399 111.

300 1425 364 1456 Dat.
381 1426 428 1456 die
445 1426 481 1455 13
499 1425 641 1466 septemb.
660 1425 748 1463 1574,
767 1425 872 1465 pontis.
889 1433 1020 1454 annom.

593 1603 726 1636 XXXIII.

284 1690 330 1724 De
349 1689 506 1732 aedificiis
525 1693 553 1722 et
569 1689 639 1721 iure
668 1688 813 1731 couyrm',
840 1699 876 1720 ac
902 1687 1034 1720 iurisdi-

327 1743 432 1776 ctione
451 1746 479 1776 et
516 1742 726 1785 facultatibus
744 1741 779 1774 S.
804 1741 842 1773 R.
865 1741 905 1773 E.
933 1751 1035 1773 canic-

325 1797 412 1829 rarii
427 1800 456 1829 et
476 1797 711 1839 maqistrorum
727 1796 856 1828 viarum
882 1795 974 1827 Urbis
995 1794 1020 1826 ¹.

328 1885 477 1921 Gregorius
495 1885 638 1921 episcopus
657 1891 753 1913 servus
773 1891 912 1912 servorum
932 1884 991 1915 nei.

427 1939 462 1967 ad
483 1939 647 1974 perpetuam
666 1938 707 1966 rei
721 1938 890 1966 memoriam.

326 2018 414 2057 Quae
435 2018 566 2062 publice
581 2017 673 2051 utilia
692 2023 724 2051 et
739 2018 857 2050 decora
875 2028 943 2050 esse
959 2017 1034 2050 huie

284 2072 387 2104 almae
407 2071 484 2104 Urbi
504 2071 585 2105 ratio
605 2071 673 2115 ipsa
693 2077 788 2114 atque
808 2081 887 2103 usus
911 2071 1031 2110 docuit,

321 2148 331 2173 t
355 2146 414 2173 Hoc
433 2147 559 2174 officium
579 2147 607 2174 in
622 2146 697 2174 Urbe
719 2145 947 2180 antiquissimum
964 2146 1034 2173 rein—

285 2191 403 2225 tegravit
422 2191 557 2218 Martinus
572 2191 592 2217 V
612 2191 639 2218 in
657 2191 768 2218 constit.
785 2197 832 2224 xv,v
850 2191 908 2217 Etsi
925 2191 950 2216 in
964 2198 1032 2217 run-

285 2238 401 2269 clarum,
424 2240 488 2262 (0111.
506 2242 543 2269 1v,
560 2243 622 2270 pag.
645 2235 710 2268 7163
730 2238 757 2262 et
778 2235 839 2262 eius
863 2235 1033 2262 iurisdietio-

284 2286 350 2306 nem
366 2280 507 2314 ampliavit
526 2280 619 2307 Sixtus
634 2279 666 2306 tv
691 2279 719 2306 in
739 2280 849 2307 constit.
872 2286 939 2314 xxv,
957 2280 991 2306 Et
1011 2282 1034 2306 sei

286 2324 328 2357 de,
340 2326 406 2350 tom.
434 2329 460 2357 v,
477 2331 537 2358 pag.
551 2324 613 2357 2753
624 2324 680 2351 Leo
691 2324 711 2350 X
723 2331 751 2351 111
762 2324 875 2351 constit.
888 2331 935 2358 xx,
948 2324 1031 2358 Inter,

286 2368 364 2401 111111,
378 2374 440 2401 pag.
457 2368 519 2400 (5553
535 2375 565 2394 ae
582 2368 648 2395 Pius
659 2367 692 2395 tv
706 2367 734 2395 in
745 2368 856 2395 constit.
870 2374 938 2402 cxx,
946 2368 1032 2403 Inter,

286 2415 353 2438 10111.
371 2417 418 2444 vn,
444 2418 504 2445 pag.
532 2411 593 2439 586.
615 2412 682 2439 Pius
696 2412 717 2438 V
733 2419 832 2439 omnes
850 2419 950 2440 eorum
976 2412 1033 2439 dis-

286 2454 440 2490 positiones
458 2455 493 2482 ad
518 2456 652 2483 terminos
676 2456 746 2484 iuris
777 2456 892 2484 reduxit
916 2457 944 2483 in
965 2465 1032 2484 eon-

286 2499 429 2526 stitutione
441 2505 503 2533 cxc,
521 2500 565 2526 Ad
581 2500 628 2526 hoc
643 2508 705 2535 nos,
728 2500 807 2534 ibid„
828 2508 890 2536 pag.
911 2501 973 2529 910.
990 2502 1032 2528 Id—

287 2543 362 2571 citco
378 2543 430 2570 iste
446 2543 574 2571 Pontifex
589 2544 694 2571 dietum
719 2545 844 2573 officium
864 2545 989 2579 innovat,
1006 2553 1020 2573 e

286 2632 353 2665 pliat
372 2635 399 2660 et
413 2632 544 2660 declarat.

1080 351 1292 396 praeferenda
1317 361 1495 383 censemus.

1123 406 1138 448 g
1158 405 1189 437 ’1.
1216 405 1294 437 Cum
1316 404 1422 446 itaque
1443 402 1543 436 felicis
1562 402 1737 436 memoriae
1754 402 1829 436 Pius

1079 457 1164 501 Papa
1183 457 1215 497 V,
1250 456 1478 501 praedecessor
1504 460 1623 496 noster,
1657 455 1829 488 nonnullas

1080 520 1137 554 per
1157 510 1257 543 felicis
1278 508 1510 542 recordationis
1529 507 1651 541 Sixtum
1669 508 1721 550 IV,
1748 509 1829 541 Leo*

1078 573 1152 596 nem
1172 563 1198 595 X
1218 568 1248 595 et
1269 562 1360 594 Pium
1382 562 1477 594 ctiam
1498 560 1546 601 tv,
1568 561 1714 594 similiter
1733 572 1828 605 prae*

1079 617 1265 649 decessores
1284 622 1420 655 nostros,
1442 615 1480 647 ad
1511 619 1661 647 ornatum
1680 614 1774 647 Urbis
1797 625 1829 648 e-

1078 669 1157 702 ditas
1195 669 1456 709 constitutiones,
1493 679 1557 700 uua
1591 678 1664 700 011111
1698 668 1827 701 decreto

1077 721 1227 755 Gamerae
1247 722 1446 766 Apostolirae
1467 721 1505 754 de
1522 720 1687 764 inquilinis
1706 721 1738 754 in
1762 732 1829 754 em-

1078 774 1240 818 ptionibus
1274 776 1445 807 domorum
1480 773 1714 818 praeferendis,
1748 779 1828 806 tam-

1076 838 1174 871 quam
1205 827 1284 860 iuris
1314 827 1497 860 eommunis
1531 826 1762 867 correctorias,
1796 833 1828 860 et

1076 890 1171 922 quae,
1204 880 1300 913 nimis
1333 882 1444 920 late,a
1477 880 1638 912 iudicibus
1666 879 1826 923 interpre-

1076 938 1171 974 tatae,
1186 944 1314 966 causam
1328 933 1464 966 iniuriae
1485 932 1733 976 quamplurimis
1748 944 1826 976 pau-

1076 986 1207 1030 perIbus
1237 987 1421 1019 inserendae
1460 986 1663 1030 praeberent,
1699 986 1826 1019 duobus

1077 1039 1168 1072 editis
1187 1039 1326 1083 scriptis,
1349 1050 1489 1083 quorum
1507 1040 1607 1072 solam
1627 1040 1826 1081 signaturam

1076 1092 1223 1126 sufficere
1245 1093 1356 1133 voluit,
1379 1099 1467 1125 motu
1490 1092 1622 1136 proprio
1642 1093 1827 1136 abrogasset

1076 1150 1106 1178 et
1124 1145 1164 1177 ad
1196 1145 1278 1178 viam
1308 1145 1387 1178 iuris
1420 1145 1602 1179 communis
1634 1146 1823 1187 reduxisset,

1075 1197 1182 1231 dilecti
1202 1199 1260 1231 filii
1281 1199 1312 1232 S.
1336 1199 1368 1231 P.
1392 1199 1426 1238 Q.
1455 1199 1506 1240 R„
1529 1199 1771 1242 abrogationem
1795 1205 1826 1234 et

1076 1251 1299 1284 reductionem
1321 1252 1507 1285 huiusmodi
1542 1263 1635 1293 aegre
1666 1253 1825 1294 ferentes,

1076 1304 1166 1337 initio
1179 1305 1385 1349 pontificatus
1401 1306 1500 1338 nostri
1513 1311 1543 1338 et
1563 1306 1641 1338 alias
1655 1316 1822 1351 persaepe,

1076 1357 1207 1401 publico
1237 1359 1365 1392 decreto
1399 1370 1416 1391 a
1446 1358 1538 1392 nohis
1570 1361 1660 1392 enixe
1681 1360 1825 1403 postula-

1076 1417 1151 1444 runt
1171 1412 1332 1456 supplices
1353 1418 1387 1444 ut
1407 1412 1529 1445 litteras
1549 1413 1707 1456 praefatas
1726 1412 1823 1452 PiiV,

1076 1465 1121 1497 uti
1143 1465 1251 1498 decori
1284 1466 1414 1509 publico
1443 1476 1480 1498 ae
1501 1467 1676 1498 multorum
1707 1465 1824 1499 civium

1076 1519 1297 1551 commoditati
1318 1519 1468 1560 infensas,
1494 1519 1620 1558 tollere,
1636 1529 1694 1562 pro
1714 1524 1825 1552 nostro

1076 1582 1151 1614 erga
1170 1572 1254 1605 hanc
1273 1573 1390 1606 almam
1408 1573 1524 1606 Urbem
1545 1579 1679 1616 paterno
1699 1583 1822 1613 amore,

1076 1625 1294 1667 dignaremur.
1322 1626 1423 1664 Quam
1440 1636 1509 1659 rem
1530 1627 1607 1659 dum
1627 1636 1686 1659 nos
1704 1625 1827 1659 diutius

1077 1678 1268 1720 differimus,
1291 1680 1507 1723 plurimorum
1529 1680 1675 1712 eamdem
1692 1679 1734 1712 ob
1750 1689 1827 1712 cau-

1076 1742 1142 1764 sam
1168 1733 1388 1775 querimonias
1413 1733 1683 1776 expostulantium
1706 1732 1826 1766 substi-

1077 1785 1218 1827 nuimus,
1245 1786 1323 1829 quin
1343 1786 1439 1819 etiam
1472 1786 1687 1819 intelleximus
1715 1786 1824 1830 puhli-

1077 1849 1150 1871 cum
1171 1839 1270 1882 ipsius
1284 1839 1375 1872 Urbis
1389 1845 1537 1873 ornatum
1553 1839 1686 1880 differri,
1703 1845 1735 1872 et
1753 1851 1825 1873 ma-

1075 1892 1192 1934 gnifica
1233 1893 1377 1926 aedificia
1418 1893 1608 1936 iampridem
1652 1892 1820 1935 inchoata,

1076 1952 1208 1988 propter
1244 1946 1376 1979 nimiam
1414 1946 1629 1989 quorumdam
1662 1946 1821 1989 cupidita-

1075 2004 1151 2039 tem,
1177 1999 1358 2043 interrupta
1377 2000 1529 2044 pendere,
1545 2000 1768 2043 plurimosque
1784 2011 1822 2034 ea

1075 2052 1114 2084 de
1134 2063 1230 2086 causa
1249 2053 1440 2086 aedificandi
1456 2053 1628 2086 consilium
1653 2053 1820 2088 abiecisse.

1075 2105 1195 2144 Quibus
1233 2106 1342 2148 malis,
1365 2117 1429 2150 quo
1457 2106 1592 2139 minimo
1621 2107 1739 2140 civium
1761 2118 1822 2141 no-

1075 2165 1215 2192 strorum
1251 2171 1288 2193 ae
1321 2160 1493 2193 curialium
1532 2160 1723 2195 detrimento
1749 2162 1822 2195 fieri

1076 2214 1184 2256 possit,
1218 2215 1339 2248 mederi
1363 2215 1546 2258 cupientes,
1569 2225 1644 2248 cum
1668 2215 1764 2249 etiam
1787 2216 1820 2249 in

1075 2267 1186 2300 litteris
1216 2268 1293 2301 Sixti
1313 2279 1349 2301 ac
1368 2268 1482 2301 Leonis
1501 2274 1532 2301 et
1559 2269 1605 2301 Pii
1629 2269 1734 2312 quarti
1757 2269 1820 2302 liu-¹

1075 2320 1212 2353 iusmodi
1244 2322 1344 2354 multa
1370 2321 1515 2354 addenda
1535 2327 1566 2354 et
1585 2321 1759 2354 minuenda
1783 2333 1820 2355 ac

1074 2373 1151 2407 alias
1187 2374 1462 2408 animadversione
1501 2375 1596 2418 dignu
1626 2381 1817 2419 appareant,

1074 2433 1295 2471 opportunum
1325 2428 1468 2461 arbitrati
1507 2439 1637 2469 sumus,
1669 2428 1820 2461 omnibus

1075 2477 1246 2519 praedietis
1269 2477 1358 2518 Sixti,
1381 2477 1496 2511 Leonis
1515 2483 1545 2510 et
1564 2477 1693 2510 Piorum
1707 2477 1819 2510 litteris

1025 2549 1033 2572 t
1051 2529 1054 2576 Ι
1074 2526 1246 2568 antiquatis
1265 2532 1295 2558 et
1313 2526 1486 2569 abrogatis,
1520 2536 1602 2569 quae
1634 2525 1673 2557 ab
1693 2525 1755 2558 illis
1778 2527 1819 2558 ad

287 2587 433 2614 facultates
462 2588 740 2623 jurisdictionemque
768 2589 944 2625 praeseribit,
974 2589 1053 2620 ani—l
1075 2575 1239 2617 l'Uhlis'um
1262 2575 1354 2607 Urbis
1370 2574 1520 2617 illiusque
1539 2573 1701 2627 diSu'iCQS
1725 2584 1820 2606 ‘’ma'‘

1051 2621 1152 2662 fftum,
1192 2623 1274 2656 aeris
1307 2622 1524 2657 salubritatem
1550 2633 1587 2655 ac
1620 2628 1819 2666 privatorum

1845 242 1892 268 A'n.
1907 241 1936 268 G.
1957 241 2038 282 ¹5⁷}

1883 413 1949 434 Causa
1963 414 2023 437 11111111

1842 447 2006 468 constitutionis.
