2059 3228
87 236 139 263 An.
157 235 187 264 C.
203 236 271 264 1587

134 725 216 746 Statuit
238 725 263 746 de

82 757 157 782 quibus
184 757 205 778 iu
227 763 264 778 ru-

84 790 148 808 bru-a,

330 226 394 260 890

284 287 428 321 eiusdem
451 286 709 331 congregationis
729 286 866 320 formam
877 286 1034 331 deputan-

283 341 342 381 dis,
364 340 426 384 legi
463 340 567 373 notari
589 346 618 373 et
637 339 804 373 numerari
824 346 966 385 possent,
988 339 1035 373 di-

282 399 397 437 ctaque
429 394 530 426 forma
556 398 585 426 et
612 393 643 426 in
665 393 816 437 capitulis
836 400 1034 428 conventua-

280 447 377 486 libus,
413 447 444 479 in
480 446 599 491 quibus
632 447 713 480 aliae
734 447 909 481 electiones
929 452 1035 481 essent

279 500 416 541 fiendae,
442 501 575 534 omnino
609 501 843 543 observaretur,
877 507 976 546 prout
1000 502 1033 534 in

279 553 425 598 ipsorum
440 554 729 598 praedecessorum
758 555 890 589 diversis
916 555 1034 588 litteris

279 607 420 651 desuper
445 607 600 641 consectis
619 607 747 651 plenius
768 609 964 642 continetur.

323 660 378 704 {⁶2
384 661 488 702 .Nos,
511 660 679 705 cupientes
691 662 811 695 salubri
830 662 933 695 dictae
955 671 1033 694 con-

278 714 476 757 gregationis
505 714 677 748 directioni
703 720 733 748 et
763 716 913 759 legimini
947 716 1033 749 iuxta

277 773 464 812 temporum
476 768 658 809 varietates,
680 779 717 802 ac
737 774 831 813 prout
865 769 914 802 his
944 780 1035 813 prae-

277 820 387 854 sertim
399 821 603 865 temporibus
623 821 705 855 ratio
722 823 864 866 postulat
879 828 909 856 et
926 822 1032 866 exigit,

276 874 461 918 providere,
480 880 511 908 et
521 884 561 908 ne
582 874 615 908 in
630 874 819 909 huiusmodi
835 875 987 919 capitulis
1002 881 1031 908 et

277 928 503 968 electionibus,
527 934 592 962 tam
613 928 819 972 generalibus
839 940 936 973 quam
957 940 1032 973 par-

275 980 479 1023 ticularibus,
500 992 560 1026 per
580 982 753 1015 canonicos
772 982 956 1026 praedictos
983 994 1033 1016 ce-

275 1034 453 1075 lebrandis,
475 1035 584 1079 aliqua
595 1036 682 1068 fraus
693 1041 748 1068 aut
760 1035 806 1069 vis
825 1035 1029 1077 adhibeatur,

275 1088 331 1121 sed
361 1088 416 1122 illa
443 1089 546 1122 libere
570 1094 601 1122 et
631 1088 785 1122 canonice
814 1089 1030 1129 celebrentur,

275 1152 403 1175 necnon
416 1153 475 1187 pro
492 1143 683 1176 eorumdem
696 1141 929 1176 canonicorum
945 1154 1032 1176 com—

276 1195 496 1234 moditatibus,
522 1196 685 1239 totiusque
715 1196 973 1239 congregationis
1001 1202 1031 1229 et

276 1248 364 1281 illius
399 1249 670 1283 monastetiorum
697 1249 814 1282 minori
844 1249 1029 1292 dispendio,

275 1311 311 1334 ac
332 1302 416 1335 sacri
437 1302 757 1336 conciliiTridentini
769 1302 908 1336 decretis
927 1303 1030 1335 inlue-

276 1365 347 1388 rere
384 1356 540 1396 volentes,
582 1356 810 1400 dictarumque
848 1356 1030 1390 litterarum

275 1409 416 1442 veriores
427 1415 556 1443 tenores
567 1410 791 1454 praesentibus
800 1421 859 1455 pro
874 1411 1031 1455 expressis

275 1462 442 1504 babentes,
465 1464 617 1507 ipsosque
638 1464 905 1507 congregationes
930 1470 959 1497 et
980 1475 1031 1497 ca-

275 1516 410 1550 nonicos
443 1517 638 1561 specialibus
663 1517 826 1551 favoribus
860 1524 890 1551 et
920 1518 1030 1561 gratiis

274 1570 427 1613 prosequi
447 1571 602 1611 volentes,
632 1577 722 1604 motu
749 1571 875 1615 propio,
906 1582 970 1605 non
990 1573 1030 1605 ad

275 1623 510 1656 canonicorum
541 1629 596 1657 aut
625 1625 887 1668 congregationis
914 1625 1029 1658 huius-

275 1676 363 1710 modi
383 1682 439 1710 aut
458 1677 591 1711 alterius
611 1688 671 1722 pro
683 1678 727 1711 eis
745 1689 844 1722 super
863 1679 926 1712 hoc
937 1679 1030 1712 nobis

274 1729 402 1763 oblatae
421 1731 586 1774 petitionis
599 1731 798 1773 instantiam,
813 1732 868 1766 sed
883 1743 919 1766 ex
941 1743 1030 1766 mera

274 1783 438 1817 voluntate
459 1790 611 1828 certaque
631 1784 766 1818 scientia
785 1786 916 1827 nostris,
935 1797 971 1820 ac
991 1786 1029 1819 de

275 1837 471 1880 apostolicae
499 1838 666 1882 potestatis
694 1839 910 1882 plenitudine,
940 1841 1029 1873 volu-

274 1901 345 1923 mus
378 1902 416 1924 ac
454 1891 618 1935 praedicta
656 1892 848 1926 auctoritate
869 1899 1028 1937 perpetuo

273 1945 444 1978 statuimus
475 1951 505 1978 et
535 1946 723 1979 ordinamus
742 1947 828 1989 quod
863 1947 1026 1991 deinceps,

273 1998 439 2041 perpetuis
459 1998 575 2031 futuris
598 1999 813 2042 temporibus,
835 2000 954 2043 prioris
977 2012 1029 2044 ge-

274 2051 404 2091 neralis,
421 2051 636 2093 visitatorum,
654 2053 814 2097 priorum,
833 2053 1027 2087 vicariorum

274 2109 304 2136 et
323 2110 572 2148 procuratorum
594 2106 712 2146 officia,
730 2107 902 2150 dignitates
923 2118 1027 2151 usque

274 2158 311 2189 ad
332 2158 509 2191 triennium
530 2170 562 2192 se
581 2160 766 2200 extendant,
796 2165 826 2193 et
847 2160 1026 2204 capitulum

273 2212 423 2251 generale
460 2213 670 2256 protrahatur
707 2224 744 2246 ac
775 2214 960 2247 celebretur
988 2214 1026 2247 de

273 2264 413 2298 triennio
433 2265 464 2298 in
477 2266 665 2306 triennium,
681 2272 711 2300 et
731 2267 845 2301 electio
863 2267 1024 2301 sociorum

881 232 1060 259 BULLARIUM
1080 231 1143 256 ROM
1145 231 1206 255 AM
1208 232 1230 255 M

1075 283 1238 322 nieorum
1253 291 1334 326 quos
1347 282 1404 316 tali
1414 274 1635 326 praerogativa
1648 283 1825 328 privamus;

1075 341 1107 370 et
1140 342 1204 369 tam
1230 336 1262 369 in
1293 336 1452 370 electione
1483 337 1625 379 generali
1660 347 1757 380 quam
1791 337 1824 369 in

1076 390 1159 431 aliis,
1181 395 1217 423 ut
1236 390 1440 423 solummodo
1460 390 1627 423 habeant·
1617 400 1668 423 lus
1686 390 1824 434 eligendi

1075 443 1121 476 illi
1142 443 1197 488 qui
1224 443 1438 487 personaliter
1454 443 1636 477 intererunt
1655 443 1825 484 electioni;

1075 497 1228 540 quodque
1249 497 1281 529 in
1297 488 1470 541 posterum'
1482 495 1684 540 praedictum
1699 497 1825 540 capitu-

1075 550 1142 582 lum
1167 551 1316 593 generale
1351 550 1572 584 omnimodam
1595 549 1714 583 habeat
1745 550 1829 584 elec-

1075 603 1195 636 tionem
1216 603 1334 647 prioris
1354 603 1514 647 generalis
1543 609 1574 637 et
1597 603 1737 636 aliorum
1756 602 1828 637 offi-

1075 656 1219 696 cialium,
1241 662 1272 690 et
1300 657 1324 690 si
1357 668 1416 701 per
1435 667 1561 690 cessum
1585 657 1634 690 vel
1658 657 1827 690 decessum

1075 710 1245 753 contigerit
1254 721 1368 744 vacare
1384 710 1526 754 aliquam
1540 709 1723 751 ecclesiam,
1734 715 1824 750 tunc,

1075 764 1274 806 temporibus
1287 775 1304 797 a
1320 765 1390 798 iure
1410 765 1549 805 statutis,
1561 764 1653 809 prior
1664 764 1827 807 generalis

1075 817 1205 850 accedat
1220 817 1259 850 ad
1281 823 1472 851 conventum
1493 818 1648 852 ecclesiae
1669 817 1825 858 vacantis3

1075 875 1105 904 et
1125 870 1149 904 si
1178 871 1246 914 ipse
1272 872 1311 905 ad
1336 872 1429 905 illum
1457 873 1610 906 accedere
1630 871 1824 916 nequiverit,

1074 924 1174 967 possit
1191 925 1317 958 mittere
1339 925 1439 958 alium
1451 925 1582 959 nomine
1594 937 1663 966 suo,
1679 926 1735 970 qui
1754 925 1828 958 fun-

1073 983 1167 1020 gatur
1184 978 1306 1012 vicibus
1318 979 1395 1020 suis,
1410 980 1448 1012 ad
1463 985 1657 1013 conventum
1670 979 1826 1013 'ecclesiae

1072 1031 1225 1071 vacantis,
1247 1042 1284 1065 ac
1304 1038 1476 1076 congreget
1500 1043 1612 1066 omnes
1636 1043 1748 1066 vocem
1766 1033 1826 1066 ha-

1072 1084 1196 1125 bentes,
1218 1091 1249 1118 et
1273 1085 1393 1128 eligant
1412 1086 1568 1130 priorem,
1596 1086 1629 1119 in
1649 1097 1713 1130 qua
1739 1087 1825 1121 elec-

1073 1137 1159 1171 tione
1182 1149 1294 1172 vocem
1320 1139 1417 1174 etiam
1437 1140 1554 1173 habeat
1573 1139 1641 1184 ipse
1665 1139 1756 1184 prior
1774 1151 1827 1184 ge-

1073 1191 1192 1224 neralis
1210 1192 1258 1225 vel
1279 1193 1348 1225 eius
1375 1193 1571 1236 vicegerens,
1603 1193 1629 1226 si
1649 1193 1754 1227 dictae
1774 1204 1827 1227 ec-

1072 1245 1189 1278 clesiae
1224 1256 1375 1289 praesens
1409 1246 1520 1280 suerit:
1557 1247 1591 1280 in
1618 1247 1824 1291 subrogando

1072 1304 1178 1331 autem
1199 1299 1362 1333 visitatore
1381 1306 1528 1334 servetur
1544 1301 1624 1334 ordo
1638 1306 1823 1342 consuetus,

1072 1357 1106 1384 ut
1126 1353 1305 1396 capitulum
1319 1353 1427 1386 Sancti
1443 1353 1571 1397 Georgii
1592 1354 1625 1387 in
1645 1355 1723 1398 Alga
1747 1365 1820 1388 cum

1072 1406 1216 1449 patribus
1235 1417 1350 1440 novem
1371 1407 1501 1450 eligant.

1115 1459 1130 1502 g
1147 1459 1178 1493 3.
1204 1460 1336 1494 Necnon
1355 1461 1568 1503 voluntatem,
1590 1466 1758 1504 statutum,
1771 1472 1824 1495 or-

1071 1513 1268 1548 dinationem
1289 1521 1318 1548 et
1349 1515 1598 1549 declarationem
1625 1521 1735 1549 nostra
1759 1516 1822 1549 hu-

1071 1567 1209 1601 iusmodi
1227 1579 1266 1601 ac
1286 1574 1470 1612 praesentes
1489 1569 1613 1603 litteras
1631 1570 1723 1603 nullo
1748 1581 1822 1603 uin-

1071 1632 1167 1664 quam
1180 1627 1325 1665 tempore
1343 1623 1487 1656 revocari
1501 1633 1607 1666 posse,
1623 1622 1677 1656 sed
1693 1633 1823 1669 semper

1071 1674 1173 1707 valida
1196 1680 1227 1708 et
1255 1675 1395 1708 efficacia
1425 1676 1573 1716 existere,
1599 1675 1720 1720 ittaque
1747 1687 1823 1710 suos

1070 1729 1232 1772 plenarios
1243 1729 1377 1762 effectus
1392 1729 1498 1762 sortiri
1509 1740 1548 1763 ac
1563 1730 1602 1762 ab
1613 1730 1822 1764 omnibusin-

1069 1781 1262 1816 violabiliter
1269 1783 1446 1823 observari3
1456 1782 1568 1827 sicque
1578 1793 1637 1827 per
1646 1794 1822 1827 quoscum-

1070 1847 1133 1880 que
1152 1837 1275 1870 iudices
1303 1841 1334 1870 et
1354 1837 1606 1877 commissarios,
1629 1838 1725 1870 etiam
1746 1848 1822 1871 cau-

1070 1900 1179 1923 sarum
1199 1889 1311 1923 Palatii
1330 1890 1504 1934 Apostolici
1527 1890 1691 1924 auditores
1705 1896 1737 1924 et
1749 1901 1822 1924 san-

1070 1949 1139 1977 ctae
1150 1943 1314 1977 Romanae
1331 1943 1494 1977 Ecclesiae
1506 1943 1700 1984 cardinales,
1722 1943 1820 1977 etiam

1069 1997 1107 2030 de
1124 1998 1224 2030 latere
1245 1997 1379 2040 legatos,
1401 2007 1529 2030 necnon
1547 1997 1643 2030 etiam
1673 1999 1820 2030 locorum

1069 2051 1261 2091 ordinarios,
1284 2051 1408 2084 sublata
1428 2051 1474 2084 eis
1493 2057 1523 2084 et
1543 2061 1656 2084 eorum
1686 2051 1820 2084 cuilibet

1069 2105 1179 2148 quavis
1203 2105 1296 2138 aliter
1328 2104 1491 2138 iudicandi
1521 2110 1549 2138 et
1585 2103 1820 2148 interpretandi

1068 2159 1220 2192 facultate
1252 2164 1282 2192 et
1301 2158 1503 2199 auctoritate,
1526 2157 1663 2191 iudicari
1683 2164 1713 2191 et
1734 2158 1818 2191 diff-

1068 2212 1130 2245 niri
1150 2212 1289 2252 debere;
1309 2223 1346 2245 ac
1360 2211 1517 2256 quidquid
1537 2222 1630 2246 secus
1647 2222 1744 2256 super
1769 2211 1819 2244 his

1068 2277 1085 2299 a
1110 2276 1287 2309 quoquam,
1310 2266 1421 2309 quavis
1449 2265 1652 2306 auctoritate,
1680 2265 1820 2298 scienter

275 2318 501 2360 capitularium
527 2320 559 2352 in
581 2331 678 2361 anno,
702 2330 766 2364 quo
795 2321 1025 2354 celebrandum
1066 2319 1113 2351 vel
1128 2319 1323 2362 ignoranter,
1335 2318 1482 2352 attentari
1494 2317 1816 2361 contigerit,irritum

275 2371 331 2403 erit
355 2372 531 2415 capitulum
551 2374 716 2416 generale,
738 2374 793 2407 fiat
812 2375 852 2408 ab
875 2374 1026 2408 omnibus

275 2418 306 2451 in
327 2420 478 2453 omnibus
491 2422 712 2462 conventibus,
729 2422 840 2465 aliquo
854 2434 890 2456 ex
911 2423 1026 2456 diebus
1044 2422 1047 2461 l

274 2467 495 2502 hebdomadae
531 2470 715 2514 incipiendo
751 2482 768 2503 a
799 2472 932 2505 sabbato
970 2473 1025 2506 do·
1044 2472 1046 2495 ¹
1067 2471 1271 2514 patriarchis,
1304 2470 1571 2524 archiepiscopis,
1593 2469 1754 2513 episcopis
1779 2479 1817 2503 ac
1832 2472 1956 2489 ‘mmmm

274 2516 412 2550 minicae
425 2518 585 2552 Passionis
596 2530 700 2564 usque
720 2521 759 2553 ad
781 2521 948 2554 sabbatum
969 2521 1025 2555 do·
1043 2530 1046 2571 χ

275 2576 303 2597 n
310 2565 411 2599 init-ae
427 2566 624 2609 Palmarum3
644 2575 675 2602 et
695 2569 726 2602 in
749 2575 913 2613 posterum
935 2570 1024 2604 nulla
1043 2574 1046 2604 Ι

271 2612 430 2652 habeam·
449 2615 529 2649 tatio
550 2621 696 2670 votorum
719 2618 901 2667 absentium
928 2630 1024 2652 cano·
1042 2625 1045 2639 ·

1067 2378 1097 2406 et
1118 2373 1213 2406 inane
1233 2372 1452 2406 decernimus.

1111 2422 1125 2465 ξ
1149 2421 1181 2454 4.
1209 2421 1365 2461 Quocirca
1396 2421 1637 2454 venerabilibus
1665 2420 1818 2454 fratribus

1066 2519 1190 2553 dilectis
1210 2519 1285 2552 filiis
1309 2529 1422 2552 eorum
1443 2519 1571 2552 vicariis
1605 2518 1637 2550 in
1667 2518 1816 2562 spiritua-

1066 2569 1152 2602 libus
1171 2575 1202 2602 ct
1239 2568 1431 2602 officialibus
1451 2567 1668 2611 generalibus,
1689 2576 1814 2600 necnon

1066 2617 1169 2652 dictae
1186 2617 1444 2661 congregationis
1464 2623 1495 2652 et
1511 2617 1580 2650 aliis
1599 2615 1772 2670 abhatibus
1780 2621 1814 2672 ct

1839 227 1893 255 An.
1909 226 1940 254 C.
1950 228 1970 270 ¹„

1905 1472 1966 1495 clau

1837 1505 1966 1531 praeservati
1983 1507 1986 1509 ⁴

1856 2436 1966 2463 netegntto
2020 2440 2021 2443 ’
