2059 3228
131 237 184 265 An.
203 238 230 267 C.
247 239 313 268 159⁹?

166 670 228 690 natur
241 670 311 697 itaque

129 701 185 721 dicto
226 707 314 728 praepo-

130 732 170 752 sito
181 731 269 758 amplior
279 731 312 752 ta-

131 763 206 784 cuttu.

372 231 435 265 306

328 293 485 336 privilegii
507 290 692 324 huiusmodi
727 290 943 324 venderentur
962 296 992 324 et
1014 291 1074 324 im-

328 351 536 389 ponerentur.
555 344 659 383 Quare
679 355 737 389 pro
759 350 848 388 parte
859 345 934 378 dicti
949 344 1072 378 Claudii

327 399 420 431 nobis
440 399 497 430 suit
518 398 685 430 humiliter
721 398 939 442 supplicatum
959 405 1072 442 quate-

327 462 388 484 nus·
407 451 466 483 sibi
483 451 652 495 dictaeque
673 451 822 485 Societati
844 451 876 484 in
890 452 1074 496 praemissis

327 504 497 538 consulere
517 504 556 537 de
590 505 788 547 benignitate
817 505 994 549 apostolica
1027 505 1074 538 di-

326 567 512 600 gnaremur.

370 611 385 654 §
405 611 435 644 5.
458 612 521 645 Nos
551 611 659 655 igitur,
683 612 832 646 eumdem
853 611 1025 646 Claudium
1044 618 1075 646 et

327 664 505 708 singulares
542 665 643 709 ipsius
676 666 842 699 Societatis
878 677 1033 709 personas
1056 677 1073 699 a

326 718 490 760 quibusvis
510 719 865 760 excommunicationis,
892 720 1074 763 suspensio-

326 772 376 806 nis
412 779 444 806 et
478 773 640 806 interdicti
672 773 810 817 aliisque
849 773 1075 807 ecclesiasticis

326 826 504 867 sententiis,
525 826 670 861 censuris
689 832 720 860 et
739 827 862 870 poenis,
889 838 906 860 a
931 827 1003 860 iure
1025 827 1074 860 vel

325 879 365 912 ab
383 879 528 920 homine,
559 881 669 924 quavis
702 881 871 914 occasione
895 881 944 914 vel
964 891 1072 921 eausa,

324 933 409 974 latis,
435 933 462 966 si
499 934 616 977 quibus
649 934 893 978 quomodolibet
930 933 1075 967 innodati

325 986 478 1027 existunt,
499 987 537 1020 ad
558 987 709 1020 effectum
740 987 957 1031 praesentium
980 988 1074 1020 dum-

324 1045 410 1074 taxat
429 1041 706 1084 consequendum,
728 1040 845 1073 harum
865 1040 947 1073 serie
971 1040 1075 1073 absol-

326 1099 436 1127 ventes
470 1099 501 1127 et
537 1094 700 1127 absolutos
732 1093 801 1126 sore
827 1099 1006 1135 censentes,
1038 1105 1076 1127 ac

326 1147 564 1192 praedictarum
595 1147 775 1180 litterarum
810 1152 840 1180 et
873 1147 1075 1182 constitutio-

326 1211 405 1234 num
422 1206 550 1234 tenores
578 1201 800 1244 praesentibus
826 1211 885 1244 pro
919 1202 1076 1245 expressis

327 1254 494 1295 habentes,
515 1253 703 1287 huiusmodi
723 1253 1014 1297 supplicationibus
1029 1255 1077 1287 in-

327 1308 448 1349 clinati,
472 1308 576 1341 eidem
610 1307 744 1341 Claudio
770 1313 799 1341 et
837 1319 896 1352 pro
930 1313 1075 1352 tempore

326 1362 470 1395 existenti
495 1361 679 1405 praeposito
698 1362 840 1404 generali
873 1362 978 1395 dictae
1016 1362 1075 1396 So-

327 1415 450 1449 cietatis
469 1417 518 1448 vel
542 1416 601 1459 ipsi
641 1416 805 1456 Societati,
832 1416 910 1449 dum
932 1427 968 1450 ea
993 1417 1077 1449 scili-

327 1474 378 1503 cet
401 1469 462 1503 erit
488 1469 681 1512 generaliter
705 1476 910 1513 congregata,
933 1481 969 1504 ex
988 1481 1076 1504 nunc

326 1523 366 1555 de
387 1527 493 1556 cetero
514 1522 678 1567 perpetuis
711 1523 829 1556 futuris
860 1524 1073 1568 temporibus,

327 1587 385 1620 per
409 1587 442 1609 se
461 1577 511 1609 vel
532 1576 621 1617 alios,
643 1582 690 1617 ut,
713 1577 953 1618 informatione,
993 1578 1077 1610 sicut

327 1630 557 1674 praemittitur,
585 1631 634 1664 vel
668 1630 692 1663 si
714 1631 859 1664 utrilibet
878 1630 981 1664 visum
1001 1631 1074 1671 erit,

327 1683 613 1717 extraiudicialiter
643 1694 680 1716 ac
700 1683 875 1717 summarie
896 1689 926 1716 et
951 1683 1075 1728 simpli-

328 1736 409 1770 citer
428 1741 571 1780 accepta,
604 1737 652 1770 vel
685 1737 782 1770 etiam
814 1748 850 1770 ea
881 1736 1013 1770 omnino
1040 1748 1075 1771 o-

328 1790 435 1830 missa,
464 1790 550 1823 bona
584 1791 769 1830 domorum,
806 1791 1015 1834 collegiorum
1046 1797 1077 1825 et

327 1843 475 1877 locorum
500 1843 687 1877 huiusmodi
712 1843 837 1877 stabilia
858 1849 886 1877 et
901 1844 997 1877 etiam
1010 1855 1076 1878 mo-

326 1896 405 1930 bilia
424 1897 578 1941 pretiosa,
600 1897 783 1941 praesentia
811 1902 842 1930 et
873 1898 993 1938 sutura,
1016 1909 1075 1942 pro

327 1949 459 1983 illorum
480 1950 621 1983 utilitate·
637 1961 691 1983 seu
715 1951 917 1990 necessitate,
940 1951 1075 1994 quibus-

327 2014 468 2048 cumque
488 2004 646 2048 personis,
660 2010 724 2037 tam
737 2004 961 2038 ecclesiasticis
978 2015 1074 2048 quam

326 2058 557 2099 saecularibus,
581 2059 816 2101 cuiuscumque
833 2059 963 2101 gradus,
990 2058 1076 2091 ordi-

326 2110 378 2144 nis
397 2116 427 2144 et
446 2111 609 2155 dignitatis
633 2112 852 2153 existentibus,
880 2112 974 2145 etiam
1008 2111 1075 2145 cel-

326 2164 430 2207 legiis,
444 2165 732 2199 communitatibus
752 2170 782 2198 et
800 2165 1074 2205 universitatibus,

326 2216 365 2249 ad
390 2228 459 2250 eam
485 2218 641 2251 rationem
667 2229 749 2261 quae
776 2219 903 2264 facilius
938 2218 1075 2250 inveniri

326 2270 454 2313 poterit,
477 2277 507 2304 et
524 2282 583 2315 pro
604 2271 707 2315 pretio
737 2271 902 2315 reperibili
922 2271 1072 2311 vendere,

326 2323 479 2365 alienare,
502 2332 699 2367 permutare,
717 2326 748 2358 in
761 2325 995 2369 emphyteusim
1017 2335 1072 2358 seu

327 2375 468 2409 livellum
489 2378 528 2411 ad
551 2383 613 2411 tres
628 2379 850 2421 generationes
870 2379 918 2412 vel
940 2378 972 2411 in
988 2378 1072 2411 aliud

327 2428 459 2471 longum
481 2436 610 2474 tempus
627 2426 723 2472 dare)
739 2439 857 2472 locare,
881 2432 977 2466 etiam
999 2442 1073 2465 cum

327 2477 508 2511 donationis
546 2490 601 2512 seu
640 2480 845 2514 investiturae
873 2481 1071 2525 receptione,

328 2534 365 2557 ac
384 2534 622 2569 repraesentata
648 2530 798 2572 pecunia,
821 2530 888 2563 sine
907 2536 1013 2563 tamen
1035 2530 1073 2562 il-

328 2573 433 2606 lorum
468 2575 590 2609 reditus
617 2579 844 2619 diminutione,
867 2590 993 2613 necnon
1018 2590 1072 2622 ge-

326 2623 481 2656 neraliter
500 2630 531 2657 et
563 2627 743 2670 specialiter
763 2627 906 2672 obligare
922 2634 952 2661 et
971 2627 1072 2672 liyposs

921 237 1100 264 ΒῘΠΙΛΒΠῨΜ
1119 237 1270 263 ROMANUM

1114 291 1255 331 thecare,
1283 299 1384 334 super
1407 289 1470 323 illis
1496 299 1612 324 census
1644 298 1865 333 quoscumque

1114 343 1314 377 redimibiles
1333 343 1502 387 imponere
1523 349 1554 376 et
1573 343 1721 384 vendere,
1740 353 1866 376 net-non

1116 397 1155 431 de
1175 397 1268 431 bonis
1289 397 1411 430 eisdem
1432 396 1708 440 compromittere,
1731 402 1758 429 et
1786 406 1866 439 quo-

1115 451 1293 486 modolibet
1312 461 1410 494 super
1430 450 1493 484 illis
1517 450 1705 494 transigere,
1736 449 1865 494 illisque

1115 505 1315 549 simpliciter,
1337 505 1385 537 vel
1419 504 1467 537 liti
1500 504 1641 548 desuper
1671 503 1799 537 habitae
1828 514 1866 537 ac

1115 559 1246 600 actioni,
1282 558 1379 591 etiam
1404 557 1437 590 in
1470 567 1535 590 non
1555 565 1785 601 possessorem,
1812 567 1865 590 ce-

1115 613 1204 653 dere,
1227 618 1258 646 et
1283 622 1376 645 reum
1398 611 1508 652 citare,
1531 610 1770 654 utilitatemque
1788 620 1864 644 ven-

1116 667 1276 700 ditionum
1297 671 1328 699 et
1347 665 1488 698 aliorum
1503 663 1690 697 huiusmodi
1705 663 1754 696 vel
1769 664 1865 697 etiam

1115 719 1338 752 necessitatem
1359 722 1414 751 aut
1442 717 1537 751 aliam
1568 727 1711 758 causam,
1734 721 1866 761 propter

1116 783 1211 815 quam
1232 772 1327 813 fiunt,
1349 771 1543 815 simpliciter
1562 776 1594 804 et
1612 771 1734 814 absque
1762 769 1866 813 figura

1116 825 1240 867 iudicii,
1263 835 1472 869 cognoscere,
1499 824 1657 865 iudicare,
1679 823 1816 857 definire
1835 828 1866 858 et.

1116 879 1246 924 penitus
1278 878 1453 912 terminare
1471 877 1574 911 libere
1593 882 1625 910 et
1642 877 1729 910 licite
1748 876 1863 917 valeat,

1116 938 1146 966 et
1166 933 1244 966 alias
1263 932 1352 966 iuxta
1378 932 1538 965 dictarum
1571 931 1753 964 litterarum
1772 929 1864 964 ten'o-

1116 997 1197 1028 rem,
1219 987 1336 1019 harum
1367 985 1460 1026 serie,
1480 984 1655 1029 apostolica
1673 984 1865 1018 auctoritate

1116 1039 1336 1073 concedimus.
1358 1039 1396 1072 Et
1430 1038 1469 1071 ad
1493 1039 1568 1078 hoc,
1593 1038 1619 1071 si
1640 1048 1722 1082 opus
1755 1035 1864 1079 s'it,1i-

1117 1093 1237 1126 centias
1257 1098 1289 1126 et
1307 1092 1476 1126 facultates
1491 1102 1603 1125 omnes
1622 1085 1803 1136 praedictas
1814 1102 1864 1125 ex-

1116 1148 1279 1181 tendimus
1294 1153 1325 1180 et
1337 1146 1542 1190 ampliamus.
1563 1146 1717 1190 Ipsosque
1737 1150 1864 1179 eontra-

1116 1201 1240 1242 hentes,
1259 1200 1370 1234 habita
1398 1200 1466 1234 sola
1499 1200 1675 1244 praepositi
1705 1199 1865 1243 generalis

1116 1255 1165 1288 vel
1186 1261 1400 1298 congregatae
1415 1253 1583 1288 Societatis
1602 1264 1660 1297 per
1678 1254 1801 1287 litteras
1810 1264 1866 1298 pa-

1117 1314 1230 1349 tentes,
1258 1318 1348 1341 more
1368 1307 1469 1352 ipsius
1500 1307 1667 1341 Societatis
1696 1307 1745 1340 vel
1773 1306 1863 1347 alias,

1117 1361 1364 1395 confirmatione
1384 1366 1439 1394 aut
1458 1371 1630 1401 consensu,
1652 1360 1720 1394 solo
1741 1364 1866 1394 contra·
1903 1355 1912 1365 '

1117 1422 1171 1449 ctu
1205 1425 1337 1449 securos
1361 1414 1508 1455 existere,
1543 1425 1603 1447 nec
1637 1414 1687 1447 ad·
1709 1413 1865 1448 venditio-

1116 1481 1208 1510 num,
1241 1468 1532 1502 commutationum
1566 1473 1597 1501 et
1635 1467 1773 1501 aliarum
1801 1467 1865 1501 hu-

1117 1523 1257 1557 iusmodi
1275 1522 1506 1556 alienationum
1527 1520 1672 1555 utilitatis
1681 1531 1739 1554 seu
1755 1531 1866 1555 neces-

1118 1577 1231 1618 sitatis,
1254 1582 1310 1609 aut
1333 1575 1366 1608 in
1401 1574 1635 1619 aequivalentia
1657 1574 1707 1607 vel
1730 1573 1866 1608 meliora

1117 1631 1202 1664 bona
1236 1629 1330 1674 pretii
1365 1628 1582 1662 conversionis
1605 1628 1654 1661 vel
1682 1620 1779 1661 aliam
1811 1627 1868 1662 de-

1117 1683 1383 1718 monstrationem
1403 1683 1516 1716 teneri.
1534 1682 1666 1715 Necnon
1681 1678 1867 1716 contractus

1117 1748 1339 1783 quoscumque
1370 1747 1468 1781 super
1500 1736 1550 1770 his
1582 1736 1737 1769 hactenus
1770 1735 1867 1770 initos

1116 1797 1275 1836 perpetuo
1294 1791 1413 1831 valere,
1435 1795 1606 1834 partesque
1630 1789 1715 1833 ipsas
1733 1789 1773 1822 ad
1792 1789 1866 1823 illo-

1117 1857 1189 1880 rum
1211 1845 1467 1879 observationem
1489 1843 1621 1878 omnino
1654 1842 1803 1886 obligari,
1837 1848 1868 1876 et

1118 1906 1181 1933 tam
1219 1899 1306 1943 ipsos
1343 1899 1500 1931 hactenus
1537 1898 1633 1930 initos
1670 1901 1866 1937 contractus,

1117 1964 1214 1997 quam
1235 1953 1268 1986 in
1288 1953 1434 1986 futurum
1454 1950 1753 1994 incundos,·quibus
1764 1949 1868 1994 ipsius

1117 2006 1275 2051 generalis
1294 2004 1470 2050 praepositi
1496 2010 1625 2037 nuncet
1644 2014 1703 2047 pro
1720 2008 1868 2047 tempore

1117 2059 1279 2093 existentis
1300 2059 1346 2092 vel
1368 2058 1464 2091 etiam
1495 2063 1707 2101 congregatae
1728 2055 1868 2090 Societa-

1115 2114 1154 2146 tis<
1179 2122 1356 2146 consensus
1381 2122 1437 2144 seu
1450 2110 1655 2144 confirmatio
1679 2109 1864 2150 accesserit,

1116 2166 1177 2199 alia
1198 2166 1289 2199 Sedis
1314 2165 1518 2209 Apostolicae
1553 2154 1801 2198 confirmatione
1835 2168 1866 2198 et

1116 2219 1351 2264 approbatione
1371 2229 1436 2251 non
1461 2217 1618 2260 indigere.

1160 2274 1174 2315 ξ
1194 2272 1225 2305 5.
1266 2272 1382 2316 Sicque
1403 2282 1461 2316 per
1480 2281 1704 2315 quoscumque
1728 2270 1863 2310 iudices,

1116 2327 1297 2359 ordinarios
1317 2332 1348 2359 et
1372 2326 1546 2369 delegatos,
1569 2325 1665 2358 etiam
1694 2335 1864 2360 causarum

1117 2380 1225 2413 Palatii
1264 2379 1441 2423 Apostolici
1474 2378 1636 2412 auditores
1670 2389 1707 2412 ac
1737 2385 1865 2412 sanctae

1115 2434 1280 2467 Romanae
1304 2432 1466 2466 Ecclesiae
1479 2432 1674 2471 cardinales,⁵
1683 2432 1807 2465 sublata
1819 2431 1865 2466 eis

1115 2488 1142 2515 et
1165 2493 1278 2516 eorum
1299 2482 1428 2515 cuilibet
1456 2481 1567 2526 quavis
1587 2481 1681 2514 aliter
1701 2481 1863 2515 iudicandi

1116 2538 1143 2564 et
1170 2531 1404 2575 interpretandi
1425 2531 1577 2564 facultate
1601 2535 1632 2563 et
1661 2529 1862 2570 auctoritate,

1116 2580 1252 2613 iudicari
1273 2586 1304 2613 et
1323 2580 1449 2613 definiri
1472 2579 1602 2619 debere,
1625 2589 1751 2612 necnon
1771 2578 1863 2622 quie-

1116 2629 1194 2671 quid
1215 2639 1308 2662 sccus
1328 2628 1425 2672 super
1445 2629 1494 2662 liis
1513 2640 1531 2662 a
1554 2638 1732 2673 quoquam,
1756 2628 1863 2670 quavis

1948 2228 1955 2235 ¹
1951 2144 1959 2150 Ι

1975 2121 2004 2314 &uffan-*⁴
1975 2023 2003 2104 nto-'30³¹
1984 1887 2004 2006 ·5-‹‘-=sae
1986 1780 2005 1862 φημ’.
1994 1752 2006 1766 *⁴
1992 1714 2005 1734 s,
1996 1671 2001 1675 .
1987 1597 2001 1635 ΛΑ
1990 1536 1999 1559 .-

1891 2286 1974 2309 Glnusul
2036 2307 2039 2318 ¹

1879 2319 1921 2340 tata
1934 2319 1979 2346 σω,

1954 2416 1965 2427 t

1994 2614 2000 2625 ,
1978 2354 2004 2566 mas-,4235
