2059 3228
1844 207 1897 236 An.
1912 207 1943 238 G.
1955 208 1967 242 1
2028 199 2030 211 '

86 218 138 246 An.
156 217 185 246 G.
198 217 265 246 1587
330 207 394 240 874
886 212 1064 237 nummarii
1084 212 1236 236 nomnen

286 280 348 311 que
379 267 550 301 auctoritas
581 265 672 298 linito
711 264 851 298 triennio
887 265 1035 298 similiter
1081 269 1137 297 aut
1157 263 1298 297 cuiusvis
1312 263 1427 297 domus
1446 264 1495 298 vel
1503 264 1694 311 ‚monasterii
1713 264 1753 298 ab
1765 264 1829 298 hu·
1874 269 2005 292 ”ecem

1845 301 1902 328 liquo
1956 303 2002 328 pii*-

286 322 419 366 expiret.
1078 317 1181 351 manis
1207 317 1378 360 decedere,
1402 323 1458 351 aut
1483 318 1562 351 alias
1585 319 1830 361 quomodolibet
1844 331 1971 359 „mancini
1991 326 2030 357 ¹

305 377 342 419 ξς
363 375 417 409 12.
447 374 630 418 Capitulum
672 373 823 417 generale
861 384 1034 416 congrega·
1076 371 1224 405 officium
1257 371 1364 416 ipsum
1401 371 1563 405 dimittere
1598 373 1648 405 vel
1681 372 1829 406 amittere
1844 361 2030 420 gssf2⁰{·;ii

108 440 206 477 eufimia
227 445 266 465 ge·
286 429 380 462 tionis
399 429 670 462 Discalceatorum
692 427 947 471 nuncupandum
972 433 1034 460 ter·
1076 425 1256 468 contingat,
1269 425 1407 459 vicarius
1417 424 1589 468 generalis,
1603 426 1829 470 cumprimum
1843 424 1993 482 ξξῃζωέζζι
2006 462 2015 473 ¹,

83 472 265 529 ’,ἶῗῖἷζζ-ὼᾞζᾞῗ
285 483 328 516 tio
352 493 482 526 quoque
507 492 592 515 anno
612 481 812 528 celebretur,
835 481 981 524 illudque
1003 481 1033 512 in
1078 479 1148 512 eius
1163 478 1211 512 rei
1228 478 1375 512 notitiam
1393 478 1557 520 habuerit,
1579 478 1618 512 de
1637 484 1709 512 voto
1729 479 1830 512 dicto·
1844 487 1906 508 anum
1969 476 1994 510 -Γξ
2010 477 2030 491 ”

285 537 411 580 singula
434 535 574 569 triennia
594 535 759 568 indicendi
784 540 815 568 et
836 533 1034 568 convocandi

84 534 219 556 ⁶0¹⁰¹³¹³¹²⁶“·
1078 544 1151 565 rum
1177 532 1438 566 consiliariorum
1457 537 1489 566 et
1510 532 1644 576 capituli
1670 531 1830 576 generalis
1844 517 1962 570 ἶζζζῗιῖζω

284 590 422 624 vicarius
432 589 592 633 generalis
603 599 713 622 euram
726 589 854 630 habeat,
867 588 923 632 qui
940 588 1035 620 etiam

285 644 317 677 in
337 644 393 677 illo
418 643 611 688 praesideat.
642 643 689 676 Ad
719 643 824 686 ipsum
853 641 1035 692 capitulum

1077 587 1215 630 praefati
1235 587 1462 628 diffinitorum,
1477 587 1577 620 alium
1589 586 1623 619 in
1637 586 1707 620 eius
1718 586 1829 619 locum
1842 581 1912 601 ‘mm
1927 582 1983 612 *Ψ

1076 640 1214 674 susficiat
1230 646 1261 674 et
1279 641 1444 685 subroget,
1461 640 1554 674 cuius
1575 644 1714 684 potestas
1728 644 1761 673 et
1773 649 1830 673 au-

285 698 435 741 generale
464 697 566 731 dictae
600 697 871 741 congregationis,
907 701 1035 740 praeter

282 751 439 785 vicarium
469 752 665 795 generalem,
704 751 811 784 cuncti
850 756 880 784 et
917 749 1034 793 singuli

1079 694 1210 727 ctoritas
1230 705 1330 738 usque
1348 694 1387 728 ad
1405 694 1582 738 capitulum
1591 694 1741 737 generale
1751 703 1828 738 pro-

282 805 408 849 priores
428 805 642 849 provinciales
661 815 735 838 cum
772 804 907 847 singulis
931 803 1034 844 sociis,

1076 747 1162 781 xime
1183 748 1415 782 celebrandum
1435 747 1539 781 duret.
1972 780 1974 788 ¹

1122 802 1138 845 g
1163 801 1216 835 17.
1239 802 1272 836 Si
1305 812 1381 836 vero
1410 801 1479 846 ipse
1505 801 1643 835 vicarius
1669 793 1836 845 generalis>
1867 797 2015 833 nitens*

282 859 513 893 diffinitoribus
546 859 642 892 etiam
678 858 810 903 capituli
843 857 964 898 electis,
1004 863 1035 890 et

282 919 337 942 sex
352 909 464 943 itidem
485 908 661 942 consiliarii
676 908 830 941 accedere
851 913 1032 941 teneantur.

1842 847 1866 863 ro
1881 842 1961 864 vicario
1981 842 1997 870 ᾖ

327 963 341 1006 ξ
361 962 415 996 13.
436 963 540 1007 Atque
560 963 594 995 in
605 962 719 996 eodem
736 962 878 1006 capitulo
892 961 1035 1005 generali

112 1664 207 1689 vicarius
230 1675 269 1694 ge-

86 1699 166 1719 noratis
206 1701 268 1722 oflicii

89 1731 119 1750 sui
163 1732 269 1752 ordinaria

1077 861 1151 888 ante
1165 855 1293 889 finitum
1314 855 1516 897 sexennium,
1531 861 1561 890 et
1580 861 1753 899 antequam
1771 865 1828 899 ge·
1842 872 1910 894 „mn
1924 875 1974 894 ..m
1987 870 2006 890 -,

1079 909 1187 942 nerale
1206 910 1385 954 capitulum
1406 909 1445 943 sit
1464 914 1708 952 congregatum,
1730 920 1747 943 e
1765 909 1829 942 vita
1842 905 2013 963 ξῇ“ῃᾟί“;““ζ“

1077 962 1273 1006 migraverit,
1292 968 1370 997 tunc
1390 963 1516 1007 primus
1532 963 1688 996 diffinitor
1702 963 1828 1007 capitu·
1848 968 1900 989 Μι-

274 1017 417 1060 ,singulis
436 1016 584 1050 trienniis
604 1016 677 1050 novi
706 1016 842 1060 priores,
870 1021 932 1048 tam
963 1026 1035 1059 pro-

283 1070 436 1105 vinciales
468 1082 567 1115 quam
587 1070 788 1114 singularum
808 1070 979 1102 domorum
1005 1074 1035 1102 et

282 1125 568 1165 monasteriorum,
594 1123 668 1157 novi
688 1123 783 1157 etiam
802 1123 978 1157 consiliarii
998 1133 1035 1156 ac

282 1179 380 1212 etiam
397 1178 587 1212 diffinitores
611 1177 771 1221 eligantur
786 1177 918 1210 alternis
936 1177 1035 1210 trien-

280 1233 344 1266 niis
359 1233 452 1266 etsie
468 1238 554 1266 sexto
574 1243 706 1276 quoque
727 1242 811 1264 anno
831 1231 865 1264 in
891 1231 1033 1275 capitulo

280 1287 425 1330 generali
454 1297 511 1330 per
534 1290 605 1319 veta
638 1285 827 1319 eorumdem
847 1285 958 1318 vicarii
978 1295 1033 1327 ge-

280 1341 411 1381 neralis,
443 1351 571 1374 necnon
596 1339 742 1383 priorum
769 1339 1031 1383 provincialium,

280 1394 458 1435 sociorum,
485 1393 761 1437 diffinitorumque
782 1398 813 1426 et
832 1392 1035 1426 consiliario-

282 1458 355 1481 rum
376 1448 520 1492 primum
540 1447 674 1491 quidem
700 1447 773 1480 novi
796 1446 907 1479 vicarii
934 1457 1033 1489 gene-

282 1502 371 1542 ralis,
391 1502 508 1535 deinde
531 1512 606 1534 vero
641 1505 823 1533 ceterorum
843 1500 1033 1534 huiusmodi

283 1556 489 1600 superiorum
510 1555 683 1588 electiones
703 1554 921 1588 celebrentur.

328 1610 343 1653 ἓ
364 1609 415 1643 lli.
450 1610 604 1653 idemque
632 1608 772 1642 vicarius
804 1607 964 1651 generalis
997 1618 1034 1641 ex

284 1675 372 1697 nunc
392 1663 544 1707 deinceps
572 1662 737 1707 perpetuis
770 1662 888 1695 suturis
908 1668 1033 1706 tempo-

285 1718 375 1750 ribus
389 1728 463 1750 cum
484 1716 628 1761 primum
649 1715 827 1759 aplurimis
846 1716 902 1759 qui
922 1726 1032 1749 vocem

1076 1016 1099 1048 li
1119 1016 1355 1060 praecedentis,
1377 1022 1432 1050 aut
1448 1016 1622 1058 secundus,
1643 1016 1735 1050 etsie
1754 1026 1829 1049 sue-

1077 1070 1197 1103 cessive
1214 1070 1254 1104 de
1268 1069 1402 1114 reliquis
1417 1069 1647 1103 diffinitoribus
1667 1069 1700 1102 in
1719 1069 1828 1103 defee-
1849 1088 1852 1091 ⁴

1078 1128 1146 1157 turn
1180 1124 1467 1167 praecedentium,
1499 1123 1558 1156 toti
1585 1123 1828 1167 congregationi

1076 1178 1272 1222 praesideat,
1291 1178 1347 1222 qui
1372 1178 1514 1219 interim,
1542 1188 1713 1222 quousque
1738 1177 1827 1221 capi-

1075 1233 1181 1266 tulum
1201 1233 1350 1276 generale
1361 1233 1553 1273 celebretur,
1572 1236 1602 1265 et
1618 1232 1652 1264 in
1669 1242 1707 1265 eo
1726 1242 1828 1266 novus

1075 1287 1213 1320 vicarius
1241 1287 1400 1330 generalis
1419 1286 1566 1330 eligatur,
1591 1285 1753 1329 generalis
1781 1285 1828 1318 vi-

1076 1341 1157 1374 carii
1177 1341 1285 1374 locum
1316 1346 1348 1375 et
1374 1346 1565 1385 potestatem
1579 1341 1714 1380 ¹habeam
1744 1345 1776 1373 et
1801 1339 1827 1372 si

1074 1400 1204 1439 tempus
1223 1394 1418 1428 celebrando
1446 1394 1588 1439 capitulo
1608 1393 1763 1437 generali,
1793 1398 1829 1426 ut

1075 1449 1199 1482 dictum
1232 1454 1290 1491 est,
1326 1448 1518 1493 praefixum,
1547 1449 1634 1481 ultra
1658 1447 1828 1481 biennium

1075 1503 1313 1547 expectandum
1347 1509 1453 1544 esset,
1489 1507 1581 1535 curet
1620 1501 1717 1534 etiam
1753 1505 1828 1533 ante

1074 1562 1202 1601 tempus
1218 1558 1407 1601 praefixum,
1428 1567 1503 1590 cum
1522 1555 1665 1600 primum
1685 1554 1717 1588 id
1737 1565 1829 1588 eom-

1075 1611 1171 1644 mode
1194 1610 1267 1644 fieri
1299 1611 1430 1655 poterit,
1462 1609 1643 1653 capitulum
1675 1608 1829 1652 generale

1075 1663 1175 1697 indici
1195 1669 1226 1698 et
1250 1663 1433 1704 convocari,
1461 1663 1545 1696 etin
1565 1673 1604 1696 eo
1638 1672 1758 1695 novum
1782 1660 1829 1694 vi-

1076 1718 1199 1751 carium
1225 1728 1285 1762 pro
1305 1717 1458 1752 sexennio
1483 1716 1629 1760 sequenti
1651 1715 1737 1758 eligi.

87 1762 156 1781 statim
173 1766 267 1789 exercet,

284 1774 317 1806 in
337 1771 475 1815 capitulo
491 1769 1034 1813 generalicongregationishabere
1119 1772 1134 1815 g
1156 1771 1208 1805 18.
1235 1771 1368 1815 Insuper
1399 1771 1504 1804 eidem
1533 1769 1651 1803 vicario
1679 1767 1822 1812 generali
1873 1769 2011 1796 vicariis·-

88 1797 183 1817 gravxora
219 1800 269 1815 vero
2021 1809 2024 1815 Κ

87 1827 269 1880 ξοῑζίθῗζὲζΐέ]
285 1826 415 1865 dehent,
441 1835 499 1857 seu
523 1834 636 1856 eorum
666 1823 781 1855 maiori
803 1828 907 1866 parte,
930 1823 963 1856 in
991 1822 1034 1855 vi-
1076 1836 1135 1868 pro
1160 1831 1305 1869 tempore
1334 1826 1455 1863 futuro,
1482 1831 1546 1858 tam
1573 1824 1607 1857 in
1635 1824 1697 1856 hoe
1717 1822 1823 1867 primo
1839 1802 1999 1854 52220122*
2016 1835 2018 1837 -

1075 1879 1180 1923 quam.
1194 1890 1402 1923 quocumque
1433 1879 1496 1912 alio
1526 1878 1628 1911 dictae
1648 1887 1825 1920 congrega·
1839 1864 2018 1922 {2322}ssssss

1079 1933 1173 1967 tionis
1193 1944 1252 1977 pro
1290 1939 1435 1977 tempore
1462 1931 1656 1966 celebrando
1684 1930 1826 1974 capitulo
1843 1926 2001 1979 {mm-„¹¹⁰
2018 1927 2024 1965 s

1078 1987 1230 2029 generali,
1256 1991 1374 2019 statuta
1392 1995 1625 2029 quaecumque
1645 1989 1676 2017 et
1695 1983 1827 2017 ordina·
1847 1993 1899 2025 serq
1913 1991 1958 2010 σω·

87 1885 126 1920 τρι.
158 1887 270 1908 coufirma-
286 1879 408 1912 carium
428 1878 623 1920 generalem,
646 1882 681 1909 ut
698 1878 891 1921 praefertur,
914 1877 1035 1910 electus

88 1919 176 1938 ¹¹⁰¹’em'
285 1932 435 1971 extiterit,
450 1942 487 1964 eo
503 1931 572 1974 ipso
583 1930 747 1964 ordinaria
767 1930 816 1963 sui
830 1930 927 1964 officii
945 1941 1035 1965 exer-

287 1997 359 2019 cere
379 1985 602 2019 tantummodo
635 1985 748 2028 possit3
784 1984 932 2026 graviora
960 1995 1035 2018 vero

117 2260 203 2288 Quando
219 2260 274 2282 cele-

91 2291 169 2312 branda
185 2292 274 2318 capitula

92 2323 245 2348 provincialia?

286 2040 335 2073 rel
360 2039 473 2072 altiora
503 2049 568 2071 non
593 2039 654 2071 nisi
684 2044 854 2082 postquam
879 2050 897 2071 a
928 2039 1036 2082 priore

286 2092 427 2135 generali
448 2092 646 2135 approbatus
665 2097 696 2125 et
712 2092 921 2125 confirmatus
940 2092 1038 2126 suerit

287 2156 400 2187 gerere
416 2153 471 2178 aut
491 2145 606 2188 exequi
624 2145 739 2178 valeat.

332 2198 418 2241 315.
442 2199 577 2232 Dimisso
606 2198 749 2241 generali
777 2198 930 2242 capitulo,
956 2197 1039 2231 infra

289 2252 603 2285 decimumoctavum
623 2262 780 2293 mensem,
797 2252 934 2296 quisque
950 2252 1040 2296 prior

290 2305 494 2348 provincialis
527 2316 602 2338 suae
636 2305 820 2350 provinciae
858 2306 1040 2350 capitulum

289 2359 459 2391 convocari
485 2365 588 2400 curet,
610 2365 705 2403 atque
731 2359 809 2392 inibi
830 2360 936 2393 socius
957 2345 1061 2403 prio-¹

290 2406 333 2438 ris
362 2407 565 2449 provincialis
602 2408 641 2440 ad
674 2409 823 2451 generale
859 2409 1040 2452 capitulum

291 2456 546 2498 congregationis
566 2468 639 2489 cum
662 2467 699 2490 eo
720 2457 836 2498 iturus,
866 2464 898 2491 et
922 2457 1041 2490 diffini-

290 2509 373 2537 tores
390 2505 459 2537 cius
484 2505 665 2548 provinciae
682 2505 852 2549 eligantur.

336 2552 350 2594 ,ξ
374 2553 427 2585 ¹10.
450 2553 481 2586 Si
516 2560 589 2586 aute
628 2554 753 2587 linitum
789 2555 920 2598 gerendi
942 2555 1039 2589 officii

293 2606 418 2645 tempus
451 2602 591 2645 priorem
620 2603 763 2646 aliquem
793 2605 1039 2647 provincialem,

1080 2039 1194 2081 tiones,
1214 2036 1253 2073 ad
1273 2039 1328 2074 Dei
1352 2040 1523 2080 honorem,
1543 2038 1706 2071 salubrem
1724 2037 1828 2070 resor-

1080 2093 1253 2126 mationem
1270 2098 1301 2126 et
1324 2093 1446 2126 bonum
1467 2092 1613 2135 regimen
1629 2091 1733 2124 dietae
1753 2100 1829 2124 con-

1079 2146 1277 2190 gregationis
1310 2146 1517 2191 pertinentia,
1548 2136 1721 2186 condendi,
1755 2154 1829 2177 mu-

1080 2200 1181 2241 tandi,
1203 2200 1372 2241 alterandi,
1398 2200 1432 2232 in
1455 2205 1573 2240 totum,
1604 2198 1630 2232 si
1654 2197 1828 2238 videbitur,
1865 2196 1871 2202 '

1080 2254 1271 2297 abrogandi,
1295 2253 1333 2287 de
1353 2264 1435 2287 novo
1460 2252 1632 2293 condendi,
1654 2251 1830 2285 dummodo

1082 2307 1182 2340 sacris
1209 2308 1400 2349 canonibus,
1423 2307 1554 2341 concilii
1573 2305 1753 2340 Tridentini
1773 2305 1830 2338 de-

1083 2361 1195 2402 cretis,
1231 2372 1268 2394 ae
1305 2361 1591 2395 constitutionibus
1627 2358 1830 2404 apostolicis,

1082 2420 1209 2443 necnon
1234 2410 1416 2454 primitivae
1440 2410 1581 2453 Regulae
1596 2420 1633 2442 ac
1645 2407 1830 2442 eorum'in-

1083 2459 1200 2492 stitutis
1232 2460 1298 2493 non
1334 2460 1556 2499 adversentum
1595 2458 1715 2491 abusus
1748 2467 1830 2501 quo·
1859 2496 1862 2499 Ι

1083 2517 1241 2552 seumque
1266 2507 1412 2549 tollendi,
1443 2518 1545 2552 eaque
1569 2508 1608 2541 ab
1629 2505 1780 2540 omnibus
1799 2510 1830 2538 et

1083 2557 1343 2602 quibuscumque
1375 2557 1470 2591 etiam
1502 2556 1676 2601 prioribus,
1703 2554 1830 2598 provin-

1084 2605 1219 2641 cialibus
1236 2612 1291 2641 aut
1314 2605 1385 2641 aliis
1400 2605 1602 2647 officialibus,
1624 2603 1775 2646 praelatis
1796 2607 1828 2635 et
