2059 3228
847 160 950 184 srxTUS
968 161 988 183 V
1011 160 1058 184 1¹1⁵.

1614 141 1678 184 '841

189 211 277 244 mino
298 221 362 245 non
385 212 662 250 1·estitiientes,x·el
687 213 739 245 ubi
763 223 818 246 sen
841 223 939 256 penes
957 217 959 232 ¹
979 214 1003 244 si
1025 212 1055 245 in
1077 212 1218 245 medium
1241 211 1400 245 exhibitae
1421 217 1526 245 essent
1545 211 1595 245 vel
1619 216 1727 245 osten-

188 275 285 308 quem
307 275 360 297 seu
383 277 462 307 qnos
489 266 538 298 illa
569 267 631 299 sint
661 267 797 299 seientes
818 273 847 299 ct
872 277 936 299 non

188 318 379 358 revelantes,
408 325 568 361 tamquam
591 327 703 352 contra
725 322 821 358 l'urcs,
841 321 937 353 etiam

189 425 295 459 officio
320 432 350 459 et
382 438 438 469 per
463 426 715 469 inquisitionem,
743 427 780 459 ad
808 427 937 460 illorum

189 479 441 512 carcerationem
459 485 489 512 et
509 481 669 519 examina,
690 491 749 523 pro
771 480 937 523 reperien-

189 531 230 565 da
248 532 393 573 veritate,
415 544 451 565 ac
478 539 573 576 prout
594 533 672 565 iuris
692 533 798 573 suerit,
820 534 860 566 ad
882 544 937 566 eo-

188 595 261 618 rum
281 587 597 627 condemnationem,
622 587 771 630 illiusque
793 593 821 619 ct
847 597 938 630 prac-

188 639 326 672 fatarum
362 650 539 683 poenarum
574 639 807 679 executionem,
840 640 957 673 etiam'

188 692 338 726 omnibus
363 693 433 726 aliis
455 693 532 725 iuris
553 699 583 725 et.
603 693 674 725 sacti
695 693 751 725 viis
781 699 811 726 et,
832 704 936 727 reme-

188 746 260 788 diis
279 752 462 790 opportune
479 747 644 791 procedat.

231 800 247 844 ἓ
271 798 302 833 3.
326 801 361 833 Ut
395 807 502 833 autem
524 801 603 833 haec
628 800 778 833 omnibus
810 800 936 834 innote-

187 859 289 893 scant,
307 859 371 886 tam
393 859 578 898 praesentes
596 864 734 897 quarum
769 855 869 887 solam
897 854 937 887 si-

186 912 356 952 gnaturam
371 908 517 941 sufficere
530 909 689 945 volumus,
702 918 799 951 quam
813 914 936 941 motum

188 960 355 1005 proprium
370 961 572 1001 facultatum,
590 971 670 1004 quas
681 961 751 1004 piac
772 962 936 995 memoriae

187 1014 262 1048 Pius
280 1014 365 1058 Papa
386 1015 418 1051 Y,
445 1015 674 1058 praedecessor
705 1021 824 1055 noster,
848 1015 935 1056 olim,

186 1077 247 1112 pro
271 1068 519 1112 recuperatione
540 1068 774 1112 scripturarum
794 1067 936 1101 Camerze

187 1126 219 1154 et
242 1120 333 1154 Sedis
369 1121 583 1165 Apostolieae‚
618 1121 722 1153 bonae
761 1121 937 1154 memoriae

187 1174 300 1208 Carolo
325 1175 363 1208 de
389 1175 511 1208 Grassis
531 1175 684 1219 episcopo
709 1175 938 1208 Montisssasco-

186 1227 291 1269 nensi‚
313 1233 342 1261 et
363 1229 732 1273 quondamHonuphrio
751 1228 936 1270 Camaiano,

188 1280 293 1314 dictae
308 1281 462 1315 Gamerae
481 1282 690 1325 praesidenti,
716 1282 795 1315 dum
815 1281 849 1314 in
873 1282 936 1315 hu-

188 1334 293 1368 manis
307 1341 450 1378 agerent,
470 1335 529 1368 snh
554 1336 626 1368 data
646 1335 794 1369 videlicet
813 1345 864 1368 xiv
884 1336 938 1368 ka-

188 1388 300 1422 lendas
321 1388 524 1432 septembris,
544 1389 754 1433 pontificatus
780 1389 829 1422 sui
852 1399 937 1423 anno

188 1441 294 1483 tertio,
319 1448 538 1484 concesserat,
562 1443 600 1475 de
626 1454 764 1486 quarum
789 1443 937 1487 publica-

188 1495 278 1529 tione
300 1505 367 1530 non
387 1502 524 1537 constat,
543 1508 688 1540 quasque
701 1497 866 1530 facultates
879 1507 938 1530 nos

189 1559 296 1594 nuper
324 1549 358 1583 in
390 1561 561 1594 personam
591 1550 666 1583 dieti
696 1550 823 1584 loffredi
848 1561 938 1584 com-

189 1604 326 1637 missarii
344 1615 410 1648 perr
421 1605 549 1638 easdem
563 1610 689 1637 nostras
704 1604 936 1645 innovavimus,

190 1658 225 1691 in
253 1658 350 1691 valvis
379 1658 531 1691 basilicae
565 1659 595 1692 S.
623 1658 706 1691 Petri
732 1658 770 1691 de
799 1658 884 1692 Urbe
909 1663 940 1692 et

190 1710 343 1745 Gamerae
369 1712 585 1755 Apostolieae‚
619 1722 746 1745 necnon
778 1711 941 1745 (lancella-

190 1765 258 1798 riae
277 1771 404 1798 nostrae
415 1766 669 1810 Apostolicae,et
689 1766 721 1798 in
742 1766 810 1799 acie
830 1766 941 1810 Campi

192 1817 318 1859 Florae,
343 1830 402 1863 per
425 1829 528 1852 unum
549 1830 586 1852 ex
606 1819 723 1852 nostris
751 1819 940 1852 cursoribus

193 1872 367 1916 publicari,
394 1883 571 1916 earumque
592 1873 749 1916 exempla,
763 1873 860 1905 etiam
879 1872 941 1905 im-

194 1935 315 1969 pressa,
338 1927 376 1960 de
391 1937 480 1960 more
501 1927 585 1969 affigi
603 1927 814 1966 manda1nus3
835 1926 942 1970 publi-

195 1978 420 2023 cationemqne
440 1980 627 2013 huiusmodi
648 1990 715 2020 eos,
742 1989 824 2023 qnos
847 1990 943 2024 prae-

196 2032 293 2066 missa
313 2039 526 2074 concernunt,
549 2034 690 2074 allicere,
713 2033 846 2077 perinde
870 2044 907 2066 ac
918 2033 944 2066 si

197 2085 374 2130 unicuique
399 2097 513 2120 eornm
543 2086 756 2130 personaliter
780 2086 944 2121 intimatae

196 2139 342 2180 fuissent,
364 2139 582 2180 decernimus,
610 2150 683 2172 cum
709 2150 836 2181 eorum,
862 2151 945 2184 quae

196 2198 260 2226 tam
271 2193 402 2237 publice
421 2193 642 2233 notificantur,
662 2194 744 2226 nulli
759 2194 862 2227 valeat
873 2205 946 2238 pro-

196 2246 334 2279 babilem
360 2247 573 2290 ignorantiam
596 2247 746 2290 allegare.

240 2300 255 2343 ἓ
279 2298 310 2332 lt.
333 2300 377 2333 Ac
397 2299 494 2332 etiam
522 2300 669 2333 volumus
703 2306 734 2333 et
754 2300 947 2333 mandamus

102 2366 112 2378 ι
135 2367 144 2376 r
173 2347 285 2391 -quod
318 2348 537 2391 praesentium
572 2349 730 2392 exempla,
766 2349 874 2390 etiam,
912 2355 947 2382 ut

198 2396 428 2441 praemittitur,
466 2396 638 2440 impressa,
673 2408 838 2442 manuque
872 2397 949 2431 dicti

199 2445 328 2479 roffredi
351 2445 564 2479 commissarii
591 2446 789 2490 subscripta,
819 2453 851 2480 et
880 2447 949 2481 eius

979 275 1042 298 sac.
1060 265 1093 297 Et
1116 265 1327 298 nihilominus
1343 266 1439 297 ctiam
1462 265 1654 298 mandamus
1674 264 1727 297 lit-

957 356 958 364 ,
979 324 1062 351 teras
1087 319 1290 362 apostolicas,
1330 318 1393 351 sire
1418 320 1478 352 sub
1509 319 1643 363 plumbo
1663 318 1728 351 sive

188 371 274 406 iuxta
295 373 363 405 eius
382 373 559 406 ordinarias
580 374 759 410 facultates,
783 374 877 407 etiam
900 384 936 407 ex
956 373 958 404 ζ

979 372 1011 404 in
1033 372 1135 405 forma
1151 372 1266 412 brevis,
1290 372 1564 416 quandocumque
1585 371 1728 416 expediri

979 435 1083 469 posse.

1194 478 1312 519 Placet,
1336 485 1425 513 motu
1450 480 1595 524 proprio,
1622 480 1655 512 F.

1022 530 1199 574 Registrata
1217 531 1247 563 in
1268 532 1355 565 Cam.
1375 533 1483 576 Apost.
1507 533 1562 566 tib.
1585 543 1595 566 1
1620 533 1725 576 signa-

978 590 1123 618 turarum
1149 584 1180 617 S.
1220 586 1252 617 [l.
1280 586 1331 625 N„
1365 587 1419 619 sol.
1455 586 1530 627 ⁴178,
1557 597 1655 631 penes
1675 597 1726 619 me

978 638 1217 682 infrascriptum
1251 640 1357 674 dictae
1384 640 1534 674 Gamerae
1564 640 1726 674 notarium

978 698 1009 726 et
1032 693 1209 726 custodem.

1286 747 1410 791 Tydeus
1427 748 1467 780 de
1487 748 1634 781 Marchis.

1018 799 1074 833 Die
1093 810 1175 833 xxvn
1194 800 1305 844 aprilis·
1323 811 1492 834 imLxxxvn
1508 801 1726 845 suprascripta

978 859 1084 887 motus
1108 854 1233 898 proprii
1259 855 1373 887 cedula
1393 856 1487 888 al'tixa
1511 861 1541 888 ct
1562 855 1726 899 publicata

977 907 1048 949 suit,
1070 918 1134 941 una
1159 919 1233 940 cum
1253 908 1314 941 alia
1335 908 1484 951 superius
1500 914 1628 941 narrata
1647 909 1727 941 alte-

956 986 957 1004 }
976 961 1044 994 rius
1063 967 1171 994 motus
1190 961 1315 1005 proprii
1332 962 1456 1001 cedula,
1471 962 1503 994 in
1519 962 1597 994 locis
1612 973 1726 1005 supra-

977 1012 1116 1059 scriptis,
1139 1021 1174 1048 ut
1185 1014 1283 1048 moris
1299 1020 1357 1055 est,
1371 1026 1428 1058 per
1447 1015 1551 1048 melo.
1566 1015 1725 1048 Andream

976 1068 1155 1108 Panizzam‚
1178 1068 1377 1102 Sanctissimi
1396 1069 1431 1102 D.
1458 1068 1493 1101 N.
1521 1068 1626 1112 Papae
1652 1079 1726 1101 eur-

977 1133 1094 1156 sorem.

1142 1177 1229 1209 Alex.
1252 1176 1458 1217 Parabiacus,
1481 1177 1561 1219 Mag.
1589 1177 1680 1209 Curs.

1017 1233 1089 1264 Pub.
1100 1233 1148 1264 die
1159 1234 1196 1264 27
1212 1234 1315 1274 aprilis
1327 1234 1528 1274 '1587,pontis.
1547 1244 1624 1264 anno
1639 1243 1671 1264 11.

1272 1356 1426 1406 pxxxlv.

1043 1427 1171 1461 Erectio
1197 1428 1430 1472 typ097·aplziae
1460 1428 1634 1461 Vaticanac
1653 1428 1680 1461 1.

1023 1508 1117 1537 Sixtus
1127 1510 1199 1545 Papa
1208 1508 1239 1542 V.
1250 1509 1284 1537 ad
1293 1510 1455 1545 perpetuam
1465 1509 1506 1537 rei
1515 1509 1683 1538 memoriam.

1022 1580 1100 1613 Eam
1111 1591 1240 1624 semper
1260 1591 1296 1613 ex
1311 1579 1461 1613 omnibus
1481 1580 1638 1613 immenso
1659 1590 1729 1611 mu-

979 1624 1061 1675 neri,
1095 1634 1182 1678 quod
1212 1633 1441 1673 substinemus,
1468 1633 1728 1666 incumbentibus

980 1688 1078 1729 euris,
1100 1687 1301 1731 potissimam
1323 1688 1363 1719 ob
1393 1687 1505 1720 oeulos
1535 1686 1729 1725 habendam,

980 1752 1018 1775 ac
1038 1741 1082 1774 ibi
1098 1741 1249 1774 solertius
1262 1741 1494 1782 invigilandum
1507 1746 1537 1772 et
1555 1739 1729 1783 praecipue

980 1795 1163 1838 urgendum
1179 1805 1246 1827 esse
1268 1794 1428 1833 duximus,
1442 1793 1510 1833 ubi,
1528 1793 1576 1825 vel
1597 1792 1636 1825 ad
1653 1792 1730 1825 bae-

981 1848 1159 1882 reticorum
1181 1847 1377 1881 execrabiles
1394 1856 1519 1879 errores
1537 1846 1732 1889 detegendos

983 1907 1016 1935 et
1035 1901 1286 1941 conculcandos,
1304 1901 1349 1933 rel
1372 1900 1410 1932 ad
1431 1900 1620 1942 religionem
1636 1899 1732 1932 latius

983 1955 1225 1999 propagandam
1251 1955 1359 1987 locum
1387 1959 1608 1996 opportunum
1642 1958 1732 1995 pate-

983 2009 1054 2042 fieri
1078 2019 1171 2052 posse
1204 2008 1457 2051 agnoscerimus.
1485 2006 1734 2039 Considerantes

984 2062 1104 2096 etenim
1124 2073 1160 2095 ex
1185 2062 1239 2094 illa
1263 2067 1365 2104 parte,
1393 2061 1464 2093 illos
1488 2059 1644 2103 paulatim
1669 2059 1735 2092 suis

985 2116 1151 2149 erroribus
1171 2121 1347 2159 serpentes,
1370 2124 1546 2156 sensusque
1571 2119 1599 2146 ct
1619 2113 1735 2145 verita-

987 2176 1049 2202 tem
1062 2179 1226 2201 sacrarum
1242 2167 1442 2211 scripturaru
1449 2178 1478 2198 m
1493 2165 1611 2198 insanis
1621 2176 1735 2198 eorum

987 2221 1173 2254 fictionibus
1203 2226 1431 2264 pervertentes,
1463 2225 1491 2252 et
1519 2230 1576 2262 pro
1603 2219 1736 2252 illorum

988 2274 1120 2308 arbitrio
1132 2280 1243 2307 contra
1264 2284 1337 2306 eum
1361 2283 1502 2313 sensum,
1517 2283 1613 2316 quem
1634 2272 1738 2305 tenuit

989 2334 1019 2361 et
1043 2334 1131 2360 tenet
1156 2333 1265 2360 sam-ta
1294 2333 1395 2359 mater
1427 2325 1581 2367 Ecclesia,
1608 2330 1737 2358 contor-

989 2387 1136 2425 quentes,
1150 2380 1314 2423 librosque
1327 2379 1436 2419 etiam,
1450 2384 1546 2422 prout
1563 2378 1737 2421 impiarum

991 2434 1148 2467 mentium
1171 2434 1261 2466 l'uror
1287 2433 1350 2464 illis
1370 2431 1477 2471 suasit,
1499 2431 1736 2475 imprimentes,

201 2494 304 2538 sigillo
325 2494 475 2537 sigillata,
498 2496 645 2528 eamdem
662 2495 783 2539 ubique
802 2497 949 2530 locorum
992 2488 1160 2533 pristinam
1186 2486 1349 2519 veritatem
1371 2485 1461 2518 novis
1478 2495 1590 2518 eorum
1608 2484 1740 2517 menda-

203 2542 300 2576 fidem
321 2542 434 2576 saciant
449 2571 456 2583 ,
479 2554 576 2587 quam
594 2550 780 2587 praesentes
798 2545 950 2588 facerent,

283 2591 364 2623 Ball.
388 2591 466 2622 Rom.
488 2592 542 2623 t'ol.
562 2592 635 2623 t'ffl.
816 2593 873 2625 106

1029 2556 1039 2582 1
1060 2553 1102 2581 Ex
1121 2554 1233 2588 Regest.
1249 2552 1278 2580 in
1292 2552 1398 2580 Secret.
1414 2551 1556 2580 Brevium.

1744 158 1797 186 An.
1814 157 1843 186 C.
1856 156 1924 186 1587

1757 486 1826 513 rapae
1842 486 1925 507 subscr.

1762 539 1890 565 ttegtstrano
1904 540 1924 559 iu

1742 571 1837 593 (lamera.

1770 1584 1925 1606 Pron-minutal»

1743 1618 1833 1637 utilitate
1849 1623 1872 1635 ae
1885 1621 1925 1635 nc-

1744 1647 1845 1668 ccssitatc
1877 1646 1927 1666 eri-

1743 1678 1827 1703 rigendi
1845 1678 1926 1697 buius—

1744 1709 1799 1729 modi
1815 1707 1926 1728 bibliothe-

1744 1747 1789 1762 cam
1804 1741 1896 1760 ductum,
