<?xml version="1.0" encoding="UTF-8"?>
<!DOCTYPE html PUBLIC "-//W3C//DTD XHTML 1.0 Transitional//EN"
    "http://www.w3.org/TR/xhtml1/DTD/xhtml1-transitional.dtd">
<html xmlns="http://www.w3.org/1999/xhtml" xml:lang="en" lang="en">
 <head>
  <title>
</title>
<meta http-equiv="Content-Type" content="text/html;charset=utf-8" />
  <meta name='ocr-system' content='tesseract 3.04.00' />
  <meta name='ocr-capabilities' content='ocr_page ocr_carea ocr_par ocr_line ocrx_word'/>
</head>
<body>
  <div class='ocr_page' id='page_1' title='image "./bullarumdiplomat08cath/bullarumdiplomat08cath_0926.png"; bbox 0 0 2059 3228; ppageno 0'>
   <div class='ocr_carea' id='block_1_1' title="bbox 355 209 418 243">
    <p class='ocr_par' dir='ltr' id='par_1_1' title="bbox 355 209 418 243">
     <span class='ocr_line' id='line_1_1' title="bbox 355 209 418 243; baseline 0.032 -2"><span class='ocrx_word' id='word_1_1' title='bbox 355 209 418 243; x_wconf 72' lang='grc'>910</span> 
     </span>
    </p>
   </div>
   <div class='ocr_carea' id='block_1_2' title="bbox 94 268 1056 2342">
    <p class='ocr_par' dir='ltr' id='par_1_2' title="bbox 303 268 1056 571">
     <span class='ocr_line' id='line_1_2' title="bbox 309 268 1056 303; baseline -0.007 0"><span class='ocrx_word' id='word_1_2' title='bbox 309 271 369 303; x_wconf 83' lang='lat' dir='ltr'>ctis</span> <span class='ocrx_word' id='word_1_3' title='bbox 393 270 481 303; x_wconf 85' lang='lat' dir='ltr'>novis</span> <span class='ocrx_word' id='word_1_4' title='bbox 513 269 639 303; x_wconf 73' lang='lat' dir='ltr'>clericis</span> <span class='ocrx_word' id='word_1_5' title='bbox 668 268 774 302; x_wconf 86' lang='lat' dir='ltr'>reditu</span> <span class='ocrx_word' id='word_1_6' title='bbox 803 276 912 301; x_wconf 91' lang='lat' dir='ltr'>annuo</span> <span class='ocrx_word' id='word_1_7' title='bbox 942 277 1056 301; x_wconf 91' lang='lat' dir='ltr'>novem</span> 
     </span>
     <span class='ocr_line' id='line_1_3' title="bbox 308 322 1056 366; baseline -0.003 -10"><span class='ocrx_word' id='word_1_8' title='bbox 308 324 443 356; x_wconf 90' lang='lat' dir='ltr'>millium</span> <span class='ocrx_word' id='word_1_9' title='bbox 465 329 631 356; x_wconf 81' lang='lat' dir='ltr'>scutorum</span> <span class='ocrx_word' id='word_1_10' title='bbox 653 323 722 355; x_wconf 89' lang='lat' dir='ltr'>auri</span> <span class='ocrx_word' id='word_1_11' title='bbox 744 322 776 355; x_wconf 92' lang='lat' dir='ltr'>in</span> <span class='ocrx_word' id='word_1_12' title='bbox 796 333 875 355; x_wconf 87' lang='lat' dir='ltr'>auro</span> <span class='ocrx_word' id='word_1_13' title='bbox 900 333 936 355; x_wconf 84' lang='lat' dir='ltr'>cx</span> <span class='ocrx_word' id='word_1_14' title='bbox 957 333 1056 366; x_wconf 90' lang='lat' dir='ltr'>pecu-</span> 
     </span>
     <span class='ocr_line' id='line_1_4' title="bbox 306 376 1053 420; baseline 0 -12"><span class='ocrx_word' id='word_1_15' title='bbox 306 377 366 409; x_wconf 86' lang='lat' dir='ltr'>niis</span> <span class='ocrx_word' id='word_1_16' title='bbox 378 377 597 410; x_wconf 76' lang='lat' dir='ltr'>thesaurariae</span> <span class='ocrx_word' id='word_1_17' title='bbox 611 376 795 420; x_wconf 85' lang='lat' dir='ltr'>provinciae</span> <span class='ocrx_word' id='word_1_18' title='bbox 810 376 1053 415; x_wconf 86' lang='lat' dir='ltr'>Romandiolae‚</span> 
     </span>
     <span class='ocr_line' id='line_1_5' title="bbox 305 428 1054 473; baseline 0.001 -12"><span class='ocrx_word' id='word_1_19' title='bbox 305 430 438 472; x_wconf 78' lang='lat' dir='ltr'>eiusque</span> <span class='ocrx_word' id='word_1_20' title='bbox 452 428 685 469; x_wconf 86' lang='lat' dir='ltr'>Cancellariae,</span> <span class='ocrx_word' id='word_1_21' title='bbox 699 441 826 463; x_wconf 81' lang='lat' dir='ltr'>necnon</span> <span class='ocrx_word' id='word_1_22' title='bbox 838 435 1054 473; x_wconf 77' lang='lat' dir='ltr'>proventuum</span> 
     </span>
     <span class='ocr_line' id='line_1_6' title="bbox 304 484 1053 526; baseline 0 -11"><span class='ocrx_word' id='word_1_23' title='bbox 304 484 540 517; x_wconf 73' lang='lat' dir='ltr'>maleficiorum</span> <span class='ocrx_word' id='word_1_24' title='bbox 555 511 562 525; x_wconf 80' lang='lat'>,</span> <span class='ocrx_word' id='word_1_25' title='bbox 579 489 754 517; x_wconf 87' lang='lat' dir='ltr'>tractarum</span> <span class='ocrx_word' id='word_1_26' title='bbox 782 484 945 523; x_wconf 77' lang='lat' dir='ltr'>frumenti,</span> <span class='ocrx_word' id='word_1_27' title='bbox 975 494 1053 526; x_wconf 73' lang='lat' dir='ltr'>aug-</span> 
     </span>
     <span class='ocr_line' id='line_1_7' title="bbox 303 537 1055 571; baseline 0.001 -2"><span class='ocrx_word' id='word_1_28' title='bbox 303 537 402 569; x_wconf 90' lang='lat' dir='ltr'>menti</span> <span class='ocrx_word' id='word_1_29' title='bbox 423 537 498 570; x_wconf 81' lang='lat' dir='ltr'>salis</span> <span class='ocrx_word' id='word_1_30' title='bbox 531 543 562 571; x_wconf 86' lang='lat' dir='ltr'>et</span> <span class='ocrx_word' id='word_1_31' title='bbox 595 538 735 570; x_wconf 88' lang='lat' dir='ltr'>aliorum</span> <span class='ocrx_word' id='word_1_32' title='bbox 767 537 986 571; x_wconf 79' lang='lat' dir='ltr'>subsidiorum</span> <span class='ocrx_word' id='word_1_33' title='bbox 1024 543 1055 570; x_wconf 85' lang='lat' dir='ltr'>et</span> 
     </span>
    </p>

    <p class='ocr_par' dir='ltr' id='par_1_3' title="bbox 110 590 1052 1060">
     <span class='ocr_line' id='line_1_8' title="bbox 301 590 989 635; baseline 0.001 -13"><span class='ocrx_word' id='word_1_34' title='bbox 301 590 465 623; x_wconf 74' lang='lat' dir='ltr'>redituum</span> <span class='ocrx_word' id='word_1_35' title='bbox 487 591 590 624; x_wconf 86' lang='lat' dir='ltr'>dictae</span> <span class='ocrx_word' id='word_1_36' title='bbox 610 591 794 635; x_wconf 87' lang='lat' dir='ltr'>provinciae</span> <span class='ocrx_word' id='word_1_37' title='bbox 822 592 989 634; x_wconf 77' lang='lat' dir='ltr'>exigendo.</span> 
     </span>
     <span class='ocr_line' id='line_1_9' title="bbox 345 643 1050 688; baseline 0.001 -12"><span class='ocrx_word' id='word_1_38' title='bbox 345 643 360 686; x_wconf 61' lang='grc' dir='ltr'>ξ</span> <span class='ocrx_word' id='word_1_39' title='bbox 380 643 411 676; x_wconf 69' lang='lat'>2.</span> <span class='ocrx_word' id='word_1_40' title='bbox 430 643 467 676; x_wconf 87' lang='lat' dir='ltr'>Et</span> <span class='ocrx_word' id='word_1_41' title='bbox 486 643 601 677; x_wconf 90' lang='lat' dir='ltr'>deinde</span> <span class='ocrx_word' id='word_1_42' title='bbox 613 644 696 678; x_wconf 88' lang='lat' dir='ltr'>idem</span> <span class='ocrx_word' id='word_1_43' title='bbox 715 645 790 678; x_wconf 88' lang='lat' dir='ltr'>Pius</span> <span class='ocrx_word' id='word_1_44' title='bbox 809 645 1050 688; x_wconf 85' lang='lat' dir='ltr'>praedecessor,</span> 
     </span>
     <span class='ocr_line' id='line_1_10' title="bbox 126 696 1052 740; baseline 0.004 -12"><span class='ocrx_word' id='word_1_45' title='bbox 126 703 207 739; x_wconf 65' lang='lat' dir='ltr'>Postea</span> <span class='ocrx_word' id='word_1_46' title='bbox 221 704 287 739; x_wconf 65' lang='lat' dir='ltr'>toftu—</span> <span class='ocrx_word' id='word_1_47' title='bbox 300 696 390 730; x_wconf 80' lang='lat' dir='ltr'>novis</span> <span class='ocrx_word' id='word_1_48' title='bbox 416 698 659 740; x_wconf 70' lang='lat' dir='ltr'>emergentibus</span> <span class='ocrx_word' id='word_1_49' title='bbox 678 698 795 739; x_wconf 86' lang='lat' dir='ltr'>causis,</span> <span class='ocrx_word' id='word_1_50' title='bbox 818 698 879 731; x_wconf 84' lang='lat' dir='ltr'>alia</span> <span class='ocrx_word' id='word_1_51' title='bbox 910 699 1052 732; x_wconf 88' lang='lat' dir='ltr'>ineundo</span> 
     </span>
     <span class='ocr_line' id='line_1_11' title="bbox 110 736 1052 795; baseline 0.003 -13"><span class='ocrx_word' id='word_1_52' title='bbox 110 736 286 756; x_wconf 59' lang='lat' dir='ltr'>¹¹⁸³d⁶⁰¹¹⁴⁰⁰¹¹¹</span> <span class='ocrx_word' id='word_1_53' title='bbox 301 750 447 792; x_wconf 87' lang='lat' dir='ltr'>consilia,</span> <span class='ocrx_word' id='word_1_54' title='bbox 475 751 648 795; x_wconf 76' lang='lat' dir='ltr'>collegium</span> <span class='ocrx_word' id='word_1_55' title='bbox 675 752 875 795; x_wconf 87' lang='lat' dir='ltr'>praedictum</span> <span class='ocrx_word' id='word_1_56' title='bbox 905 752 943 785; x_wconf 90' lang='lat' dir='ltr'>de</span> <span class='ocrx_word' id='word_1_57' title='bbox 972 752 1052 785; x_wconf 88' lang='lat' dir='ltr'>duo-</span> 
     </span>
     <span class='ocr_line' id='line_1_12' title="bbox 299 803 1050 845; baseline 0.003 -9"><span class='ocrx_word' id='word_1_58' title='bbox 299 803 445 845; x_wconf 83' lang='lat' dir='ltr'>denario,</span> <span class='ocrx_word' id='word_1_59' title='bbox 468 805 596 839; x_wconf 90' lang='lat' dir='ltr'>duobus</span> <span class='ocrx_word' id='word_1_60' title='bbox 616 805 731 839; x_wconf 85' lang='lat' dir='ltr'>officiis</span> <span class='ocrx_word' id='word_1_61' title='bbox 756 806 949 839; x_wconf 87' lang='lat' dir='ltr'>clericorum</span> <span class='ocrx_word' id='word_1_62' title='bbox 972 811 1050 839; x_wconf 91' lang='lat' dir='ltr'>tune</span> 
     </span>
     <span class='ocr_line' id='line_1_13' title="bbox 297 857 1049 902; baseline 0.004 -14"><span class='ocrx_word' id='word_1_63' title='bbox 297 857 483 891; x_wconf 61' lang='lat' dir='ltr'>vacantibus</span> <span class='ocrx_word' id='word_1_64' title='bbox 513 858 714 902; x_wconf 82' lang='lat' dir='ltr'>suppressis,</span> <span class='ocrx_word' id='word_1_65' title='bbox 735 859 775 892; x_wconf 89' lang='lat' dir='ltr'>ad</span> <span class='ocrx_word' id='word_1_66' title='bbox 800 859 969 892; x_wconf 86' lang='lat' dir='ltr'>denarium</span> <span class='ocrx_word' id='word_1_67' title='bbox 991 870 1049 891; x_wconf 83' lang='lat' dir='ltr'>nu-</span> 
     </span>
     <span class='ocr_line' id='line_1_14' title="bbox 297 911 1048 955; baseline 0.005 -13"><span class='ocrx_word' id='word_1_68' title='bbox 297 921 421 943; x_wconf 87' lang='lat' dir='ltr'>merum</span> <span class='ocrx_word' id='word_1_69' title='bbox 434 911 574 951; x_wconf 79' lang='lat' dir='ltr'>reduxit,</span> <span class='ocrx_word' id='word_1_70' title='bbox 586 911 776 955; x_wconf 80' lang='lat' dir='ltr'>fructusque</span> <span class='ocrx_word' id='word_1_71' title='bbox 788 918 819 946; x_wconf 91' lang='lat' dir='ltr'>et</span> <span class='ocrx_word' id='word_1_72' title='bbox 830 913 1048 946; x_wconf 88' lang='lat' dir='ltr'>emolumenta</span> 
     </span>
     <span class='ocr_line' id='line_1_15' title="bbox 295 964 1044 1010; baseline 0.004 -14"><span class='ocrx_word' id='word_1_73' title='bbox 295 964 436 997; x_wconf 89' lang='lat' dir='ltr'>duorum</span> <span class='ocrx_word' id='word_1_74' title='bbox 466 965 677 999; x_wconf 90' lang='lat' dir='ltr'>clericatuum</span> <span class='ocrx_word' id='word_1_75' title='bbox 708 966 753 1000; x_wconf 87' lang='lat' dir='ltr'>sic</span> <span class='ocrx_word' id='word_1_76' title='bbox 782 977 1044 1010; x_wconf 83' lang='lat' dir='ltr'>suppressorum‚</span> 
     </span>
     <span class='ocr_line' id='line_1_16' title="bbox 295 1018 1046 1060; baseline 0.007 -12"><span class='ocrx_word' id='word_1_77' title='bbox 295 1028 354 1060; x_wconf 92' lang='lat' dir='ltr'>pro</span> <span class='ocrx_word' id='word_1_78' title='bbox 375 1023 443 1051; x_wconf 90' lang='lat' dir='ltr'>rata</span> <span class='ocrx_word' id='word_1_79' title='bbox 462 1018 508 1052; x_wconf 86' lang='lat' dir='ltr'>eis</span> <span class='ocrx_word' id='word_1_80' title='bbox 532 1020 733 1059; x_wconf 81' lang='lat' dir='ltr'>obveniente,</span> <span class='ocrx_word' id='word_1_81' title='bbox 757 1020 860 1053; x_wconf 88' lang='lat' dir='ltr'>dictae</span> <span class='ocrx_word' id='word_1_82' title='bbox 891 1019 1046 1053; x_wconf 79' lang='lat' dir='ltr'>Gamerae</span> 
     </span>
    </p>

    <p class='ocr_par' dir='ltr' id='par_1_4' title="bbox 293 1073 659 1116">
     <span class='ocr_line' id='line_1_17' title="bbox 293 1073 659 1116; baseline 0.005 -14"><span class='ocrx_word' id='word_1_83' title='bbox 293 1077 452 1114; x_wconf 86' lang='lat' dir='ltr'>perpetuo</span> <span class='ocrx_word' id='word_1_84' title='bbox 473 1073 659 1116; x_wconf 79' lang='lat' dir='ltr'>applicavit.</span> 
     </span>
    </p>

    <p class='ocr_par' dir='ltr' id='par_1_5' title="bbox 94 1125 1046 2342">
     <span class='ocr_line' id='line_1_18' title="bbox 337 1125 1045 1168; baseline 0.001 -10"><span class='ocrx_word' id='word_1_85' title='bbox 337 1125 404 1168; x_wconf 57' lang='lat'>33.</span> <span class='ocrx_word' id='word_1_86' title='bbox 427 1126 614 1159; x_wconf 85' lang='lat' dir='ltr'>Successive</span> <span class='ocrx_word' id='word_1_87' title='bbox 649 1137 723 1159; x_wconf 91' lang='lat' dir='ltr'>vero</span> <span class='ocrx_word' id='word_1_88' title='bbox 758 1127 950 1160; x_wconf 83' lang='lat' dir='ltr'>recolendae</span> <span class='ocrx_word' id='word_1_89' title='bbox 977 1137 1045 1159; x_wconf 88' lang='lat' dir='ltr'>me-</span> 
     </span>
     <span class='ocr_line' id='line_1_19' title="bbox 121 1170 1046 1224; baseline 0.004 -15"><span class='ocrx_word' id='word_1_90' title='bbox 121 1189 207 1214; x_wconf 58' lang='lat' dir='ltr'>cregor.</span> <span class='ocrx_word' id='word_1_91' title='bbox 228 1189 281 1216; x_wconf 83' lang='lat' dir='ltr'>xm,</span> <span class='ocrx_word' id='word_1_92' title='bbox 297 1170 419 1211; x_wconf 86' lang='lat' dir='ltr'>moriae</span> <span class='ocrx_word' id='word_1_93' title='bbox 444 1179 616 1223; x_wconf 81' lang='lat' dir='ltr'>Gregorius</span> <span class='ocrx_word' id='word_1_94' title='bbox 635 1180 722 1224; x_wconf 88' lang='lat' dir='ltr'>Papa</span> <span class='ocrx_word' id='word_1_95' title='bbox 745 1180 823 1221; x_wconf 82' lang='lat' dir='ltr'>Xlll,</span> <span class='ocrx_word' id='word_1_96' title='bbox 858 1182 1046 1224; x_wconf 84' lang='lat' dir='ltr'>praedeees-</span> 
     </span>
     <span class='ocr_line' id='line_1_20' title="bbox 95 1223 1042 1274; baseline 0.004 -11"><span class='ocrx_word' id='word_1_97' title='bbox 95 1226 143 1271; x_wconf 66' lang='grc' dir='ltr'>ξ”.ζ’,’,</span> <span class='ocrx_word' id='word_1_98' title='bbox 162 1223 280 1273; x_wconf 52' lang='grc' dir='ltr'>Γῐζᾙῗῑςεζῗ</span> <span class='ocrx_word' id='word_1_99' title='bbox 295 1243 348 1265; x_wconf 83' lang='lat' dir='ltr'>ser</span> <span class='ocrx_word' id='word_1_100' title='bbox 366 1238 486 1274; x_wconf 79' lang='lat' dir='ltr'>noster,</span> <span class='ocrx_word' id='word_1_101' title='bbox 509 1234 673 1267; x_wconf 88' lang='lat' dir='ltr'>nonnullis</span> <span class='ocrx_word' id='word_1_102' title='bbox 689 1235 727 1267; x_wconf 90' lang='lat' dir='ltr'>de</span> <span class='ocrx_word' id='word_1_103' title='bbox 749 1234 852 1267; x_wconf 86' lang='lat' dir='ltr'>causis</span> <span class='ocrx_word' id='word_1_104' title='bbox 873 1234 1042 1274; x_wconf 84' lang='lat' dir='ltr'>adductus,</span> 
     </span>
     <span class='ocr_line' id='line_1_21' title="bbox 94 1283 1044 1339; baseline 0.004 -23"><span class='ocrx_word' id='word_1_105' title='bbox 94 1283 280 1339; x_wconf 48' lang='lat' dir='ltr'>ssgfflffm&#39;ffilfflssffl</span> <span class='ocrx_word' id='word_1_106' title='bbox 295 1286 333 1318; x_wconf 71' lang='lat' dir='ltr'>(le</span> <span class='ocrx_word' id='word_1_107' title='bbox 354 1296 491 1319; x_wconf 90' lang='lat' dir='ltr'>numero</span> <span class='ocrx_word' id='word_1_108' title='bbox 519 1287 714 1320; x_wconf 87' lang='lat' dir='ltr'>clericorum</span> <span class='ocrx_word' id='word_1_109' title='bbox 735 1287 919 1321; x_wconf 88' lang='lat' dir='ltr'>huiusmodi</span> <span class='ocrx_word' id='word_1_110' title='bbox 946 1288 1044 1321; x_wconf 88' lang='lat' dir='ltr'>redu-</span> 
     </span>
     <span class='ocr_line' id='line_1_22' title="bbox 94 1340 1044 1385; baseline 0.004 -14"><span class='ocrx_word' id='word_1_111' title='bbox 94 1345 167 1366; x_wconf 70' lang='lat' dir='ltr'>5mni·-</span> <span class='ocrx_word' id='word_1_112' title='bbox 294 1340 396 1373; x_wconf 81' lang='lat' dir='ltr'>cende</span> <span class='ocrx_word' id='word_1_113' title='bbox 410 1341 578 1373; x_wconf 85' lang='lat' dir='ltr'>eonsilium</span> <span class='ocrx_word' id='word_1_114' title='bbox 596 1342 754 1385; x_wconf 81' lang='lat' dir='ltr'>suscepit.;</span> <span class='ocrx_word' id='word_1_115' title='bbox 777 1353 877 1385; x_wconf 87' lang='lat' dir='ltr'>quare</span> <span class='ocrx_word' id='word_1_116' title='bbox 893 1353 970 1381; x_wconf 88' lang='lat' dir='ltr'>uno,</span> <span class='ocrx_word' id='word_1_117' title='bbox 988 1353 1044 1385; x_wconf 83' lang='lat' dir='ltr'>per</span> 
     </span>
     <span class='ocr_line' id='line_1_23' title="bbox 289 1393 1044 1439; baseline 0.004 -13"><span class='ocrx_word' id='word_1_118' title='bbox 289 1393 394 1426; x_wconf 79' lang='lat' dir='ltr'>bonae</span> <span class='ocrx_word' id='word_1_119' title='bbox 415 1395 589 1428; x_wconf 83' lang='lat' dir='ltr'>memoriae</span> <span class='ocrx_word' id='word_1_120' title='bbox 610 1395 795 1439; x_wconf 82' lang='lat' dir='ltr'>Hieronymi</span> <span class='ocrx_word' id='word_1_121' title='bbox 820 1395 963 1439; x_wconf 82' lang='lat' dir='ltr'>episcopi</span> <span class='ocrx_word' id='word_1_122' title='bbox 983 1396 1044 1429; x_wconf 87' lang='lat' dir='ltr'>Ga-</span> 
     </span>
     <span class='ocr_line' id='line_1_24' title="bbox 288 1446 1044 1493; baseline 0.004 -14"><span class='ocrx_word' id='word_1_123' title='bbox 288 1446 424 1487; x_wconf 69' lang='lat' dir='ltr'>dicensi,</span> <span class='ocrx_word' id='word_1_124' title='bbox 447 1454 477 1480; x_wconf 89' lang='lat' dir='ltr'>et</span> <span class='ocrx_word' id='word_1_125' title='bbox 495 1449 596 1481; x_wconf 86' lang='lat' dir='ltr'>altero</span> <span class='ocrx_word' id='word_1_126' title='bbox 615 1460 651 1481; x_wconf 83' lang='lat' dir='ltr'>ex</span> <span class='ocrx_word' id='word_1_127' title='bbox 664 1449 778 1481; x_wconf 81' lang='lat' dir='ltr'>officiis</span> <span class='ocrx_word' id='word_1_128' title='bbox 794 1449 967 1493; x_wconf 86' lang='lat' dir='ltr'>praedictis</span> <span class='ocrx_word' id='word_1_129' title='bbox 985 1461 1044 1493; x_wconf 89' lang='lat' dir='ltr'>per</span> 
     </span>
     <span class='ocr_line' id='line_1_25' title="bbox 287 1501 1044 1544; baseline 0.004 -11"><span class='ocrx_word' id='word_1_130' title='bbox 287 1502 453 1544; x_wconf 83' lang='lat' dir='ltr'>quondam</span> <span class='ocrx_word' id='word_1_131' title='bbox 473 1501 635 1535; x_wconf 85' lang='lat' dir='ltr'>Francisci</span> <span class='ocrx_word' id='word_1_132' title='bbox 655 1502 948 1535; x_wconf 81' lang='lat' dir='ltr'>Bandoviniobitus</span> <span class='ocrx_word' id='word_1_133' title='bbox 966 1509 1044 1536; x_wconf 88' lang='lat' dir='ltr'>tunc</span> 
     </span>
     <span class='ocr_line' id='line_1_26' title="bbox 287 1555 1042 1600; baseline 0.003 -13"><span class='ocrx_word' id='word_1_134' title='bbox 287 1555 488 1594; x_wconf 79' lang='lat' dir='ltr'>vacantibus,</span> <span class='ocrx_word' id='word_1_135' title='bbox 508 1556 561 1589; x_wconf 87' lang='lat' dir='ltr'>illa</span> <span class='ocrx_word' id='word_1_136' title='bbox 582 1556 628 1589; x_wconf 84' lang='lat' dir='ltr'>sic</span> <span class='ocrx_word' id='word_1_137' title='bbox 649 1557 791 1589; x_wconf 81' lang='lat' dir='ltr'>vacantia</span> <span class='ocrx_word' id='word_1_138' title='bbox 813 1562 968 1600; x_wconf 82' lang='lat' dir='ltr'>perpetuo</span> <span class='ocrx_word' id='word_1_139' title='bbox 988 1568 1042 1589; x_wconf 82' lang='lat' dir='ltr'>ex-</span> 
     </span>
     <span class='ocr_line' id='line_1_27' title="bbox 289 1608 1042 1653; baseline 0.003 -13"><span class='ocrx_word' id='word_1_140' title='bbox 289 1608 379 1641; x_wconf 87' lang='lat' dir='ltr'>tinxit</span> <span class='ocrx_word' id='word_1_141' title='bbox 403 1613 433 1641; x_wconf 89' lang='lat' dir='ltr'>et</span> <span class='ocrx_word' id='word_1_142' title='bbox 454 1609 648 1653; x_wconf 82' lang='lat' dir='ltr'>suppressit,</span> <span class='ocrx_word' id='word_1_143' title='bbox 678 1611 866 1652; x_wconf 75' lang='lat' dir='ltr'>fructusque</span> <span class='ocrx_word' id='word_1_144' title='bbox 896 1616 926 1643; x_wconf 90' lang='lat' dir='ltr'>et</span> <span class='ocrx_word' id='word_1_145' title='bbox 952 1621 1042 1643; x_wconf 91' lang='lat' dir='ltr'>cmo-</span> 
     </span>
     <span class='ocr_line' id='line_1_28' title="bbox 288 1662 1041 1707; baseline 0.003 -13"><span class='ocrx_word' id='word_1_146' title='bbox 288 1662 431 1694; x_wconf 82' lang='lat' dir='ltr'>lumenta</span> <span class='ocrx_word' id='word_1_147' title='bbox 460 1662 581 1695; x_wconf 86' lang='lat' dir='ltr'>eisdem</span> <span class='ocrx_word' id='word_1_148' title='bbox 611 1664 792 1707; x_wconf 71' lang='lat' dir='ltr'>suppressis</span> <span class='ocrx_word' id='word_1_149' title='bbox 821 1663 934 1696; x_wconf 81' lang='lat' dir='ltr'>officiis</span> <span class='ocrx_word' id='word_1_150' title='bbox 965 1665 1041 1697; x_wconf 83' lang='lat' dir='ltr'>assi-</span> 
     </span>
     <span class='ocr_line' id='line_1_29' title="bbox 287 1717 1043 1757; baseline 0.001 -9"><span class='ocrx_word' id='word_1_151' title='bbox 287 1722 401 1757; x_wconf 58' lang='lat' dir='ltr'>gnata,</span> <span class='ocrx_word' id='word_1_152' title='bbox 440 1717 479 1750; x_wconf 88' lang='lat' dir='ltr'>ad</span> <span class='ocrx_word' id='word_1_153' title='bbox 514 1728 675 1750; x_wconf 86' lang='lat' dir='ltr'>summam</span> <span class='ocrx_word' id='word_1_154' title='bbox 708 1717 807 1750; x_wconf 84' lang='lat' dir='ltr'>trium</span> <span class='ocrx_word' id='word_1_155' title='bbox 842 1718 980 1750; x_wconf 89' lang='lat' dir='ltr'>millium</span> <span class='ocrx_word' id='word_1_156' title='bbox 1012 1723 1043 1751; x_wconf 85' lang='lat' dir='ltr'>et</span> 
     </span>
     <span class='ocr_line' id='line_1_30' title="bbox 287 1771 1042 1814; baseline 0.003 -11"><span class='ocrx_word' id='word_1_157' title='bbox 287 1771 546 1814; x_wconf 76' lang='lat' dir='ltr'>octingentorum</span> <span class='ocrx_word' id='word_1_158' title='bbox 565 1778 729 1804; x_wconf 88' lang='lat' dir='ltr'>scutorum</span> <span class='ocrx_word' id='word_1_159' title='bbox 746 1771 817 1804; x_wconf 89' lang='lat' dir='ltr'>auri</span> <span class='ocrx_word' id='word_1_160' title='bbox 833 1772 864 1804; x_wconf 93' lang='lat' dir='ltr'>in</span> <span class='ocrx_word' id='word_1_161' title='bbox 884 1783 965 1805; x_wconf 90' lang='lat' dir='ltr'>auro</span> <span class='ocrx_word' id='word_1_162' title='bbox 996 1778 1042 1806; x_wconf 91' lang='lat' dir='ltr'>ta-</span> 
     </span>
     <span class='ocr_line' id='line_1_31' title="bbox 286 1825 1040 1869; baseline 0.003 -12"><span class='ocrx_word' id='word_1_163' title='bbox 286 1830 369 1864; x_wconf 74' lang='lat' dir='ltr'>xata,</span> <span class='ocrx_word' id='word_1_164' title='bbox 391 1825 430 1857; x_wconf 86' lang='lat' dir='ltr'>ab</span> <span class='ocrx_word' id='word_1_165' title='bbox 450 1825 564 1858; x_wconf 85' lang='lat' dir='ltr'>eedem</span> <span class='ocrx_word' id='word_1_166' title='bbox 585 1825 721 1868; x_wconf 75' lang='lat' dir='ltr'>collegio</span> <span class='ocrx_word' id='word_1_167' title='bbox 737 1826 905 1869; x_wconf 84' lang='lat' dir='ltr'>separavit,</span> <span class='ocrx_word' id='word_1_168' title='bbox 929 1832 961 1859; x_wconf 89' lang='lat' dir='ltr'>et</span> <span class='ocrx_word' id='word_1_169' title='bbox 980 1826 1040 1859; x_wconf 81' lang='lat' dir='ltr'>Ca-</span> 
     </span>
     <span class='ocr_line' id='line_1_32' title="bbox 287 1878 1040 1923; baseline 0.004 -13"><span class='ocrx_word' id='word_1_170' title='bbox 287 1889 395 1912; x_wconf 85' lang='lat' dir='ltr'>merae</span> <span class='ocrx_word' id='word_1_171' title='bbox 416 1879 476 1922; x_wconf 84' lang='lat' dir='ltr'>ipsi</span> <span class='ocrx_word' id='word_1_172' title='bbox 497 1878 680 1923; x_wconf 70' lang='lat' dir='ltr'>applicavit.</span> <span class='ocrx_word' id='word_1_173' title='bbox 701 1879 847 1922; x_wconf 85' lang='lat' dir='ltr'>Denique</span> <span class='ocrx_word' id='word_1_174' title='bbox 872 1880 960 1912; x_wconf 85' lang='lat' dir='ltr'>aliud</span> <span class='ocrx_word' id='word_1_175' title='bbox 992 1881 1040 1914; x_wconf 89' lang='lat' dir='ltr'>os-</span> 
     </span>
     <span class='ocr_line' id='line_1_33' title="bbox 286 1931 1038 1976; baseline 0.004 -12"><span class='ocrx_word' id='word_1_176' title='bbox 286 1931 398 1965; x_wconf 83' lang='lat' dir='ltr'>ficium</span> <span class='ocrx_word' id='word_1_177' title='bbox 418 1932 602 1965; x_wconf 84' lang='lat' dir='ltr'>huiusmodi</span> <span class='ocrx_word' id='word_1_178' title='bbox 622 1943 681 1976; x_wconf 89' lang='lat' dir='ltr'>per</span> <span class='ocrx_word' id='word_1_179' title='bbox 700 1932 825 1965; x_wconf 87' lang='lat' dir='ltr'>obitum</span> <span class='ocrx_word' id='word_1_180' title='bbox 845 1933 949 1966; x_wconf 85' lang='lat' dir='ltr'>bonae</span> <span class='ocrx_word' id='word_1_181' title='bbox 974 1945 1038 1967; x_wconf 91' lang='lat' dir='ltr'>me-</span> 
     </span>
     <span class='ocr_line' id='line_1_34' title="bbox 287 1985 1038 2030; baseline 0.005 -13"><span class='ocrx_word' id='word_1_182' title='bbox 287 1985 410 2018; x_wconf 88' lang='lat' dir='ltr'>moriae</span> <span class='ocrx_word' id='word_1_183' title='bbox 439 1986 625 2030; x_wconf 80' lang='lat' dir='ltr'>Hieronymi</span> <span class='ocrx_word' id='word_1_184' title='bbox 645 1986 789 2030; x_wconf 88' lang='lat' dir='ltr'>episcopi</span> <span class='ocrx_word' id='word_1_185' title='bbox 815 1987 1038 2021; x_wconf 83' lang='lat' dir='ltr'>Maceratensis</span> 
     </span>
     <span class='ocr_line' id='line_1_35' title="bbox 286 2039 1037 2082; baseline 0.003 -11"><span class='ocrx_word' id='word_1_186' title='bbox 286 2039 492 2082; x_wconf 90' lang='lat' dir='ltr'>postmodum</span> <span class='ocrx_word' id='word_1_187' title='bbox 516 2050 644 2080; x_wconf 88' lang='lat' dir='ltr'>vacans,</span> <span class='ocrx_word' id='word_1_188' title='bbox 680 2039 799 2073; x_wconf 90' lang='lat' dir='ltr'>iterum</span> <span class='ocrx_word' id='word_1_189' title='bbox 831 2041 1037 2074; x_wconf 85' lang='lat' dir='ltr'>occasionem</span> 
     </span>
     <span class='ocr_line' id='line_1_36' title="bbox 286 2092 1037 2137; baseline 0.007 -14"><span class='ocrx_word' id='word_1_190' title='bbox 286 2092 375 2126; x_wconf 74' lang='lat' dir='ltr'>«ledit</span> <span class='ocrx_word' id='word_1_191' title='bbox 394 2092 497 2126; x_wconf 80' lang='lat' dir='ltr'>eidem</span> <span class='ocrx_word' id='word_1_192' title='bbox 533 2092 689 2136; x_wconf 81' lang='lat' dir='ltr'>Gregorio</span> <span class='ocrx_word' id='word_1_193' title='bbox 722 2093 963 2137; x_wconf 85' lang='lat' dir='ltr'>praedecessori</span> <span class='ocrx_word' id='word_1_194' title='bbox 998 2095 1037 2127; x_wconf 92' lang='lat' dir='ltr'>de</span> 
     </span>
     <span class='ocr_line' id='line_1_37' title="bbox 287 2146 1036 2190; baseline 0.004 -12"><span class='ocrx_word' id='word_1_195' title='bbox 287 2146 415 2189; x_wconf 72' lang='lat' dir='ltr'>collegii</span> <span class='ocrx_word' id='word_1_196' title='bbox 450 2147 606 2190; x_wconf 74' lang='lat' dir='ltr'>praedicti</span> <span class='ocrx_word' id='word_1_197' title='bbox 642 2153 725 2180; x_wconf 88' lang='lat' dir='ltr'>statu</span> <span class='ocrx_word' id='word_1_198' title='bbox 750 2153 781 2180; x_wconf 89' lang='lat' dir='ltr'>et</span> <span class='ocrx_word' id='word_1_199' title='bbox 805 2158 941 2181; x_wconf 87' lang='lat' dir='ltr'>numere</span> <span class='ocrx_word' id='word_1_200' title='bbox 975 2148 1036 2181; x_wconf 87' lang='lat' dir='ltr'>alia</span> 
     </span>
     <span class='ocr_line' id='line_1_38' title="bbox 286 2200 1035 2244; baseline 0.007 -14"><span class='ocrx_word' id='word_1_201' title='bbox 286 2200 459 2241; x_wconf 53' lang='lat' dir='ltr'>cogitandh</span> <span class='ocrx_word' id='word_1_202' title='bbox 496 2201 634 2244; x_wconf 80' lang='lat' dir='ltr'>ideoque</span> <span class='ocrx_word' id='word_1_203' title='bbox 663 2201 808 2234; x_wconf 83' lang='lat' dir='ltr'>officium</span> <span class='ocrx_word' id='word_1_204' title='bbox 841 2202 886 2235; x_wconf 87' lang='lat' dir='ltr'>sic</span> <span class='ocrx_word' id='word_1_205' title='bbox 920 2213 1035 2235; x_wconf 88' lang='lat' dir='ltr'>vacans</span> 
     </span>
     <span class='ocr_line' id='line_1_39' title="bbox 286 2254 1031 2298; baseline 0.004 -13"><span class='ocrx_word' id='word_1_206' title='bbox 286 2254 487 2296; x_wconf 86' lang='lat' dir='ltr'>praedictum</span> <span class='ocrx_word' id='word_1_207' title='bbox 508 2255 630 2298; x_wconf 85' lang='lat' dir='ltr'>pariter</span> <span class='ocrx_word' id='word_1_208' title='bbox 653 2255 787 2288; x_wconf 77' lang='lat' dir='ltr'>extinxit</span> <span class='ocrx_word' id='word_1_209' title='bbox 820 2261 850 2288; x_wconf 89' lang='lat' dir='ltr'>et.</span> <span class='ocrx_word' id='word_1_210' title='bbox 883 2256 1031 2296; x_wconf 84' lang='lat' dir='ltr'>abolevit,</span> 
     </span>
     <span class='ocr_line' id='line_1_40' title="bbox 285 2306 1033 2342; baseline 0.004 -4"><span class='ocrx_word' id='word_1_211' title='bbox 285 2306 370 2339; x_wconf 81' lang='lat' dir='ltr'>illius</span> <span class='ocrx_word' id='word_1_212' title='bbox 391 2313 496 2340; x_wconf 86' lang='lat' dir='ltr'>autem</span> <span class='ocrx_word' id='word_1_213' title='bbox 517 2309 588 2341; x_wconf 86' lang='lat' dir='ltr'>loco</span> <span class='ocrx_word' id='word_1_214' title='bbox 613 2309 676 2341; x_wconf 89' lang='lat' dir='ltr'>tria</span> <span class='ocrx_word' id='word_1_215' title='bbox 700 2309 894 2342; x_wconf 89' lang='lat' dir='ltr'>clericorum</span> <span class='ocrx_word' id='word_1_216' title='bbox 919 2309 1033 2342; x_wconf 92' lang='lat' dir='ltr'>huius-</span> 
     </span>
    </p>
   </div>
   <div class='ocr_carea' id='block_1_3' title="bbox 113 215 294 244">
    <p class='ocr_par' dir='ltr' id='par_1_6' title="bbox 113 215 294 244">
     <span class='ocr_line' id='line_1_41' title="bbox 113 215 294 244; baseline 0 -1"><span class='ocrx_word' id='word_1_217' title='bbox 113 216 165 243; x_wconf 80' lang='lat' dir='ltr'>An.</span> <span class='ocrx_word' id='word_1_218' title='bbox 183 215 294 244; x_wconf 67' lang='lat'>0158?</span> 
     </span>
    </p>
   </div>
   <div class='ocr_carea' id='block_1_4' title="bbox 286 2360 1048 2406">
    <p class='ocr_par' dir='ltr' id='par_1_7' title="bbox 286 2360 1048 2406">
     <span class='ocr_line' id='line_1_42' title="bbox 286 2360 1048 2406; baseline 0.005 -16"><span class='ocrx_word' id='word_1_219' title='bbox 286 2360 370 2391; x_wconf 83' lang='lat' dir='ltr'>modi</span> <span class='ocrx_word' id='word_1_220' title='bbox 402 2361 508 2393; x_wconf 79' lang='lat' dir='ltr'>ot&#39;ticia</span> <span class='ocrx_word' id='word_1_221' title='bbox 532 2361 653 2405; x_wconf 89' lang='lat' dir='ltr'>pariter</span> <span class='ocrx_word' id='word_1_222' title='bbox 684 2362 783 2394; x_wconf 81' lang='lat' dir='ltr'>erexit</span> <span class='ocrx_word' id='word_1_223' title='bbox 818 2368 850 2394; x_wconf 89' lang='lat' dir='ltr'>et</span> <span class='ocrx_word' id='word_1_224' title='bbox 882 2361 1048 2406; x_wconf 42' lang='lat' dir='ltr'>instituit„</span> 
     </span>
    </p>
   </div>
   <div class='ocr_carea' id='block_1_5' title="bbox 284 2409 1032 2652">
    <p class='ocr_par' dir='ltr' id='par_1_8' title="bbox 284 2409 1032 2652">
     <span class='ocr_line' id='line_1_43' title="bbox 285 2409 1032 2452; baseline 0.004 -12"><span class='ocrx_word' id='word_1_225' title='bbox 285 2409 462 2452; x_wconf 64' lang='lat' dir='ltr'>ueterisque</span> <span class='ocrx_word' id='word_1_226' title='bbox 482 2416 558 2443; x_wconf 84' lang='lat' dir='ltr'>tunc</span> <span class='ocrx_word' id='word_1_227' title='bbox 588 2410 799 2443; x_wconf 69' lang='lat' dir='ltr'>existentibus</span> <span class='ocrx_word' id='word_1_228' title='bbox 829 2410 956 2443; x_wconf 86' lang='lat' dir='ltr'>clericis</span> <span class='ocrx_word' id='word_1_229' title='bbox 975 2411 1032 2443; x_wconf 91' lang='lat' dir='ltr'>ad-</span> 
     </span>
     <span class='ocr_line' id='line_1_44' title="bbox 284 2457 1032 2502; baseline 0.007 -15"><span class='ocrx_word' id='word_1_230' title='bbox 284 2457 374 2497; x_wconf 82' lang='lat' dir='ltr'>dens,</span> <span class='ocrx_word' id='word_1_231' title='bbox 402 2458 520 2491; x_wconf 78' lang='lat' dir='ltr'>dictum</span> <span class='ocrx_word' id='word_1_232' title='bbox 542 2459 712 2502; x_wconf 77' lang='lat' dir='ltr'>collegium</span> <span class='ocrx_word' id='word_1_233' title='bbox 738 2459 870 2492; x_wconf 86' lang='lat' dir='ltr'>denario</span> <span class='ocrx_word' id='word_1_234' title='bbox 895 2470 1032 2493; x_wconf 85' lang='lat' dir='ltr'>numero</span> 
     </span>
     <span class='ocr_line' id='line_1_45' title="bbox 284 2505 1031 2552; baseline 0.008 -17"><span class='ocrx_word' id='word_1_235' title='bbox 284 2505 323 2537; x_wconf 75' lang='lat' dir='ltr'>«le</span> <span class='ocrx_word' id='word_1_236' title='bbox 344 2511 449 2539; x_wconf 83' lang='lat' dir='ltr'>cetero</span> <span class='ocrx_word' id='word_1_237' title='bbox 470 2514 616 2540; x_wconf 76' lang='lat' dir='ltr'>constare</span> <span class='ocrx_word' id='word_1_238' title='bbox 637 2509 785 2548; x_wconf 84' lang='lat' dir='ltr'>decrevit,</span> <span class='ocrx_word' id='word_1_239' title='bbox 806 2519 1031 2552; x_wconf 83' lang='lat' dir='ltr'>summamque</span> 
     </span>
     <span class='ocr_line' id='line_1_46' title="bbox 285 2554 1029 2599; baseline 0.007 -15"><span class='ocrx_word' id='word_1_240' title='bbox 285 2554 380 2585; x_wconf 89' lang='lat' dir='ltr'>trium</span> <span class='ocrx_word' id='word_1_241' title='bbox 404 2555 538 2587; x_wconf 79' lang='lat' dir='ltr'>millium</span> <span class='ocrx_word' id='word_1_242' title='bbox 555 2562 579 2587; x_wconf 69' lang='lat' dir='ltr'>et</span> <span class='ocrx_word' id='word_1_243' title='bbox 597 2557 854 2599; x_wconf 67' lang='lat' dir='ltr'>(wtingeutorum</span> <span class='ocrx_word' id='word_1_244' title='bbox 865 2563 1029 2590; x_wconf 88' lang='lat' dir='ltr'>scutorum</span> 
     </span>
     <span class='ocr_line' id='line_1_47' title="bbox 284 2603 1030 2652; baseline 0.007 -17"><span class='ocrx_word' id='word_1_245' title='bbox 284 2603 494 2646; x_wconf 70' lang='lat' dir='ltr'>praedictai‘u,</span> <span class='ocrx_word' id='word_1_246' title='bbox 517 2606 556 2638; x_wconf 88' lang='lat' dir='ltr'>ab</span> <span class='ocrx_word' id='word_1_247' title='bbox 575 2606 688 2640; x_wconf 83' lang='lat' dir='ltr'>eodem</span> <span class='ocrx_word' id='word_1_248' title='bbox 713 2606 862 2650; x_wconf 78' lang='lat' dir='ltr'>collegio,</span> <span class='ocrx_word' id='word_1_249' title='bbox 882 2612 918 2640; x_wconf 84' lang='lat' dir='ltr'>ut</span> <span class='ocrx_word' id='word_1_250' title='bbox 937 2617 1030 2652; x_wconf 86' lang='lat' dir='ltr'>prac-</span> 
     </span>
    </p>
   </div>
   <div class='ocr_carea' id='block_1_6' title="bbox 903 213 1253 238">
    <p class='ocr_par' dir='ltr' id='par_1_9' title="bbox 903 213 1253 238">
     <span class='ocr_line' id='line_1_48' title="bbox 903 213 1253 238; baseline -0.003 0"><span class='ocrx_word' id='word_1_251' title='bbox 903 213 1083 238; x_wconf 75' lang='lat' dir='ltr'><strong>BULLARIUM</strong></span> <span class='ocrx_word' id='word_1_252' title='bbox 1103 214 1253 237; x_wconf 70' lang='lat' dir='ltr'><strong>ROMANUM</strong></span> 
     </span>
    </p>
   </div>
   <div class='ocr_carea' id='block_1_7' title="bbox 1090 266 1847 953">
    <p class='ocr_par' dir='ltr' id='par_1_10' title="bbox 1090 266 1847 897">
     <span class='ocr_line' id='line_1_49' title="bbox 1098 266 1847 310; baseline 0.008 -12"><span class='ocrx_word' id='word_1_253' title='bbox 1098 266 1228 306; x_wconf 86' lang='lat' dir='ltr'>sertum,</span> <span class='ocrx_word' id='word_1_254' title='bbox 1251 272 1428 310; x_wconf 81' lang='lat' dir='ltr'>separatam</span> <span class='ocrx_word' id='word_1_255' title='bbox 1447 274 1478 302; x_wconf 88' lang='lat' dir='ltr'>et</span> <span class='ocrx_word' id='word_1_256' title='bbox 1491 269 1641 303; x_wconf 83' lang='lat' dir='ltr'>Gamerae</span> <span class='ocrx_word' id='word_1_257' title='bbox 1660 271 1847 304; x_wconf 87' lang='lat' dir='ltr'>huiusmodi</span> 
     </span>
     <span class='ocr_line' id='line_1_50' title="bbox 1097 319 1846 363; baseline 0.011 -12"><span class='ocrx_word' id='word_1_258' title='bbox 1097 319 1304 363; x_wconf 77' lang='lat' dir='ltr'>applicatam,</span> <span class='ocrx_word' id='word_1_259' title='bbox 1327 322 1365 354; x_wconf 88' lang='lat' dir='ltr'>de</span> <span class='ocrx_word' id='word_1_260' title='bbox 1394 333 1476 354; x_wconf 87' lang='lat' dir='ltr'>novo</span> <span class='ocrx_word' id='word_1_261' title='bbox 1496 333 1513 355; x_wconf 91' lang='lat' dir='ltr'>a</span> <span class='ocrx_word' id='word_1_262' title='bbox 1537 323 1622 356; x_wconf 86' lang='lat' dir='ltr'>dicta</span> <span class='ocrx_word' id='word_1_263' title='bbox 1645 325 1776 358; x_wconf 89' lang='lat' dir='ltr'>Camera</span> <span class='ocrx_word' id='word_1_264' title='bbox 1797 336 1846 358; x_wconf 92' lang='lat' dir='ltr'>se-</span> 
     </span>
     <span class='ocr_line' id='line_1_51' title="bbox 1096 373 1845 416; baseline 0.009 -11"><span class='ocrx_word' id='word_1_265' title='bbox 1096 373 1218 416; x_wconf 88' lang='lat' dir='ltr'>paravit</span> <span class='ocrx_word' id='word_1_266' title='bbox 1237 379 1267 406; x_wconf 94' lang='lat' dir='ltr'>et</span> <span class='ocrx_word' id='word_1_267' title='bbox 1286 375 1475 416; x_wconf 64' lang='lat' dir='ltr'>segregavit,</span> <span class='ocrx_word' id='word_1_268' title='bbox 1498 386 1563 408; x_wconf 88' lang='lat' dir='ltr'>una</span> <span class='ocrx_word' id='word_1_269' title='bbox 1587 387 1660 409; x_wconf 89' lang='lat' dir='ltr'>cum</span> <span class='ocrx_word' id='word_1_270' title='bbox 1682 378 1845 412; x_wconf 85' lang='lat' dir='ltr'>fructuum</span> 
     </span>
     <span class='ocr_line' id='line_1_52' title="bbox 1096 427 1845 466; baseline 0.008 -7"><span class='ocrx_word' id='word_1_271' title='bbox 1096 431 1127 459; x_wconf 89' lang='lat' dir='ltr'>et</span> <span class='ocrx_word' id='word_1_272' title='bbox 1146 427 1441 461; x_wconf 82' lang='lat' dir='ltr'>emolumentorum</span> <span class='ocrx_word' id='word_1_273' title='bbox 1463 429 1577 462; x_wconf 90' lang='lat' dir='ltr'>ultimo</span> <span class='ocrx_word' id='word_1_274' title='bbox 1603 431 1733 464; x_wconf 78' lang='lat' dir='ltr'>extincti</span> <span class='ocrx_word' id='word_1_275' title='bbox 1748 433 1845 466; x_wconf 84' lang='lat' dir='ltr'>officii</span> 
     </span>
     <span class='ocr_line' id='line_1_53' title="bbox 1096 481 1844 526; baseline 0.009 -13"><span class='ocrx_word' id='word_1_276' title='bbox 1096 481 1286 524; x_wconf 87' lang='lat' dir='ltr'>supradicti,</span> <span class='ocrx_word' id='word_1_277' title='bbox 1309 482 1433 525; x_wconf 70' lang='lat' dir='ltr'>integra</span> <span class='ocrx_word' id='word_1_278' title='bbox 1453 484 1603 526; x_wconf 86' lang='lat' dir='ltr'>portione</span> <span class='ocrx_word' id='word_1_279' title='bbox 1624 484 1728 518; x_wconf 88' lang='lat' dir='ltr'>eidem</span> <span class='ocrx_word' id='word_1_280' title='bbox 1749 487 1844 520; x_wconf 87' lang='lat' dir='ltr'>colle-</span> 
     </span>
     <span class='ocr_line' id='line_1_54' title="bbox 1094 534 1845 578; baseline 0.008 -12"><span class='ocrx_word' id='word_1_281' title='bbox 1094 534 1146 577; x_wconf 80' lang='lat' dir='ltr'>gio</span> <span class='ocrx_word' id='word_1_282' title='bbox 1163 545 1221 578; x_wconf 91' lang='lat' dir='ltr'>pro</span> <span class='ocrx_word' id='word_1_283' title='bbox 1242 535 1337 568; x_wconf 86' lang='lat' dir='ltr'>dictis</span> <span class='ocrx_word' id='word_1_284' title='bbox 1361 536 1464 570; x_wconf 88' lang='lat' dir='ltr'>tribus</span> <span class='ocrx_word' id='word_1_285' title='bbox 1490 537 1604 570; x_wconf 84' lang='lat' dir='ltr'>officiis</span> <span class='ocrx_word' id='word_1_286' title='bbox 1628 538 1667 570; x_wconf 90' lang='lat' dir='ltr'>de</span> <span class='ocrx_word' id='word_1_287' title='bbox 1688 548 1770 571; x_wconf 92' lang='lat' dir='ltr'>novo</span> <span class='ocrx_word' id='word_1_288' title='bbox 1790 550 1845 572; x_wconf 91' lang='lat' dir='ltr'>au-</span> 
     </span>
     <span class='ocr_line' id='line_1_55' title="bbox 1094 588 1845 634; baseline 0.007 -14"><span class='ocrx_word' id='word_1_289' title='bbox 1094 588 1154 620; x_wconf 90' lang='lat' dir='ltr'>ctis</span> <span class='ocrx_word' id='word_1_290' title='bbox 1174 588 1313 622; x_wconf 84' lang='lat' dir='ltr'>restituit</span> <span class='ocrx_word' id='word_1_291' title='bbox 1330 594 1361 622; x_wconf 89' lang='lat' dir='ltr'>et</span> <span class='ocrx_word' id='word_1_292' title='bbox 1378 590 1561 633; x_wconf 86' lang='lat' dir='ltr'>applicavit,</span> <span class='ocrx_word' id='word_1_293' title='bbox 1576 596 1673 634; x_wconf 89' lang='lat' dir='ltr'>prout</span> <span class='ocrx_word' id='word_1_294' title='bbox 1690 591 1722 624; x_wconf 92' lang='lat' dir='ltr'>in</span> <span class='ocrx_word' id='word_1_295' title='bbox 1742 591 1845 625; x_wconf 87' lang='lat' dir='ltr'>diver-</span> 
     </span>
     <span class='ocr_line' id='line_1_56' title="bbox 1093 641 1844 688; baseline 0.005 -14"><span class='ocrx_word' id='word_1_296' title='bbox 1093 641 1135 674; x_wconf 91' lang='lat' dir='ltr'>sis</span> <span class='ocrx_word' id='word_1_297' title='bbox 1154 641 1200 674; x_wconf 90' lang='lat' dir='ltr'>Pii</span> <span class='ocrx_word' id='word_1_298' title='bbox 1226 648 1257 675; x_wconf 88' lang='lat' dir='ltr'>et</span> <span class='ocrx_word' id='word_1_299' title='bbox 1281 643 1428 687; x_wconf 76' lang='lat' dir='ltr'>Gregorii</span> <span class='ocrx_word' id='word_1_300' title='bbox 1448 644 1733 688; x_wconf 87' lang='lat' dir='ltr'>praedecessorum</span> <span class='ocrx_word' id='word_1_301' title='bbox 1759 645 1844 678; x_wconf 83' lang='lat' dir='ltr'>litte-</span> 
     </span>
     <span class='ocr_line' id='line_1_57' title="bbox 1092 695 1842 742; baseline 0.004 -14"><span class='ocrx_word' id='word_1_302' title='bbox 1092 695 1136 728; x_wconf 87' lang='lat' dir='ltr'>ris</span> <span class='ocrx_word' id='word_1_303' title='bbox 1155 701 1186 729; x_wconf 89' lang='lat' dir='ltr'>et</span> <span class='ocrx_word' id='word_1_304' title='bbox 1207 696 1330 729; x_wconf 89' lang='lat' dir='ltr'>ccdulis</span> <span class='ocrx_word' id='word_1_305' title='bbox 1361 702 1450 729; x_wconf 86' lang='lat' dir='ltr'>motu</span> <span class='ocrx_word' id='word_1_306' title='bbox 1470 698 1604 741; x_wconf 77' lang='lat' dir='ltr'>prdprio</span> <span class='ocrx_word' id='word_1_307' title='bbox 1628 698 1820 742; x_wconf 77' lang='lat' dir='ltr'>subsignatis</span> <span class='ocrx_word' id='word_1_308' title='bbox 1833 725 1842 738; x_wconf 88' lang='lat'>‚</span> 
     </span>
     <span class='ocr_line' id='line_1_58' title="bbox 1091 750 1844 793; baseline 0.007 -12"><span class='ocrx_word' id='word_1_309' title='bbox 1091 760 1228 792; x_wconf 87' lang='lat' dir='ltr'>quarum</span> <span class='ocrx_word' id='word_1_310' title='bbox 1250 751 1350 782; x_wconf 87' lang='lat' dir='ltr'>solam</span> <span class='ocrx_word' id='word_1_311' title='bbox 1376 750 1574 793; x_wconf 77' lang='lat' dir='ltr'>signaturam</span> <span class='ocrx_word' id='word_1_312' title='bbox 1595 750 1693 784; x_wconf 88' lang='lat' dir='ltr'>iidem</span> <span class='ocrx_word' id='word_1_313' title='bbox 1718 752 1793 785; x_wconf 89' lang='lat' dir='ltr'>Pius</span> <span class='ocrx_word' id='word_1_314' title='bbox 1813 758 1844 786; x_wconf 91' lang='lat' dir='ltr'>ct</span> 
     </span>
     <span class='ocr_line' id='line_1_59' title="bbox 1091 803 1844 847; baseline 0.005 -11"><span class='ocrx_word' id='word_1_315' title='bbox 1091 803 1264 846; x_wconf 82' lang='lat' dir='ltr'>Gregorius</span> <span class='ocrx_word' id='word_1_316' title='bbox 1284 805 1548 847; x_wconf 86' lang='lat' dir='ltr'>praedecessores</span> <span class='ocrx_word' id='word_1_317' title='bbox 1568 805 1716 840; x_wconf 83' lang='lat' dir='ltr'>sufficere</span> <span class='ocrx_word' id='word_1_318' title='bbox 1734 807 1844 840; x_wconf 88' lang='lat' dir='ltr'>volue-</span> 
     </span>
     <span class='ocr_line' id='line_1_60' title="bbox 1090 857 1511 897; baseline 0.005 -8"><span class='ocrx_word' id='word_1_319' title='bbox 1090 863 1176 897; x_wconf 85' lang='lat' dir='ltr'>runt,</span> <span class='ocrx_word' id='word_1_320' title='bbox 1200 857 1295 890; x_wconf 89' lang='lat' dir='ltr'>latius</span> <span class='ocrx_word' id='word_1_321' title='bbox 1313 858 1511 891; x_wconf 88' lang='lat' dir='ltr'>continetur.</span> 
     </span>
    </p>

    <p class='ocr_par' dir='ltr' id='par_1_11' title="bbox 1128 910 1841 953">
     <span class='ocr_line' id='line_1_61' title="bbox 1128 910 1841 953; baseline 0.007 -10"><span class='ocrx_word' id='word_1_322' title='bbox 1128 910 1147 953; x_wconf 63' lang='grc' dir='ltr'>,ξ</span> <span class='ocrx_word' id='word_1_323' title='bbox 1167 910 1197 943; x_wconf 74' lang='grc'>4.</span> <span class='ocrx_word' id='word_1_324' title='bbox 1217 911 1277 944; x_wconf 89' lang='lat' dir='ltr'>Sed</span> <span class='ocrx_word' id='word_1_325' title='bbox 1292 922 1328 944; x_wconf 88' lang='lat' dir='ltr'>ea</span> <span class='ocrx_word' id='word_1_326' title='bbox 1341 917 1388 944; x_wconf 86' lang='lat' dir='ltr'>est</span> <span class='ocrx_word' id='word_1_327' title='bbox 1402 912 1620 945; x_wconf 87' lang='lat' dir='ltr'>humanarum</span> <span class='ocrx_word' id='word_1_328' title='bbox 1635 923 1745 947; x_wconf 90' lang='lat' dir='ltr'>rerum</span> <span class='ocrx_word' id='word_1_329' title='bbox 1762 924 1841 948; x_wconf 87' lang='lat' dir='ltr'>con-</span> 
     </span>
    </p>
   </div>
   <div class='ocr_carea' id='block_1_8' title="bbox 1855 1009 1988 1034">
    <p class='ocr_par' dir='ltr' id='par_1_12' title="bbox 1855 1009 1988 1034">
     <span class='ocr_line' id='line_1_62' title="bbox 1855 1009 1988 1034; baseline 0.023 -6"><span class='ocrx_word' id='word_1_330' title='bbox 1855 1009 1923 1034; x_wconf 74' lang='lat' dir='ltr'>gendo</span> <span class='ocrx_word' id='word_1_331' title='bbox 1967 1009 1988 1031; x_wconf 63' lang='grc' dir='ltr'>δι</span> 
     </span>
    </p>
   </div>
   <div class='ocr_carea' id='block_1_9' title="bbox 1087 1019 2000 1062">
    <p class='ocr_par' dir='ltr' id='par_1_13' title="bbox 1087 1019 2045 1068">
     <span class='ocr_line' id='line_1_63' title="bbox 1087 1019 2000 1062; baseline 0.006 -13"><span class='ocrx_word' id='word_1_332' title='bbox 1087 1022 1296 1061; x_wconf 84' lang='lat' dir='ltr'>perpetuum,</span> <span class='ocrx_word' id='word_1_333' title='bbox 1314 1019 1399 1062; x_wconf 85' lang='lat' dir='ltr'>quod</span> <span class='ocrx_word' id='word_1_334' title='bbox 1422 1029 1486 1051; x_wconf 90' lang='lat' dir='ltr'>non</span> <span class='ocrx_word' id='word_1_335' title='bbox 1504 1019 1641 1061; x_wconf 86' lang='lat' dir='ltr'>tempori</span> <span class='ocrx_word' id='word_1_336' title='bbox 1661 1020 1837 1062; x_wconf 82' lang='lat' dir='ltr'>subiaceat,</span> <span class='ocrx_word' id='word_1_337' title='bbox 1855 1041 1911 1061; x_wconf 50' lang='grc' dir='ltr'>,Μαί</span> <span class='ocrx_word' id='word_1_338' title='bbox 1951 1047 2000 1062; x_wconf 63' lang='grc' dir='ltr'>Μ,</span> 
     </span>
    </p>
   </div>
   <div class='ocr_carea' id='block_1_10' title="bbox 1862 0 2059 1128">
    <p class='ocr_par' dir='ltr' id='par_1_14' title="bbox 1862 0 2059 1128">
     <span class='ocr_line' id='line_1_64' title="bbox 1862 0 2059 1052; baseline 0 -127"><span class='ocrx_word' id='word_1_339' title='bbox 1862 0 2059 1052; x_wconf 95' lang='lat' dir='ltr'>       </span> 
     </span>
     <span class='ocr_line' id='line_1_65' title="bbox 1992 1052 2059 1128; baseline 0 2100"><span class='ocrx_word' id='word_1_340' title='bbox 1992 1052 2059 1128; x_wconf 95' lang='lat' dir='ltr'> </span> 
     </span>
    </p>
   </div>
   <div class='ocr_carea' id='block_1_11' title="bbox 1088 944 2047 1012">
    <p class='ocr_par' dir='ltr' id='par_1_15' title="bbox 1088 944 2047 1012">
     <span class='ocr_line' id='line_1_66' title="bbox 1088 944 2047 1012; baseline 0.009 -17"><span class='ocrx_word' id='word_1_341' title='bbox 1088 963 1166 996; x_wconf 89' lang='lat' dir='ltr'>ditio</span> <span class='ocrx_word' id='word_1_342' title='bbox 1183 990 1190 1003; x_wconf 92' lang='lat'>,</span> <span class='ocrx_word' id='word_1_343' title='bbox 1217 969 1252 997; x_wconf 88' lang='lat' dir='ltr'>ut</span> <span class='ocrx_word' id='word_1_344' title='bbox 1280 964 1362 997; x_wconf 90' lang='lat' dir='ltr'>nihil</span> <span class='ocrx_word' id='word_1_345' title='bbox 1395 966 1475 999; x_wconf 85' lang='lat' dir='ltr'>adeo</span> <span class='ocrx_word' id='word_1_346' title='bbox 1500 973 1648 999; x_wconf 82' lang='lat' dir='ltr'>constans</span> <span class='ocrx_word' id='word_1_347' title='bbox 1674 966 1714 1000; x_wconf 88' lang='lat' dir='ltr'>sit</span> <span class='ocrx_word' id='word_1_348' title='bbox 1745 973 1841 1012; x_wconf 85' lang='lat' dir='ltr'>atque</span> <span class='ocrx_word' id='word_1_349' title='bbox 1855 944 2047 1004; x_wconf 47' lang='grc' dir='ltr'>ἓῑίικίἰάεωῗιῗι</span> 
     </span>
    </p>
   </div>
   <div class='ocr_carea' id='block_1_12' title="bbox 2001 1019 2022 1034">
    <p class='ocr_par' dir='ltr' id='par_1_16' title="bbox 2001 1019 2022 1034">
     <span class='ocr_line' id='line_1_67' title="bbox 2001 1019 2022 1034; baseline 0 -4"><span class='ocrx_word' id='word_1_350' title='bbox 2001 1019 2022 1034; x_wconf 63' lang='grc' dir='ltr'>ω,</span> 
     </span>
    </p>
   </div>
   <div class='ocr_carea' id='block_1_13' title="bbox 1087 1071 2045 1109">
    <p class='ocr_par' dir='ltr' id='par_1_17' title="bbox 1087 1071 2045 1109">
     <span class='ocr_line' id='line_1_68' title="bbox 1087 1071 2045 1109; baseline 0.006 -5"><span class='ocrx_word' id='word_1_351' title='bbox 1087 1077 1117 1104; x_wconf 88' lang='lat' dir='ltr'>et</span> <span class='ocrx_word' id='word_1_352' title='bbox 1142 1071 1348 1105; x_wconf 86' lang='lat' dir='ltr'>nascentibus</span> <span class='ocrx_word' id='word_1_353' title='bbox 1377 1073 1505 1106; x_wconf 88' lang='lat' dir='ltr'>casibus</span> <span class='ocrx_word' id='word_1_354' title='bbox 1531 1074 1731 1108; x_wconf 87' lang='lat' dir='ltr'>immutetur.</span> <span class='ocrx_word' id='word_1_355' title='bbox 1758 1075 1840 1109; x_wconf 89' lang='lat' dir='ltr'>Hinc</span> <span class='ocrx_word' id='word_1_356' title='bbox 1854 1071 1880 1092; x_wconf 76' lang='lat'>²⁸¹</span> <span class='ocrx_word' id='word_1_357' title='bbox 1923 1072 2001 1095; x_wconf 64' lang='lat'>‘¹⁸⁰⁶&#39;</span> <span class='ocrx_word' id='word_1_358' title='bbox 2044 1096 2045 1100; x_wconf 86' lang='grc' dir='ltr'>ι</span> 
     </span>
    </p>
   </div>
   <div class='ocr_carea' id='block_1_14' title="bbox 1087 1108 1907 1170">
    <p class='ocr_par' dir='ltr' id='par_1_18' title="bbox 1087 1108 1907 1170">
     <span class='ocr_line' id='line_1_69' title="bbox 1087 1108 1907 1170; baseline 0.007 -13"><span class='ocrx_word' id='word_1_359' title='bbox 1087 1135 1157 1165; x_wconf 88' lang='lat' dir='ltr'>nos,</span> <span class='ocrx_word' id='word_1_360' title='bbox 1174 1130 1358 1169; x_wconf 87' lang='lat' dir='ltr'>postquam,</span> <span class='ocrx_word' id='word_1_361' title='bbox 1381 1126 1489 1159; x_wconf 85' lang='lat' dir='ltr'>divina</span> <span class='ocrx_word' id='word_1_362' title='bbox 1508 1126 1632 1161; x_wconf 81' lang='lat' dir='ltr'>favente</span> <span class='ocrx_word' id='word_1_363' title='bbox 1652 1129 1837 1170; x_wconf 87' lang='lat' dir='ltr'>clementia,</span> <span class='ocrx_word' id='word_1_364' title='bbox 1855 1108 1907 1124; x_wconf 76' lang='lat' dir='ltr'>num</span> 
     </span>
    </p>
   </div>
   <div class='ocr_carea' id='block_1_15' title="bbox 1073 1179 1861 2453">
    <p class='ocr_par' dir='ltr' id='par_1_19' title="bbox 1073 1179 1861 2453">
     <span class='ocr_line' id='line_1_70' title="bbox 1086 1179 1839 1227; baseline 0.008 -17"><span class='ocrx_word' id='word_1_365' title='bbox 1086 1179 1123 1211; x_wconf 86' lang='lat' dir='ltr'>ad</span> <span class='ocrx_word' id='word_1_366' title='bbox 1149 1179 1268 1212; x_wconf 87' lang='lat' dir='ltr'>summi</span> <span class='ocrx_word' id='word_1_367' title='bbox 1298 1181 1498 1223; x_wconf 87' lang='lat' dir='ltr'>apostolatus</span> <span class='ocrx_word' id='word_1_368' title='bbox 1528 1181 1654 1224; x_wconf 86' lang='lat' dir='ltr'>apicem</span> <span class='ocrx_word' id='word_1_369' title='bbox 1684 1183 1839 1227; x_wconf 89' lang='lat' dir='ltr'>assumpti</span> 
     </span>
     <span class='ocr_line' id='line_1_71' title="bbox 1086 1232 1838 1276; baseline 0.008 -12"><span class='ocrx_word' id='word_1_370' title='bbox 1086 1232 1217 1270; x_wconf 75' lang='lat' dir='ltr'>suimus,</span> <span class='ocrx_word' id='word_1_371' title='bbox 1246 1244 1282 1266; x_wconf 81' lang='lat' dir='ltr'>ex</span> <span class='ocrx_word' id='word_1_372' title='bbox 1309 1234 1502 1276; x_wconf 79' lang='lat' dir='ltr'>urgentibus</span> <span class='ocrx_word' id='word_1_373' title='bbox 1520 1234 1733 1273; x_wconf 83' lang='lat' dir='ltr'>rationalibus</span> <span class='ocrx_word' id='word_1_374' title='bbox 1761 1247 1838 1270; x_wconf 85' lang='lat' dir='ltr'>cau-</span> 
     </span>
     <span class='ocr_line' id='line_1_72' title="bbox 1085 1286 1839 1334; baseline 0.008 -16"><span class='ocrx_word' id='word_1_375' title='bbox 1085 1286 1127 1318; x_wconf 89' lang='lat' dir='ltr'>sis</span> <span class='ocrx_word' id='word_1_376' title='bbox 1151 1286 1296 1319; x_wconf 91' lang='lat' dir='ltr'>animum</span> <span class='ocrx_word' id='word_1_377' title='bbox 1327 1293 1471 1320; x_wconf 90' lang='lat' dir='ltr'>nostrum</span> <span class='ocrx_word' id='word_1_378' title='bbox 1494 1289 1715 1329; x_wconf 89' lang='lat' dir='ltr'>moventibus,</span> <span class='ocrx_word' id='word_1_379' title='bbox 1736 1290 1839 1334; x_wconf 89' lang='lat' dir='ltr'>ipsius</span> 
     </span>
     <span class='ocr_line' id='line_1_73' title="bbox 1085 1340 1835 1385; baseline 0.008 -13"><span class='ocrx_word' id='word_1_380' title='bbox 1085 1340 1130 1372; x_wconf 87' lang='lat' dir='ltr'>Pii</span> <span class='ocrx_word' id='word_1_381' title='bbox 1163 1341 1420 1383; x_wconf 84' lang='lat' dir='ltr'>praedecessoris</span> <span class='ocrx_word' id='word_1_382' title='bbox 1448 1342 1601 1385; x_wconf 51' lang='lat' dir='ltr'>¹exemplo</span> <span class='ocrx_word' id='word_1_383' title='bbox 1639 1343 1835 1385; x_wconf 85' lang='lat' dir='ltr'>innitentes,</span> 
     </span>
     <span class='ocr_line' id='line_1_74' title="bbox 1085 1394 1836 1440; baseline 0.007 -15"><span class='ocrx_word' id='word_1_384' title='bbox 1085 1394 1116 1425; x_wconf 94' lang='lat' dir='ltr'>in</span> <span class='ocrx_word' id='word_1_385' title='bbox 1137 1404 1208 1426; x_wconf 90' lang='lat' dir='ltr'>eam</span> <span class='ocrx_word' id='word_1_386' title='bbox 1229 1394 1374 1427; x_wconf 89' lang='lat' dir='ltr'>venimus</span> <span class='ocrx_word' id='word_1_387' title='bbox 1394 1395 1586 1428; x_wconf 83' lang='lat' dir='ltr'>sententiam</span> <span class='ocrx_word' id='word_1_388' title='bbox 1606 1401 1643 1428; x_wconf 90' lang='lat' dir='ltr'>ut</span> <span class='ocrx_word' id='word_1_389' title='bbox 1662 1396 1836 1440; x_wconf 81' lang='lat' dir='ltr'>collegium</span> 
     </span>
     <span class='ocr_line' id='line_1_75' title="bbox 1085 1447 1836 1490; baseline 0.007 -11"><span class='ocrx_word' id='word_1_390' title='bbox 1085 1447 1267 1490; x_wconf 86' lang='lat' dir='ltr'>predictum</span> <span class='ocrx_word' id='word_1_391' title='bbox 1289 1447 1328 1480; x_wconf 89' lang='lat' dir='ltr'>ad</span> <span class='ocrx_word' id='word_1_392' title='bbox 1348 1448 1585 1481; x_wconf 86' lang='lat' dir='ltr'>duodenarium</span> <span class='ocrx_word' id='word_1_393' title='bbox 1601 1459 1775 1483; x_wconf 87' lang='lat' dir='ltr'>numerum</span> <span class='ocrx_word' id='word_1_394' title='bbox 1789 1461 1836 1484; x_wconf 85' lang='lat' dir='ltr'>re-</span> 
     </span>
     <span class='ocr_line' id='line_1_76' title="bbox 1083 1500 1835 1547; baseline 0.005 -14"><span class='ocrx_word' id='word_1_395' title='bbox 1083 1500 1171 1533; x_wconf 87' lang='lat' dir='ltr'>stitui</span> <span class='ocrx_word' id='word_1_396' title='bbox 1192 1511 1288 1543; x_wconf 90' lang='lat' dir='ltr'>quam</span> <span class='ocrx_word' id='word_1_397' title='bbox 1309 1501 1445 1534; x_wconf 86' lang='lat' dir='ltr'>maxime</span> <span class='ocrx_word' id='word_1_398' title='bbox 1466 1502 1649 1545; x_wconf 68' lang='lat' dir='ltr'>expediret,</span> <span class='ocrx_word' id='word_1_399' title='bbox 1677 1503 1718 1536; x_wconf 90' lang='lat' dir='ltr'>ob</span> <span class='ocrx_word' id='word_1_400' title='bbox 1739 1504 1835 1547; x_wconf 87' lang='lat' dir='ltr'>idque</span> 
     </span>
     <span class='ocr_line' id='line_1_77' title="bbox 1084 1554 1832 1600; baseline 0.007 -14"><span class='ocrx_word' id='word_1_401' title='bbox 1084 1554 1198 1598; x_wconf 89' lang='lat' dir='ltr'>primis</span> <span class='ocrx_word' id='word_1_402' title='bbox 1232 1555 1438 1598; x_wconf 82' lang='lat' dir='ltr'>pontificatus</span> <span class='ocrx_word' id='word_1_403' title='bbox 1475 1556 1577 1589; x_wconf 88' lang='lat' dir='ltr'>nostri</span> <span class='ocrx_word' id='word_1_404' title='bbox 1608 1557 1832 1600; x_wconf 88' lang='lat' dir='ltr'>temporibus,</span> 
     </span>
     <span class='ocr_line' id='line_1_78' title="bbox 1083 1608 1832 1653; baseline 0.004 -12"><span class='ocrx_word' id='word_1_405' title='bbox 1083 1608 1256 1651; x_wconf 77' lang='lat' dir='ltr'>collegium</span> <span class='ocrx_word' id='word_1_406' title='bbox 1282 1609 1482 1653; x_wconf 83' lang='lat' dir='ltr'>praedictum</span> <span class='ocrx_word' id='word_1_407' title='bbox 1507 1611 1546 1643; x_wconf 90' lang='lat' dir='ltr'>ad</span> <span class='ocrx_word' id='word_1_408' title='bbox 1577 1621 1750 1644; x_wconf 88' lang='lat' dir='ltr'>numerum</span> <span class='ocrx_word' id='word_1_409' title='bbox 1771 1623 1832 1645; x_wconf 91' lang='lat' dir='ltr'>un-</span> 
     </span>
     <span class='ocr_line' id='line_1_79' title="bbox 1083 1662 1832 1706; baseline 0.005 -12"><span class='ocrx_word' id='word_1_410' title='bbox 1083 1662 1188 1695; x_wconf 90' lang='lat' dir='ltr'>decim</span> <span class='ocrx_word' id='word_1_411' title='bbox 1225 1663 1420 1696; x_wconf 88' lang='lat' dir='ltr'>clericorum</span> <span class='ocrx_word' id='word_1_412' title='bbox 1455 1663 1659 1706; x_wconf 78' lang='lat' dir='ltr'>ampliantes,</span> <span class='ocrx_word' id='word_1_413' title='bbox 1696 1665 1832 1699; x_wconf 77' lang='lat' dir='ltr'>undeci-</span> 
     </span>
     <span class='ocr_line' id='line_1_80' title="bbox 1085 1716 1831 1752; baseline 0.005 -4"><span class='ocrx_word' id='word_1_414' title='bbox 1085 1727 1173 1748; x_wconf 89' lang='lat' dir='ltr'>mum</span> <span class='ocrx_word' id='word_1_415' title='bbox 1195 1716 1339 1749; x_wconf 84' lang='lat' dir='ltr'>officium</span> <span class='ocrx_word' id='word_1_416' title='bbox 1352 1716 1538 1749; x_wconf 86' lang='lat' dir='ltr'>huiusmodi</span> <span class='ocrx_word' id='word_1_417' title='bbox 1548 1718 1723 1751; x_wconf 86' lang='lat' dir='ltr'>venerabili</span> <span class='ocrx_word' id='word_1_418' title='bbox 1739 1719 1831 1752; x_wconf 81' lang='lat' dir='ltr'>fratri</span> 
     </span>
     <span class='ocr_line' id='line_1_81' title="bbox 1084 1769 1833 1815; baseline 0.005 -13"><span class='ocrx_word' id='word_1_419' title='bbox 1084 1770 1233 1802; x_wconf 85' lang='lat' dir='ltr'>Annibali</span> <span class='ocrx_word' id='word_1_420' title='bbox 1255 1769 1407 1813; x_wconf 87' lang='lat' dir='ltr'>episcopo</span> <span class='ocrx_word' id='word_1_421' title='bbox 1428 1770 1649 1804; x_wconf 89' lang='lat' dir='ltr'>Faventinensi</span> <span class='ocrx_word' id='word_1_422' title='bbox 1677 1782 1736 1815; x_wconf 89' lang='lat' dir='ltr'>per</span> <span class='ocrx_word' id='word_1_423' title='bbox 1755 1772 1833 1806; x_wconf 85' lang='lat' dir='ltr'>alias</span> 
     </span>
     <span class='ocr_line' id='line_1_82' title="bbox 1081 1823 1833 1870; baseline 0.007 -15"><span class='ocrx_word' id='word_1_424' title='bbox 1081 1823 1202 1857; x_wconf 84' lang='lat' dir='ltr'>litteras</span> <span class='ocrx_word' id='word_1_425' title='bbox 1223 1829 1347 1857; x_wconf 88' lang='lat' dir='ltr'>nostras</span> <span class='ocrx_word' id='word_1_426' title='bbox 1373 1824 1591 1858; x_wconf 85' lang='lat' dir='ltr'>concessimus</span> <span class='ocrx_word' id='word_1_427' title='bbox 1612 1830 1642 1859; x_wconf 89' lang='lat' dir='ltr'>et</span> <span class='ocrx_word' id='word_1_428' title='bbox 1661 1826 1833 1870; x_wconf 80' lang='lat' dir='ltr'>assignavi-</span> 
     </span>
     <span class='ocr_line' id='line_1_83' title="bbox 1081 1877 1838 1925; baseline 0.007 -16"><span class='ocrx_word' id='word_1_429' title='bbox 1081 1887 1165 1910; x_wconf 88' lang='lat' dir='ltr'>mus.</span> <span class='ocrx_word' id='word_1_430' title='bbox 1201 1877 1300 1910; x_wconf 90' lang='lat' dir='ltr'>Porro</span> <span class='ocrx_word' id='word_1_431' title='bbox 1335 1878 1566 1911; x_wconf 87' lang='lat' dir='ltr'>camerariatus</span> <span class='ocrx_word' id='word_1_432' title='bbox 1594 1878 1626 1911; x_wconf 92' lang='lat' dir='ltr'>S.</span> <span class='ocrx_word' id='word_1_433' title='bbox 1653 1879 1691 1912; x_wconf 84' lang='lat' dir='ltr'>R.</span> <span class='ocrx_word' id='word_1_434' title='bbox 1712 1880 1748 1913; x_wconf 91' lang='lat' dir='ltr'>E.</span> <span class='ocrx_word' id='word_1_435' title='bbox 1772 1891 1838 1925; x_wconf 89' lang='lat' dir='ltr'>per·</span> 
     </span>
     <span class='ocr_line' id='line_1_84' title="bbox 1080 1930 1829 1977; baseline 0.007 -15"><span class='ocrx_word' id='word_1_436' title='bbox 1080 1930 1202 1963; x_wconf 89' lang='lat' dir='ltr'>obitum</span> <span class='ocrx_word' id='word_1_437' title='bbox 1231 1931 1336 1965; x_wconf 87' lang='lat' dir='ltr'>bonae</span> <span class='ocrx_word' id='word_1_438' title='bbox 1364 1932 1539 1965; x_wconf 55' lang='lat' dir='ltr'>memmiae</span> <span class='ocrx_word' id='word_1_439' title='bbox 1559 1932 1698 1977; x_wconf 87' lang='lat' dir='ltr'>Philippi</span> <span class='ocrx_word' id='word_1_440' title='bbox 1722 1934 1829 1968; x_wconf 87' lang='lat' dir='ltr'>Sancti</span> 
     </span>
     <span class='ocr_line' id='line_1_85' title="bbox 1078 1984 1828 2027; baseline 0.008 -11"><span class='ocrx_word' id='word_1_441' title='bbox 1078 1984 1242 2018; x_wconf 87' lang='lat' dir='ltr'>Eustachii</span> <span class='ocrx_word' id='word_1_442' title='bbox 1263 1985 1390 2019; x_wconf 89' lang='lat' dir='ltr'>diaconi</span> <span class='ocrx_word' id='word_1_443' title='bbox 1411 1985 1594 2027; x_wconf 79' lang='lat' dir='ltr'>cardinalis,</span> <span class='ocrx_word' id='word_1_444' title='bbox 1630 1987 1707 2020; x_wconf 87' lang='lat' dir='ltr'>olim</span> <span class='ocrx_word' id='word_1_445' title='bbox 1743 1987 1828 2022; x_wconf 86' lang='lat' dir='ltr'>eius-</span> 
     </span>
     <span class='ocr_line' id='line_1_86' title="bbox 1078 2038 1826 2083; baseline 0.004 -12"><span class='ocrx_word' id='word_1_446' title='bbox 1078 2038 1149 2071; x_wconf 88' lang='lat' dir='ltr'>dem</span> <span class='ocrx_word' id='word_1_447' title='bbox 1171 2039 1202 2072; x_wconf 83' lang='lat' dir='ltr'>S.</span> <span class='ocrx_word' id='word_1_448' title='bbox 1225 2039 1262 2072; x_wconf 90' lang='lat' dir='ltr'>R.</span> <span class='ocrx_word' id='word_1_449' title='bbox 1285 2040 1319 2072; x_wconf 87' lang='grc' dir='ltr'>Ε.</span> <span class='ocrx_word' id='word_1_450' title='bbox 1344 2039 1525 2080; x_wconf 83' lang='lat' dir='ltr'>camerarii,</span> <span class='ocrx_word' id='word_1_451' title='bbox 1547 2040 1633 2083; x_wconf 87' lang='lat' dir='ltr'>apud</span> <span class='ocrx_word' id='word_1_452' title='bbox 1653 2040 1768 2074; x_wconf 82' lang='lat' dir='ltr'>Sedem</span> <span class='ocrx_word' id='word_1_453' title='bbox 1783 2042 1826 2074; x_wconf 86' lang='grc' dir='ltr'>Α-</span> 
     </span>
     <span class='ocr_line' id='line_1_87' title="bbox 1077 2093 1826 2136; baseline 0.005 -11"><span class='ocrx_word' id='word_1_454' title='bbox 1077 2093 1267 2136; x_wconf 86' lang='lat' dir='ltr'>postolicam</span> <span class='ocrx_word' id='word_1_455' title='bbox 1288 2093 1444 2134; x_wconf 87' lang='lat' dir='ltr'>defuncti,</span> <span class='ocrx_word' id='word_1_456' title='bbox 1467 2104 1591 2134; x_wconf 86' lang='lat' dir='ltr'>vacans,</span> <span class='ocrx_word' id='word_1_457' title='bbox 1612 2105 1722 2127; x_wconf 87' lang='lat' dir='ltr'>ansam</span> <span class='ocrx_word' id='word_1_458' title='bbox 1735 2095 1826 2130; x_wconf 91' lang='lat' dir='ltr'>nohis</span> 
     </span>
     <span class='ocr_line' id='line_1_88' title="bbox 1076 2142 1861 2191; baseline 0.004 -12"><span class='ocrx_word' id='word_1_459' title='bbox 1076 2142 1475 2190; x_wconf 71' lang='lat' dir='ltr'>praebuit&#39;cogimtionem</span> <span class='ocrx_word' id='word_1_460' title='bbox 1500 2147 1699 2191; x_wconf 85' lang='lat' dir='ltr'>praedictam</span> <span class='ocrx_word' id='word_1_461' title='bbox 1718 2150 1758 2182; x_wconf 91' lang='lat' dir='ltr'>ad</span> <span class='ocrx_word' id='word_1_462' title='bbox 1778 2150 1825 2182; x_wconf 86' lang='lat' dir='ltr'>ef·</span> <span class='ocrx_word' id='word_1_463' title='bbox 1853 2164 1861 2174; x_wconf 88' lang='lat'><em>-</em></span> 
     </span>
     <span class='ocr_line' id='line_1_89' title="bbox 1076 2199 1826 2244; baseline 0.007 -13"><span class='ocrx_word' id='word_1_464' title='bbox 1076 2199 1193 2232; x_wconf 87' lang='lat' dir='ltr'>sectum</span> <span class='ocrx_word' id='word_1_465' title='bbox 1215 2200 1423 2244; x_wconf 86' lang='lat' dir='ltr'>perducendi,</span> <span class='ocrx_word' id='word_1_466' title='bbox 1450 2205 1495 2234; x_wconf 84' lang='lat' dir='ltr'>tot</span> <span class='ocrx_word' id='word_1_467' title='bbox 1525 2211 1561 2234; x_wconf 82' lang='lat' dir='ltr'>ex</span> <span class='ocrx_word' id='word_1_468' title='bbox 1596 2201 1754 2236; x_wconf 86' lang='lat' dir='ltr'>reditibus</span> <span class='ocrx_word' id='word_1_469' title='bbox 1777 2203 1826 2236; x_wconf 92' lang='lat' dir='ltr'>di-</span> 
     </span>
     <span class='ocr_line' id='line_1_90' title="bbox 1075 2254 1824 2299; baseline 0.005 -13"><span class='ocrx_word' id='word_1_470' title='bbox 1075 2254 1116 2286; x_wconf 86' lang='lat' dir='ltr'>cti</span> <span class='ocrx_word' id='word_1_471' title='bbox 1128 2254 1358 2288; x_wconf 82' lang='lat' dir='ltr'>camerariatus</span> <span class='ocrx_word' id='word_1_472' title='bbox 1370 2254 1561 2299; x_wconf 86' lang='lat' dir='ltr'>separando,</span> <span class='ocrx_word' id='word_1_473' title='bbox 1579 2261 1659 2298; x_wconf 91' lang='lat' dir='ltr'>quot</span> <span class='ocrx_word' id='word_1_474' title='bbox 1673 2266 1733 2299; x_wconf 88' lang='lat' dir='ltr'>pro</span> <span class='ocrx_word' id='word_1_475' title='bbox 1750 2267 1824 2290; x_wconf 89' lang='lat' dir='ltr'>con-</span> 
     </span>
     <span class='ocr_line' id='line_1_91' title="bbox 1073 2308 1824 2349; baseline 0.005 -10"><span class='ocrx_word' id='word_1_476' title='bbox 1073 2317 1153 2349; x_wconf 68' lang='lat' dir='ltr'>grua</span> <span class='ocrx_word' id='word_1_477' title='bbox 1174 2308 1344 2342; x_wconf 87' lang='lat' dir='ltr'>duodecim</span> <span class='ocrx_word' id='word_1_478' title='bbox 1365 2308 1474 2341; x_wconf 92' lang='lat' dir='ltr'>clerici</span> <span class='ocrx_word' id='word_1_479' title='bbox 1494 2309 1737 2349; x_wconf 87' lang='lat' dir='ltr'>sustentatione,</span> <span class='ocrx_word' id='word_1_480' title='bbox 1753 2309 1824 2344; x_wconf 84' lang='lat' dir='ltr'>ahs-</span> 
     </span>
     <span class='ocr_line' id='line_1_92' title="bbox 1073 2361 1823 2406; baseline 0.007 -15"><span class='ocrx_word' id='word_1_481' title='bbox 1073 2371 1134 2402; x_wconf 88' lang='lat' dir='ltr'>que</span> <span class='ocrx_word' id='word_1_482' title='bbox 1158 2361 1248 2395; x_wconf 85' lang='lat' dir='ltr'>Sedis</span> <span class='ocrx_word' id='word_1_483' title='bbox 1267 2362 1469 2406; x_wconf 79' lang='lat' dir='ltr'>Apostolicae</span> <span class='ocrx_word' id='word_1_484' title='bbox 1489 2361 1623 2402; x_wconf 84' lang='lat' dir='ltr'>iactura,</span> <span class='ocrx_word' id='word_1_485' title='bbox 1636 2361 1823 2396; x_wconf 83' lang='lat' dir='ltr'>sufficerent</span> 
     </span>
     <span class='ocr_line' id='line_1_93' title="bbox 1073 2416 1306 2453; baseline 0 -11"><span class='ocrx_word' id='word_1_486' title='bbox 1073 2416 1306 2453; x_wconf 87' lang='lat' dir='ltr'>competenter.</span> 
     </span>
    </p>
   </div>
   <div class='ocr_carea' id='block_1_16' title="bbox 1086 2454 2017 2524">
    <p class='ocr_par' dir='ltr' id='par_1_20' title="bbox 1086 2454 2017 2524">
     <span class='ocr_line' id='line_1_94' title="bbox 1086 2454 2017 2524; baseline 0.005 -36"><span class='ocrx_word' id='word_1_487' title='bbox 1086 2460 1130 2502; x_wconf 59' lang='lat' dir='ltr'>-g</span> <span class='ocrx_word' id='word_1_488' title='bbox 1151 2459 1181 2492; x_wconf 85' lang='lat'>5.</span> <span class='ocrx_word' id='word_1_489' title='bbox 1205 2459 1432 2501; x_wconf 73' lang='lat' dir='ltr'>Quamobrem,</span> <span class='ocrx_word' id='word_1_490' title='bbox 1455 2459 1564 2493; x_wconf 87' lang='lat' dir='ltr'>habita</span> <span class='ocrx_word' id='word_1_491' title='bbox 1584 2469 1682 2503; x_wconf 90' lang='lat' dir='ltr'>super</span> <span class='ocrx_word' id='word_1_492' title='bbox 1701 2459 1751 2492; x_wconf 90' lang='lat' dir='ltr'>his</span> <span class='ocrx_word' id='word_1_493' title='bbox 1765 2459 1820 2493; x_wconf 88' lang='lat' dir='ltr'>de·</span> <span class='ocrx_word' id='word_1_494' title='bbox 1832 2454 2017 2524; x_wconf 50' lang='lat' dir='ltr'>fflogxgzffiffl}</span> 
     </span>
    </p>
   </div>
   <div class='ocr_carea' id='block_1_17' title="bbox 1071 2508 1818 2652">
    <p class='ocr_par' dir='ltr' id='par_1_21' title="bbox 1071 2508 1818 2652">
     <span class='ocr_line' id='line_1_95' title="bbox 1073 2508 1818 2552; baseline 0 -12"><span class='ocrx_word' id='word_1_495' title='bbox 1073 2508 1262 2541; x_wconf 84' lang='lat' dir='ltr'>liberatione</span> <span class='ocrx_word' id='word_1_496' title='bbox 1294 2514 1438 2549; x_wconf 86' lang='lat' dir='ltr'>matura,</span> <span class='ocrx_word' id='word_1_497' title='bbox 1466 2509 1638 2552; x_wconf 70' lang='lat' dir='ltr'>collegium</span> <span class='ocrx_word' id='word_1_498' title='bbox 1668 2508 1818 2552; x_wconf 88' lang='lat' dir='ltr'>supradi-</span> 
     </span>
     <span class='ocr_line' id='line_1_96' title="bbox 1073 2558 1817 2591; baseline 0.001 -3"><span class='ocrx_word' id='word_1_499' title='bbox 1073 2562 1158 2589; x_wconf 87' lang='lat' dir='ltr'>ctum</span> <span class='ocrx_word' id='word_1_500' title='bbox 1179 2559 1217 2590; x_wconf 87' lang='lat' dir='ltr'>ad</span> <span class='ocrx_word' id='word_1_501' title='bbox 1243 2558 1479 2591; x_wconf 85' lang='lat' dir='ltr'>duodenarium</span> <span class='ocrx_word' id='word_1_502' title='bbox 1497 2568 1669 2591; x_wconf 87' lang='lat' dir='ltr'>numerum</span> <span class='ocrx_word' id='word_1_503' title='bbox 1696 2558 1736 2590; x_wconf 86' lang='lat' dir='ltr'>ab</span> <span class='ocrx_word' id='word_1_504' title='bbox 1761 2567 1817 2589; x_wconf 92' lang='lat' dir='ltr'>eo-</span> 
     </span>
     <span class='ocr_line' id='line_1_97' title="bbox 1071 2605 1816 2652; baseline -0.001 -12"><span class='ocrx_word' id='word_1_505' title='bbox 1071 2607 1143 2640; x_wconf 84' lang='lat' dir='ltr'>dem</span> <span class='ocrx_word' id='word_1_506' title='bbox 1165 2607 1219 2640; x_wconf 89' lang='lat' dir='ltr'>Pio</span> <span class='ocrx_word' id='word_1_507' title='bbox 1240 2608 1486 2650; x_wconf 82' lang='lat' dir='ltr'>praedecessore</span> <span class='ocrx_word' id='word_1_508' title='bbox 1498 2606 1703 2652; x_wconf 83' lang='lat' dir='ltr'>praefinitum</span> <span class='ocrx_word' id='word_1_509' title='bbox 1723 2605 1816 2640; x_wconf 81' lang='lat' dir='ltr'>resti-</span> 
     </span>
    </p>
   </div>
   <div class='ocr_carea' id='block_1_18' title="bbox 1987 1165 2022 2070">
    <p class='ocr_par' dir='ltr' id='par_1_22' title="bbox 1987 1165 2022 2070">
     <span class='ocr_line' id='line_1_98' title="bbox 1987 1165 2022 2070; baseline 0 0"><span class='ocrx_word' id='word_1_510' title='bbox 1987 1165 2022 2070; x_wconf 95' lang='lat' dir='ltr'> </span> 
     </span>
    </p>
   </div>
   <div class='ocr_carea' id='block_1_19' title="bbox 1999 1128 2059 3228">
    <p class='ocr_par' dir='ltr' id='par_1_23' title="bbox 1999 1128 2059 3228">
     <span class='ocr_line' id='line_1_99' title="bbox 1999 1128 2059 3228; baseline 0 -1159"><span class='ocrx_word' id='word_1_511' title='bbox 1999 1128 2059 3228; x_wconf 95' lang='lat' dir='ltr'>   </span> 
     </span>
    </p>
   </div>
   <div class='ocr_carea' id='block_1_20' title="bbox 2013 2069 2022 2250">
    <p class='ocr_par' dir='ltr' id='par_1_24' title="bbox 2013 2069 2022 2250">
     <span class='ocr_line' id='line_1_100' title="bbox 2013 2069 2022 2250; baseline 0 978"><span class='ocrx_word' id='word_1_512' title='bbox 2013 2069 2022 2250; x_wconf 95' lang='lat' dir='ltr'> </span> 
     </span>
    </p>
   </div>
   <div class='ocr_carea' id='block_1_21' title="bbox 1988 2253 2013 2407">
    <p class='ocr_par' dir='ltr' id='par_1_25' title="bbox 1988 2253 2013 2407">
     <span class='ocr_line' id='line_1_101' title="bbox 1988 2253 2013 2407; baseline 0 0"><span class='ocrx_word' id='word_1_513' title='bbox 1988 2253 2013 2407; x_wconf 64' lang='lat' dir='ltr'>i</span> 
     </span>
    </p>
   </div>
   <div class='ocr_carea' id='block_1_22' title="bbox 1987 2667 2003 2681">
    <p class='ocr_par' dir='ltr' id='par_1_26' title="bbox 1987 2667 2003 2681">
     <span class='ocr_line' id='line_1_102' title="bbox 1987 2667 2003 2681; baseline 0 0"><span class='ocrx_word' id='word_1_514' title='bbox 1987 2667 2003 2681; x_wconf 65' lang='lat' dir='ltr'>o*</span> 
     </span>
    </p>
   </div>
  </div>
 </body>
</html>
