2059 3228
48 972 162 1000 horulam.

57 1769 112 1796 mu
131 1772 206 1795 sorios.

819 189 994 214 aumonius
1014 189 1068 213 xttt
1088 189 1134 212 Μ’.

508 246 668 279 CLXXXV.

219 352 476 387 communicatio
509 357 537 385 et
568 353 710 386 eaetensio
741 352 959 394 imtulqentia-

258 417 331 440 ‘rum
355 411 383 439 el
408 407 651 450 privilcyiorum
666 416 884 439 concessorum
904 406 960 437 lto-

259 460 371 503 spilali
390 460 526 493 Ioannis
546 460 585 492 de
605 459 678 492 Dios
701 459 898 493 Gramatensi
921 458 963 491 ud

259 524 471 557 quaecumque
484 514 551 546 alia
571 514 745 557 hospitalia
757 513 918 556 quibust-is
928 513 962 544 in

259 567 336 600 locis
355 568 398 600 ad
428 568 535 600 instar
553 567 633 600 dicct·
665 566 835 609 hospitalis
866 566 962 598 insti-

261 621 380 654 tuenda
400 620 425 653 ¹.

258 741 403 778 Gregorius
421 741 576 777 episcopus.
597 747 692 769 servus
711 746 849 768 servorum
864 740 918 773 nei,

361 795 395 824 ad
411 795 571 831 perpetuam
587 795 628 823 rei
647 794 816 823 memoriam.

258 908 294 941 In
313 905 567 950 supereminenti
579 905 668 939 Sedis
679 905 879 949 Apostolieae
895 916 965 948 spe-

215 961 297 1002 cula,
325 961 515 1004 disponente
541 960 686 999 Domino,
712 959 888 999 constituti,
915 970 963 997 ea,

215 1025 299 1059 quae
318 1024 377 1058 pro
389 1013 596 1058 hospitalium
614 1013 818 1055 aliorumque
835 1013 964 1055 piorum

214 1069 363 1102 locorum
388 1067 472 1100 felici
496 1072 593 1107 statu,
615 1077 651 1099 ac
671 1076 882 1109 personarum
905 1065 966 1098 ibi-

215 1122 302 1164 dem,
322 1121 444 1155 fallacis
464 1120 561 1153 huius
582 1120 693 1152 mundi
708 1119 885 1163 repudiatis
900 1120 966 1153 ille-

217 1175 332 1216 cebris,
363 1174 424 1208 sub
451 1173 537 1207 suavi
562 1173 736 1217 Religionis
761 1174 836 1216 iugo
866 1173 965 1205 virtu-

217 1235 286 1262 tum
304 1228 441 1262 Domino
461 1227 699 1267 famulantium,
723 1238 758 1259 ac
784 1227 910 1270 pietatis
936 1232 967 1259 et

219 1282 384 1317 charitatis
402 1281 555 1326 operibus
574 1280 768 1321 vacantium,
786 1281 967 1313 animarum

220 1337 323 1370 salute
341 1335 475 1380 provide
503 1345 655 1368 concessa
680 1334 776 1367 fuisse
800 1334 965 1373 dicuntur,

219 1390 368 1430 libenter,
380 1399 453 1422 cum
475 1399 493 1421 a
513 1387 605 1421 nobis
621 1387 752 1431 petitur,
765 1387 803 1420 ad
814 1388 875 1420 alia
887 1388 970 1421 eius-

220 1444 293 1477 dem
317 1442 454 1476 instituti
476 1440 646 1486 hospitalia
667 1447 698 1474 et
717 1452 871 1485 personas
882 1441 968 1475 savo-

229 1492 366 1530 ⁰abiliter
393 1495 605 1536 extendimus,
632 1506 668 1527 ac
688 1494 766 1527 alias
796 1505 893 1538 super
921 1495 970 1528 liis

224 1550 441 1594 providemus,
477 1554 583 1592 prout,
628 1548 775 1581 locorum
804 1553 835 1581 et
862 1559 971 1592 perso-

224 1614 339 1637 narum
360 1603 511 1647 qualitate
536 1606 677 1645 pensata,
697 1601 729 1634 id
755 1601 971 1645 conspicimus

224 1656 258 1690 in
276 1656 412 1690 Domino
431 1655 604 1689 salubriter
624 1654 785 1698 expedire.

265 1710 281 1754 ἓ
304 1710 336 1743 1.
362 1709 489 1742 Dudum
511 1708 669 1752 siquidem
687 1719 744 1752 per
756 1708 857 1742 felicis
867 1719 972 1742 recor-

223 1763 363 1798 dationis
385 1763 478 1796 Pium
503 1761 621 1806 Papum
636 1762 672 1803 V,
693 1762 971 1805 praedecessorem

225 1822 386 1858 nostrum,
421 1822 554 1860 accepto
585 1816 672 1860 quod
704 1815 782 1849 alias
810 1816 972 1858 quondam

224 1871 359 1904 loannes
378 1870 416 1903 de
435 1869 522 1910 Dios,
545 1870 622 1903 dum
644 1870 675 1902 in
695 1869 846 1902 humanis
857 1875 974 1912 ageret,

226 1923 397 1958 devotione
417 1923 544 1964 ductus,
567 1922 650 1955 inter
677 1922 739 1955 ulia
768 1923 869 1955 multa
892 1923 976 1955 bona

229 1987 329 2021 opera
351 1986 433 2020 quae
457 1982 661 2016 exercuerat,
689 1986 725 2008 ex
751 1975 973 2020 eleemosynis,

228 2041 340 2075 quaea
360 2030 624 2064 christifidelibus
643 2029 703 2062 sibi
723 2029 973 2073 elargiebantur,

230 2093 296 2117 non
322 2083 424 2116 multo
443 2089 516 2116 ante
541 2083 610 2116 eius
635 2083 771 2123 obitum,
798 2082 830 2115 in
854 2083 978 2116 civitate

232 2137 420 2172 Granatensi
440 2148 540 2170 unum
561 2137 717 2181 hospitale
733 2136 870 2179 insigne,
884 2137 980 2169 Ιοαη-

233 2192 287 2224 m's
301 2191 338 2224 de
352 2190 429 2224 Dios
446 2191 529 2223 della
544 2190 604 2223 Poe
617 2195 850 2233 nuncupatum,
865 2190 903 2223 de
918 2191 980 2223 loci

235 2244 390 2278 ordinarii
411 2243 549 2284 licentia,
570 2243 760 2280 instituerat;
776 2249 817 2283 et,
832 2250 903 2287 post
914 2243 982 2276 eius

236 2297 373 2338 obitum,
396 2297 519 2330 dictum
539 2296 697 2340 hospitale
719 2307 819 2340 prope
847 2301 877 2329 et
896 2303 983 2329 extra

239 2361 347 2384 muros
361 2350 502 2384 eiusdem
528 2350 658 2383 civitatis
678 2351 831 2383 canonice
853 2351 984 2383 transla-

239 2410 308 2438 tum
328 2404 444 2443 fuerat,
467 2409 497 2436 et
518 2403 549 2435 in
571 2403 701 2446 praefati
722 2402 984 2446 hospitalisregi-

240 2453 327 2486 mine
351 2463 387 2486 ac
416 2451 694 2485 administratione
728 2451 781 2484 alii
822 2463 984 2485 successe-

243 2509 326 2544 rant,
366 2501 443 2545 qui,
475 2501 616 2534 eiusdem
643 2501 769 2533 Ioannis
789 2501 935 2544 exemplo
957 2508 986 2534 ct

279 2589 291 2616 1
309 2587 350 2615 Ex
369 2588 479 2622 Regest.
496 2586 524 2614 in
539 2586 644 2614 Secret.
663 2585 802 2614 Brevium.

325 2626 399 2657 Bau.
419 2626 496 2658 Rom.
525 2626 582 2655 ΥΜμ
610 2625 682 2655 t'lll.
852 2624 889 2654 08

1073 93 1091 104 ,-

1001 241 1096 274 simili
1117 241 1286 275 devotione
1307 243 1396 283 moti,
1415 241 1514 286 ipsius
1532 242 1698 286 hospitalis
1719 250 1750 276 et

1001 306 1181 338 pauperum
1203 296 1233 328 in
1255 297 1489 337 eoalegentitnn
1499 297 1668 339 gubernio,
1684 309 1750 331 ma-

1003 349 1184 381 nutentioni
1196 355 1223 382 et
1237 351 1478 383 substentationi
1493 351 1751 385 assidueincum-

1004 401 1134 441 bebant,
1157 402 1240 435 acin
1262 404 1313 434 illo
1334 404 1748 448 :iderantducentietquim

1003 454 1155 498 quaginta
1173 467 1330 499 pauperes
1350 458 1396 489 vot
1425 458 1520 497 circa,
1553 459 1639 491 omni
1659 459 1749 492 infir-

1005 508 1155 541 mitatum
1176 520 1292 550 genere
1310 511 1501 551 laborantes,
1528 522 1633 555 neque
1654 513 1686 544 in
1713 523 1751 546 ea

1004 560 1139 601 civitate,
1160 573 1219 595 nec
1240 563 1334 595 [niam
1363 564 1393 595 in
1421 570 1485 597 toto
1507 576 1605 607 regno
1627 565 1749 600 Granu-

1004 614 1085 647 tens-i
1106 615 1221 658 aliquis
1241 616 1352 650 similis
1364 619 1585 662 reperiebatur
1600 620 1701 661 locus,
1719 620 1751 652 in

1004 678 1068 710 quo
1083 669 1246 702 charitatis
1262 681 1359 714 opera
1373 671 1414 704 ita
1426 673 1551 705 abunde
1562 684 1750 706 exerceren-

1005 726 1067 762 tur,
1085 733 1158 755 cum
1180 722 1211 754 in
1233 734 1270 755 eo
1291 724 1382 756 annis
1402 725 1534 767 singulis
1554 737 1679 759 summa
1694 727 1751 759 de-

1005 785 1073 807 cem
1087 775 1223 808 millium
1236 777 1426 811 ducatorum
1440 779 1487 811 vel
1509 779 1593 812 circa
1613 790 1751 823 expone-

1006 833 1096 861 retur
1116 840 1152 862 ex
1173 830 1384 874 eleei‘nosynis
1408 843 1552 875 quoque,
1580 844 1661 876 quae
1694 843 1753 876 per

1005 881 1140 914 dilectos
1160 882 1242 916 tilios
1264 885 1440 917 confratres
1461 884 1560 928 ipsius
1586 886 1752 929 hospitalis

1006 935 1253 978 colligebantur,
1265 943 1296 970 et
1309 950 1325 970 a
1347 939 1607 973 christifidelibus
1632 940 1751 972 ibidem

1007 990 1237 1032 erogabantur.

1049 1042 1064 1085 ἓ
1088 1042 1118 1075 ⁶2.
1146 1043 1180 1075 Et
1204 1049 1279 1078 tunc
1300 1046 1444 1089 proxime
1478 1047 1574 1091 lapsis
1601 1047 1754 1090 tempori-

1006 1096 1078 1135 bus,
1093 1096 1123 1129 in
1139 1097 1223 1131 hello
1236 1098 1435 1139 Glanatensi,
1457 1101 1612 1144 praedicti
1633 1102 1756 1133 confra-

1007 1154 1070 1182 tres
1090 1151 1190 1183 multa
1224 1152 1308 1184 hona
1335 1164 1433 1196 opera
1463 1164 1536 1197 erga
1566 1155 1756 1187 christianos

1008 1203 1124 1238 milites
1144 1212 1365 1247 exercuerant,
1389 1208 1498 1248 lectos,
1526 1208 1701 1241 medicinas
1727 1215 1758 1241 et

1008 1258 1069 1290 alia
1089 1260 1269 1292 necessaria
1286 1260 1348 1293 illis
1365 1262 1649 1302 sulnninistrando‚
1671 1262 1758 1294 infir-

1009 1322 1077 1345 mos
1098 1318 1129 1345 et
1148 1314 1331 1346 vulneratos
1351 1315 1551 1348 medicorum
1567 1327 1662 1349 curae
1681 1327 1757 1360 sup-

1009 1366 1170 1409 ponendo,
1193 1377 1311 1410 eosque
1332 1368 1412 1400 bene
1431 1369 1607 1409 tractando,
1626 1379 1662 1401 ac
1674 1379 1757 1402 sem-

1009 1430 1068 1463 per
1088 1430 1203 1463 magna
1220 1420 1377 1453 charitate
1399 1421 1648 1454 christianorum
1671 1432 1759 1455 exer-

1011 1473 1092 1507 eitus
1118 1473 1293 1517 sequendo,
1323 1485 1450 1508 necnon
1471 1475 1607 1507 infirmis
1636 1481 1664 1508 et
1690 1477 1760 1508 vul-

1010 1527 1129 1560 neratis
1141 1527 1320 1560 necessaria
1331 1538 1389 1571 pro
1403 1528 1524 1561 viribus
1535 1529 1759 1569 ministrando;

1014 1587 1045 1613 et
1074 1591 1111 1613 ex
1136 1581 1290 1624 singulari
1322 1582 1388 1613 zelo
1413 1581 1533 1614 servitii
1557 1582 1612 1615 Dei
1631 1594 1761 1616 ornnem

1015 1644 1128 1667 curam
1150 1634 1181 1666 in
1202 1634 1357 1677 praedicti
1382 1634 1547 1676 hospitalis
1567 1636 1764 1679 pauperibus

1012 1688 1174 1729 curandis,
1198 1689 1319 1731 absque
1339 1688 1447 1730 aliqua
1459 1689 1620 1729 mercede,
1634 1689 1765 1733 impen-

1013 1743 1154 1782 debant;
1181 1742 1265 1775 idem
1290 1743 1528 1786 praedecessor,
1562 1748 1650 1775 motu
1678 1755 1758 1787 pro-

1015 1796 1098 1839 prio,
1128 1806 1193 1829 non
1229 1796 1268 1828 ad
1302 1797 1498 1829 confratrum
1531 1796 1674 1840 ipsorum
1706 1808 1764 1830 seu

1014 1849 1151 1882 aliarum
1176 1860 1388 1893 personarum
1415 1849 1490 1882 dicti
1512 1850 1677 1893 hospitalis
1702 1860 1762 1894 pro

1016 1903 1061 1936 eis
1078 1903 1162 1936 dieto
1188 1903 1426 1947 praedecessori
1456 1903 1580 1936 oblatae
1600 1903 1765 1947 petirionis

1018 1956 1215 1997 instantiam,
1238 1957 1292 1989 sed
1311 1967 1346 1989 ex
1368 1967 1453 1988 mera
1475 1956 1543 1989 eius
1558 1956 1762 1996 liberalitate,

1018 2021 1076 2053 per
1106 2021 1179 2043 suas
1213 2010 1334 2042 litteras
1354 2008 1502 2041 omnibus
1523 2014 1551 2042 et
1573 2009 1707 2053 singulis
1726 2021 1765 2042 u-

1019 2064 1164 2107 triusque
1184 2075 1276 2096 sexus
1295 2062 1569 2103 christifidelibus,
1591 2068 1655 2095 tam
1665 2068 1767 2096 extra-

1021 2117 1088 2150 neis
1107 2128 1202 2160 quam
1226 2116 1395 2158 indigenis,
1418 2127 1454 2148 ac
1476 2121 1539 2147 tam
1567 2115 1767 2159 pauperibus

1021 2181 1117 2212 quam
1143 2169 1304 2209 divitibus,
1336 2169 1368 2201 in
1395 2169 1507 2202 eodem
1528 2168 1677 2212 hospitali
1708 2179 1767 2212 pro

1022 2231 1166 2268 tempore
1187 2235 1245 2267 pro
1266 2223 1315 2256 sui
1336 2234 1413 2256 cura
1433 2222 1650 2263 existentibus,
1671 2222 1711 2255 de
1735 2233 1768 2255 se

1023 2278 1127 2310 curari
1150 2276 1349 2316 facientibus,
1367 2276 1422 2320 qui
1443 2276 1494 2308 die
1515 2280 1599 2308 sexta
1619 2275 1690 2308 idus
1710 2286 1768 2308 au-

1025 2331 1108 2373 gusti
1147 2331 1195 2363 rel
1227 2330 1322 2362 etiam
1358 2335 1502 2372 tempore
1538 2328 1770 2372 publicationis

1024 2380 1183 2412 dictarum
1200 2378 1377 2411 litterarum
1400 2377 1521 2410 dictum
1543 2376 1701 2421 hospitale
1721 2387 1770 2410 es-

1025 2433 1094 2460 sent.
1111 2427 1254 2469 ingressi,
1283 2427 1364 2458 infra
1391 2432 1517 2469 tempus
1546 2437 1564 2458 a
1583 2425 1676 2459 dictis
1696 2435 1773 2459 con-

1026 2476 1176 2509 fratribus
1201 2481 1271 2518 post
1300 2475 1553 2518 publicationem
1584 2474 1772 2508 earumdem

1027 2525 1205 2557 litterarum
1217 2524 1420 2557 statuendum
1434 2535 1442 2564 ;
1460 2525 1515 2567 qni
1529 2535 1603 2558 vero
1622 2524 1773 2568 deinceps

1004 2585 1010 2618 1
1028 2573 1286 2617 ingrederentur,
1297 2573 1330 2606 in
1339 2573 1441 2617 princi
1447 2573 1501 2617 pio
1512 2573 1643 2607 illorum
1653 2573 1774 2617 ingres-

1763 187 1818 215 An.
1835 183 1945 214 0157ss

1782 1043 1912 1064 Contratrum
1922 1043 1952 1063 dl-

1771 1077 1797 1096 cti
1841 1075 1951 1101 hospitatis

1770 1112 1820 1131 erga
1858 1105 1952 1125 infirmos

1771 1139 1853 1159 merita,
