2059 3228
143 262 195 290 An.
218 261 247 290 C,
266 262 333 289 1577

181 376 263 396 Damnn
277 382 334 401 quw

140 403 192 424 inde
204 406 334 428 sequuntur.

387 260 451 295 166

922 268 1103 294 BULLARIUM
1127 267 1281 293 Romnum

387 325 401 367 g
425 324 453 357 3.
480 323 653 361 Praeterea,
678 322 901 355 nonnullorum
929 328 1083 355 monaste·
1117 321 1257 363 Eugenii,
1281 320 1392 354 Leonis
1416 321 1511 355 etiam
1535 321 1649 356 decimi
1673 327 1703 355 et
1727 321 1858 356 Adriani

343 378 463 410 riorum
488 388 523 409 ex
548 375 736 419 quibusdam
761 375 929 418 provinciis
946 374 1021 407 satis
1038 374 1083 405 iu—

340 435 404 463 stae
418 429 581 472 quaerclae
598 428 782 469 audiuntur,
799 429 897 472 quod,
914 428 982 460 licet
1001 428 1083 470 ipso-

339 493 410 515 rum
434 482 563 514 abbates
587 491 650 514 non
674 480 781 514 minus
804 491 898 524 quam
922 480 1018 513 exteri
1043 491 1077 512 an

338 534 575 567 diffinitoriatus
598 533 734 567 officium
752 534 855 567 debite
872 539 902 568 et
915 533 1080 567 salubriter

337 587 546 621 exercendum
581 587 645 631 apti
680 597 746 620 esse
770 587 944 626 videantur,
969 597 1004 619 ac
1027 597 1077 629 pe—

338 640 429 674 rinde
452 645 549 683 atque
572 640 704 673 aliarum
721 640 955 683 provinciarum
973 648 1077 670 mona-

337 692 433 726 steria
463 692 566 725 dictae
588 692 844 735 congregationis
867 702 963 724 onera
987 690 1077 724 susti-

336 751 443 788 neant,
467 746 508 779 ab
537 746 717 779 huiusmodi
743 751 847 779 tamen
872 745 1066 777 diffinitorum

1115 375 1200 414 sexti,
1224 375 1510 418 praedecessorum,
1528 375 1681 409 hactenus
1696 385 1791 418 super
1806 385 1859 407 ea-

1113 427 1183 460 dem
1218 427 1456 470 quomodolibet
1489 433 1650 469 emanata,
1686 428 1788 471 quoad
1822 438 1859 460 ea

1113 481 1270 514 dumtaxat
1285 491 1354 524 quae
1371 480 1422 513 his
1439 480 1666 524 praesentibus,
1680 480 1713 512 in
1729 484 1796 512 toto
1811 485 1859 517 vel

1112 539 1209 576 parte,
1222 533 1326 577 aliqua
1349 533 1473 567 ratione
1496 533 1686 567 contrariari
1703 532 1857 566 videbun-

1113 594 1184 626 tur,
1209 587 1358 631 primitus
1384 591 1416 620 et
1440 591 1513 619 ante
1536 586 1644 619 omnia
1667 584 1858 626 revocando,

1112 639 1302 672 moderando
1326 645 1355 673 et
1380 639 1542 673 alterando
1558 666 1567 681 ,
1590 639 1669 673 haec
1685 666 1693 680 ,
1717 649 1787 682 quae
1810 648 1858 672 se-

1111 697 1260 734 quuntur,
1274 692 1434 736 perpetuis
1458 691 1572 725 suturis
1596 691 1791 735 temporibus
1814 691 1858 725 ir·

1112 744 1327 778 revocabiliter
1349 745 1556 786 observanda,
1580 750 1695 778 statuta
1718 749 1749 778 et
1771 744 1858 778 ordi-

335 798 448 832 officiis
481 804 688 843 segregentur
721 805 751 832 et
786 799 989 832 excludantur
1019 799 1074 830 ele-
1112 798 1251 831 vtationes
1274 797 1407 832 facimus
1430 803 1524 842 atque
1547 798 1722 832 condimus.

1868 261 1920 288 Δι-
1941 259 1970 289 G.

335 851 464 892 ctione;
489 857 543 885 aut
567 852 593 885 si
617 853 747 886 forsitan
772 852 952 896 qnempiam
976 863 1012 884 ex
1035 852 1069 883 ei

1151 852 1166 895 ἓ
1188 851 1219 885 5.
1239 852 1273 884 In
1298 852 1408 896 primis
1431 852 1572 886 videlicet
1597 853 1682 896 quod
1705 851 2036 904 deincepsflssgffsssszss

334 903 410 947 eligi
422 905 596 948 contingat,
610 905 636 939 is
652 906 738 949 paris
754 905 972 949 perpetuitatis
990 915 1063 948 prae
1116 904 1246 937 ifficium
1273 904 1509 938 diffinitoriatus
1540 905 1668 949 capituli
1698 905 2037 958 generalisffgmssgefiffl

335 962 420 991 textu
444 958 552 999 fretus,
576 958 620 992 sic
638 958 837 992 monasteriis
855 958 937 990 illius
953 957 1079 1000 provin·
1120 957 1210 990 lictae
1233 957 1499 1000 congregationis,
1517 958 1621 1001 elapso
1645 958 1785 1000 biennio,
1802 969 1855 992 va-

334 1010 401 1044 ciae
424 1010 617 1052 dominatur,
635 1018 667 1045 ut
693 1013 724 1044 in
749 1012 794 1045 eis
811 1012 900 1052 nihil,
918 1011 978 1044 nisi
996 1023 1066 1055 quo(
1120 1016 1177 1048 *οἱς
1196 1009 1239 1043 ita
1263 1015 1295 1043 ut
1316 1010 1369 1054 qui
1388 1010 1543 1053 superiori
1561 1011 1699 1054 capitulo
1716 1011 1856 1054 generali

333 1062 401 1106 ipse
435 1064 518 1097 solus
553 1065 752 1105 arbitratur,
778 1065 845 1098 fieri
882 1071 935 1098 aut
969 1067 1076 1109 exequi
1123 1062 1854 1102 tiffinitoressue1·ini,duohusimmediatissub-

333 1117 447 1160 possit;
465 1118 612 1161 quodque
636 1119 776 1159 abbates,
801 1119 933 1162 priores,
960 1119 1079 1161 decani*
1117 1115 1316 1158 *equentibus
1333 1115 1479 1159 capitulis
1497 1116 1684 1149 diffinitores
1700 1116 1772 1160 eligi
1790 1127 1855 1150 non

332 1170 487 1203 cellerarii
511 1175 540 1204 et
559 1171 752 1204 novitiorum
770 1172 925 1214 magistri,
942 1183 1006 1205 non
1024 1184 1073 1216 pr‹
1125 1167 1257 1207 ‘OSSirlt;
1282 1179 1318 1200 ³0
1342 1178 1424 1201 unus
1450 1173 1573 1201 lantum
1596 1174 1627 1202 et
1650 1180 1714 1203 non
1738 1171 1854 1214 plures,

332 1222 600 1256 monasteriorum
624 1224 764 1257 utilitate
782 1226 827 1257 vel
845 1225 998 1265 decentia,
1017 1227 1079 1265 sed,
1114 1221 1230 1253 dicium
1261 1219 1411 1253 Ordinem
1448 1220 1480 1253 5ss
1517 1221 1626 1254 eodem
1662 1223 1855 1257 monasterio

330 1283 539 1317 personarum
558 1276 680 1309 meritis
697 1287 853 1320 nusquam
872 1280 1009 1319 attentis,
1024 1291 1079 1323 pro
1115 1273 1239 1306 nrofessi
1265 1272 1359 1306 simul
1382 1273 1415 1305 in
1439 1273 1550 1307 eodem
1573 1275 1712 1318 capitulo
1737 1275 1854 1309 diffini-

155 1862 320 1886 rnrpeiutmem

130 1891 186 1908 tollit
200 1891 264 1911 efficii
278 1892 321 1911 di1.

129 1916 157 1934 tiu
162 1917 264 1938 :tori-atus.

331 1325 482 1359 abbatum
507 1328 715 1362 diffinitorum
736 1331 917 1365 huiusmodi
936 1333 1034 1366 libera
1050 1341 1076 1367 et
1113 1333 1194 1359 [Ol'eS
1217 1336 1284 1359 esse
1309 1327 1440 1360 valeant·

331 1379 436 1413 forsan
461 1380 631 1424 depravata
658 1384 828 1422 voluntate,
854 1385 1069 1428 depuntantur

330 1485 414 1519 inter
444 1486 585 1521 eiusdem
621 1489 877 1531 congregationis
910 1492 1075 1524 monacho*

328 1544 359 1572 et
384 1550 535 1582 personas
557 1540 648 1580 oriri,
672 1551 709 1574 ac
731 1542 864 1584 proinde
889 1545 1076 1576 monaster-iv

329 1593 398 1635 ipsa
422 1594 503 1627 male
527 1593 744 1626 administrari
762 1605 989 1638 saepenumero
1006 1606 1078 1629 con-

329 1645 441 1688 tingat,
456 1646 489 1678 in
506 1657 633 1689 gravem
651 1647 747 1680 totius
761 1648 888 1681 Ordinis
905 1655 934 1682 et
949 1661 1080 1693 congre-

328 1699 466 1741 gationis
497 1698 663 1740 iacturam,
688 1700 896 1744 vilipendium
927 1703 1082 1746 pernitio-

328 1763 462 1796 sumque
486 1754 672 1796 exemplum.

375 1807 390 1850 ἓ
413 1807 443 1840 4.
468 1807 530 1840 Nos
560 1806 669 1849 igitur,
693 1806 937 1850 perpetuitatem
967 1807 999 1841 in
1024 1809 1081 1842 dis-

332 1860 524 1893 finitoriatus
554 1860 660 1893 officio
688 1860 944 1903 congregationis
973 1861 1080 1895 huius-

333 1912 428 1953 modi,
446 1911 540 1946 veluti
555 1912 791 1955 praedictorum
817 1914 974 1946 malorum
998 1915 1081 1948 radi-

329 1977 398 2003 cem
415 1966 579 2009 hucusque
596 1966 698 2000 abusu
711 1966 848 2009 quodam
862 1971 890 1999 et
904 1970 1079 2010 corruptela

328 2019 448 2053 diutius
465 2046 472 2059 ‚
497 2029 593 2062 quam
616 2029 674 2061 par
697 2018 824 2058 extitit,
855 2019 1053 2053 observatam
1072 2052 1078 2065 ‚

328 2074 454 2116 penitus
478 2073 635 2115 abrogare
658 2076 687 2104 et
712 2076 888 2114 amputare,
912 2083 949 2105 ac
973 2073 1079 2106 nimiae

326 2126 494 2159 avididatis
526 2130 633 2158 notam
663 2134 794 2167 prorsus
824 2124 931 2157 tollere
949 2152 956 2165 ‚
982 2126 1078 2159 immo

324 2180 526 2212 concordiam
558 2183 587 2211 et
618 2177 773 2212 unitatem
798 2176 882 2210 inter
906 2179 1077 2212 monachos

329 2232 414 2274 ipsos
437 2232 578 2265 stabilire
595 2236 624 2264 ct
642 2231 818 2270 confovere,
835 2240 958 2263 necnon
976 2231 1076 2264 dictae

330 2285 586 2327 congregationis
596 2283 763 2318 salubriori
774 2283 946 2317 directione
954 2284 1074 2327 providi

327 2338 463 2380 pastoris
476 2349 563 2370 more
577 2338 740 2370 consulere
753 2337 900 2375 volentes,
908 2341 995 2369 motu
1005 2347 1075 2379 pro-

332 2390 412 2433 prio,
428 2400 489 2422 non
507 2391 544 2423 ad
563 2390 695 2423 alicuius
708 2389 807 2433 ipsius
819 2389 1074 2431 congregationis

326 2442 373 2473 vel
390 2442 518 2475 alterius
535 2453 592 2485 pro
609 2454 645 2475 ea
662 2442 753 2475 nobis
770 2452 864 2485 super
881 2442 940 2475 hoc
953 2442 1073 2476 oblatae

325 2495 491 2537 petitionis
516 2496 710 2535 instantiam,
728 2495 782 2528 sed
807 2495 845 2528 de
862 2500 968 2528 nostra
987 2506 1072 2529 mera

1152 1380 1219 1424 36.
1243 1379 1399 1418 Quoniam
1432 1386 1538 1414 autem
1570 1381 1630 1424 ipsi
1662 1382 1851 1417 diffinitores

1113 1490 1194 1532 ipsos
1218 1486 1453 1532 quodammodo
1478 1486 1628 1530 eligentes
1652 1488 1685 1520 in
1702 1488 1805 1522 officio
1821 1495 1854 1524 et

1111 1540 1385 1575 administratione
1410 1539 1507 1573 totius
1523 1541 1789 1584 congregationis,
1802 1552 1854 1575 ra·

1113 1595 1196 1627 tione
1221 1593 1269 1626 sui
1294 1592 1484 1626 visitationis
1508 1592 1628 1634 officii,
1652 1604 1710 1638 per
1732 1604 1852 1629 annum

1113 1657 1313 1691 perseverare
1343 1646 1420 1679 velle
1448 1645 1595 1679 videnlur
1611 1673 1620 1688 ,
1651 1651 1682 1680 et
1705 1647 1850 1683 accidere

1113 1704 1214 1744 posset
1237 1704 1269 1732 ut
1294 1698 1354 1742 ipsi
1379 1698 1566 1732 diffinitores
1589 1704 1619 1733 et
1647 1699 1824 1735 visitatores
1839 1729 1849 1744 ‚

1113 1764 1169 1797 pro
1192 1751 1337 1786 creandis
1353 1751 1522 1785 abbatibus
1538 1757 1567 1785 et
1584 1752 1755 1795 prioribus,
1768 1754 1851 1789 aliis-

1113 1817 1172 1850 que
1189 1805 1288 1850 ipsius
1305 1805 1561 1848 congregationis
1578 1800 1724 1849 illiusque
1741 1818 1852 1841 mona-

1113 1860 1281 1894 steriorum
1304 1858 1415 1892 officiis
1438 1858 1687 1900 demandandis,
1713 1859 1796 1894 inter
1818 1872 1852 1895 se

1112 1913 1316 1948 convenirent
1341 1917 1371 1945 et
1388 1911 1632 1955 paciscerentur,
1647 1911 1725 1944 adeo
1741 1917 1775 1945 ut
1792 1912 1853 1946 hu-÷

1112 1967 1246 2002 jusmodi
1271 1965 1470 1998 visitatorum
1494 1963 1615 2005 electio,
1633 1974 1697 1997 non
1721 1965 1761 1997 ad
1779 1975 1853 1998 con-

1110 2019 1308 2064 gregationis
1339 2023 1369 2051 et
1393 2017 1566 2060 Religionis
1589 2017 1775 2063 profectum,
1800 2017 1855 2052 sed

1110 2073 1320 2107 diffinitorum
1334 2071 1525 2115 implendam
1543 2069 1760 2114 cupiditatem,
1773 2070 1855 2104 sacta

1110 2125 1207 2159 videri
1228 2129 1342 2169 posset.
1360 2123 1489 2164 idcirco,
1508 2123 1592 2166 quod
1610 2123 1648 2157 de
1665 2128 1781 2165 cetero,
1799 2124 1854 2168 qui

1109 2180 1141 2212 in
1167 2188 1230 2212 uno
1255 2177 1392 2220 capitulo
1408 2176 1502 2209 suerit
1520 2176 1683 2219 diffinitor,
1701 2177 1752 2210 illo
1768 2188 1853 2212 anno

1107 2233 1249 2265 visitator
1272 2241 1339 2264 esse
1362 2239 1427 2262 non
1450 2230 1559 2273 possit.

1148 2286 1162 2328 ξ
1187 2285 1214 2317 7.
1239 2283 1368 2323 Deinde,
1391 2293 1463 2315 cum
1488 2282 1629 2316 officium
1653 2283 1757 2326 ipsum
1773 2284 1848 2318 visi-

1106 2338 1215 2371 tatoris
1244 2347 1300 2380 pro
1328 2335 1594 2369 monasteriorum
1620 2337 1847 2372 reformatione

1104 2398 1132 2425 ct
1147 2402 1281 2429 ,morum
1299 2389 1495 2424 correctione
1508 2390 1689 2423 institutum
1706 2401 1772 2424 esse
1790 2401 1848 2424 no-

1104 2450 1218 2484 scatur,
1232 2454 1270 2476 ne
1287 2442 1453 2476 hominum
1467 2442 1597 2482 malitia,
1611 2442 1695 2485 quod
1709 2442 1847 2485 plerum-

1103 2509 1162 2541 que
1192 2497 1235 2537 fit,
1261 2496 1336 2529 illud
1367 2496 1406 2528 ad
1437 2494 1557 2538 proprii
1583 2494 1712 2527 affectus
1735 2506 1846 2529 execu-

1858 1422 1904 1436 etse
1918 1417 1992 1435 eodem

331 1432 411 1466 flinc
440 1433 477 1466 fit
500 1438 532 1467 ut
559 1434 733 1476 discordiae,
759 1436 931 1470 seditiones
954 1444 985 1471 et
1008 1439 1075 1471 odia
1109 1435 1205 1469 etiam
1241 1433 1418 1467 visitatores
1453 1434 1554 1467 creari
1578 1440 1734 1478 possunt,
1759 1446 1795 1469 ac
1818 1448 1888 1471 seno
1902 1443 2008 1468 vinnm,

329 2547 566 2585 deliberatione,
591 2558 809 2592 quaecumque
823 2547 998 2591 privilegia,
1023 2549 1072 2581 lit·
1103 2550 1230 2589 tionem,
1255 2554 1283 2583 et
1308 2549 1348 2582 ad
1364 2549 1536 2596 captandos
1552 2548 1674 2581 animos
1691 2548 1844 2582 abbatum

325 2604 418 2639 teras,
442 2600 692 2642 constitutiones,
710 2601 955 2634 consuetudines
978 2607 1009 2634 et
1024 2602 1072 2634 in·
1101 2613 1158 2646 pro
1173 2602 1326 2635 electione
1343 2601 1589 2641 diffinitoriatus,
1603 2600 1678 2633 vitia
1695 2601 1843 2635 dissimu-

325 2651 418 2693 (lulla,
437 2653 530 2685 etiam
549 2654 728 2696 apostolica,
745 2660 773 2688 ct
792 2654 979 2699 praesertim
996 2655 1071 2689 dicti
1100 2655 1202 2697 lando,
1221 2655 1386 2689 traducere
1402 2654 1510 2699 possit,
1535 2653 1619 2697 quod
1631 2652 1664 2686 in
1678 2658 1841 2697 posterum

1912 1388 1952 1413 Qut
1975 1393 2030 1414 nequ

1882 2284 1908 2306 Εἰ
1919 2283 2022 2310 vieini-4
