2059 3228
123 191 176 219 Au.
193 190 223 220 C.
240 192 307 220 1575

142 1745 182 1772 Qui
197 1744 254 1765 illam
277 1747 301 1763 e-

117 1778 173 1803 ”8⁶¹5

363 184 426 218 542

319 245 471 279 laudabili
491 245 553 277 vita
570 250 596 277 et
614 242 762 277 doctrina
776 241 955 277 dileetisstii
966 243 1066 288 ipsius

319 299 470 332 ecclcsiae
483 297 671 342 parochiani
691 307 756 330 non
773 308 903 341 parvam
919 298 1065 331 consola-

319 353 437 386 tionem
462 351 663 395 spiritualem
682 351 863 396 suscepturi
883 351 946 385 sint
959 378 967 393 ,
989 352 1015 386 si
1034 351 1066 384 in

318 406 430 439 eadem
450 404 585 438 ecclesia
604 414 670 437 una
680 405 885 448 congregatio
901 405 1065 449 presbyte-

318 469 428 491 rorum
448 463 478 491 et
495 458 701 498 clericorum,
723 458 763 491 de
779 457 925 492 Oratorio
941 469 1067 492 nuncu-

317 512 434 556 panda,
456 516 613 555 perpetuo
634 511 813 554 erigeretur
831 517 862 545 et
881 512 1065 546 instituere-

318 571 386 605 tur,
415 565 547 609 ipsaque
572 564 709 598 ecclesia
738 575 813 598 cum
840 576 938 599 onere
969 577 1066 599 curae

316 619 499 652 animarum
515 618 617 662 ipsius
642 618 915 663 parochianorum
941 621 1065 664 praesa-

316 678 422 706 torum
436 672 540 706 eidem
556 672 798 715 congregationi
819 673 1064 716 concederetur,

316 737 351 760 ex
362 726 425 759 hoc
436 726 580 770 profecto
592 725 720 758 divinus
730 726 889 766 cultus,ac
902 726 1065 760 ministro-

316 790 388 812 rum
409 778 703 812 ecclesiasticorum
723 789 879 812 numerus
902 779 934 812 in
959 790 1005 819 ea,
1025 780 1065 813 ad

314 832 368 865 Dei
390 831 519 865 laudem
539 836 569 864 et
588 832 776 865 eorumdem
807 832 1065 866 christifidelium

315 885 497 918 animarum
517 885 664 925 salutem,
694 884 869 918 maximum
890 885 1067 929 susciperet

316 939 564 972 incrementum.
593 937 698 977 Quare
731 938 836 972 dictus
872 939 1064 984 Philippus,

316 1003 463 1026 asserens
479 992 582 1025 dictae
603 991 756 1026 ecclesiae
774 998 804 1026 et
824 992 870 1026 illi
886 992 994 1027 forsan
1011 1004 1067 1027 an-

316 1056 472 1079 nexorum
492 1045 628 1086 fructus,
662 1046 806 1079 redditus
826 1051 857 1079 et
877 1052 1063 1090 proventus,

316 1109 414 1143 super
433 1099 552 1142 quibus
574 1099 687 1143 pensio
718 1110 824 1133 annua
857 1100 1068 1144 quadraginta

316 1157 482 1186 scutorum
507 1157 654 1186 monetae
667 1158 774 1186 certae
791 1164 949 1197 personae
965 1155 1067 1188 eccle-

317 1206 462 1240 siasticae
481 1205 569 1239 illam
595 1206 761 1239 annuatim
771 1206 976 1251 percipienti,
991 1219 1068 1252 apo-

317 1260 429 1293 stolica
461 1260 663 1301 auctoritate,
693 1265 729 1293 ut
760 1260 866 1294 dictus
899 1261 1068 1305 Philippus

317 1314 414 1348 etiam
436 1314 556 1355 asserit,
573 1319 732 1348 reservata
751 1314 867 1351 existit.
894 1321 1023 1348 centuni
1037 1322 1068 1349 et

316 1368 447 1411 triginta
463 1368 655 1402 ducatorum
667 1368 738 1401 auri
748 1368 786 1401 de
803 1368 934 1402 Camera
951 1380 1068 1403 secun-

316 1422 395 1456 dum
425 1432 631 1456 communem
661 1422 902 1455 extimationem
928 1423 1068 1457 valorem

316 1485 461 1508 annuum
480 1486 546 1508 non
571 1475 737 1516 excedere,
775 1475 895 1509 eisdem
926 1477 1068 1510 nomini-

315 1529 377 1563 bus
395 1528 487 1562 nobis
511 1528 679 1562 humiliter
699 1528 889 1572 supplicavit
908 1535 1069 1573 quatenus

317 1582 502 1626 praemissis
520 1593 664 1616 annuere
676 1582 715 1615 de
728 1582 924 1626 benignitate
942 1589 1070 1627 aposto-

315 1635 378 1670 lica
394 1636 617 1679 dignaremur.

359 1690 376 1734 ἓ
399 1689 431 1723 2.
457 1690 521 1723 Nos
544 1690 651 1734 igitur,
681 1690 735 1733 qui
756 1690 879 1723 dudum
900 1690 983 1723 inter
1007 1691 1070 1724 alia

317 1743 479 1778 voluimus
493 1744 580 1788 quod
600 1754 728 1787 semper
745 1744 775 1776 in
798 1744 972 1777 unionibus
984 1756 1071 1778 com-

319 1797 426 1831 missio
447 1797 539 1830 fieret
570 1797 611 1830 ad
644 1803 759 1841 partes,
780 1797 899 1830 vocatis
929 1809 1070 1841 quorum

318 1850 498 1891 interesset,
520 1850 641 1894 quique
661 1850 760 1883 divini
782 1850 888 1883 cultus
914 1861 1070 1894 augmen-

317 1910 386 1938 tum
407 1909 437 1938 et
457 1904 717 1938 christifidelium
738 1904 921 1936 animarum
934 1905 1070 1938 salutem

319 1958 452 1992 sinceris
482 1957 704 1991 desideramus
731 1957 910 1998 affectibus,
932 1958 1020 2002 pium
1041 1964 1071 1992 et

319 2012 482 2046 laudabile
506 2011 648 2056 Philippi
679 2011 856 2055 praepositi
878 2022 914 2044 ac
943 2013 1074 2056 presby-

319 2071 465 2099 terorum
485 2071 516 2099 et
539 2065 734 2098 clericorum
755 2064 974 2109 praefatorum
988 2066 1071 2098 desi-

321 2119 448 2153 derium
468 2129 674 2163 summopere
687 2119 960 2160 commendantes,
974 2119 1074 2164 ipsos-

323 2184 385 2217 que
401 2172 585 2216 Philippum
616 2172 834 2216 praepositum
855 2183 891 2206 ac
911 2172 1076 2217 presbyte-

325 2237 377 2259 ros
397 2233 427 2259 et
445 2226 581 2260 clericos
600 2237 618 2259 a
637 2225 802 2270 quibusvis
813 2226 1073 2260 excommunica-

327 2280 431 2320 tionis,
460 2279 679 2324 suspensionis
699 2285 729 2313 et
750 2280 910 2313 interdicti
938 2279 1075 2322 aliisque

327 2333 553 2366 ecclesiasticis
573 2333 752 2374 sententiis,
785 2333 929 2367 censuris
948 2338 978 2365 et
999 2344 1076 2376 poe-

329 2381 386 2421 nfs,
407 2393 425 2414 a
444 2381 513 2415 iure
533 2383 580 2416 vel
601 2382 640 2415 ab
654 2383 795 2423 homine,
811 2383 921 2427 quavis
933 2382 1077 2416 occasio-

330 2440 368 2462 ne
392 2430 439 2463 vel
461 2442 568 2471 causa,
591 2432 672 2472 latis,
695 2433 849 2476 siquibus
872 2431 1077 2475 quomodoli-

330 2478 381 2510 bct
402 2479 543 2513 innodati
573 2481 722 2522 existunt,
758 2482 797 2514 ad
818 2481 966 2514 effi-ctum
988 2490 1079 2524 prae-

331 2527 470 2560 >entium
491 2529 653 2562 dumtaxat
674 2530 1078 2574 consequendum,haruin

913 191 1091 216 Rt'LLARIUM
1111 192 1261 218 RotttANmt

1107 249 1225 283 sentes,
1243 244 1426 279 huiusmodi
1447 247 1734 291 supplicationibus
1757 247 1852 282 incli-

1106 297 1185 336 nati,
1207 297 1239 330 in
1260 298 1345 331 dicta
1365 300 1500 332 ecclesia
1519 312 1615 334 unam
1632 302 1853 346 congregatio-

1107 361 1179 384 nem
1201 351 1462 396 presbyterorum
1479 358 1510 386 et
1528 354 1722 388 clericorum
1741 366 1852 389 saecu-

1107 404 1237 444 larium,
1264 404 1303 437 de
1327 405 1474 439 Oratorio
1494 408 1743 450 nuncupandam
1756 435 1764 449 ‚
1785 409 1854 443 sine

1107 457 1244 491 alicuius
1263 459 1475 502 praeiudicio,
1508 461 1696 495 auctoritate
1727 467 1855 506 aposto-

1106 511 1180 552 lica,
1202 516 1312 545 tenore
1332 513 1562 556 praesentium.
1583 519 1740 558 perpetuo
1759 515 1854 559 erigi-

1107 576 1177 597 mus
1198 571 1229 598 et
1249 565 1455 599 instituimus.

1151 619 1165 661 ἓ
1190 617 1221 651 3.
1249 619 1362 662 Illique
1399 619 1444 652 sic
1472 626 1597 654 erectae
1627 625 1658 654 et
1692 620 1855 657 institutae

1107 671 1275 705 ecclesiam
1296 673 1483 716 praefatam,
1509 674 1572 707 sive
1597 675 1773 718 praemisso
1793 676 1855 710 sive

1106 725 1169 759 alio
1185 726 1298 769 quovis
1323 727 1431 768 modo,
1455 732 1509 760 aut
1533 738 1570 761 ex
1589 728 1722 762 alterius
1745 729 1854 763 cuius-

1106 790 1245 823 cumque
1270 791 1418 823 persona,
1428 791 1483 814 seu
1499 791 1557 825 per
1567 781 1706 815 similem
1716 781 1855 825 resigna-

1106 833 1227 866 tionem
1247 834 1322 867 dicti
1342 834 1494 868 Antonini
1508 835 1557 868 vel
1571 835 1708 869 cuiusvis
1723 836 1855 870 alterius

1106 887 1144 920 de
1164 886 1219 920 illa
1240 887 1273 920 in
1293 887 1438 921 Romana
1457 887 1552 922 Curia
1574 889 1622 922 vel
1655 894 1742 923 extra
1770 900 1852 930 eam,

1105 941 1202 974 etiam
1240 951 1349 974 coram
1387 941 1513 975 notario
1540 942 1671 986 publico
1700 948 1732 976 et
1766 943 1885 977 testi-.

1104 995 1165 1028 hus
1196 1001 1310 1038 sponte
1343 995 1480 1036 factam,
1507 1000 1562 1029 aut
1593 995 1855 1030 constitutionem

1106 1047 1206 1081 felicis
1225 1047 1458 1081 recordationis
1482 1048 1610 1081 Ioannis
1633 1049 1737 1093 Papae
1761 1050 1853 1091 XXII,

1106 1101 1364 1145 praedecessoris
1386 1101 1499 1141 nostri,
1527 1112 1610 1145 quae
1642 1102 1754 1147 incipit
1772 1103 1857 1137 Eme-

1106 1155 1247 1195 crabilis,
1269 1155 1318 1187 vel
1346 1154 1580 1189 assecutionem
1602 1156 1734 1190 alterius
1757 1156 1855 1190 bene-

1106 1207 1170 1241 ficii
1182 1207 1405 1248 ecclesiastici,
1421 1208 1532 1251 quavis
1539 1209 1729 1243 auctoritate
1736 1210 1855 1251 collati,
1896 1229 1898 1231 ·

1107 1267 1207 1302 vacet,
1230 1261 1325 1295 etiam
1354 1261 1380 1294 si
1411 1267 1499 1295 tanto
1531 1268 1678 1307 tempore
1701 1264 1858 1298 vacaverit

1107 1315 1191 1359 quod
1208 1315 1277 1348 eius
1301 1314 1443 1355 collatio,
1453 1316 1538 1348 iuxta
1558 1317 1779 1351 Lateranensis
1795 1323 1858 1351 sta-

1108 1375 1175 1402 tuta
1191 1368 1332 1410 concilii,
1359 1369 1399 1402 ad
1419 1368 1534 1402 Sedem
1551 1370 1726 1414 praefatam
1751 1371 1856 1414 legiti-

1109 1435 1159 1457 me
1174 1423 1336 1464 devoluta,
1350 1423 1481 1467 ipsaque
1503 1424 1638 1457 ecclesia
1658 1424 1877 1468 dispositioni.

1107 1477 1303 1521 apostolicae
1327 1477 1510 1521 specialiter
1529 1478 1577 1511 vel
1606 1478 1683 1512 alias
1702 1478 1858 1522 generali-

1109 1537 1157 1565 ter
1184 1536 1343 1564 reservata
1367 1530 1490 1571 existat,
1520 1537 1551 1564 et
1583 1542 1680 1575 super
1705 1543 1741 1565 ea
1774 1532 1860 1565 inter

1108 1585 1233 1629 aliquos
1267 1584 1317 1625 lis,
1357 1584 1450 1617 cuius
1484 1590 1600 1618 statum
1634 1586 1860 1629 praesentibus

1110 1638 1222 1672 baberi
1251 1639 1399 1672 volumus
1433 1648 1492 1681 pro
1526 1648 1688 1682 expresso,
1722 1639 1860 1681 pendeat

1111 1692 1261 1732 indecisa,
1282 1691 1457 1724 dummodo
1478 1691 1548 1724 eius
1566 1691 1733 1734 dispositio
1749 1691 1788 1724 ad
1801 1702 1861 1725 nos

1111 1747 1171 1778 liac
1186 1745 1255 1778 vice
1275 1744 1446 1788 pertineat,
1469 1755 1544 1777 cum
1564 1755 1661 1778 onere
1681 1755 1778 1778 curae
1794 1744 1860 1778 ani-

1113 1809 1237 1831 marum
1246 1798 1332 1831 illius
1339 1797 1613 1841 parochianorum
1629 1798 1860 1842 praefatorum,

1112 1852 1247 1896 aliisque
1268 1851 1417 1885 omnibus
1442 1856 1473 1884 et
1492 1850 1625 1894 singulis
1652 1851 1808 1884 oneribus
1831 1857 1862 1884 et

1114 1905 1302 1945 bonoribus,
1327 1916 1364 1938 ac
1398 1904 1539 1944 annexis,
1562 1915 1689 1937 necnon
1713 1904 1864 1937 omnibus

1113 1958 1214 1998 bouis,
1241 1957 1402 1999 censibus,
1434 1956 1725 1998 iurisdictionibus,
1753 1957 1863 1990 fructi·
1905 1972 1910 1978 ·

1114 2013 1186 2051 bus,
1208 2011 1388 2044 redditibus
1407 2016 1439 2044 et
1472 2010 1697 2054 proventibus,
1730 2006 1864 2054 aliisque

1116 2065 1241 2098 iuribus
1253 2071 1283 2098 et
1297 2063 1497 2108 pertinentiis
1513 2063 1590 2105 suis„
1609 2064 1713 2097 eidem
1731 2074 1864 2106 congre-

1115 2119 1248 2162 gationi,
1271 2118 1459 2151 auctoritate
1487 2117 1662 2161 apostolica
1695 2123 1726 2150 et
1754 2121 1866 2150 tenore

1116 2172 1278 2217 praefatis,
1301 2172 1395 2204 etiam
1422 2177 1591 2214 perpetuo,
1618 2169 1867 2204 concedimuset

1117 2227 1334 2269 assignamus:
1357 2225 1400 2257 ita
1421 2225 1507 2268 quod
1537 2224 1630 2257 liceat
1649 2223 1710 2269 ipsi
1731 2233 1866 2267 congre-

1118 2279 1238 2322 gationi
1254 2278 1402 2323 illiusque
1423 2277 1552 2317 rectori,
1574 2276 1777 2321 presbyteris,
1801 2276 1867 2309 cle-

1118 2333 1193 2366 ricis
1212 2339 1242 2365 et
1261 2331 1536 2376 procuratoribus.
1549 2341 1605 2363 seu
1625 2329 1795 2373 agentibus
1817 2329 1866 2362 vel

1118 2382 1292 2426 deputatis,
1315 2391 1372 2424 per
1388 2391 1420 2413 se
1440 2380 1488 2413 vel
1505 2379 1603 2412 atium
1622 2390 1678 2412 seu
1697 2377 1789 2418 alios,
1815 2387 1868 2410 eo-

1121 2442 1193 2463 rum
1218 2436 1246 2463 et
1263 2430 1367 2462 dictae
1392 2427 1648 2471 congregationis
1668 2426 1867 2466 nomine,ec-

1121 2479 1235 2513 etesiae
1256 2484 1286 2512 et
1306 2488 1502 2511 annexorum
1515 2488 1550 2510 ac
1563 2474 1868 2510 honorumiuriurn-

1121 2540 1185 2573 que
1205 2533 1236 2561 et
1259 2527 1524 2571 pertinentiarum
1546 2526 1763 2570 praefatorum
1795 2533 1868 2573 cor-

332 2575 412 2608 seric
432 2577 631 2611 absolventes
666 2584 693 2612 et
727 2579 890 2611 absolutos
912 2579 977 2612 fore
1007 2575 1102 2621 cen-i
1123 2578 1280 2621 poralcun,
1307 2577 1424 2610 realem
1446 2582 1475 2608 et
1508 2576 1664 2609 actualem
1696 2571 1870 2618 possessio-

1864 194 1917 224 An.
1933 194 1966 224 et

1897 634 1963 661 Eique
1986 637 2000 650 -’
2036 633 2039 663 ζ

1867 664 1960 687 chiatem
1978 679 2001 693 ,,,
2024 668 2039 682 *v

1867 695 1894 717 be
1905 696 1962 718 etr!
2038 699 2039 702 ’

1867 726 1945 749 uariae
1959 728 1990 750 Μ’
2006 731 2007 734 ’
2038 723 2041 751 i

1868 758 1947 785 neena,
1989 754 1995 764 '⁷

1869 789 1972 812 mnibusfl
1992 789 2017 807 ’Ἡ

1868 821 1909 846 nis,
1931 821 1951 842 in
1994 832 2009 850 ,π
2026 843 2041 853 Ὗ

1867 855 1890 873 et
1905 851 1967 873 tui-ih
1983 847 2008 873 3,*
2039 872 2041 879 ,

1867 883 1932 910 aean,
1985 880 1990 882 ’
