2059 3228
158 221 210 252 An.
227 224 255 252 C.
272 224 339 253 1579

400 212 470 248 ⁶274.

354 282 385 310 et
409 276 441 308 in
461 274 524 307 illis
544 273 628 306 ultra
644 281 742 305 unam
758 270 897 305 diaetam
913 281 931 304 a
946 271 1010 304 tine
1021 281 1098 304 suae

354 323 510 357 dioecesis
534 322 574 355 ad
601 321 758 354 iudicium
792 326 945 361 vocetur,
972 331 1029 353 seu
1057 330 1097 352 ne

354 377 476 410 iudices
496 387 513 409 a
533 375 615 409 Sede
641 374 784 419 praefata
810 374 955 418 deputati
986 379 1099 406 contra

354 439 578 473 quoscumque
602 420 791 472 procedere,
813 433 868 460 aut
887 427 942 460 alii
960 427 1007 459 vel
1029 427 1100 458 aliis

353 483 440 516 vices
459 493 531 515 suas
550 481 751 515 committere
771 486 989 524 praesumant,
1008 490 1044 512 ac
1067 480 1099 512 in

355 535 493 568 concilio
512 535 654 578 generali
674 535 758 568 edita
775 534 813 567 de
830 534 956 567 duabus
975 533 1098 572 diaetis,

355 589 533 622 dummodo
559 589 644 621 ultra
667 594 731 621 tres
751 587 871 620 diaetas
897 587 1013 630 aliquis
1042 597 1100 618 au-

355 642 503 675 ctoritate
516 641 735 684 praesentium
747 641 787 674 ad
797 640 953 673 iudicium
965 650 1030 672 non
1040 645 1103 672 tra-

354 696 460 735 hatur,
476 695 611 738 aliisque
624 705 642 727 a
654 694 818 738 postolicis
829 705 864 726 ac
876 693 908 726 in
926 692 1102 736 provincia-

354 749 441 781 libus
458 753 489 781 et
507 748 714 792 synodalibus
739 747 885 780 conciliis
900 746 1005 786 editis,
1028 757 1102 790 spe-

356 801 493 835 cialibus
511 801 560 834 vel
573 800 789 844 generalibus,
820 799 1104 833 constitutionibus

357 860 389 888 et
407 854 684 892 ordinationibus;
701 864 827 887 necnon
845 854 949 886 dictae
968 863 1105 896 praepo·

356 908 475 940 siturae
493 907 601 940 Sancti
630 907 780 950 Spiritus,
805 907 1002 946 iuramento,
1030 915 1105 938 con-

356 960 538 993 firmatione
558 960 734 1003 apostolica
752 960 800 992 vel
824 958 934 1002 quavis
954 958 1105 991 firmitate

356 1013 419 1046 alia
431 1013 603 1052 roboratis,
622 1012 748 1046 statutis
762 1011 1102 1051 etconsuetudinibus;

356 1066 533 1110 privilegiis
551 1077 694 1110 quoque,
711 1064 843 1098 indultis
862 1064 1015 1098 etlitteris
1030 1075 1106 1108 apo-

358 1119 489 1160 stolicis,
512 1119 570 1152 sub
596 1119 855 1162 quibuscumque
879 1118 1047 1151 tenoribus
1075 1124 1106 1151 et

356 1172 482 1213 formis,
503 1183 541 1205 ac
561 1182 635 1205 cum
660 1172 837 1215 quibusvis,
859 1172 956 1204 etiam
973 1172 1108 1214 deroga-

357 1225 516 1258 toriarum
540 1225 750 1268 derogatoriis
779 1225 915 1268 aliisque
949 1225 1106 1258 efficacio-

357 1278 448 1311 ribus
471 1283 503 1310 et
532 1278 678 1319 insolitis,
701 1278 867 1319 clausulis,
889 1288 1016 1310 necnon
1036 1278 1108 1310 irri-

358 1331 501 1364 tantibus
528 1337 558 1364 et
582 1331 653 1365 aliis
683 1331 832 1371 decretis,
854 1331 887 1364 in
912 1342 1030 1374 genere
1058 1331 1107 1365 vel

358 1385 393 1417 in
416 1386 535 1430 specie,
562 1386 658 1418 etiam
684 1391 786 1425 motu,
812 1385 946 1418 scientia
965 1390 996 1418 et
1016 1364 1129 1434 pote-l

358 1439 448 1471 statis
457 1439 659 1482 plenitudine
675 1438 843 1479 similibus,
859 1449 896 1471 ac
915 1438 1011 1471 etiam
1029 1449 1107 1471 con·
1146 1436 1290 1472 Gregffiius
1303 1436 1448 1472 ΡᾶΡῆΧῙῙῙ»
1459 1436 1662 1472 admi-petuam
1672 1435 1890 1469 ¹⁰iffl⁰ffl⁰m

359 1491 560 1526 sistorialiter
591 1493 639 1525 vel
659 1493 736 1525 alias
762 1492 1007 1536 quomodolibet
1033 1503 1110 1525 con-

359 1545 469 1587 cessis,
488 1557 525 1579 ac
544 1546 641 1579 etiam
666 1545 786 1578 iteratis
806 1545 930 1578 vicibus
950 1546 1110 1589 approba-

359 1598 399 1631 tis
419 1604 450 1631 et
470 1599 629 1632 innovatis
651 1610 659 1639 ;
681 1599 800 1642 quibus
823 1599 990 1638 omnibus,
1012 1600 1109 1632 etiam

361 1652 400 1692 si,
422 1662 480 1696 pro
502 1651 632 1685 illorum
649 1652 820 1685 sufficienti
839 1652 1058 1695 derogatione,
1071 1653 1110 1686 de

361 1704 426 1737 illis
445 1714 626 1747 eorumque
650 1705 725 1738 totis
752 1705 918 1738 tenoribus
947 1706 1108 1749 specialis,

361 1757 526 1801 specifica,
539 1757 704 1790 individua
717 1763 748 1790 et
758 1768 905 1801 expressa
917 1769 952 1791 ac
961 1759 1000 1792 de
1013 1760 1110 1793 verbo

363 1811 404 1844 ad
423 1810 567 1850 verbum,
587 1820 653 1843 non
672 1816 780 1844 autem
804 1821 862 1854 per
882 1812 1041 1845 clausulas
1056 1824 1111 1855 ge·

362 1860 490 1892 nerales
522 1859 607 1892 idem
637 1859 869 1903 imponantes,
904 1861 1026 1894 mentio
1055 1873 1111 1895 seu

364 1907 494 1951 quaew's
513 1907 575 1940 alia
591 1908 753 1951 expressio
768 1908 916 1941 habenda
931 1916 985 1942 aut
1005 1910 1112 1953 aliqua

365 1956 428 1990 alia
441 1956 598 1999 exquisita
605 1956 708 1989 forma
724 1956 762 1989 ad
772 1957 835 1989 hoc
850 1958 1004 1990 servanda
1021 1959 1112 1998 soret,

366 2010 496 2038 tenores
510 2005 710 2045 huiusmodi,
728 2015 764 2038 ac
775 2005 800 2038 si
814 2005 852 2038 de
871 2006 967 2038 verbo
987 2006 1027 2039 ad
1044 2017 1112 2040 ver-

365 2053 457 2093 bum,
470 2053 551 2086 nihil
561 2053 690 2097 penitus
700 2053 830 2094 omisso,
844 2059 874 2086 et
889 2054 990 2087 forma
1001 2055 1033 2088 in
1051 2055 1114 2088 illis

366 2102 484 2135 tradita
502 2102 679 2142 observata,
692 2101 803 2135 inserti
818 2103 922 2135 forent
937 2105 1114 2146 praesenti-

367 2151 440 2191 bus,
466 2161 525 2194 pro
545 2151 742 2184 sufficienter
766 2151 923 2195 expressis
946 2152 1111 2194 habentes,

369 2200 433 2233 illis
447 2200 525 2233 alias
541 2200 575 2232 in
595 2210 654 2233 suo
674 2200 790 2233 robore
807 2201 1037 2243 permansuris,
1055 2202 1115 2235 hac

369 2248 436 2281 vice
451 2249 633 2289 dumtaxat,
654 2249 835 2293 specialiter
854 2255 884 2282 et
898 2260 1045 2293 expresse
1060 2251 1115 2283 de-

370 2308 532 2340 rogamus,
552 2298 722 2331 contrariis
744 2298 1015 2342 quibuscumque.
1056 2301 1117 2333 Aut

371 2346 397 2378 si
417 2346 590 2389 aliquibus,
618 2347 836 2380 communiter
853 2348 900 2380 vel
922 2347 1060 2387 divisim,
1078 2349 1116 2381 ab

372 2395 484 2427 eadem
510 2395 549 2427 sit
569 2396 648 2429 Sede
665 2395 826 2428 indultum
846 2396 931 2439 quod
952 2396 1115 2438 interdici,

373 2443 526 2485 suspendi
545 2444 594 2477 vel
618 2444 892 2477 excommunicari
910 2455 975 2477 non
995 2445 1118 2488 possint

376 2502 433 2535 per
451 2492 572 2525 litteras
592 2494 783 2535 apostolicas
814 2503 878 2526 non
890 2493 1041 2526 facientes
1050 2494 1117 2537 ple-

375 2550 448 2575 nam
469 2545 501 2572 el
533 2552 714 2585 expressam
739 2553 776 2575 ἱὶῦ
804 2542 843 2575 de
864 2541 960 2575 Vffl'bO
988 2542 1027 2574 {ld
1047 2554 1117 2575 VCl'·
1157 2556 1356 2584 constitutione
1370 2563 1450 2591 ηιμ,
1466 2558 1500 2584 In
1513 2564 1650 2592 suprema,
1669 2561 1688 2585 t.
1704 2563 1742 2592 vl,
1761 2565 1824 2593 pag.
1838 2558 1898 2586 155.

376 2586 452 2626 bum
477 2589 515 2623 de
540 2589 664 2623 indulto
688 2591 872 2626 huiusmodi
909 2591 1114 2626 mentionem.

947 215 1126 243 BULLARIUM
1144 215 1295 243 ROMANUM

1124 1278 1126 1285 v
1147 1258 1377 1293 Ordinationes
1392 1268 1453 1301 pro
1476 1258 1556 1292 bono
1575 1258 1734 1302 regimine
1746 1257 1906 1300 fratrum·

1885 205 1954 238 An.⁴

1180 269 1194 312 g
1214 268 1267 301 ta.
1289 266 1375 301 Nulli
1396 277 1472 310 ergo
1492 266 1624 300 omnino
1647 263 1817 300 hominum
1844 267 1883 301 li-
1959 267 1965 269 “

1137 327 1206 356 ceat
1224 323 1307 355 hanc
1327 321 1476 366 paginam
1490 326 1617 355 nostrae
1632 321 1814 363 erectionis,
1830 321 1882 355 in-

1137 375 1324 415 stitutionis,
1363 374 1584 418 separationis,
1625 374 1883 408 dismembratio-
1902 402 1903 405 ,

1138 429 1198 468 nis,
1239 427 1477 471 applicationis,
1516 426 1801 471 appropriationis,
1835 429 1885 462 in-

1138 482 1232 523 dulti,
1257 481 1440 522 voluntatis,
1473 480 1700 522 concessionis,
1736 479 1884 524 imparti-

1138 535 1246 577 tionis,
1273 535 1492 574 decretorum,
1521 534 1748 567 mandatorum
1772 539 1804 567 et
1831 535 1886 567 de·-

1140 587 1314 632 rogationis
1333 587 1522 630 infringere,
1544 587 1592 620 vel
1619 586 1648 620 ei
1680 597 1761 622 ausu
1785 592 1885 620 teme-

1139 641 1225 675 rario
1233 641 1407 681 contraire;
1419 640 1446 674 si
1457 639 1529 684 quis
1537 646 1646 673 autem
1656 640 1719 673 hoc
1727 644 1886 674 attentare

1140 694 1405 739 praesumpserit,
1448 692 1701 736 indignationem
1738 693 1887 737 omnipo·

1140 748 1236 780 tentis
1269 746 1324 780 Dei
1358 758 1394 780 ac
1428 746 1597 780 beatorum
1632 746 1718 779 Petri
1745 752 1777 780 et
1794 746 1885 779 Pauli

1141 801 1361 844 apostolorum
1386 800 1455 833 eius
1474 810 1507 833 se
1522 800 1646 833 noverit
1664 799 1884 833 incursurum.

1185 854 1299 886 Datum
1319 854 1440 886 Romae
1459 853 1545 897 apud
1564 853 1718 886 Sanctum
1741 853 1886 894 Petrum,

1143 917 1227 940 anno
1246 907 1481 940 Incarnationis
1506 906 1688 939 dominicae
1717 901 1888 940 mille'simo

1143 960 1400 1003 quingentesimo
1420 959 1658 1004 septuagesimo
1675 969 1774 1000 nono,
1788 969 1820 992 rx
1834 960 1889 993 ka-

1144 1013 1574 1057 lendasiunii,pontificatus
1589 1013 1690 1046 nostri
1710 1023 1797 1046 anno
1817 1019 1887 1046 vin.

1181 1067 1245 1098 Dat.
1264 1068 1312 1098 die
1327 1067 1366 1097 24
1381 1067 1450 1097 maii
1467 1067 1554 1103 1579,
1572 1067 1676 1106 pontis.
1693 1076 1770 1097 anno
1783 1075 1836 1097 vm

1467 1191 1570 1225 XCIX.

1188 1312 1354 1344 illinorum
1383 1311 1500 1344 Sancti
1522 1311 1692 1344 Fraucz'sci
1715 1311 1891 1346 strictioris

1191 1364 1421 1398 Observantiae
1445 1364 1471 1397 ¹.

1190 1499 1270 1532 Cum
1289 1498 1377 1531 lllius
1395 1499 1510 1539 vicem,
1530 1498 1652 1531 meritis
1668 1499 1746 1532 licet
1758 1498 1892 1532 minime
1911 1504 1913 1507 '
1942 1513 1947 1528 t
1978 1523 1988 1528 ,,
2008 1520 2009 1523 ¹

1147 1552 1408 1594 suffragantibus,
1430 1562 1580 1594 geramus
1597 1551 1744 1592 interris,
1762 1551 1818 1595 qui
1836 1562 1892 1596 pa-

1148 1616 1217 1639 cem
1251 1605 1285 1638 in
1309 1610 1411 1638 terras
1444 1604 1562 1646 intulit,
1599 1605 1839 1647 caritatemque«
1852 1605 1894 1639 ad

1148 1659 1283 1691 invicem
1303 1668 1380 1702 prae
1400 1658 1515 1691 ceteris
1545 1658 1696 1692 omnibus
1719 1658 1788 1693 eius
1810 1659 1893 1693 fide-

1148 1712 1232 1745 libus
1268 1711 1444 1756 praecepit,
1481 1711 1580 1745 officii
1613 1712 1715 1745 nostri
1751 1712 1894 1747 debitam

1149 1765 1379 1809 prosequimur
1419 1765 1591 1806 actionem,
1632 1765 1659 1798 si
1695 1765 1894 1809 regularium

1149 1829 1373 1862 personarum,
1395 1829 1490 1861 quae,
1512 1819 1625 1852 relicto
1657 1819 1800 1860 saeculo,
1834 1819 1894 1853 sub

1150 1871 1239 1905 suavi
1264 1872 1464 1905 voluntariae
1495 1872 1694 1916 paupertatis
1726 1872 1814 1916 iugo,
1838 1873 1895 1906 Dei

1150 1925 1305 1968 obsequio
1334 1935 1367 1958 se
1401 1925 1603 1966 dedicarunt,
1629 1936 1688 1969 pro
1722 1927 1895 1961 commisso
1931 1943 1933 1945 ·

1151 1978 1243 2010 nobis
1262 1978 1381 2019 officio,
1417 1978 1610 2012 concordiae
1629 1990 1666 2012 ac
1685 1979 1785 2024 quieti
1816 1990 1894 2014 con-

1152 2031 1257 2064 sulere
1277 2032 1456 2075 cupientes,
1482 2042 1595 2076 pacem
1615 2038 1645 2066 et
1665 2033 1830 2066 caritatem
1848 2033 1896 2066 in-

1152 2089 1200 2116 ter
1219 2084 1305 2127 ipsos
1324 2084 1490 2125 inducere,
1521 2085 1753 2129 inductumque
1787 2086 1897 2120 conso-

1153 2147 1235 2177 vere,
1256 2143 1286 2170 et
1306 2148 1388 2181 quae
1407 2137 1445 2170 iis
1465 2138 1626 2171 contraria
1641 2144 1726 2179 sunt,
1749 2139 1831 2173 falce
1848 2139 1896 2173 vi*

1153 2190 1302 2231 gilantiae
1333 2192 1503 2235 pastoralis
1531 2193 1569 2225 ad
1606 2192 1750 2226 radicem
1781 2192 1895 2237 posita,

1154 2249 1249 2287 prout
1270 2254 1380 2277 rerum
1412 2251 1443 2278 et
1470 2250 1654 2289 temporum
1690 2245 1827 2289 qualitas
1848 2256 1900 2280 re·-

1155 2297 1262 2339 quirit,
1295 2304 1453 2342 quantum
1485 2299 1579 2332 nobis
1602 2310 1639 2332 ex
1661 2300 1726 2333 alto
1750 2299 1900 2333 conc-edi-

1156 2356 1218 2391 tur,
1242 2351 1315 2384 totis
1338 2352 1458 2385 viribus
1480 2352 1498 2381 2
1517 2364 1679 2386 curamus.

1192 2423 1201 2449 1
1221 2422 1472 2458 congregationem
1485 2423 1604 2452 istorum
1619 2424 1750 2459 fratrum,
1770 2427 1899 2460 tempore

1157 2467 1308 2495 Clementis
1330 2467 1375 2495 vu
1399 2468 1573 2504 institutam,
1597 2467 1760 2504 approbavit
1778 2468 1849 2504 ipse,
1871 2471 1901 2497 et
1945 2459 1968 2470 ’“
2020 2460 2029 2471 ’“

1156 2512 1295 2539 nonnulla
1308 2520 1359 2547 pro
1383 2512 1445 2540 eius
1459 2513 1597 2548 gubernio
1617 2512 1722 2548 statuit,
1742 2517 1774 2541 ut
1792 2514 1821 2541 in
1837 2514 1900 2542 eius

1160 2602 1175 2628 *2
1194 2601 1275 2629 Deest
1295 2601 1388 2631 forsan
1407 2602 1520 2638 auferre
1533 2604 1571 2637 (n.
1588 2603 1636 2636 τ.)-

1895 305 1946 326 tiun
1968 305 1995 328 ,Ἴ
