2059 3228
264 292 269 299 .
290 273 357 300 1579

226 1128 249 1147 ln
268 1128 363 1152 capituto

173 1156 272 1178 generati
284 1157 362 1175 consti-

185 1189 196 1200 u
210 1183 270 1201 innes
301 1187 352 1201 reno

174 1214 228 1227 vare
266 1209 367 1227 nonnulli

174 1241 194 1259 1¹*
202 1235 272 1255 aelati
284 1234 368 1254 Ordinis

173 1266 200 1285 ng
208 1262 345 1284 gm‘inmur.

413 272 476 305 ⁹260

367 337 461 370 statui
482 342 512 369 et
535 336 693 380 provideri
718 337 912 381 experientia
928 348 1035 372 rerum
1052 348 1118 369 ma-

368 390 465 432 gistra
487 389 626 422 suadeat:
652 389 770 423 mirum
793 400 860 423 esse
884 400 948 423 non
965 390 1067 430 debet,
1093 389 1117 421 si

369 453 448 485 qnae
473 442 653 485 praeteritis
681 442 877 486 temporibus
898 443 994 476 etiam
1017 453 1035 474 a
1058 442 1117 474 Ro

369 494 471 526 manis
506 494 711 528 Pontificibus
741 495 1034 538 praedecessoribus
1063 504 1117 526 no-

368 547 442 578 stris
465 547 606 579 consulte
630 551 743 579 statuta
769 547 906 587 suerunt,
931 557 967 579 ex
984 546 1117 578 sanctio-

368 600 411 631 ris
436 598 630 641 inspectione
647 599 780 640 consilii,
798 609 869 632 cum
887 609 932 639 ea,
950 608 1008 641 pro
1024 608 1116 640 regu-

369 651 482 683 larium
500 651 687 693 praesertim
704 662 722 684 a
738 652 839 685 noxiis
860 651 1115 695 praeservatione

368 709 396 735 et
411 703 544 737 feliciori
562 704 594 736 in
611 704 828 747 spiritualibus
841 710 868 737 et
887 703 1116 747 temporalibus

369 756 574 797 incremento,
601 757 758 789 moderari
785 758 833 790 vel
859 757 1000 789 revocari
1024 767 1116 800 expe-

368 808 437 841 dire
461 809 551 842 nobis
567 815 700 850 constat,
717 809 750 841 in
772 810 884 842 melius
897 809 1115 848 reformamus,

369 866 401 892 ut
427 863 586 903 regulares
610 862 680 906 ipsi,
698 862 735 895 de
763 863 880 895 virtute
905 863 938 894 in
966 862 1116 894 virtutem

370 914 616 956 piogredientes,
635 915 770 958 gratiam
799 915 937 947 divinam
966 914 1115 957 consequi

370 971 400 998 ct
424 967 462 999 ad
502 968 667 1000 coelestem
692 968 829 1010 patriam
864 968 985 1001 facilius
1009 977 1116 1011 petve-

372 1020 440 1052 nire
466 1026 659 1053 mereantur.

414 1073 428 1116 ἓ
448 1073 473 1105 1.
493 1073 584 1109 Sane,
597 1074 678 1106 sicut
710 1074 900 1118 accepimus,
915 1084 988 1106 cum
1013 1073 1117 1106 dilecti

371 1125 427 1157 filii
446 1126 835 1169 praesidens,diffinitores
852 1131 882 1158 et
899 1126 1028 1158 abbates
1044 1136 1117 1158 con-

355 1179 567 1221 :gregationis
593 1179 820 1211 monachorum
831 1179 1064 1212 Cassincnsium
1081 1190 1119 1211 a-

375 1230 431 1263 lias
456 1231 585 1264 Sanctae
608 1231 745 1264 Iustinae
770 1232 807 1264 de
832 1232 936 1264 Padua
955 1260 962 1273 ‚
994 1231 1119 1265 Ordinis

375 1283 479 1317 Sancti
503 1284 687 1325 Benedicti,
718 1284 796 1317 haec
820 1285 994 1328 prudenter
1017 1286 1120 1318 consi-

373 1337 528 1377 derantes,
558 1342 585 1368 et
611 1341 744 1379 paterno
768 1338 887 1370 zelante
911 1338 1035 1379 affeetu,
1060 1344 1095 1372 ut
1111 1367 1118 1380 ,

371 1388 453 1421 sicut
477 1389 683 1432 congregatio
708 1390 787 1433 ipsa,
811 1391 852 1423 ab
875 1391 943 1423 eius
959 1392 1120 1434 primaeva

372 1443 542 1483 erectione,
560 1443 690 1485 optimis
719 1454 754 1476 ac
771 1444 952 1477 salubribus
969 1445 1122 1477 institutis

371 1501 401 1528 et
426 1495 708 1529 constitutionibus
744 1507 843 1539 usque
868 1497 907 1530 ad
942 1497 1020 1530 haec
1047 1503 1122 1530 tem-

372 1558 451 1590 pora
477 1553 563 1580 recta
590 1553 619 1580 et
646 1549 823 1591 gubernata
843 1550 911 1591 suit,
936 1550 1019 1583 idem
1045 1562 1123 1594 quo-

373 1612 434 1643 que
460 1601 497 1633 de
522 1606 627 1634 cetero
651 1612 761 1634 eorum
783 1603 888 1635 solerti
915 1603 1076 1646 vigilantia
1093 1610 1123 1637 ct

373 1654 488 1694 stud10‚
506 1655 609 1697 gratia
625 1655 741 1692 ,divina
766 1655 824 1687 sibi
849 1655 1023 1695 assistente,
1055 1666 1123 1688 eve-

374 1707 462 1745 niat,
487 1707 520 1738 in
553 1718 663 1739 eorum
688 1708 798 1740 ultimo
823 1709 961 1751 generali
987 1709 1123 1752 capitulo

376 1760 546 1792 nonnullos
581 1760 738 1802 praelatos
762 1771 797 1793 ex
821 1761 944 1804 gremio
983 1762 1122 1795 eiusdem

376 1812 634 1855 congregationis
658 1813 876 1855 deputaverint
896 1840 903 1853 ‚
929 1813 983 1856 qui
1007 1815 1123 1847 consti-

378 1865 516 1898 tutiones
532 1892 540 1906 ‚
565 1865 782 1898 ordinationes
799 1893 806 1905 ,
843 1865 1071 1899 declarationes
1095 1873 1120 1899 et

378 1917 523 1950 instituta
546 1917 707 1960 regularia
742 1918 845 1950 dictae
868 1919 1124 1961 congregationis

377 1977 482 2004 exacte
506 1971 708 2014 inspicerent;
733 1977 764 2003 et
788 1982 868 2014 quae
892 1972 1123 2013 emendatione,

377 2024 574 2057 correctione
598 2025 645 2057 vel
669 2024 830 2057 additione
855 2025 1052 2067 indigerent,
1077 2036 1124 2058 re—

378 2077 536 2117 formare,
559 2077 729 2119 corrigere,
754 2078 870 2111 addere
893 2083 922 2110 et
948 2078 1009 2110 alia
1034 2079 1067 2111 in
1092 2079 1124 2111 id

378 2134 567 2173 opportuna,
586 2130 671 2162 iuxta
688 2129 910 2162 discretionem
927 2140 944 2162 a
961 2129 1022 2162 Deo
1039 2130 1124 2174 Opti-

381 2193 431 2218 mo
456 2181 588 2214 Maximo
612 2182 672 2214 sibi
697 2182 812 2223 datam,
829 2183 930 2215 facere
948 2184 1123 2224 studet-ene

380 2237 578 2280 praelatique
612 2236 663 2269 isti
699 2246 814 2269 munus
849 2236 910 2269 sibi
946 2236 1124 2269 iniunctum

381 2294 529 2331 prompta
553 2289 719 2322 devotione
744 2289 960 2333 suscipientes,
977 2295 1046 2333 post
1060 2301 1125 2323 ma-

382 2347 485 2374 turam
511 2342 747 2375 institutionum
772 2342 955 2375 huiusmodi
979 2352 997 2374 a
1021 2353 1053 2375 se
1070 2342 1124 2374 ha-

382 2395 479 2427 bitam
503 2395 778 2435 examinationem,
796 2395 946 2428 nonnulla
962 2404 1020 2437 pro
1037 2394 1126 2437 quic-

383 2452 414 2478 to
428 2452 458 2478 et
471 2447 550 2480 felici
565 2447 722 2490 regimine
734 2447 938 2491 solidiorique
951 2451 1034 2480 statu
1043 2447 1124 2480 eius-

383 2499 454 2530 (lcm
479 2500 736 2542 congregationis
764 2510 866 2543 nuper
896 2500 1123 2541 ordinaverint,

383 2551 541 2584 ediderint
565 2558 595 2584 et
620 2553 813 2592 statuerint;
838 2553 944 2596 aliqua
966 2563 1040 2586 vero
1064 2553 1124 2586 alia

383 2604 445 2636 iam
465 2604 615 2647 abrogata
633 2606 861 2646 innovaverint,
875 2610 906 2639 et
921 2616 1001 2649 quae
1018 2616 1124 2640 emen-

387 2656 512 2690 datione
540 2658 586 2690 vel
615 2658 775 2691 additione
799 2669 854 2692 seu
881 2659 1054 2692 mutatione
1080 2660 1125 2693 di-

940 281 1128 308 BULLARIUM
1162 280 1317 306 ROMAMJM

1146 347 1208 379 gna
1224 337 1284 369 sibi
1301 336 1367 369 visa
1383 335 1518 377 suerunt,
1536 335 1784 377 emendaverint,
1805 335 1894 369 addi·
1915 345 1917 348 ’

1147 388 1253 421 derint
1269 394 1300 422 et
1318 389 1567 422 immutaverint
1967 415 1971 417 .
2016 426 2017 435 ἵ

1190 441 1204 485 5
1228 441 1257 473 2.
1282 441 1317 473 Et
1341 441 1511 485 praecipue
1535 441 1620 485 quod
1639 440 1797 484 monachi,
1814 448 1954 495 con-‘11¹²
1968 439 2004 481 {ji
2031 478 2032 482 ,

1147 494 1306 526 ventuales
1322 493 1509 537 nuncupati,
1526 504 1604 537 qnos
1621 495 1736 537 singuli
1753 475 1914 547 comen-:1-
1954 501 1981 508 ”
1998 488 2005 542 J

1147 550 1195 579 tus
1217 546 1483 579 monasteriorum
1507 546 1606 589 ipsius
1623 530 1908 590 congregationis,
1898 537 1963 597 ,ᾗ
2029 576 2032 587 ,

1146 609 1217 631 cum
1248 609 1358 632 eoium
1390 599 1539 642 piaelatis
1567 599 1605 632 ad
1634 600 1810 643 capitulum
1837 611 1890 643 ge·
2029 594 2031 600 ’

1145 653 1254 684 nerale
1289 663 1347 696 pro
1382 652 1536 685 electione
1570 651 1654 685 illius
1682 653 1892 686 diffinitorum

1145 705 1272 738 mittere
1287 711 1445 745 tenentur,
1459 705 1497 737 de
1511 710 1616 737 cetero
1629 715 1691 737 non
1706 710 1790 738 sorte
1801 705 1892 738 dum—

1145 762 1239 799 taxat,
1257 758 1342 791 iuxta
1367 768 1487 790 morem
1512 767 1530 789 a
1553 757 1697 800 pluribus
1720 758 1812 791 annis
1835 758 1892 791 oh-

1145 816 1317 851 servatum‚
1332 815 1362 843 et
1379 810 1498 843 dudum
1515 820 1532 842 a
1549 805 1647 842 felicis
1663 808 1893 843 recordationis

1144 863 1223 895 lulio
1264 864 1348 907 Papa
1386 864 1411 896 Π
1429 891 1437 904 ,
1477 863 1718 906 praedecessore
1757 869 1866 897 nostro
1882 888 1891 905 ,

1146 917 1210 949 suis
1227 916 1260 949 in
1277 917 1378 949 forma
1396 916 1499 949 brevis
1516 915 1637 957 litteris,
1651 916 1823 960 apostolica
1835 926 1892 948 au—

1147 970 1304 1010 ctoritate,
1319 970 1540 1012 approbatum,
1551 970 1614 1010 sed,
1627 974 1795 1012 postquam
1809 975 1892 1002 sorte

1145 1022 1285 1063 extracti,
1310 1027 1342 1055 et
1365 1023 1403 1055 ad
1428 1022 1459 1054 id
1476 1033 1531 1066 per
1548 1022 1688 1065 singulos
1704 1027 1893 1063 conventus,

1146 1075 1185 1107 ad
1218 1085 1297 1118 quos
1326 1075 1488 1118 spectabit,
1514 1074 1673 1117 suffragiis
1703 1075 1832 1109 secretis
1862 1081 1891 1108 et

1147 1127 1234 1168 alias,
1262 1127 1348 1160 iuxta
1386 1127 1521 1160 sormam
1556 1128 1823 1171 ordinationibus
1857 1135 1892 1162 ut

1147 1181 1346 1225 praefertur,
1376 1181 1498 1213 noviter
1530 1181 1622 1214 editis
1651 1182 1894 1225 praescriptam,

1148 1234 1313 1278 approbati
1344 1234 1473 1274 suerint,
1498 1233 1665 1276 eligantur.
1690 1233 1748 1273 Qui
1773 1234 1818 1267 sic
1841 1245 1892 1267 ex-

1150 1286 1251 1327 tracti,
1275 1286 1441 1329 approbati
1465 1291 1496 1319 et
1520 1287 1647 1319 demum
1672 1288 1894 1321 conventuales

1149 1340 1248 1380 electi,
1269 1350 1340 1372 cum
1365 1339 1435 1383 paci
1459 1344 1490 1372 et
1513 1339 1612 1383 quieti
1637 1339 1737 1383 ipsius
1760 1350 1893 1383 congre-

1150 1394 1284 1437 gationis
1310 1393 1480 1436 plurimum
1506 1393 1624 1425 consuli
1649 1391 1818 1425 verisimile
1842 1393 1892 1433 sit,

1151 1447 1175 1479 si
1192 1447 1224 1479 in
1241 1447 1322 1479 iilius
1339 1445 1518 1488 praecipuis
1535 1445 1687 1478 membris
1699 1445 1894 1479 constituen-

1151 1499 1199 1532 dis
1234 1499 1373 1542 reliquae
1407 1502 1514 1541 partes
1534 1525 1541 1538 ‚
1569 1497 1692 1541 aquibus
1726 1499 1894 1542 mysticum

1151 1563 1266 1596 corpus
1294 1551 1434 1584 eiusdem
1470 1550 1728 1593 congregationis
1761 1557 1894 1593 constat;

1152 1605 1349 1645 conveniant,
1367 1603 1463 1637 etiam
1489 1604 1573 1646 quod
1590 1603 1630 1636 ab
1646 1603 1733 1636 omni
1750 1614 1824 1637 voce
1841 1615 1894 1637 ac-

1155 1659 1215 1691 tiva
1238 1663 1267 1691 et
1294 1657 1418 1701 passiva
1434 1656 1468 1688 in
1485 1656 1668 1689 huiusmodi
1686 1656 1895 1691 diffinitorum

1152 1710 1304 1744 electione
1317 1709 1387 1742 aliis
1399 1709 1512 1742 litteris
1525 1711 1710 1743 recolendae
1723 1711 1897 1744 memoriae

1152 1763 1317 1797 Clementis
1340 1763 1442 1807 Papae
1466 1763 1525 1804 Vll,
1543 1763 1690 1796 similiter
1712 1764 1898 1807 praedeces-

1152 1818 1231 1851 soris
1255 1817 1366 1858 nostri,
1390 1816 1506 1849 exclusi
1530 1816 1708 1857 videantur,
1732 1827 1840 1850 vocem
1862 1817 1898 1850 in

1152 1882 1189 1904 ea
1212 1871 1347 1904 activam
1372 1869 1545 1909 dumtaxat,
1561 1874 1592 1902 et
1609 1879 1810 1912 nequaquam
1826 1879 1898 1913 pas-

1153 1925 1261 1964 sivam,
1285 1934 1326 1955 ne
1350 1922 1497 1955 homines
1520 1921 1593 1954 novi
1617 1926 1647 1954 et
1670 1921 1824 1965 inexperti
1848 1931 1899 1954 re-

1153 1976 1267 2020 gimini
1297 1974 1440 2008 eiusdem
1471 1973 1728 2017 congregationis
1751 1974 1898 2008 admove-

1153 2034 1256 2070 antur,
1273 2033 1302 2061 et
1319 2027 1492 2060 auctoritas
1508 2027 1708 2070 superiorum
1721 2027 1898 2070 minuatur,

1153 2093 1189 2115 ac
1211 2081 1338 2114 licentia
1362 2079 1565 2122 delinquendi
1584 2079 1784 2122 praebeatur,
1801 2080 1898 2114 habe-

1153 2139 1218 2167 ant.
1242 2133 1325 2172 Quas
1341 2131 1470 2175 quidem
1488 2131 1716 2173 ordinationes,
1734 2137 1851 2165 statuta
1867 2137 1900 2167 et

1154 2187 1214 2219 alia
1237 2190 1446 2230 praenarrata
1470 2185 1654 2227 praesidens
1677 2185 1744 2229 ipse
1768 2191 1797 2219 et
1813 2186 1898 2230 regi-

1155 2249 1227 2272 men
1255 2238 1397 2271 eiusdem
1427 2237 1684 2281 congregationis
1706 2248 1764 2281 per
1786 2249 1844 2272 nos
1866 2243 1900 2273 et.

1155 2293 1265 2327 Sedem
1291 2290 1501 2335 Apostolicam
1527 2290 1697 2334 approbari
1726 2296 1756 2324 et
1783 2291 1900 2325 confir-

1155 2345 1232 2378 mari
1252 2354 1451 2387 summopere
1469 2343 1610 2386 cupiant.

1197 2398 1211 2441 g
1234 2397 1263 2430 2.
1281 2397 1410 2436 Rursus,
1432 2395 1654 2429 declarationis
1676 2402 1802 2430 nostrae
1824 2408 1899 2432 ora·
1939 2409 1974 2433 ω’
1996 2417 2002 2437 ;
2029 2427 2033 2438 ,

1153 2452 1222 2483 culo
1247 2449 1416 2482 dilucidari
1438 2449 1669 2492 perplexitates,
1686 2450 1814 2492 quaein
1830 2433 1937 2495 ple-⁰⁰¹
1958 2459 1967 2467 ’

1154 2503 1260 2545 risque
1283 2501 1424 2535 eiusdem
1448 2502 1704 2545 congregationis
1727 2501 1900 2539 abbatibus

1153 2562 1183 2589 et
1207 2556 1278 2589 aliis
1303 2555 1468 2588 monachis
1491 2555 1648 2596 oriuntur,
1666 2555 1691 2588 si
1715 2565 1897 2592 excommu-

1154 2607 1323 2641 nicationis
1346 2608 1426 2640 latae
1444 2607 1617 2641 sententiae
1633 2613 1662 2640 et
1679 2608 1758 2642 aliae
1774 2620 1896 2654 poenae

1154 2659 1267 2693 litteris
1284 2664 1410 2693 sanctae
1426 2659 1598 2693 memoriae
1615 2660 1726 2695 Leonis
1742 2661 1843 2706 Papae
1859 2663 1895 2706 X,
1978 2684 1985 2705 2

1973 2709 1993 2731 Ἃ,

1975 3014 1991 3035 .νῖ

1968 3034 1987 3080 f
2029 3037 2033 3055 τ

1959 3076 1991 3107 α’·ἶ,

1942 3105 2015 3228 i

1931 3217 1940 3228 Δ
