2059 3228
107 228 161 257 Au.
179 227 206 256 C.
226 228 291 256 t58t
350 219 414 253 476

304 282 465 336 pauperes
486 290 648 335 peregrini
668 289 771 324 dictae
791 289 932 324 nationis
949 289 1051 333 recipi

305 351 337 378 et
357 344 518 378 confoveri
539 344 704 384 deberent,
724 343 873 376 similiter
892 348 1051 387 perpetuo

305 397 465 430 ereximus
478 402 510 430 et
525 396 736 437 instituimus,
754 396 866 440 illique
882 396 925 429 sic
943 401 1051 429 erecto

305 455 337 483 et
356 450 660 484 institutoeamdem
681 450 850 484 ecclesiam
871 450 901 483 S.
924 450 1052 483 loannis

304 503 373 536 sine
402 514 481 536 cura
507 504 666 545 effectam,
690 514 764 536 cum
791 503 857 536 suis
887 503 1049 543 domibus,

305 556 475 596 aedificiis,
496 557 612 597 hortis,
625 557 778 591 membris
798 562 830 590 et
848 556 1053 600 pertinentiis

305 610 368 643 illis
392 611 552 653 contiguis
577 621 756 654 eorumque
788 610 852 643 situ
872 615 909 648 et
928 610 1052 643 ambitu

305 663 427 706 pariter
443 669 602 708 perpetuo
623 664 851 697 concessimus.

350 717 365 760 ἓ
390 717 421 750 ⁶2.
443 717 504 750 Per
523 718 601 750 alias
624 728 699 751 vero
718 723 845 750 nostras
864 717 989 749 litteras
1006 715 1052 749 ei-

107 773 293 826 Μῑξῗῑῃᾶῐζωῗιᾙ
305 770 378 804 dem
398 771 563 814 hospitali,
593 775 631 804 ut
649 781 748 804 onera
768 771 796 804 ei
832 769 1053 803 incumbentia

108 843 232 866 mamm,
306 824 510 857 commodius
530 824 666 868 perferri
695 829 837 868 possent,
864 823 1053 867 pensionem

305 888 460 918 annuam,
482 877 579 911 certis
603 878 699 911 modo
720 883 752 911 et
778 878 881 911 forma
903 883 980 910 tunc
999 888 1053 910 ex-

305 930 435 974 pressis,
452 931 600 972 liberam,
623 931 801 964 immunem
821 936 853 963 et
873 935 1054 973 exemptam

305 995 343 1017 ac
376 985 416 1017 ad
440 984 625 1027 quindecim
655 995 757 1018 annos
785 990 863 1017 tunc
891 983 1054 1027 proximos

305 1037 473 1070 dumtaxat
493 1037 695 1078 duraturam,
721 1038 938 1071 ducentorum
959 1038 1056 1069 duca-

305 1097 414 1124 torum
436 1095 585 1123 monetae
619 1091 747 1123 illarum
781 1091 936 1134 partium,
958 1101 1056 1133 super

305 1155 436 1177 mensae
456 1144 649 1188 episcopalis
668 1144 700 1177 S.
723 1145 866 1187 Agathae
886 1144 1054 1183 fructibus,

306 1197 486 1230 redditibus
507 1203 538 1230 et.
557 1198 780 1240 proventibus,
803 1208 839 1230 ac
863 1197 983 1231 rectori
1008 1197 1055 1229 vel

306 1250 563 1284 administratori
574 1262 633 1294 pro
647 1257 793 1294 tempore.
809 1251 958 1284 existenti
978 1249 1055 1283 dicti

306 1304 476 1348 hospitalis
496 1315 552 1338 seu
569 1304 655 1337 illius
674 1305 877 1348 procuratori
896 1305 1054 1348 legitimo,

304 1358 501 1391 durantibus
512 1358 607 1391 dictis
620 1358 805 1402 quindecim
814 1358 906 1391 annis
916 1363 1007 1391 tantu
1013 1369 1055 1398 m,

307 1422 366 1455 per
392 1412 610 1445 venerabilem
634 1412 765 1445 fratrem
799 1418 946 1445 nostrum
978 1411 1058 1445 Feli-

309 1465 451 1506 cianum‚
475 1464 664 1508 episcopum
690 1465 826 1498 Sanctae
847 1466 1002 1508 Agathae,
1026 1471 1058 1499 et

308 1529 512 1552 successores
549 1529 624 1552 suos
659 1519 812 1552 ecclesiae
846 1519 878 1552 S.
915 1520 1058 1561 Agathae

306 1572 465 1616 praesules
476 1582 533 1605 seu
547 1571 825 1605 administratores
842 1583 899 1616 pro
913 1578 1059 1617 tempore

309 1625 494 1666 existentes,
518 1626 577 1658 etsi
596 1626 674 1670 ipsis
700 1627 788 1659 mille
807 1627 916 1660 ducati
935 1637 1059 1659 annua-

311 1679 369 1712 tim
389 1690 427 1712 ex
446 1679 618 1719 fructibus,
645 1679 824 1712 redditibus
845 1686 876 1713 et
896 1681 1059 1723 proventi-

310 1732 372 1765 bus
382 1732 635 1776 praedictisnon
652 1739 869 1773 remanerent,
892 1734 984 1766 annis
997 1735 1061 1766 sin-

311 1785 407 1829 gulis,
428 1785 462 1818 in
483 1786 580 1818 certis
615 1787 686 1819 loco
706 1792 739 1819 et
762 1787 918 1826 terminis,
941 1798 978 1820 ac
1002 1787 1060 1820 sub

312 1838 495 1879 sententiis,
511 1839 656 1872 censuris
674 1845 705 1873 et
724 1840 848 1883 poenis,
866 1840 963 1873 etiam
986 1846 1062 1874 tunc

313 1893 482 1937 expressis,
506 1892 631 1936 integre
655 1893 902 1936 persolvendam
922 1904 1062 1927 reserva-

312 1946 418 1980 vimus
443 1951 475 1979 et
506 1946 734 1980 constituimus
758 1952 790 1980 et
818 1948 1060 1990 assignavimus,

314 2006 413 2044 prout
431 2000 464 2033 in
485 2000 621 2043 singulis
648 2000 766 2033 litteris
799 2001 975 2045 praedictis
994 2003 1063 2045 ple-

314 2053 387 2087 nius
408 2054 605 2088 continetur.

360 2108 375 2151 ᾗ
400 2107 433 2141 3.
467 2108 560 2141 Nunc
588 2117 675 2148 vero,
702 2108 872 2142 erectionis
896 2108 1064 2152 hospitalis

119 2173 301 2196 tttemodol’ontt—
315 2161 502 2194 huiusmodi
536 2161 670 2204 negocio
702 2161 861 2194 maturius
889 2173 1061 2206 perpenso,

118 2206 302 2264 ‘gseffissssbpffssjffssss
317 2214 375 2246 etsi
397 2214 475 2247 illud
488 2215 611 2258 insigne
628 2215 759 2258 pietatis
778 2226 872 2259 opus,
894 2213 1065 2258 dictaeque

120 2269 302 2320 fssnffglsisdjfflgg
318 2267 441 2300 nationi
460 2273 588 2311 gratum
605 2273 637 2301 et
652 2269 859 2302 commodum
870 2269 921 2311 sit,
932 2270 1065 2303 meliora

119 2330 212 2350 nai-mnis
228 2330 304 2352 unma-
321 2325 427 2353 tamen
458 2321 652 2354 aemulando
677 2321 883 2363 charismata,
910 2322 1066 2355 maiorem

120 2362 172 2387 '⁶¹²²‘
319 2373 372 2406 Dei
393 2374 522 2406 laudem
557 2374 788 2418 utilioremque
813 2374 918 2408 eidem
944 2376 1066 2409 nationi

321 2431 452 2464 operam
473 2422 540 2456 sore
555 2434 735 2465 censemus,
757 2423 796 2465 si,
818 2425 891 2458 loco
911 2425 988 2458 dicti
1008 2426 1066 2458 110-

320 2470 445 2512 spitalis
460 2472 547 2514 quod
563 2472 596 2505 in
611 2472 679 2506 suis
691 2473 877 2517 primordiis
893 2474 998 2508 adhuc
1018 2485 1068 2507 re-

322 2528 398 2550 cens
417 2525 476 2559 est,
503 2531 604 2554 unum
633 2522 806 2565 collegium
826 2534 886 2567 pro
910 2523 1068 2566 recipien-

323 2566 370 2599 dis
390 2572 422 2600 et
445 2567 651 2604 instituendis
685 2571 772 2605 illius
795 2572 936 2605 nationis
959 2572 1069 2616 pueris
1088 2596 1089 2628 1
1113 2572 1276 2615 pensionis
1294 2573 1448 2606 terminos
1467 2573 1664 2605 decursoset
1681 2581 1746 2604 non
1771 2571 1859 2604 solu-

323 2616 362 2648 ad
388 2616 486 2650 bonas
515 2618 638 2653 litteras
665 2621 877 2664 capessendas
901 2621 985 2666 aptis
1004 2621 1067 2654 eri-

901 226 1079 251 BULLARIUM
1099 225 1248 250 nottANmt

1091 285 1224 323 geretur
1255 285 1287 312 et
1312 280 1544 318 institueretur.
1579 282 1659 316 Cum
1688 282 1776 317 enim
1804 283 1839 318 in

1092 333 1238 378 partibus
1258 333 1330 374 illis,
1351 335 1410 368 sub
1421 335 1507 378 gravi
1525 336 1703 370 Turcarum
1722 337 1798 380 iugo
1808 335 1840 371 et

1093 387 1260 431 tyrannide
1270 388 1462 430 constitutis,
1474 389 1523 421 vix
1534 390 1666 423 facultas
1676 391 1770 425 detur
1784 391 1841 424 ho-

1093 452 1208 475 narum
1228 441 1411 475 litterarum
1427 443 1535 476 studia
1549 444 1728 484 excolendi,
1742 449 1774 478 et
1789 456 1841 479 ex-

1093 496 1166 529 inde
1192 497 1311 530 multos
1330 508 1348 529 a
1372 498 1434 530 tide
1455 498 1612 532 catholica
1635 510 1760 534 aversos
1786 511 1842 535 ae-

1093 551 1194 583 ternis
1219 551 1360 584 tenebris
1389 552 1538 592 detineri,
1564 553 1791 598 simplicesque
1810 559 1842 589 et

1093 604 1191 637 rudes
1206 615 1224 638 a
1248 611 1416 648 susceptae
1445 606 1588 639 veritatis
1607 608 1697 640 cultu
1723 608 1842 643 abduci

1093 659 1185 692 facile
1206 659 1384 701 contingat,
1414 660 1560 693 futurum
1581 661 1713 695 omnino
1732 672 1842 706 spera-

1094 723 1166 745 mus
1181 717 1228 754 ut,
1251 724 1403 746 successu
1416 714 1581 757 temporis,
1594 714 1695 758 ipsius
1714 715 1842 760 collegii

1093 766 1228 807 alumni,
1249 767 1377 810 pietatis
1392 773 1423 800 et
1442 778 1535 801 verae
1550 768 1717 811 religionis
1728 769 1841 810 odore,

1093 831 1112 852 a
1135 819 1248 853 Montis
1267 820 1344 853 Sion
1359 821 1527 865 cypressis,
1550 821 1623 855 etS.
1642 822 1679 855 R.
1706 822 1757 864 Ε.,
1770 833 1843 867 quae

1094 869 1162 902 sola
1186 875 1283 913 caput
1302 875 1349 903 est
1368 870 1523 911 aliarum,
1550 871 1754 906 documentis
1776 873 1843 906 lar-

1094 923 1165 965 gius
1184 923 1310 964 imbuti,
1330 923 1423 957 illum
1441 924 1474 957 in
1498 925 1611 959 cedros
1633 925 1762 968 Libani,
1787 936 1845 961 na-

1095 976 1281 1020 tionemque
1305 987 1395 1010 suam
1417 978 1599 1020 refundant,
1621 990 1659 1012 ac
1678 979 1843 1013 collaben⁶

1094 1035 1159 1062 tem
1183 1035 1214 1063 et
1232 1031 1452 1074 perturbatam
1465 1032 1498 1064 in
1517 1032 1583 1065 suis
1602 1033 1789 1076 regionibus
1802 1033 1841 1067 fi-

1095 1083 1168 1116 dem
1183 1084 1239 1117 Dei
1254 1084 1413 1118 beneficio
1433 1086 1614 1120 sustineant
1631 1093 1730 1130 atque
1741 1097 1844 1122 resar-

1095 1137 1199 1179 ciant,
1221 1144 1252 1171 et
1270 1139 1314 1172 ita
1338 1140 1539 1183 praedictum
1559 1142 1728 1186 corporale
1746 1151 1841 1186 opus,

1095 1192 1183 1235 quod
1207 1193 1322 1236 paucis
1340 1193 1374 1226 in
1392 1194 1454 1227 hac
1480 1194 1565 1228 Urbe
1590 1200 1716 1229 tanturn
1734 1195 1845 1240 profu-

1097 1250 1205 1277 turum
1221 1250 1298 1287 erat,
1321 1247 1355 1279 in
1364 1247 1465 1291 magis
1475 1247 1676 1291 spiritualem
1691 1260 1728 1282 ac
1746 1249 1846 1283 totius

1097 1299 1236 1332 nationis
1251 1300 1421 1334 utilitatem
1433 1306 1463 1334 et
1473 1302 1609 1335 salutem
1625 1307 1842 1337 convertatur.

1099 1412 1128 1439 ta
1147 1406 1293 1448 scientia,
1325 1407 1430 1451 deque
1461 1409 1656 1453 apostolicae
1681 1410 1846 1454 potestatis
1860 1414 1979 1456 gitpdqi
2002 1377 2020 1465 Ξ

1099 1461 1309 1505 plenitudine⁷
1324 1461 1358 1494 in
1377 1461 1464 1495 dicto
1478 1462 1631 1506 hospitali
1640 1473 1771 1505 nomen,
1789 1464 1846 1498 de·
1860 1454 1976 1505 ἷζᾞᾝῃᾝ
2005 1470 2021 1519 ‚g

1099 1515 1353 1548 nominationem
1373 1520 1404 1549 et
1422 1515 1593 1549 essentiam
1613 1517 1790 1561 hospitalis,
1809 1529 1847 1552 ac
1861 1514 1981 1568 ξῗζζζίῃ

1098 1569 1329 1613 quodcumque
1357 1579 1439 1602 onus
1471 1569 1696 1613 hospitalitatis
1724 1570 1846 1605 ibidem
1861 1577 1946 1604 endunt
1970 1574 1976 1583 '

1099 1623 1310 1663 exercendae,
1331 1622 1426 1655 salvis
1438 1628 1545 1656 tamen
1562 1628 1594 1656 et
1612 1622 1732 1657 illaesis
1745 1635 1848 1659 rema-

1100 1677 1252 1710 nentibus
1272 1675 1495 1714 dissolutione,
1524 1677 1745 1719 concessione,
1766 1689 1847 1723 pen-

1101 1731 1190 1764 sione
1209 1736 1241 1764 et
1263 1730 1335 1764 aliis
1358 1730 1564 1774 supradictis,
1590 1731 1768 1775 apostolica
1790 1744 1848 1767 au-

1102 1784 1259 1825 ctoritate,
1295 1789 1406 1817 tenore
1434 1785 1665 1828 praesentium,
1692 1791 1850 1830 perpetuo

1103 1838 1337 1882 supprimimus
1361 1843 1392 1871 et
1411 1838 1640 1881 extinguimus,
1655 1838 1802 1885 illudque
1817 1839 1853 1874 in·

1103 1892 1275 1935 collegium
1292 1892 1522 1925 Maronitarum
1533 1893 1801 1937 nuncupandum,
1811 1884 1852 1928 ad

1102 1947 1251 1979 alendam
1270 1946 1429 1990 bonisque
1444 1946 1589 1979 moribus
1609 1946 1800 1989 ornandam,
1815 1958 1853 1982 ac

1103 2010 1176 2033 vera
1195 2000 1313 2043 pietate
1342 2010 1484 2043 sanaque
1504 1999 1650 2033 doctrina
1669 2006 1700 2033 et
1718 2000 1853 2045 reliquis

1104 2053 1418 2087 christianohomine
1428 2053 1533 2096 dignis
1544 2053 1718 2088 virtutibus
1736 2053 1854 2088 instru-

1105 2107 1222 2140 endam
1243 2107 1345 2151 ipsius
1361 2107 1501 2140 nationis
1511 2107 1722 2148 iuventutem,
1744 2111 1855 2141 aucto-

1105 2160 1197 2193 ritate
1221 2167 1253 2194 et
1276 2166 1387 2194 tenore
1406 2160 1588 2205 praedictis,
1621 2159 1717 2193 etiam
1737 2171 1854 2204 perpe-

1107 2219 1161 2246 tuo
1186 2214 1342 2257 erigimus
1366 2219 1397 2247 et
1425 2213 1645 2256 instituimus;
1682 2213 1855 2258 ipsumque

1108 2268 1281 2311 collegium
1301 2267 1347 2300 sic
1360 2273 1502 2301 erectum
1523 2272 1554 2301 et
1565 2267 1747 2300 institutum
1760 2267 1794 2300 in
1809 2267 1856 2301 lo-

1108 2331 1182 2354 cum
1211 2321 1288 2354 dicti
1308 2321 1499 2364 hospitalis,x
1510 2320 1615 2364 quoad
1635 2319 1806 2354 ecclesiam
1821 2319 1854 2354 S.

1086 2403 1087 2410 ,
1109 2375 1248 2415 Ioannis,
1271 2385 1308 2407 ac
1328 2374 1415 2407 illius
1431 2374 1555 2415 domos,
1573 2373 1734 2414 aedificia,
1746 2373 1857 2407 hortos

1110 2423 1255 2456 membra
1275 2429 1306 2457 et
1325 2423 1532 2467 pertinentia,
1559 2433 1738 2466 eorumque
1761 2422 1857 2456 situm

1086 2491 1089 2519 ς
1111 2479 1142 2506 et
1161 2473 1330 2514 ambitum,
1351 2484 1478 2507 necnon
1498 2473 1685 2517 pensionem
1701 2473 1858 2505 ducento-

1088 2554 1089 2576 Ὶ
1112 2533 1182 2554 rum
1205 2523 1397 2556 ducatorum
1418 2522 1618 2558 huiusmodi.
1649 2521 1859 2564 eiusdemque

1087 2641 1091 2667 ι
1112 2627 1172 2662 tos,
1193 2621 1279 2665 siqui
1299 2621 1374 2663 sint,
1396 2621 1589 2655 inomnibus
1608 2625 1639 2653 et
1659 2629 1717 2665 per
1735 2619 1857 2661 omnia,
