2059 3228
370 219 411 253 08

327 281 421 315 etiam
441 280 480 313 ab
492 279 553 313 alio
573 279 619 311 vel
637 278 706 312 aliis
725 277 903 323 impetratis
918 288 972 310 seu
994 277 1071 309 alias

325 334 436 377 quovis
452 333 546 365 inodo
567 331 727 365 concessis
746 342 810 364 non
823 331 952 371 utendo,
975 330 1071 363 suerit

325 387 364 419 ab
376 387 419 418 ei>
431 384 616 429 praestitum
628 385 793 425 hactenus,
802 385 848 416 vel
860 383 1069 427 imposterum

326 445 485 482 praestare
504 437 672 479 contigerit
688 437 916 470 iuramentum.
939 436 1069 468 Necnon

326 490 508 534 privilegiis,
534 490 666 523 indultis
685 495 715 522 et
737 490 850 523 litteris
869 488 1068 533 apostolicis,

324 543 486 586 quibusvis
498 543 641 577 ecclesiis
657 549 687 576 et
706 542 907 576 monasteriis
922 542 1068 574 illorum-

324 607 386 639 que
410 595 560 640 praelatis
573 623 580 637 ‚
611 596 760 641 capitulis
773 623 781 637 ,
811 595 1019 629 conventibus
1038 601 1069 628 et

324 650 481 693 personiS,
502 650 561 683 sub
574 650 832 694 quibuscumque
851 648 1019 681 tenoribus
1038 654 1067 681 et

323 702 443 743 formis,
468 713 505 736 ac
525 714 599 736 cum
614 702 789 746 quibusvis,
814 701 908 735 etiam
932 702 1066 744 deroga-

324 755 479 789 toriarum
509 755 717 798 derogatoriis
742 755 878 798 aliisque
907 755 1066 787 efficacio-

131 230 182 258 An.
200 233 219 260 C
250 229 312 261 ¹577!

322 809 453 842 ribusct
472 809 619 849 insolitis,
647 808 816 848 clausulis,
843 818 968 841 necnon
994 808 1066 840 irri-
1085 817 1088 853 Ι
1108 804 1330 838 incursurum.

321 861 1068 905 tantibusetaliisdecretis,concessis,app1·oba-
1085 857 1088 916 l

323 914 879 954 tisetinnovatis.Quibusomnibus,
893 913 1016 947 etiamsi
1028 916 1066 946 de
1085 919 1088 959 1
1107 909 1340 944 lnam-nationis
1363 912 1546 945 dominicae
1572 912 1744 944 millesimo
1759 912 1855 955 quin-

321 968 386 1001 illis
409 964 590 1011 eorumque
611 968 686 1001 totis
713 968 878 1000 tenoribus
901 968 1065 1011 specialis,
1107 964 1283 1006 genlesimo
1303 965 1540 1008 septuagesimo
1559 970 1688 1009 quarto,
1710 965 1855 999 kalendis

321 1021 482 1065 specifica,
496 1021 657 1055 individua
670 1027 699 1053 et
718 1031 909 1065 expressaac
923 1022 1066 1054 deverbo
1107 1017 1262 1058 octobriS,
1283 1018 1491 1062 pontificatus
1510 1017 1610 1051 nostri
1631 1028 1715 1050 anno
1735 1027 1780 1051 111.

320 1075 360 1107 ad
378 1075 524 1116 verbum,
546 1085 612 1108 non
631 1080 737 1107 autem
758 1086 816 1118 per
835 1075 995 1107 clausulas
1014 1085 1066 1117 ge-

320 1128 446 1161 nerales
461 1128 545 1162 idem
554 1129 774 1172 importantcs,
786 1127 904 1161 mentio
915 1138 969 1160 scu
982 1140 1066 1171 quae-

319 1181 364 1213 vis
384 1181 446 1213 alia
458 1181 620 1225 expressio
640 1181 799 1221 habenda,
813 1186 867 1213 aut
878 1181 985 1223 aliqua
1005 1181 1066 1214 alia

321 1234 476 1277 exquisita
496 1234 598 1267 forma
609 1234 647 1267 ad
667 1234 728 1266 hoc
740 1234 892 1267 servanda
908 1234 1000 1274 soret,
1018 1240 1065 1267 te-

320 1297 415 1320 nores
434 1286 632 1328 huiusmodi,
654 1298 690 1320 ac
711 1286 735 1319 si
759 1287 797 1319 de
821 1287 916 1319 verbo
936 1287 975 1319 ad
996 1298 1065 1320 ver-

319 1340 398 1373 bum
419 1340 639 1381 insererentur
660 1339 897 1383 praesentibus,
921 1351 978 1383 pro
999 1341 1065 1373 sus-

320 1393 468 1426 ficienter
486 1393 643 1437 expressis
663 1393 828 1432 habentes,
851 1393 912 1425 illis
931 1393 1010 1426 alias
1034 1394 1066 1426 in

321 1457 380 1479 suo
400 1446 518 1480 robore
541 1446 774 1490 permansuris,
801 1446 861 1478 hac
880 1446 946 1479 vice
972 1447 1066 1479 dum-

320 1505 415 1540 taxat,
437 1496 618 1543 specialiter
634 1504 664 1531 et
680 1510 826 1542 expresse
850 1499 1042 1542 derogamus
1057 1511 1064 1540 ;

321 1564 358 1585 ac
379 1552 528 1586 omnibus
552 1552 633 1592 illis,
657 1563 739 1595 quae
758 1552 920 1594 Eugenius
944 1558 974 1585 et
997 1552 1067 1585 Cle-

320 1617 412 1639 mens
431 1605 694 1649 praedecessores
713 1605 846 1649 praefati
870 1605 902 1638 in
927 1605 992 1638 suis
1015 1606 1066 1638 lit-

320 1659 398 1692 teris
408 1658 557 1701 praefatis
575 1659 821 1691 volueruntnon
839 1659 976 1709 obstare,
993 1669 1069 1692 con—

320 1711 425 1745 trariis
436 1712 706 1754 quibuscumque.
724 1712 787 1744 Aut
806 1711 831 1744 si
851 1712 998 1745 locorum
1015 1722 1068 1744 or-

322 1764 654 1808 dinariisaccapitulis
663 1764 1069 1808 etconventibuspraefittis

322 1824 375 1851 aut
387 1817 552 1861 quibusvis
560 1817 639 1857 aliis,
649 1817 865 1850 communiter
876 1818 924 1850 vel
934 1817 1068 1859 divisim,

322 1872 362 1904 ab
379 1871 491 1904 eadem
511 1871 550 1903 sit
574 1870 654 1904 Sede
675 1881 864 1903 concessum
884 1881 940 1904 seu
964 1870 1069 1915 impo-

323 1930 445 1957 sterum
466 1923 598 1957 concedi
619 1923 781 1966 contingat
811 1923 897 1966 quod
917 1924 1069 1957 distribu-

324 1978 426 2011 tiones
445 1977 650 2022 quotidianas
669 1976 975 2009 divinisoffieiisnon
988 1977 1070 2010 inte-

325 2031 520 2063 ressentibus
540 2030 721 2062 ministrare
742 2029 872 2062 minime
888 2034 1068 2071 teneantur3

324 2090 355 2116 et
374 2083 456 2116 adid
470 2083 631 2127 compelli,
651 2087 706 2115 aut
722 2082 808 2125 quod
821 2082 979 2123 interdici,
1001 2094 1071 2116 sus-

325 2136 420 2179 pendi
440 2137 486 2169 vel
507 2135 781 2169 excommunicari
792 2145 857 2168 non
874 2135 995 2178 possint
1014 2147 1073 2179 per

325 2188 446 2221 litteras
472 2189 664 2233 apostolicas
686 2199 752 2222 non
771 2188 924 2221 facientes
944 2189 1071 2232 plenam

326 2246 356 2273 et
380 2252 561 2284 expressam
582 2253 618 2275 ae
642 2242 681 2275 de
700 2241 798 2275 verbo
818 2241 857 2274 ad
876 2241 1009 2274 verbum
1034 2242 1072 2274 de

324 2293 449 2326 indulto
471 2294 653 2327 huiusmodi
667 2295 862 2328 mentionem
873 2306 881 2335 ;
894 2298 924 2326 et
942 2294 1073 2336 quibus-

327 2346 403 2378 libet
418 2346 488 2379 aliis
503 2347 686 2390 privilegiis,
703 2346 909 2390 indulgentiis
920 2352 950 2379 et
961 2346 1074 2379 litteris

327 2400 530 2443 apostolicis,
555 2400 758 2443 generalibus
789 2400 836 2433 vel
866 2399 1072 2443 specialibus,

327 2459 608 2491 quorumcumque
643 2454 791 2482 tenorum
826 2448 979 2489 existant,
1018 2460 1075 2492 per

304 2498 307 2502 ’
327 2507 422 2540 quae,
438 2497 656 2540 praesentibus
666 2508 730 2530 non
746 2507 894 2542 expressa
912 2497 959 2530 vel
970 2498 1074 2530 totali-

328 2551 378 2577 ter
400 2556 464 2578 non
489 2546 619 2585 inserta,
642 2547 774 2579 effectus
793 2556 903 2580 earum
926 2546 1074 2590 impediri

329 2596 426 2627 valeat
442 2595 683 2638 quomodolibet
695 2596 739 2628 vel
757 2595 889 2637 differri,
901 2600 931 2629 et
947 2594 985 2628 dc
1005 2595 1075 2639 qui--

919 225 1098 251 nnrmnnntt
1120 223 1271 250 nomnen

1869 223 1920 250 An.
1935 223 1964 251 C.
1975 220 2009 253 {li

1111 277 1171 308 bus
1190 284 1396 318 quoi-unique
1419 274 1493 307 totis
1516 275 1683 308 tenoribus
1700 275 1738 308 de
1757 275 1856 308 verbo

1123 329 1161 361 ad
1177 329 1309 361 verbum
1329 328 1475 360 habenda
1495 328 1534 361 sit
1551 329 1584 361 in
1605 328 1722 362 nostris
1741 329 1857 362 litteris

1111 382 1232 414 mentio
1244 381 1401 425 specialis.

1155 435 1169 477 ἓ
1190 434 1220 467 6.
1238 434 1323 466 Nulli
1340 444 1415 476 ergo
1433 433 1564 468 omnino
1577 435 1746 467 hominum
1761 435 1857 469 liceat
1881 447 2014 480 «ammineo

1110 487 1192 520 hanc
1202 487 1348 531 paginam
1360 492 1427 520 nost
1435 498 1486 520 rae
1496 487 1716 528 absolutionis,
1725 488 1853 529 indulti,
1869 480 1992 499 ¹¹¹²¹¹²¹¹⁰¹¹⁰¹

1109 539 1243 581 decreti,
1256 540 1396 573 mandati
1406 545 1435 572 et
1444 540 1660 583 derogationis
1671 539 1855 583 infringere,

1109 593 1156 625 vel
1178 593 1204 626 ei
1226 604 1307 626 ausu
1331 593 1502 626 temerario
1528 593 1708 634 contraire;
1735 593 1758 626 si
1784 593 1856 638 quis

1108 651 1216 678 autem
1236 646 1297 680 hoc
1317 652 1472 679 attentare
1492 647 1754 690 praesumpserit,
1776 647 1857 680 indi-

1107 700 1280 741 gnationen
1302 700 1530 743 omnipotentis
1555 700 1608 732 Dei
1630 710 1666 732 ac
1684 700 1855 733 beatorum

1108 751 1191 785 Petri
1205 758 1232 785 et
1248 753 1335 786 Pauli
1350 754 1569 797 apostolorum
1587 753 1656 786 eins
1680 763 1712 785 se
1732 753 1858 787 noverit

1151 858 1264 891 Datum
1289 859 1409 892 Romae
1429 859 1515 902 apud
1536 858 1566 891 S.
1590 859 1744 899 Marcum,
1770 869 1854 892 anno

1139 1073 1202 1104 Dat.
1220 1074 1267 1104 die
1283 1075 1297 1104 1
1318 1074 1446 1104 octobris
1459 1075 1545 1112 1574,
1563 1075 1669 1115 pontis.
1688 1085 1765 1105 anno
1781 1084 1821 1106 111.

1410 1153 1511 1161 —-

1411 1239 1529 1272 XXXV.

1110 1314 1150 1348 Ut
1162 1314 1310 1358 deputati
1319 1325 1405 1348 mmo
1415 1318 1444 1348 el
1454 1325 1513 1358 pro
1533 1319 1670 1358 tempore
1689 1317 1857 1350 existentes

1147 1369 1354 1412 principatus
1364 1368 1552 1403 cataloniae
1561 1379 1593 1401 se
1604 1369 1859 1413 immiso-crepus-

1149 1422 1217 1454 sint
1240 1422 1276 1454 in
1296 1422 1520 1455 criminalibus
1540 1421 1568 1456 1.

1152 1502 1298 1538 Gregorius
1319 1501 1460 1538 episcopus
1479 1509 1577 1532 servus
1594 1508 1734 1531 servorum
1751 1502 1813 1536 Dei,

1247 1555 1282 1584 ad
1306 1557 1468 1591 perpetuam
1492 1555 1535 1584 rei
1557 1556 1727 1585 memoriam.

1153 1636 1168 1679 ξ
1186 1636 1216 1668 l.
1245 1636 1424 1668 Romanum
1439 1636 1531 1669 decet
1546 1635 1733 1669 Pontificem
1744 1646 1857 1680 perso·
1896 1644 2020 1682 mortium·

1109 1699 1223 1722 narum
1236 1688 1295 1721 sibi
1307 1688 1452 1721 fidelium
1460 1694 1495 1726 et
1504 1689 1701 1729 devotarum,
1714 1699 1857 1732 praescr·
1870 1682 1936 1731 {²ss¹2ss
1951 1679 2028 1730 2⁰42?

1110 1742 1165 1775 tim
1186 1741 1335 1785 publicae
1346 1741 1474 1774 utilitati
1488 1741 1606 1784 iugiter
1629 1741 1856 1784 insistentium,

1110 1794 1569 1838 precibuslibenterannuere,
1586 1794 1722 1837 illasque
1748 1794 1861 1828 favori-

1109 1848 1169 1881 bus
1195 1848 1345 1892 prosequi
1367 1847 1568 1891 opportunis.
1588 1847 1670 1881 Sane
1693 1858 1751 1891 pro
1770 1853 1860 1891 parte

1110 1901 1300 1934 dilectorum
1316 1900 1457 1933 filiorum
1475 1900 1701 1943 deputatorum
1725 1905 1756 1935 et
1765 1900 1860 1934 audi-

1112 1961 1219 1988 torum
1232 1959 1459 1998 computorum
1479 1953 1637 1994 generalis
1659 1953 1860 1998 principatus

1112 2007 1293 2041 Cataloniae
1321 2006 1413 2040 nobis
1442 2017 1547 2051 nuper
1572 2007 1714 2040 exhibita
1748 2007 1859 2050 petitio

1113 2060 1299 2094 continebat
1318 2059 1416 2104 quod,
1437 2059 1513 2093 licet
1525 2060 1564 2093 ad
1576 2059 1857 2103 gubernationem,

1112 2113 1345 2157 protectionem
1373 2117 1403 2146 et
1426 2112 1595 2146 tuitionem
1616 2113 1858 2146 immunitatum

1114 2167 1354 2207 etlibertatum,
1382 2176 1510 2199 necnon
1521 2166 1693 2199 utilitatem
1713 2176 1859 2199 commu-

1091 2177 1094 2254 i
1113 2230 1186 2252 nem
1208 2225 1238 2253 et
1256 2219 1377 2252 honum
1397 2218 1541 2261 regimen
1557 2218 1633 2251 dicti
1647 2218 1858 2263 principatus,

1091 2255 1094 2311 i
1114 2283 1270 2316 personae
1281 2283 1335 2305 sex
1345 2282 1494 2311 numero,
1508 2273 1589 2305 duae
1598 2272 1746 2306 videlicet
1758 2272 1859 2305 eccle-

1092 2315 1095 2373 i
1114 2325 1259 2358 siasticae
1270 2331 1301 2358 et
1320 2325 1401 2358 aliae
1415 2331 1555 2368 quatuor
1572 2325 1760 2365 saeculares,
1778 2335 1859 2368 qua-

1093 2378 1095 2380 ’
1114 2390 1186 2412 rum
1206 2385 1271 2412 tres
1290 2379 1434 2423 deputati
1457 2385 1488 2411 et
1507 2377 1650 2422 reliquae
1679 2384 1744 2411 tres
1768 2379 1862 2411 audi-

1116 2437 1195 2466 tores
1221 2437 1443 2476 computorum
1468 2435 1705 2475 nuncupantur,
1725 2431 1860 2473 singulis

1115 2486 1261 2521 trienniis
1281 2485 1356 2529 eligi
1377 2489 1623 2525 consue-verunt,
1645 2489 1676 2517 et
1703 2494 1860 2528 personae

1116 2538 1159 2572 sie
1179 2540 1298 2573 electae
1315 2539 1346 2572 in
1355 2538 1480 2572 civitate
1491 2537 1859 2579 Barchinonensi,trien-

1087 1732 1090 1752 l

1151 2607 1163 2633 1
1181 2605 1224 2634 Ex
1238 2605 1348 2641 Regest.
1365 2605 1393 2633 in
1409 2604 1513 2633 secret.
1526 2603 1668 2632 Breviuni.
