2059 3228
749 274 925 299 GREGOIIIUS
943 274 997 297 xm
1017 274 1064 297 111’.

148 328 190 362 sis
205 337 268 362 non
286 332 440 372 parentes,
457 337 513 371 per
536 328 715 368 sententias,
739 339 885 361 censuras

148 385 179 413 et
206 389 322 423 poenas
355 379 596 418 ecclesiasticas,
621 379 744 421 aliaque
772 388 884 421 oppor-

147 439 222 466 tuna
254 432 331 465 iuris
354 438 385 465 et
408 432 479 465 sacti
504 432 652 471 remedia,
678 431 885 474 appellatione

146 484 327 528 postposita,
351 485 598 528 compescendo,
624 485 767 517 invozato
791 483 883 516 etiam

146 536 185 570 ad
209 536 277 577 hoc,
308 537 333 569 si
367 547 447 580 opus
480 537 592 577 suerit,
616 536 730 569 auxilio
761 534 883 568 brachii

146 589 324 623 saecularis.

187 643 202 686 ἓ
223 642 276 676 34.
299 642 366 674 Non
389 641 591 675 obstantibus
615 641 713 674 felicis
736 640 886 672 recorda-

105 714 111 721 ·
147 693 241 727 tionis
265 694 412 727 Bonifacii
445 695 546 737 Papae
571 693 644 733 VIII,
670 693 887 735 praedeeesso-

145 749 189 781 ris
212 747 329 788 nostri,
353 747 391 780 de
423 758 506 787 una,
531 752 561 779 et
594 746 719 779 concilii
756 755 887 787 genera-

145 801 184 834 tis
218 800 257 833 de
294 799 416 832 duabus
451 799 582 838 diaetis,
607 797 777 830 dummodo
817 796 886 838 quis

145 853 254 895 vigore
268 852 479 896 praesentium
494 851 532 883 ad
550 850 702 883 iudicium
727 850 808 881 ultra
826 854 886 881 tres

146 906 267 939 diaetas
289 915 354 938 non
385 904 540 944 trahatur,
571 903 703 945 aliisque
736 900 886 934 constitu—

146 959 286 992 tionibus
309 963 340 991 et
362 955 615 990 ordinationibus
638 952 827 997 apostolicis3
851 961 885 984 ae

146 1011 283 1044 civitatis
305 1015 334 1043 et
358 1009 525 1042 comitatus
541 1008 785 1051 praedictorum,
803 1006 886 1037 iura-

147 1068 265 1103 mento,
290 1062 530 1096 confirmatione
555 1060 723 1104 apostoliea
740 1060 787 1092 vel
810 1069 887 1101 qua-

146 1115 192 1148 vis
225 1115 373 1148 [irmitate
405 1114 465 1147 alia
499 1113 676 1153 roboratis,
700 1111 824 1145 statutis
857 1117 884 1144 et

145 1168 449 1207 1:0nsuetudinibus3
480 1165 655 1209 privilegiis
680 1175 816 1207 quoque,
839 1164 888 1196 in-

148 1220 244 1254 dultis
266 1225 297 1253 et
326 1219 439 1252 litteris
466 1217 644 1261 apostolicis
667 1216 885 1250 communitati

145 1279 176 1307 et
198 1266 361 1306 comitatui
385 1271 554 1315 praedictis
571 1271 758 1314 illorumque
780 1279 887 1312 perso-

147 1326 197 1359 nis
214 1353 222 1367 ‚
261 1326 319 1359 sub
357 1325 609 1369 quibuscumque
658 1322 821 1355 tenoribus
858 1326 886 1353 et

147 1378 278 1419 formis,
309 1389 345 1411 ac
377 1388 450 1410 cum
485 1376 648 1420 quibusvis
681 1375 827 1407 clausulis
857 1379 887 1406 et

147 1431 290 1470 decretis
315 1430 347 1463 in
368 1440 482 1472 genere
507 1430 554 1461 vel
579 1429 610 1461 in
635 1429 735 1470 speeie
759 1439 794 1461 ac
810 1428 887 1459 alias

147 1484 180 1516 in
218 1483 413 1516 contrarium
451 1482 686 1524 quomodolibet
721 1480 884 1520 concessis,

146 1535 330 1578 approbatis
353 1539 384 1567 et
421 1534 594 1573 innovatis;
633 1533 748 1576 quibus
785 1532 885 1565 omni-

149 1587 219 1627 bus,
235 1597 347 1619 eorum
368 1592 492 1619 tenores
516 1586 733 1629 praesentibus
756 1596 812 1628 pro
836 1596 885 1617 ex-

145 1639 262 1682 pressis
285 1639 454 1679 habentes,
486 1638 547 1671 illis
569 1638 645 1671 alias
679 1638 710 1670 in
746 1649 801 1671 suo
836 1649 886 1670 ro-

146 1692 222 1725 bore
259 1692 485 1734 pelwmansmiS,
519 1691 578 1724 hae
616 1691 682 1724 vice
715 1691 884 1732 dumtaxat,

146 1745 326 1794 specialiter
349 1750 380 1777 et
409 1755 552 1794 expresse
577 1745 780 1787 derogamus,
804 1751 885 1777 eete-

145 1800 251 1832 risque
285 1788 452 1822 contrariis
487 1789 749 1837 quibuscumque
773 1771 835 1821 ⁷Aut
859 1800 871 1820 s

144 1833 323 1881 aliquibus,
353 1833 564 1865 ‹ommuuiter
598 1833 643 1864 iel
679 1832 820 1868 divisim
845 1833 884 1864 ab

145 1876 320 1920 Apostolica
346 1877 382 1908 sit
409 1876 486 1908 Sede
512 1877 667 1907 indultum
687 1877 769 1918 quod
788 1876 882 1907 iulet

144 1921 227 1961 dici,
262 1920 409 1963 suspendi
443 1921 488 1952 wl
522 1920 784 1952 excommunicati
821 1931 881 1952 nou

143 1947 262 2007 possint
287 1975 342 2007 pei·
356 1964 386 1995 li
392 1969 497 1996 teias
489 1964 672 2006 apostolicas
689 1973 752 1996 non
770 1964 883 1996 facien

145 2012 190 2042 tes
213 2009 335 2051 plenam
359 2013 387 2040 et
409 2018 584 2050 expressam
609 2018 644 2038 ao
668 2008 706 2039 de
729 2008 823 2040 verbo
845 2008 882 2040 ad

143 2052 274 2084 verbum
290 2052 328 2084 de
346 2051 465 2083 indulto
483 2051 662 2083 huiusmodi
681 2052 882 2084 mentionem.

187 2096 299 2128 Datum
322 2095 439 2128 Romae
463 2095 546 2137 apud
570 2095 719 2127 Sanctum
745 2095 882 2136 Petrum,

143 2139 203 2171 sub
239 2140 356 2171 annulo
394 2138 584 2177 Piscatoris,
623 2138 672 2170 die
708 2149 725 2169 v
759 2140 882 2181 augusti

144 2191 318 2222 MDLxxvin,
343 2181 541 2225 pontificatus
565 2165 662 2214 nostri
688 2192 771 2215 anno
788 2193 841 2215 vn.

177 2227 242 2253 Dat.
255 2227 300 2253 die
311 2209 328 2253 5
340 2227 450 2261 augusti
464 2229 540 2260 1578,
553 2227 652 2260 pontif.
667 2235 737 2253 anno
751 2237 798 2253 vu.

436 2313 587 2345 LXXXIX.

147 2375 389 2408 Constitutiones
423 2378 448 2406 el
479 2379 596 2406 statuta
620 2376 654 2407 in
678 2377 814 2418 capitulo
836 2387 884 2416 qe-

187 2419 289 2451 norati
326 2419 572 2459 conqregyalionis
610 2418 803 2450 Clericorum
827 2420 885 2452 Re-

186 2462 349 2504 quluri'um
387 2461 494 2493 Sancti
531 2462 630 2494 Ραιιῖί
663 2462 813 2495 Decollcaeti
837 2463 885 2495 ob-

187 2505 353 2538 servanda.
381 2505 387 2521 ¹

145 2559 283 2594 Gregorius
299 2561 367 2595 Papa
381 2560 438 2593 xm,
456 2560 487 2587 ad
503 2563 652 2595 pei-petuam
667 2561 705 2588 rei
727 2561 884 2589 memoriam.

188 2607 203 2650 ἓ
223 2608 248 2639 1.
266 2607 352 2640 Circa
371 2607 587 2649 religiosarum
608 2607 796 2651 piarumque
813 2617 888 2640 con-

180 2662 190 2679 ¹
209 2661 250 2687 Ex
270 2661 376 2694 Regem.
397 2661 424 2687 in
443 2660 545 2687 Secret.
563 2659 641 2688 Brev.

1547 264 1610 298 ⁶245

913 327 1132 369 greg-‘itionum
1158 333 1272 360 statum
1296 333 1324 360 ot
1358 339 1459 361 mores
1483 329 1573 362 decet
1598 340 1653 361 uo:

914 390 975 412 non
1000 380 1198 412 mediocriter
1231 392 1295 413 esse
1321 382 1455 415 intentos
1490 393 1526 416 ac
1549 383 1579 415 in
1606 384 1654 415 liis

913 433 1132 465 auctoritatem
1159 439 1295 464 nosti-:uu
1321 434 1521 477 interponere
1539 461 1546 473 ‚
1575 446 1655 478 quir:

914 485 950 517 ad
962 485 1213 527 perturbationes
1228 485 1258 516 iu
1279 486 1337 517 illis
1355 487 1606 527 summovendos,
1617 498 1653 519 az:

914 539 1050 580 quietem
1071 543 1099 570 et
1119 538 1374 579 tranquillitatem
1395 540 1564 581 parandam
1583 551 1655 582 per-

916 592 1024 623 tinent.
1049 590 1165 633 Exponi
1194 591 1347 632 siquidem
1373 592 1462 623 nobis
1487 602 1587 634 nuper
1612 592 1654 624 se-

915 649 1024 675 cerunt
1049 642 1152 675 dilecti
1185 642 1240 674 filii
1280 644 1475 685 praepositus
1499 644 1655 685 generalis

916 703 940 727 et
970 695 1009 727 illi
1022 695 1234 726 assistenteset
1254 694 1378 726 discreti
1397 697 1655 737 congregationis

915 748 1103 780 Clerieoruni
1121 747 1322 789 Regulariuni
1341 747 1443 779 Sancti
1455 748 1537 780 Pauli
1550 748 1655 780 [lecol-

916 801 979 840 lati,
1012 800 1104 843 quod,
1130 801 1203 832 duni
1230 800 1337 831 eadem
1362 799 1575 841 congregatio,
1600 810 1656 831 au-

915 861 999 887 ctore
1018 853 1157 892 Domino,
1175 853 1324 895 Sedisque
1342 852 1534 894 Apostolicae
1559 852 1655 884 iuter—

915 906 1042 937 cedente
1066 905 1262 943 auotoritate,
1286 904 1411 936 initium
1437 905 1565 946 sumpsit
1586 932 1592 941 ,
1618 915 1656 936 ac

918 959 965 991 illa
980 964 1053 991 tune
1069 958 1206 1001 primum
1225 958 1538 999 nascemini-,resque
1552 957 1657 989 omnis

915 1012 953 1043 ad
977 1021 1092 1053 paucos
1116 1010 1327 1052 redigebatur,
1352 1020 1388 1042 ac
1411 1020 1507 1041 unam
1533 1015 1655 1042 tantum

915 1064 1043 1096 domum
1067 1063 1130 1095 sive
1154 1063 1318 1104 collegium
1344 1062 1376 1093 in
1401 1062 1525 1094 civitate
1543 1063 1656 1094 Medio—

916 1116 1033 1148 tanonsi
1060 1116 1257 1155 habitabant,
1281 1119 1482 1153 statuerunt,
1511 1114 1658 1156 idemque

916 1175 1066 1201 statutum
1084 1169 1167 1201 inter
1183 1167 1421 1200 constitutiones
1430 1167 1569 1199 eiusdem
1584 1177 1656 1197 con-

916 1220 1109 1263 gregationis
1147 1226 1298 1263 perpetuo
1336 1220 1546 1252 observandas
1569 1219 1657 1251 rede-

917 1278 1039 1314 gerunt,
1057 1278 1089 1305 ut
1115 1272 1147 1304 hi
1172 1272 1226 1315 qui
1250 1272 1283 1304 in
1308 1272 1389 1304 dicta
1413 1272 1657 1314 congregatione

916 1325 1044 1367 professi
1069 1324 1223 1364 fuissent,
1248 1324 1281 1356 in
1305 1324 1449 1366 capitulis
1467 1351 1474 1364 ‚
1503 1334 1582 1366 quae
1606 1334 1658 1355 vo-

915 1378 993 1409 calia
1017 1382 1252 1419 nuncupantur,
1276 1376 1426 1409 interesse
1441 1387 1487 1417 ac,
1507 1377 1544 1409 de
1563 1376 1658 1408 rebus

916 1431 953 1462 ad
979 1431 1139 1462 universae
1163 1429 1414 1472 congregationis
1446 1433 1561 1461 statum
1585 1438 1656 1471 per-

916 1483 1087 1515 tinentibus
1110 1493 1203 1525 agere
1226 1487 1257 1515 et
1280 1488 1416 1515 statuere
1440 1486 1577 1525 possent.

957 1536 972 1578 g
1003 1535 1033 1568 02.
1064 1537 1231 1578 Postquam
1255 1539 1359 1567 autem
1383 1534 1451 1566 eius
1482 1543 1653 1576 congrega-

916 1589 1007 1621 tionis
1031 1588 1269 1621 constitutiones
1293 1587 1432 1620 eiusdem
1462 1587 1652 1629 Apostolieae¹

915 1641 1001 1673 Sedis
1035 1641 1222 1673 auctoritate
1255 1640 1478 1683 comprobatae
1502 1640 1628 1672 suerunt
1645 1667 1652 1679 ‚

914 1695 1085 1737 eademque
1109 1692 1311 1736 congregatio
1348 1702 1481 1724 numero
1505 1702 1654 1734 persona-

915 1759 983 1779 ium
1023 1746 1131 1789 augeri
1171 1750 1280 1788 coepta
1303 1744 1382 1784 tuit,
1414 1745 1453 1777 ad
1476 1744 1653 1777 evitandam

913 1801 1140 1839 «οῐιίύεἰοηθω,
1168 1809 1263 1842 quain
1288 1798 1320 1830 in
1344 1808 1442 1830 unum
1468 1797 1654 1830 convenien-

915 1855 991 1886 tium
1027 1858 1054 1886 et
1091 1856 1355 1894 congregatorum
1390 1850 1556 1882 multitudo
1593 1850 1654 1890 plc-

915 1918 1046 1950 ruuique
1072 1916 1180 1948 parere
1205 1905 1292 1941 solet,
1309 1904 1504 1944 aliarumque
1522 1901 1653 1940 [tt-ligo<

913 1972 988 1992 nuni
1012 1960 1152 2001 exemplo
1176 1957 1285 1996 ducti,
1310 1955 1457 1988 laudabili
1490 1954 1654 1985 liat-tenus-

913 2025 973 2057 que
996 2013 1158 2045 observata
1190 2008 1414 2041 consuetudine
1434 2033 1441 2047 ,
1474 2006 1522 2038 cui
1549 2005 1654 2047 aliquo

915 2075 1054 2109 tempore
1077 2099 1088 2110 ·
1104 2075 1159 2108 per
1211 2072 1398 2105 quemquam
1457 2060 1651 2091 adversatum

913 2131 974 2154 non
999 2119 1056 2152 suit
1074 2146 1081 2159 ,
1106 2118 1214 2150 eadem
1254 2116 1285 2146 in
1325 2112 1569 2155 congregation·-
1595 2122 1651 2142 usu

1254 2173 1282 2199 et
1308 2167 1410 2198 nullus
1446 2165 1488 2195 vel
1516 2164 1544 2194 iti
1571 2164 1654 2195 disla

1409 2218 1479 2249 licet
1511 2218 1539 2248 in
1565 2226 1654 2248 sacro

914 2179 1072 2216 receptum
1098 2169 1223 2207 extitit,

913 2224 1158 2269 congregatione
1194 2221 1373 2264 professus,

914 2279 959 2311 vel
983 2277 1216 2320 presbyteratus
1244 2272 1354 2304 ordine
1378 2270 1576 2308 constitutus,
1601 2271 1654 2301 ad-

915 2331 1057 2363 mittatur
1083 2329 1112 2359 in
1131 2325 1274 2369 capitulis
1296 2323 1461 2361 vocalibus,
1480 2322 1538 2354 nisi
1566 2333 1655 2364 prae-

915 2383 1005 2422 cipue
1046 2382 1103 2413 lim:
1139 2379 1179 2411 illi
1217 2388 1271 2420 per
1306 2376 1477 2418 capitulum
1509 2375 1654 2417 generale

915 2423 1096 2470 co-neessiun
1122 2432 1339 2471 indultuuiqtu*¹
1363 2429 1480 2460 suisset.

958 2490 973 2532 ξ,
989 2488 1018 2521 3.
1036 2488 1123 2519 Nunc
1139 2490 1252 2526 autem,
1267 2492 1470 2525 personarum
1494 2492 1530 2514 ac
1549 2481 1655 2514 domo-

916 2552 987 2573 ru1n
1010 2540 1056 2572 vel
1081 2537 1284 2579 collegiorum
1312 2536 1413 2567 dietae
1436 2541 1654 2578 congregatio-

916 2593 965 2625 nis
988 2601 1120 2625 numero
1152 2594 1242 2622 aucto
1260 2616 1268 2629 ,
1293 2599 1364 2620 eum
1403 2588 1655 2621 animaoxeesum

916 2645 1008 2678 fuerit
1044 2643 1167 2677 difficile
1203 2642 1318 2675 elfere
1358 2641 1550 2684 impossihile
1590 2652 1654 2674 esse

1693 249 1743 274 An.
1763 248 1789 275 C.
1811 248 1875 274 1572<

1714 306 1831 325 Exordium
1850 309 1872 326 et

1688 334 1739 353 facit
1754 334 1828 353 nerlu.

1724 1527 1873 1551 Expositionln

1687 1554 1737 1600 {³¹³5ss
1760 1555 1871 1573 continui»

1728 2483 1805 2502 Clerici
1820 2487 1873 2505 sup-

1684 2509 1767 2533 plicant
1780 2514 1818 2533 pro
1833 2509 1873 2528 ad-

1685 2537 1814 2560 probatione
1828 2538 1872 2555 sta·

1687 2564 1740 2584 tuti.
