2059 3228
798 253 891 278 txmzx
917 254 1022 278 nutarit
1360 264 1372 279 ο
1546 247 1626 281 1035

232 302 375 335 tuitiones
395 302 482 335 Pauli
502 302 537 335 lll
558 309 586 335 et
609 303 678 336 lulii
706 304 742 337 lll
763 306 801 337 de
829 307 942 343 forma,
969 318 1031 349 qua
1060 307 1277 350 expeditiones
1301 308 1473 340 camerales
1496 308 1668 350 signandae

240 361 310 386 :zum
334 354 518 388 r'··ete1untui
551 362 579 388 et
616 358 845 400 appio-‚hinnu
870 358 932 392 [197
962 370 1003 399 (ι,
1034 359 1134 392 sactae
1159 371 1176 392 a
1208 360 1332 392 clericis
1353 360 1472 403 absque
1488 361 1617 394 nomine
1637 366 1669 393 tt

231 407 336 449 sigillo
356 407 532 441 camerario
548 410 773 453 iffepiobantmy
793 412 894 444 imit.-
884 417 942 451 ‚ct
966 412 1121 444 innovatis
1139 423 1175 445 ac
1190 413 1386 445 confirmatis
1400 424 1444 456 pl.
1439 413 1571 446 aedictis
1590 423 1667 446 con-

231 460 464 501 stitutionibus,
482 462 667 495 huiusmodi
686 465 903 507 expeditiones
916 464 1069 498 invalidae
1084 465 1314 505 ἀθρεῖν-,1111111111
1330 465 1394 499 [198
1409 466 1591 505 ‹1,·cleiicis
1606 467 1667 500 eis-

231 514 303 546 dem
318 514 525 558 praecipitur,
543 520 576 547 ut
596 525 706 548 omnes
719 517 938 560 expeditiones
952 517 1011 550 sub
1027 517 1156 550 nomine
1173 523 1203 551 et
1222 517 1325 560 sigillo
1346 519 1513 552 camerarii
1528 519 1666 561 signent,

230 567 325 606 ibid.;
345 572 375 600 ct
395 567 527 600 notariis
540 579 579 601 ne
599 569 817 612 expeditiones
830 571 924 603 aliter
943 570 1094 609 scribant,
1111 571 1187 603 ibid.
1202 572 1233 609 b,-
1247 571 1339 604 etiam
1366 572 1559 605 clericorum
1580 572 1668 605 audi—

229 619 353 652 toribus
376 629 416 652 ne
441 620 656 660 subscribant,
685 626 758 661 etc„
790 622 893 659 ibid.,·
924 622 1091 656 camerarii
1121 623 1284 656 facultates
1305 630 1414 657 contra
1435 625 1663 661 inobedientes.

229 671 292 705 499
308 682 351 712 a,·
366 672 530 716 ampliatio
545 674 672 716 collegii
693 675 885 708 clericorum
907 686 1052 709 camerae
1077 675 1114 708 ad
1131 686 1302 709 numerum
1323 677 1570 716 duodenarium,
1588 677 1663 711 909.

142 723 313 757 (lamet-arii
339 730 370 757 et
394 726 534 767 magistri
554 726 775 760 aedificiorum
796 732 826 761 et
846 728 990 761 locorum
1010 728 1226 771 publicorum,
1250 729 1410 772 abrogatis
1430 730 1568 773 antiquis
1586 741 1665 764 con-

228 777 459 818 stitutionibus,
482 789 595 821 cogere
615 786 748 824 possunt
763 780 910 813 dominos
928 781 1073 814 locorum
1100 781 1139 813 ad
1158 782 1359 814 vendendum
1381 793 1440 826 pro
1460 783 1516 815 viis
1539 789 1569 816 et
1589 783 1668 816 locis

229 830 367 874 publicis
382 831 568 874 dirigendis,
591 833 632 866 ⁸9
653 845 691 871 a:
707 839 736 866 et
757 834 906 867 claudere
926 833 1037 867 domos
1054 834 1188 872 dirutas,
1204 846 1293 867 areas
1319 835 1442 879 aliaque
1464 836 1535 869 loca
1560 848 1666 877 vacua,

229 883 394 917 existentia
410 895 507 928 penes
526 886 591 918 vias
610 886 767 929 publicas,
795 887 871 919 ibid.
885 899 894 923 ,·
918 886 1123 920 aedificantes
1144 888 1263 930 possint
1286 898 1379 921 muro
1400 889 1585 932 propinquo
1610 890 1667 928 uti,

228 936 334 969 soluto
359 937 462 980 pretio
478 964 485 977 ‚
507 938 693 982 viculosque
723 939 928 972 intermedios
949 939 1016 972 suis
1043 939 1193 972 domibus
1212 940 1400 983 adiungere,
1421 940 1463 974 90
1483 952 1502 973 a
1516 953 1526 977 ,·
1549 942 1668 974 vicinos

230 989 326 1022 etiam
360 1000 474 1033 eogere
498 990 537 1023 ad
556 991 758 1024 vendendum
791 993 860 1025 loca
887 992 989 1024 vicina
1012 992 1083 1024 aliis
1108 993 1211 1025 locata
1240 993 1287 1025 vel
1313 993 1407 1026 etiam
1439 995 1479 1027 ab
1499 994 1543 1027 eis
1575 995 1666 1027 habi-

227 1048 301 1083 tata,
331 1049 425 1076 aucto
449 1045 551 1088 pretio
582 1045 619 1077 ad
640 1045 864 1078 duodecimam
885 1045 932 1078 vel
961 1046 1102 1088 quintam
1125 1052 1260 1089 partem,
1283 1047 1359 1079 ibid.
1375 1058 1384 1083 ,·
1404 1047 1525 1080 domini
1553 1049 1667 1080 domus

229 1095 344 1138 partim
373 1096 496 1129 dirutae
521 1097 561 1129 ob
581 1104 729 1130 ornatum
749 1098 839 1131 Urbis
862 1104 979 1141 cogant
998 1098 1118 1131 vicinos
1142 1099 1320 1141 contiguos,
1343 1100 1474 1132 domum
1496 1111 1559 1133 non
1575 1101 1666 1134 liabi-

228 1153 342 1188 tantes,
362 1148 408 1181 eis
427 1149 576 1182 vendere.
591 1150 660 1182 Etsi
678 1151 785 1194 plures
805 1151 868 1184 sint
882 1151 1003 1184 domini
1023 1151 1136 1184 electio
1152 1152 1247 1184 datur
1266 1152 1293 1184 ei
1313 1153 1369 1195 qui
1391 1153 1546 1186 minorem
1569 1153 1666 1186 iaetu-

229 1212 296 1234 ram
322 1213 435 1245 passus
452 1208 516 1243 est,
539 1204 586 1236 vel
612 1203 666 1246 qui
687 1204 818 1237 domum
839 1215 928 1237 suam
949 1205 1051 1245 sarsit,
1078 1206 1155 1237 ibid.
1179 1206 1210 1243 b,·
1235 1206 1371 1238 vendere
1391 1206 1531 1239 volentes
1552 1207 1667 1239 fundos

228 1254 344 1288 dehent
362 1255 474 1288 vicinis
501 1256 658 1295 intimare,
685 1257 811 1300 ipsique
844 1268 880 1290 ac
901 1263 1061 1301 emptores
1082 1258 1189 1291 iurare
1209 1259 1425 1292 venditionem
1446 1270 1513 1292 esse
1543 1269 1662 1297 veram,

229 1308 371 1352 alioquin
400 1309 494 1342 vicini
515 1310 680 1343 retrahunt
701 1310 781 1343 infra
802 1321 922 1343 annum
946 1322 964 1343 a
984 1311 1033 1343 die
1054 1311 1215 1351 scientiae,
1236 1312 1271 1344 91
1298 1323 1336 1352 α,·
1356 1312 1451 1344 vicini
1471 1319 1577 1345 autem
1598 1313 1667 1355 qui-

227 1361 287 1394 hus
306 1362 503 1396 venditiones
517 1362 678 1395 intimatae
700 1363 827 1403 suerint,
849 1363 874 1395 si
896 1373 1002 1396 emere
1022 1364 1182 1396 voluerint
1206 1363 1323 1396 debent
1342 1364 1403 1397 hoc
1424 1364 1587 1398 declarare
1607 1370 1664 1398 etc.

229 1415 306 1448 ibid.
324 1416 361 1456 b;
380 1415 646 1459 simulatoresque
671 1416 854 1449 huiusmodi
879 1417 1061 1449 venditione
1090 1417 1319 1450 determinatas
1338 1428 1457 1460 poenas
1488 1417 1664 1457 incurrant,

227 1467 270 1501 92
293 1479 336 1508 a;
357 1469 521 1513 inquilinis
539 1468 632 1502 etiam
654 1469 812 1502 intimatio
832 1470 971 1513 praefata
989 1470 1057 1502 fieri
1078 1470 1172 1502 debet
1191 1475 1222 1502 et
1246 1469 1306 1512 ipsi
1326 1475 1488 1513 praestare
1520 1475 1668 1503 tenentur

227 1527 375 1554 contenta
401 1522 432 1554 in
452 1521 647 1562 venditione,
668 1532 733 1554 non
753 1527 859 1554 autem
879 1521 1061 1563 aedificare,
1078 1522 1188 1555 vicinis
1200 1528 1308 1555 autem
1325 1522 1371 1555 eis
1387 1523 1625 1566 praeferuntur,
1642 1523 1668 1556 si

228 1574 397 1608 aedificare
419 1575 528 1615 velint,
555 1575 654 1610 ibid..·
673 1574 785 1607 vicinis
805 1575 954 1618 pluribus
974 1575 1254 1614 concurrentibus,
1285 1575 1357 1619 quis
1377 1576 1606 1619 praeferendus
1626 1575 1670 1609 92

227 1638 262 1667 τυ
277 1628 447 1661 aedificare
467 1628 608 1660 volentes
624 1627 655 1660 in
676 1638 709 1659 re
734 1627 837 1660 stabili
862 1628 894 1660 in
914 1628 1148 1672 emphyteusim
1169 1632 1225 1661 etc.
1253 1638 1416 1668 concessa,
1438 1628 1630 1661 obtinebunt
1651 1640 1669 1660 a

227 1682 406 1714 camerario
436 1687 467 1714 et
492 1680 643 1723 magistro
673 1680 794 1713 viarum
813 1680 1049 1721 liberationem,
1076 1681 1228 1724 praestita
1247 1681 1309 1713 alia
1334 1692 1367 1714 re
1392 1681 1497 1714 stabili
1523 1681 1667 1714 eiusdem

226 1733 322 1777 pretii
341 1740 371 1767 et
396 1734 526 1773 reditus,
550 1744 623 1767 cuni
653 1733 806 1766 oneribus
826 1744 908 1776 quae
928 1739 1023 1767 erunt
1042 1733 1074 1766 in
1105 1744 1139 1766 re
1170 1733 1215 1767 sic
1235 1733 1379 1773 liberata,
1405 1734 1482 1766 ibid.
1507 1734 1524 1766 b
1534 1746 1544 1773 ‚·
1569 1734 1668 1766 vineas

226 1792 282 1819 aut
302 1792 437 1819 canneta
465 1786 547 1819 intra
576 1786 726 1819 milliaria
756 1786 816 1819 tria
842 1786 881 1819 ab
908 1786 991 1819 Urbe
1019 1783 1184 1819 existentia
1209 1792 1239 1819 et
1270 1786 1368 1819 locari
1393 1786 1485 1819 solita
1505 1786 1670 1820 vendenda

227 1845 300 1871 sunt
318 1839 429 1872 vicinis
448 1839 639 1872 habentibus
658 1838 701 1871 ibi
721 1839 828 1872 vineas
848 1839 986 1872 maiores
1010 1845 1040 1872 et
1059 1838 1244 1879 nobiliores,
1266 1839 1362 1876 ibid.,·
1378 1838 1542 1881 praediola
1556 1840 1669 1872 decem

228 1891 403 1926 rubrorum
423 1892 509 1926 intra
533 1902 576 1926 x11
600 1892 747 1925 milliaria
769 1892 809 1925 ab
829 1892 912 1925 Urbe
926 1891 1090 1925 existentia
1111 1898 1141 1924 et
1161 1891 1337 1924 maioribus
1359 1892 1499 1935 praediis
1517 1892 1670 1935 contigua

225 1946 274 1979 vet
300 1957 338 1980 ea
367 1946 603 1984 inteiseeantia,
633 1946 745 1979 vicinis
774 1946 939 1978 vendenda
963 1951 1048 1985 sunt,
1081 1945 1124 1978 93
1152 1957 1183 1978 a.
1217 1945 1402 1978 Declaratur
1425 1946 1507 1978 hanc
1534 1945 1670 1989 disposi-

227 2000 348 2032 tionem
369 2000 455 2033 circa
483 1999 683 2033 venditiones
716 1999 905 2042 praedictas,
936 2004 1049 2042 sponte
1069 1999 1117 2031 vel
1138 2004 1247 2031 coacte
1267 1998 1401 2038 fiendas,
1425 1999 1531 2032 locum
1549 1998 1667 2031 habere

225 2051 319 2086 etiam
352 2053 384 2086 in
409 2053 502 2086 bonis
532 2053 572 2085 ad
595 2052 648 2096 pia
668 2052 738 2084 loca
762 2051 979 2095 spectantibus
1005 2057 1059 2083 aut
1075 2051 1229 2084 subiectis
1246 2051 1495 2084 fideicommisso
1523 2052 1672 2089 ibidem„-

226 2106 361 2138 t'acultas
385 2106 553 2139 camerarii
581 2112 612 2139 et
632 2105 859 2148 magistrorum
885 2111 916 2137 et
941 2105 1042 2137 forma
1068 2104 1265 2148 procedendi
1291 2104 1322 2136 in
1343 2104 1469 2136 casibus
1489 2103 1521 2136 in
1542 2103 1670 2147 quibus⁷

206 2155 354 2192 ⁴recusat
377 2158 450 2202 quis
473 2158 611 2192 vendere
641 2157 737 2190 alicui
757 2157 842 2190 bona
861 2157 947 2190 iuxta
979 2158 1115 2190 sormam
1137 2156 1234 2189 liuius
1254 2156 1504 2196 constitutionis,
1527 2156 1604 2189 ibid.
1635 2156 1671 2195 b,-

226 2217 256 2244 et
277 2212 471 2255 procedendi
501 2212 595 2245 etiam
620 2211 750 2254 quando
769 2210 841 2253 quis
865 2210 1025 2243 consentit
1049 2210 1189 2243 vendere
1210 2209 1297 2242 iuxta
1317 2209 1399 2242 hanc
1419 2208 1671 2253 dispositionem,

225 2264 269 2297 94
288 2275 308 2297 av
322 2276 332 2302 ,·
356 2266 488 2297 facultas
509 2264 696 2306 eorumdem
725 2262 965 2306 praescribendi
989 2269 1115 2305 tempus
1135 2262 1174 2295 ad
1194 2262 1445 2302 aedificandum,
1467 2267 1561 2305 atque
1585 2272 1673 2294 sum-

227 2328 311 2350 mam
345 2316 387 2349 ibi
421 2317 640 2361 exponendam
675 2328 692 2349 a
726 2315 908 2349 volentibus
939 2316 981 2347 uti
1015 2316 1118 2347 favore
1146 2315 1280 2348 huiusce
1313 2314 1551 2347 constitutionis
1580 2326 1672 2348 causa

226 2370 429 2409 aedificandi,
453 2371 547 2409 ibid.,·
567 2371 621 2413 qui
642 2375 791 2402 emerunt
810 2369 895 2402 bona
912 2395 920 2405 ,
941 2369 1047 2410 vigore
1069 2369 1225 2401 dictarum
1246 2368 1424 2400 litterarum
1439 2366 1514 2399 Sixti
1530 2367 1575 2403 lV,
1599 2368 1676 2399 Leo-

226 2423 276 2456 nis
290 2423 315 2454 X
335 2433 372 2455 ac
395 2423 440 2455 Pii
466 2423 514 2462 lv,
534 2428 567 2455 et
586 2422 756 2455 aedificare
776 2421 1007 2479 promiserunt,
1024 2421 1140 2453 debent
1161 2432 1197 2453 ea
1212 2420 1388 2464 adimplere
1410 2420 1491 2452 intra
1512 2430 1563 2452 sex
1589 2430 1675 2452 inen-

227 2487 288 2515 565,
308 2476 384 2509 ibid.
408 2475 635 2519 b·1pplicatio
656 2475 736 2508 locis
757 2474 818 2518 piis
837 2485 1016 2519 poenaium
1036 2474 1304 2506 incuriendaiuni
1327 2473 1368 2505 ot»
1386 2472 1674 2511 conti·avcntione>‚

227 2529 331 2568 ihm„-
354 2529 485 2562 facultas
505 2528 673 2561 σε”ιιῃειειιίἰ
694 2534 722 2561 et
745 2527 972 2564 manisuorum
995 2527 1191 2569 procedendi
1213 2526 1388 2558 summaiic
1402 2530 1457 2558 ιη’.
1481 2536 1540 2568 pro
1565 2535 1675 2558 execu-

227 2583 314 2615 tion«
340 2593 427 2625 supi
419 2581 542 2615 adictoi
545 2592 611 2621 um
634 2581 677 2615 95
701 2592 731 2614 (1.

138 2629 357 2668 (33111011ηο11*
335 2646 375 2667 *1*
405 2635 644 2667 communitatis
665 2640 693 2667 ct
717 2634 889 2667 comitatus
910 2639 1024 2667 *1111111
1058 2639 1086 2666 et
1108 2633 1326 2667 otdinationes
1348 2643 1444 2677 supe}
1464 2632 1602 2673 dotibus,
1627 2642 1676 2665 ar-
