2059 3228
7 269 79 313 ufic.
93 282 157 311 157:

763 266 937 295 GREGORIUS
973 265 1028 289 *zm
1058 265 1105 288 rr.

505 324 587 360 LXV.

168 396 354 431 Nonnullae
369 393 590 427 ordinationes
609 394 637 423 ct
653 393 773 422 statuta
790 396 918 429 conare--

217 449 359 494 qationis
380 446 590 484 cassinensis,
610 444 691 477 alias
711 441 848 475 Sanctae
863 438 919 472 Iu-

219 503 324 536 stinae
338 501 375 533 cle
389 500 517 537 Pudnu,
542 497 674 531 Ordinis
690 493 804 527 Sancti
822 492 921 524 Bene-

170 572 173 575 ·
219 555 299 589 dicti
309 580 316 594 ‚
350 554 434 586 circa
477 551 619 594 officium
650 547 861 590 diffinitorum
891 547 920 576 et

219 608 370 646 aliorum,
397 606 453 650 qui
481 613 612 647 prwesse
639 601 748 634 debent
768 597 921 642 reyiminz'

220 661 359 694 eiusdem
383 655 634 701 conyrcyulionis
650 653 676 686 1.

171 728 321 768 'Gregorius
331 731 400 765 rapa
409 729 477 761 xm,
486 728 520 756 ad
534 723 745 762 perpetuamrei
754 720 921 750 memoriam.

222 792 434 826 Commissum
451 788 544 823 nobis
564 798 600 820 ex
615 787 678 819 alto
693 784 852 827 regendae
866 783 923 815 mi-

134 871 137 875 ·
177 846 297 881 litantis
309 844 458 878 Ecclesia}
474 840 699 879 ministerium,
713 838 923 871 coadiuvante

177 899 314 934 Domino
329 897 501 931 salubriter
512 893 625 938 exequi
641 893 817 936 cupientes,
839 890 924 923 cirea

178 954 233 987 illa
245 951 363 986 versari
375 950 514 983 libenter
525 959 582 980 nos
592 951 740 990 oportere
752 944 923 983 credimus,

178 1017 238 1048 per
255 1015 326 1049 quae
346 1003 499 1037 Ordinum
522 999 739 1044 quorumlibet
758 997 924 1039 religiosa-

178 1068 317 1101 rumque
341 1054 626 1098 congregationum
647 1062 802 1096 prospero
830 1049 925 1082 statui

180 1111 331 1155 felicique
364 1107 531 1142 directioni
557 1107 616 1140 rite
637 1105 835 1139 consulatur.
857 1103 925 1142 Quo

181 1165 217 1198 fit
231 1169 276 1204 ut,
289 1163 314 1197 si
334 1162 427 1196 noxia
442 1161 590 1205 quiedam
610 1160 642 1192 in
663 1158 735 1197 illis,
757 1163 820 1190 tam
841 1156 926 1189 circa

180 1217 262 1264 yitae
291 1215 448 1260 regularis
480 1212 714 1247 observantiam
745 1220 839 1253 quam
870 1210 926 1242 de-

181 1270 280 1303 bitam
295 1269 328 1302 in
339 1278 471 1302 suorum
490 1267 709 1310 praelatorum
723 1262 923 1296 electionem.

183 1322 395 1362 offendamus,
422 1321 486 1360 illa,
511 1330 550 1352 ne
575 1318 606 1351 in
626 1317 781 1351 Ordinum
802 1320 833 1349 et
849 1325 927 1348 con-

183 1375 405 1419 gregationum
424 1374 567 1418 ipsarum
588 1371 819 1405 detrimentum
841 1373 871 1401 et
885 1368 929 1400 ia-

185 1433 308 1462 cturam
320 1428 415 1461 latius
434 1431 574 1471 serpant,
589 1435 647 1469 per
662 1422 786 1457 solertis
802 1426 929 1455 nostrae

184 1481 374 1526 provisionis
398 1479 591 1519 remedium,
620 1478 662 1510 ita
689 1485 834 1509 resecare
863 1479 928 1507 stu-

185 1535 318 1568 deamus
340 1539 376 1566 ut
399 1533 550 1576 deinceps
575 1531 774 1574 singularum
802 1528 930 1571 regula-

185 1581 271 1621 rium
292 1597 503 1632 personarum
520 1584 651 1627 singulis
667 1583 732 1616 suis
742 1580 932 1614 muneribus

187 1651 268 1686 pure
292 1645 322 1673 et
344 1638 547 1672 laudabiliter
571 1635 806 1670 intendentium
827 1634 931 1667 omnis

187 1692 326 1727 ambitus
345 1692 506 1736 dignitatis
522 1697 551 1724 et
562 1688 813 1734 praeemineniiae
828 1686 931 1730 suspi-

188 1746 282 1779 cione
307 1751 449 1787 semota,
482 1744 530 1777 sui
559 1742 695 1776 instituti
726 1739 933 1775 conservandi

189 1799 344 1838 studium,
366 1796 626 1840 Religionisitem
641 1796 727 1828 zelus
746 1792 934 1827 acdevotio-

189 1847 238 1899 nis
256 1851 371 1892 fervor,
394 1861 500 1884 mores
517 1849 656 1893 denique
676 1848 801 1892 probati
821 1845 935 1879 ceteris

189 1905 340 1939 fidelibus
359 1909 522 1937 transeant
545 1902 577 1935 in
601 1902 796 1945 exemplum,
825 1911 861 1932 ac
882 1910 934 1931 ex-

190 1951 264 1992 inde
293 1963 402 2002 gratus
435 1955 646 2000 omnipotenti
670 1955 733 1988 Deo
764 1953 937 1986 famulatus

191 2004 376 2045 accrescere
396 2011 614 2054 dignoscatur.
637 2009 737 2048 Quod,
758 2015 793 2040 ut
812 2006 937 2040 facilius

193 2065 357 2106 succedat,
379 2063 487 2107 aliqua
498 2062 783 2105 congregationum
799 2065 830 2093 et
849 2059 940 2093 Ordi-

194 2127 273 2150 num
288 2117 473 2150 huiusmodi
498 2121 625 2155 statuta,
647 2113 897 2147 eonsuetudines
910 2117 940 2145 et

195 2169 361 2214 privilegia
379 2169 512 2202 diversis
532 2169 655 2202 diversa
675 2167 798 2200 ratione
819 2172 941 2209 tempo-

197 2222 288 2255 ribus
311 2227 468 2263 emanata,
490 2221 652 2256 interdum
672 2231 802 2263 augere,
829 2219 940 2252 mode-

197 2275 264 2308 rari
283 2285 320 2308 ac
339 2275 415 2308 alias
433 2276 570 2308 condere
582 2273 854 2309 consultissimum
875 2273 942 2306 sore

200 2338 312 2361 sumus
331 2327 487 2360 arbitrati.

245 2381 260 2424 ἓ
279 2381 310 2413 t.
332 2381 395 2413 Nos
412 2380 530 2423 itaque,
552 2379 839 2412 animadvertentes
859 2377 945 2421 quod

1599 244 1663 279 105
1692 278 1695 281 .

960 317 999 350 cti
1030 315 1203 355 Bencdieti,
1238 316 1362 349 ratione
1386 313 1433 347 sui
1468 311 1706 345 diffinitoriatus

959 369 1068 410 officii,
1092 374 1178 402 tanta
1199 374 1244 401 est
1264 368 1416 401 attributa
1436 371 1575 410 potestas
1593 370 1629 398 ut
1646 364 1705 408 ipsi

961 428 1076 456 statuta
1095 428 1126 456 et
1150 423 1392 455 constitutiones
1412 421 1551 455 condere
1570 425 1602 453 et
1621 419 1707 452 ordi-

961 487 1050 517 nare,
1072 486 1197 509 necnon
1209 476 1247 508 de
1262 475 1361 518 ipsius
1372 473 1627 517 congregationis
1640 482 1706 505 mo-

961 529 1123 569 nasteriis,
1154 528 1348 573 prioratibus
1368 534 1398 561 et
1424 529 1500 562 locis
1528 538 1706 572 eorumque

961 584 1064 623 bonis,
1078 584 1117 616 ad
1134 583 1234 627 ipsius
1256 588 1362 615 tamen
1379 584 1634 626 congregationis
1646 584 1706 618 uti-

963 637 1093 677 litatem,
1115 637 1299 680 disponere,
1320 646 1357 668 ae
1377 647 1429 669 eos
1454 648 1490 669 ex
1510 637 1572 670 illis
1594 648 1706 670 mona-

963 691 1042 731 chis,
1065 701 1146 734 quos
1166 690 1204 723 ad
1229 690 1260 723 id
1280 690 1412 722 idoneos
1432 690 1651 731 iudicaverint,
1673 692 1707 724 in

964 744 1094 777 abbates
1114 749 1144 776 et.
1159 743 1282 787 priores
1298 753 1356 786 pro
1369 748 1512 786 tempore
1529 745 1707 777 vacantium

965 796 1230 846 monasteriorum
1253 802 1284 829 ct
1302 796 1504 839 prioratuum
1526 797 1656 839 eligere,
1678 804 1709 831 et

964 861 1023 894 pro
1042 849 1133 882 libito
1147 860 1259 882 eorum
1276 849 1459 889 voluntatis,
1481 850 1574 882 etiam
1588 851 1708 894 absque

965 904 1072 947 aliqua
1092 914 1207 936 causae
1227 903 1421 946 cognitione,
1446 913 1500 935 eos
1520 914 1537 935 a
1557 904 1710 943 regimine

965 962 995 990 et
1010 956 1284 989 administratione
1297 955 1563 989 monasteriorum
1578 963 1608 989 et
1623 957 1710 1000 prio-

966 1016 1095 1043 ratuum
1120 1010 1317 1049 huiusmodi,
1349 1009 1467 1053 quibus
1501 1010 1708 1053 praefuerint,

967 1064 1142 1104 absolvere,
1165 1064 1339 1096 destituere
1360 1068 1391 1096 et
1403 1074 1562 1102 amovere,
1584 1064 1711 1106 aliaque

967 1118 1068 1150 multa
1087 1117 1121 1150 in
1145 1117 1288 1150 eiusdem
1305 1115 1438 1159 Eugenii
1458 1116 1712 1159 praedecessoris

967 1172 1106 1215 desuper
1131 1171 1283 1204 consectis
1303 1170 1415 1203 litteris
1442 1181 1588 1213 expressa
1609 1171 1712 1203 facere

968 1223 1105 1268 possint3
1128 1224 1280 1267 quodque
1295 1234 1312 1256 a
1327 1223 1388 1266 piae
1405 1223 1567 1255 memoriae
1584 1223 1712 1256 Adriani

968 1279 1071 1321 Papae
1090 1278 1139 1317 vt,
1165 1278 1260 1310 etiam
1282 1276 1533 1320 praedecessoris
1552 1276 1662 1317 nostri,
1682 1277 1714 1310 in

970 1335 1056 1365 hunc
1075 1343 1177 1374 usque.
1198 1331 1281 1363 diem
1296 1330 1425 1363 abbates
1444 1330 1503 1373 ipsi
1524 1329 1714 1364 diffinitores

970 1396 1034 1419 non
1059 1385 1150 1418 aliter
1173 1395 1268 1429 quam
1302 1389 1407 1417 morte·
1428 1384 1584 1427 perempti
1609 1395 1627 1416 a
1643 1395 1713 1417 >suo

971 1439 1210 1473 diffinitoriatus
1230 1438 1336 1472 officio
1356 1443 1577 1478 removentur3
1606 1438 1716 1482 sicque

971 1493 1175 1536 congregatio
1195 1492 1273 1536 ipsa,
1293 1491 1389 1525 veluti
1410 1490 1523 1524 iisdem
1552 1492 1717 1535 perpetuis

971 1546 1192 1580 administrata
1217 1545 1405 1585 rectoribus,
1427 1545 1579 1578 continuo
1598 1546 1716 1588 guber-

972 1605 1078 1633 natur.

1017 1653 1083 1696 §2
1113 1652 1194 1685 Hinc
1224 1653 1307 1685 sicut
1338 1651 1529 1684 diffinitores

973 1705 1159 1738 huiusmodi
1184 1704 1398 1748 perpetuitate
1422 1704 1650 1744 conservanda,
1676 1704 1719 1736 fa-

974 1758 1134 1792 ctionibus
1150 1758 1285 1801 aliisque
1297 1757 1390 1790 malis
1400 1756 1522 1789 artibus
1534 1756 1580 1788 uti
1594 1756 1633 1788 ab
1649 1766 1718 1789 om—

975 1812 1068 1845 nibus
1093 1811 1242 1844 facillime
1267 1810 1445 1849 iudicetur3
1476 1820 1549 1841 nam
1570 1809 1636 1848 ubi,
1665 1808 1719 1852 qui

976 1867 1074 1899 semel
1089 1865 1231 1904 abbates,
1253 1864 1442 1896 diffinitores
1457 1867 1529 1895 sunt
1545 1861 1647 1900 electi,
1668 1862 1724 1893 ab·

976 1919 1087 1951 batum
1111 1918 1249 1952 aliorum
1276 1916 1351 1949 vitia
1371 1915 1616 1954 dissimulando,
1638 1918 1668 1947 et
1697 1914 1723 1946 si

977 1982 1049 2016 quae
1068 1971 1108 2004 ab
1132 1971 1202 2003 aliis
1221 1971 1254 2003 in
1279 1970 1421 2003 medium
1441 1969 1656 2012 proferantur,
1687 1977 1724 2000 ea

978 2026 1109 2065 tuendo,
1130 2023 1202 2057 illos
1221 2023 1264 2055 ita
1288 2022 1347 2056 sibi
1375 2020 1535 2055 devincire
1562 2020 1722 2060 nituntur,

980 2083 1016 2112 ut
1034 2077 1091 2121 ipsi
1112 2083 1185 2110 vota
1211 2087 1268 2109 sua
1285 2086 1350 2109 non
1383 2075 1487 2107 solum
1508 2073 1567 2105 sibi
1599 2083 1727 2116 semper

981 2132 1136 2171 deferant,
1153 2130 1207 2163 sed
1223 2129 1303 2162 alios
1320 2128 1427 2167 etiam,
1450 2131 1485 2158 ut
1499 2126 1583 2158 idem
1595 2125 1723 2165 faciant,

981 2186 1162 2224 hortentur,
1185 2187 1298 2225 rogent
1316 2192 1352 2214 ae
1372 2184 1588 2224 praesentent,
1616 2183 1727 2222 utpote

982 2237 1037 2281 qui
1057 2237 1176 2270 amicos
1187 2235 1231 2268 sic
1244 2240 1348 2268 certos
1364 2242 1575 2275 errorumque
1594 2241 1727 2264 suorum

984 2292 1126 2324 fautores
1145 2300 1182 2322 ac
1201 2288 1383 2322 defensores
1398 2290 1572 2329 perpetuos
1592 2283 1623 2316 in
1643 2284 1728 2327 eapi-

984 2344 1060 2377 tulis
1083 2342 1287 2386 generalibus
1311 2338 1478 2372 habituros
1508 2343 1594 2371 certo
1615 2337 1727 2376 sciant,

962 2413 967 2431 ι
986 2397 1095 2440 sicque
1115 2392 1370 2437 congregationis
1398 2391 1499 2435 ipsius
1527 2390 1728 2424 constitutio-

54 2458 76 2488 5,
92 2445 221 2483 consulu-{1
246 2434 348 2467 felicis
370 2432 600 2466 recordationis
625 2431 767 2474 Eugenio
788 2431 871 2474 Papa
893 2429 943 2470 IV,
963 2442 968 2484 l
987 2450 1082 2483 nibus
1110 2447 1299 2482 diffinitores
1331 2443 1517 2478 huiusmodi
1549 2445 1730 2487 superior&

51 2483 189 2506 tussiacum.
203 2487 449 2532 praedecessore
472 2490 594 2525 nomo’
622 2484 746 2517 (maelis
770 2483 844 2516 filiis
863 2483 946 2516 diffi'
964 2486 969 2539 i
988 2500 1013 2532 si
1027 2499 1075 2532 vel
1096 2498 1216 2531 solutos
1232 2495 1457 2534 existimantes,
1484 2492 1657 2526 ambitione
1678 2469 1731 2525 aut

203 2540 363 2575 nitoribus
373 2537 628 2582 congregationis
646 2536 850 2575 Cassinensis,
871 2536 948 2568 alias
965 2542 969 2578 1
989 2546 1175 2581 dominandi
1195 2544 1339 2578 aviditate
1351 2542 1493 2582 adducti,
1511 2552 1605 2586 prave
1625 2541 1732 2585 potius

206 2593 339 2641 Sanctae
357 2592 494 2626 Iustinae
515 2591 553 2624 de
579 2591 697 2629 padua,
723 2589 848 2623 {it-ainis
873 2589 948 2623 San-

218 2682 223 2698 ,
245 2661 256 2688 1
275 2660 317 2688 Ex
333 2660 442 2696 Regest.
459 2658 487 2686 in
503 2657 606 2685 Secret.
628 2656 770 2694 Ere-vtum.

965 2592 971 2642 ᾖ
989 2597 1149 2640 imperare
1159 2594 1239 2627 velle
1249 2591 1408 2632 videntur,
1420 2601 1516 2635 quam
1530 2589 1732 2633 regularibus

966 2645 974 2676 Ι
990 2646 1114 2679 statutis
1132 2643 1364 2682 obtemperare.

1722 241 1773 269 An.
1788 240 1818 269 C.
1838 238 1899 266 157:

1539 1678 1546 1691 ‚
1578 1661 1636 1695 pro
1661 1643 1907 1697 s11at'tttttacnat·
