2059 3228
117 284 166 308 An.
190 282 217 309 C.
243 283 310 310 1578

136 2046 265 2068 Exordium.

138 2363 198 2384 Facti
213 2365 282 2384 series

370 268 436 302 214

326 330 359 363 in
385 327 496 362 mortis
515 325 663 365 articulo,
685 322 904 368 plenissimam
929 322 1073 356 omnium

326 387 531 426 peccatorum
561 388 694 411 suorum
719 376 952 420 indulgentiam
973 381 1003 410 et
1022 386 1073 409 re-

324 434 510 468 missionem
530 432 563 464 in
584 436 777 475 perpetuum
797 429 1017 462 concedimus.

366 486 452 520 Nulli
469 495 547 528 ergo
567 489 624 517 etc.

365 540 479 572 Datum
500 532 620 572 Romae
639 537 725 582 apud
745 537 776 570 S.
813 536 956 576 Petrum,
988 544 1072 568 anno

321 591 554 626 luem-nationis
578 591 759 624 dominicae
785 599 954 630 imtxxvm,
985 598 1072 621 nono

319 645 473 679 kalendas
493 643 581 686 maii,
603 644 809 689 pontificatus
826 642 1069 676 nostriannovr.

363 704 425 734 Dat.
449 703 497 734 die
515 703 553 734 ⁶23
571 702 674 740 aprilis
694 703 781 739 1578,
793 702 899 743 pontis.
921 710 970 731 au.
988 709 1029 731 vt.

621 876 763 909 LXXXII.

322 965 536 1009 Confirmatio
556 965 742 999 litterarum
764 965 823 998 Pii
837 964 892 998 IV
908 975 1002 1007 snper
1018 974 1070 996 so-

363 1020 487 1053 lutione.
519 1019 765 1063 impos-itionum
794 1019 1018 1057 cameraliam,
1040 1021 1070 1050 el

361 1073 520 1105 revocatio
531 1081 802 1115 quarumcumque
816 1071 1066 1114 exemptionum,

362 1136 429 1158 non
450 1129 557 1159 tamen.
578 1136 616 1158 ea:
636 1135 735 1158 caasa>
753 1135 885 1157 onerosa
893 1135 905 1164 ;
924 1135 960 1157 ac
980 1124 1069 1158 ordi—

361 1179 454 1211 natio
483 1178 564 1222 qnod
589 1182 656 1211 tam
689 1178 770 1211 cives
797 1181 826 1210 et
852 1177 1013 1210 domicelli
1032 1188 1070 1210 ac

360 1232 544 1274 familiares
560 1231 780 1264 cardinalium
800 1230 848 1263 vel
872 1230 1070 1263 thesaurarii

360 1285 504 1318 civitatis
535 1284 725 1317 Assisiensis
765 1295 802 1317 ac
836 1284 1006 1316 comitatus
1039 1287 1069 1316 et

360 1338 525 1371 districtas
540 1365 547 1378 ,
583 1342 612 1371 et
637 1348 792 1382 personae
826 1337 1066 1373 ecclesiasticae,

362 1395 429 1424 tani
462 1391 638 1424 saeculares
659 1401 756 1434 qaam
773 1390 947 1434 reyalares,
969 1390 1069 1423 etiam

362 1448 538 1487 eoeemptae,
559 1448 730 1477 teneantur
745 1443 788 1476 ad
801 1443 1069 1476 contribuendum

362 1501 430 1530 tani
454 1498 665 1530 cameralibas
682 1508 779 1541 qaam
798 1497 874 1530 aliis
888 1507 949 1540 pro
967 1507 1069 1529 neces-

360 1551 510 1583 sitatibus
527 1551 713 1594 urgentibus
732 1550 836 1583 dictae
852 1560 950 1582 comm
958 1550 1068 1582 unita-

362 1605 403 1637 tis
422 1605 582 1647 impositis
593 1608 621 1637 et
633 1603 836 1647 imponendis
854 1603 1002 1636 oneribus
1009 1613 1069 1647 pro

361 1657 451 1689 bonis
475 1657 512 1690 tle
537 1657 649 1700 quibas
671 1657 810 1689 decimas
832 1667 897 1689 non
921 1656 1065 1695 solvunt,

361 1721 430 1742 cnm
448 1711 652 1753 deroycztione
679 1719 947 1753 quorumcumque
962 1709 1068 1753 privi-

362 1763 514 1806 leyiornm
529 1764 624 1796 etiam
639 1763 824 1806 officialibus
832 1762 997 1795 Romanae
1009 1761 1069 1795 Ca-

362 1817 433 1849 riae
456 1827 671 1849 concessorum
689 1815 716 1849 ¹.

322 1909 469 1945 Gregorius
478 1910 548 1946 Papa
557 1909 626 1942 xm.
636 1909 669 1937 ad
677 1909 838 1945 perpetuam
851 1909 892 1938 rei
900 1909 1069 1937 memoriam.

365 1993 480 2026 Nostro
506 1992 641 2025 maxime
667 1992 826 2026 incumbit
858 1992 979 2031 officio,
1013 1991 1069 2036 qui

323 2046 463 2080 iustitiae
491 2052 521 2079 et
544 2046 715 2090 aequitatis
741 2045 773 2078 in
801 2046 896 2078 terris
919 2045 1068 2078 modera-

322 2104 408 2133 tores
431 2110 554 2139 sumus‚
574 2099 744 2144 providere
763 2103 797 2131 ut
817 2098 900 2131 inter
926 2105 991 2138 eos,
1014 2098 1070 2142 qui

324 2152 494 2197 temporali
521 2152 663 2185 dominio
688 2151 780 2185 nobis
816 2157 890 2184 sunt
919 2151 1068 2191 subiecti,

324 2205 502 2249 aequalitas
520 2210 674 2245 servetur,
691 2216 729 2238 ac
748 2215 814 2244 eos,
832 2204 888 2249 qui
899 2204 1070 2237 commoda

325 2257 478 2296 sentiunt,
495 2269 550 2291 eos
560 2258 654 2291 etiam
668 2257 872 2291 incommoda
881 2264 1067 2300 sequantur.

370 2311 385 2353 ἓ
404 2311 436 2343 ¹1.
449 2311 558 2354 Nuper
570 2310 742 2354 siquidem,
760 2321 818 2354 pro
835 2317 925 2354 parte
935 2310 1070 2342 dilecto·
1088 2324 1093 2353 ι

327 2374 398 2395 rum
426 2363 565 2396 tiliorum
587 2363 824 2397 communitatis
848 2368 879 2396 et
901 2363 1071 2396 hominurn

327 2416 458 2448 civitatis
470 2423 595 2450 nostrae
606 2417 800 2458 Assisiensis,
810 2416 912 2450 felicis
921 2415 1071 2450 recorda-

327 2469 422 2502 tionis
441 2470 496 2502 Pio
508 2470 591 2513 Papa
605 2476 733 2513 quarto,
755 2469 994 2514 praedecessori
1015 2479 1071 2502 no-

327 2526 403 2561 stro,
423 2523 577 2566 exposito,
600 2533 658 2567 pro
679 2522 868 2566 urgentibus
887 2521 976 2556 Sedis
990 2522 1073 2566 Apo-

328 2574 457 2607 stolicae
489 2586 524 2607 ac
549 2576 834 2618 praedecessorum
853 2584 988 2609 suorum
1007 2575 1073 2609 Ro-

366 2651 377 2677 1
399 2649 440 2677 Ex
456 2649 565 2684 Regest.
584 2650 611 2677 in
628 2651 731 2678 secret.
748 2650 820 2678 Brev

914 267 1093 295 ammaum
1115 266 1267 293 nommm

1114 330 1284 353 manorum
1311 317 1502 353 Pontificum
1533 318 1788 360 necessitatibus
1819 330 1858 353 ae

1114 374 1244 407 illorum
1274 383 1396 416 suaque
1423 372 1644 414 subventione,
1673 373 1705 406 in
1733 372 1858 407 civitate

1115 427 1276 470 praedicta
1296 426 1430 470 eiusque
1455 426 1609 460 comitatu
1637 431 1668 460 et
1696 426 1856 468 districtu,

1113 479 1395 524 quemadmodum·
1417 479 1511 513 etiam
1536 479 1569 512 in
1596 479 1668 513 aliis
1695 479 1774 513 locis
1792 479 1858 514 Ro-

1113 543 1226 566 manae
1245 532 1406 566 Ecclesiae
1425 531 1587 573 subiecfis,
1608 532 1766 566 nonnulla
1779 533 1858 566 sub-

1112 585 1192 619 sidia
1211 596 1268 620 seu
1279 594 1377 619 onera
1388 585 1569 619 necessario
1583 585 1732 630 imposita
1745 586 1855 625 fuisse,

1112 644 1144 672 et
1161 649 1199 672 ea
1218 639 1258 672 ab
1273 639 1384 673 eadem
1394 639 1624 673 communitate
1632 639 1713 683 exigi
1728 639 1858 681 debere,

1112 697 1144 726 et
1162 703 1396 736 saepenumero
1420 692 1548 726 evenire
1571 698 1608 726 ut
1633 693 1689 737 qui
1711 693 1745 726 in
1771 693 1858 727 dicta

1111 745 1236 780 civitate
1261 757 1297 780 ac
1317 746 1386 779 eius
1401 745 1563 779 territorio
1591 746 1665 790 plus
1691 746 1860 790 possident

1111 810 1168 832 seu
1200 800 1339 832 maiores
1370 799 1537 832 facultates
1568 799 1736 840 haberent,
1761 799 1857 833 etiam

1111 852 1220 886 clerici
1237 858 1267 886 et
1283 852 1451 896 utriusque
1481 863 1575 886 sexus
1602 852 1743 896 religiosi
1772 852 1858 886 bona

1111 906 1349 949 patrimonialia
1373 906 1584 950 possidentes,
1606 911 1772 950 praetextu
1795 906 1858 939 im-

1110 958 1318 1000 munitatum,
1339 960 1578 1003 exemptionum
1594 959 1673 1003 ipsis
1681 959 1858 1004 apostolica

1109 1012 1299 1046 auctoritate
1320 1023 1548 1046 concessarum
1568 1023 1625 1046 seu
1638 1012 1678 1046 ob
1689 1013 1767 1046 alias
1782 1023 1858 1046 cau-

1110 1075 1159 1097 sas
1178 1075 1237 1109 per
1255 1076 1310 1098 eos
1337 1071 1536 1109 praetensas,
1568 1065 1757 1099 huiusmodi
1783 1076 1860 1099 one-

1109 1118 1200 1152 ribus
1218 1129 1277 1163 pro
1297 1130 1411 1153 eorum
1431 1125 1499 1152 rata
1519 1119 1725 1153 contribuere
1740 1124 1771 1153 et
1785 1119 1860 1159 suh-

1109 1170 1189 1204 sidia
1221 1172 1385 1215 praedicta
1413 1173 1596 1216 persolvere
1625 1182 1790 1214 recusare,
1824 1172 1858 1205 in

1109 1235 1203 1267 grave
1223 1230 1406 1258 ceterorum
1417 1224 1653 1269 praeiudicium
1663 1236 1701 1259 ac
1715 1225 1858 1259 notabile

1109 1277 1280 1319 damnum3
1303 1278 1388 1312 idem
1413 1279 1653 1322 praedecessor,
1683 1279 1770 1323 quod
1799 1278 1856 1313 de-

1110 1330 1221 1375 inceps
1240 1332 1406 1376 perpetuis
1425 1331 1542 1365 futuris
1561 1331 1773 1376 temporibus,
1789 1338 1856 1365 tam

1109 1384 1193 1417 cives
1212 1390 1243 1418 et
1261 1385 1397 1423 nobiles,
1419 1395 1516 1429 quam
1545 1385 1687 1418 extranei
1718 1395 1777 1418 seu
1806 1386 1856 1419 so-

1109 1447 1230 1478 renses,
1266 1438 1300 1470 in
1333 1438 1470 1478 civitate,
1496 1436 1676 1478 territorio,
1709 1437 1856 1471 districtu

1109 1495 1140 1523 et
1159 1490 1313 1524 comitatu
1332 1491 1504 1535 praedietis
1522 1490 1608 1524 bona
1635 1490 1761 1524 stabilia
1783 1501 1857 1536 pos·

1109 1543 1259 1585 sidentes,
1281 1544 1518 1588 cuiuscumque
1541 1543 1716 1586 dignitatis,
1749 1544 1855 1588 quali-

1109 1597 1193 1638 tatis,
1223 1597 1429 1639 conditionis,
1458 1598 1578 1641 gradus
1593 1603 1625 1631 et
1643 1597 1856 1642 praeeminen-

1108 1651 1182 1692 tiae,
1202 1651 1325 1685 etiamsi
1341 1661 1477 1685 nurnero
1497 1651 1608 1685 decem
1628 1651 1770 1684 filiorum
1781 1661 1856 1694 gra-

1108 1704 1168 1736 vati
1196 1704 1376 1745 existerent,
1407 1710 1438 1737 et
1460 1715 1666 1748 quacumque
1689 1703 1856 1737 nobilitate

1109 1758 1360 1801 praesulgerent‚
1391 1758 1477 1791 hona
1507 1757 1671 1802 praedicta
1702 1758 1736 1791 in
1765 1757 1856 1791 libris

1109 1816 1248 1844 catastus
1271 1811 1467 1856 nuncupatis
1497 1811 1602 1844 dictae
1632 1810 1780 1851 civitatis,
1813 1811 1855 1844 ad

1109 1864 1171 1897 hoc
1189 1864 1339 1898 videlicet
1369 1870 1405 1898 ut
1434 1864 1494 1908 ipsi
1514 1874 1573 1908 pro
1597 1864 1690 1897 dictis
1707 1864 1802 1898 bonis
1820 1864 1855 1897 in

1109 1917 1270 1951 solutione
1288 1928 1424 1951 onerum
1440 1923 1472 1951 et
1485 1917 1729 1962 impositionum
1745 1929 1763 1950 a
1773 1917 1855 1951 Sede

1110 1975 1142 2003 et
1160 1970 1293 2004 Camera
1312 1970 1485 2014 praedictis
1503 1970 1730 2014 impositorum
1751 1976 1782 2004 et
1796 1970 1856 2003 irn-

1109 2024 1335 2067 ponendorum
1355 2035 1415 2068 pro
1438 2029 1506 2057 rata
1529 2023 1736 2057 contribuere
1754 2023 1854 2057 habe-

1110 2082 1194 2117 rent,
1215 2077 1403 2110 accatastari
1429 2083 1460 2110 et
1473 2076 1618 2110 allibrari
1631 2087 1686 2110 seu
1706 2076 1855 2110 annotari

1109 2129 1216 2163 facere
1233 2135 1440 2171 tenerentur3
1461 2130 1590 2174 etquod
1600 2130 1673 2163 illos
1684 2130 1752 2174 qui,
1763 2139 1856 2174 prae-

1109 2187 1197 2215 textu
1216 2184 1455 2227 exemptionum
1485 2194 1627 2224 suarum,
1656 2184 1696 2216 ad
1718 2183 1856 2217 solutio-

1110 2246 1184 2268 nem
1200 2237 1333 2269 subsidii
1352 2237 1531 2277 triennalis,
1543 2236 1683 2281 quatrini
1700 2236 1805 2270 carnis
1818 2246 1856 2270 ac

1111 2289 1248 2322 aliorum
1267 2300 1403 2323 onerum
1429 2291 1636 2324 cameralium
1661 2300 1696 2323 se
1717 2300 1784 2322 non
1808 2296 1855 2323 te-

1088 2355 1093 2370 ·
1110 2342 1180 2375 neri
1199 2344 1456 2387 praetenderent,
1477 2354 1600 2384 omnes,
1627 2343 1723 2376 etiam
1747 2342 1855 2376 domi-

1088 2432 1093 2442 .
1111 2396 1209 2429 cellos
1220 2402 1249 2429 et
1264 2397 1399 2437 nobiles,
1419 2396 1654 2440 exemptionem
1668 2395 1854 2429 huiusmodi

1088 2444 1354 2487 {quomodolibet
1376 2445 1635 2489 praetendentes,
1668 2455 1709 2478 ne
1740 2454 1854 2477 earum

1111 2505 1193 2527 onus
1216 2493 1287 2527 aliis
1320 2499 1537 2534 accresceret,
1570 2493 1711 2535 exceptis
1746 2498 1855 2526 tamen

1089 2529 1094 2592 Ι
1112 2543 1186 2583 illis,
1207 2543 1263 2586 qui
1282 2542 1421 2586 pecunia
1440 2547 1608 2585 numerata
1631 2540 1854 2574 liberationem

1112 2597 1143 2625 et
1166 2591 1398 2636 exemptionem
1420 2591 1616 2634 praedictam
1630 2589 1669 2622 ab
1684 2589 1753 2633 ipso
1763 2600 1857 2633 prae·

1112 2641 1279 2675 decessore
1303 2651 1359 2674 seu
1379 2639 1459 2674 Sede
1479 2645 1509 2672 et
1533 2638 1664 2672 Camera
1684 2638 1858 2682 praedictis

1872 255 1922 284 An.
1942 251 1979 285 α
2030 230 2031 233 ¹

1992 1140 2002 1166 ι-
1980 819 2005 1121 Μωνκὶιιυυα·
1989 728 1997 787 ..W
1989 698 1995 703 -
1995 671 1997 681 ⁴

1988 1338 1998 1354 -¹
1998 1301 2005 1314 ,
1990 1224 2008 1279 ,nt

1991 1428 2006 1466 Γ)
1990 1385 2003 1407 ιὲ

1988 1476 2008 1539 olm·

1995 1741 2007 1774 ’,Ι
1996 1723 2006 1733 o
1994 1646 2006 1717 “ww
1991 1552 2010 1621 *2⁴:—
