2059 3228
104 200 152 228 An.
165 201 193 229 C.
208 201 276 229 1575

131 587 253 609 ctnusulae.

131 1172 246 1205 Derogatio
255 1176 308 1192 eou-

115 1204 240 1221 (ranorum.

317 2273 444 2302 ‚testate
469 2269 624 2302 similibus
642 2296 650 2309 ,
673 2268 770 2301 etiam
793 2267 1076 2307 consistorialiter,

349 201 411 235 118
910 210 1092 236 nutatura
1110 211 1264 235 Romami

304 263 405 297 dictae
430 263 540 296 domus
557 262 689 296 Sanctae
707 261 840 295 Sabinae
858 261 897 296 ad
909 262 969 296 hoc
983 263 1050 295 ido-
1079 263 1199 295 nerales
1213 262 1294 295 idem
1309 267 1525 305 importantes=
1536 261 1652 295 mentio
1666 272 1827 305 seuquae-

305 327 412 353 neum,
426 326 482 359 per
494 315 658 359 praesatum
678 315 817 358 priorem
838 326 895 359 pro
908 321 1050 359 tempore
1081 316 1124 347 vis
1149 316 1209 348 alia
1226 315 1384 357 expressio
1401 315 1557 355 habenda,
1575 320 1628 347 aut
1645 315 1749 357 aliqua
1766 314 1827 347 alia

310 369 537 412 deputandum,
561 373 592 400 et
615 379 633 400 a
659 367 773 402 dilecto
797 368 861 401 filio
885 374 994 402 nostro
1018 368 1233 411 inlexquisita
1250 368 1350 400 forma
1367 367 1406 399 ad
1423 367 1483 400 hoc
1496 368 1648 400 servanda
1662 367 1750 408 foret,
1764 366 1826 400 illis

309 422 391 454 alma
415 421 498 453 Urbe
522 425 552 453 et
577 420 661 454 illius
684 420 831 454 districtu
857 421 976 454 vicario
1000 432 1053 464 ge·
1082 421 1158 453 alias
1182 421 1215 453 in
1239 431 1295 453 suo
1312 420 1426 453 robore
1443 420 1667 463 permansuris,
1687 420 1747 453 hac
1761 419 1830 453 vice

310 474 409 507 nerali
435 473 689 517 approbandum,
713 473 940 507 administrari.
1084 475 1270 514 dumtaxat,
1297 473 1474 516 specialiter
1508 478 1539 506 et
1573 483 1715 517 expresse
1740 473 1831 506 dero-

357 527 372 570 ξ
395 527 425 559 5.
451 526 564 570 Sicque
587 537 644 570 per
657 537 872 570 quoscumque
890 525 1010 558 iudices
1025 529 1055 557 et
1084 537 1215 569 gamus,
1236 527 1412 569 ceterisque
1435 527 1605 560 contrariis
1629 527 1833 570 quibuscum-

310 578 554 620 commissaffios,
578 579 687 622 quavis
710 578 898 611 auctoritaie
922 578 1055 620 sungen—
1085 591 1156 623 que,

311 638 358 665 tes
382 631 477 664 etiam
501 641 670 664 causarum
687 631 797 664 Palatii
815 630 987 674 Apostolici
1002 641 1056 662 au-

309 684 431 718 ditores
448 689 478 717 et
495 689 622 717 sanctae
638 685 728 718 Rom.
745 684 899 718 Ecclesiae
913 683 1057 716 cardina—

313 738 367 778 les,
385 737 506 770 sublata
522 737 723 771 eiseteorum
733 738 863 770 cuilibet
877 737 987 780 quavis
1003 736 1057 768 ali-

311 795 361 823 ter
377 789 539 822 iudicandi
563 795 593 823 et
618 790 847 834 interpretandi
865 790 1012 822 facultate
1028 793 1057 820 et

314 842 505 875 auctoritate
521 869 529 883 ,
554 842 688 876 iudicari
713 848 741 875 et
771 842 898 876 definiri
923 842 1058 880 debere;

313 894 442 928 irritum
467 905 592 938 quoque
616 895 816 928 decernimus
840 900 870 928 et
895 895 1010 934 inane,
1035 893 1059 925 si

314 958 405 980 secus
429 958 524 991 super
539 948 589 981 his
606 959 624 981 a
641 959 811 992 quoquam,
829 948 938 991 quavis
954 952 1061 980 aucto-

317 1000 422 1041 ritate,
447 1001 582 1034 scienter
606 1002 653 1034 vel
675 1001 870 1044 ignoranter,
895 999 1063 1042 contigerit

316 1053 476 1086 attentari.

366 1106 381 1149 g
405 1106 434 1139 6.
458 1107 526 1139 Non
550 1106 749 1139 obstantibus
765 1106 947 1149 praemissis
963 1110 992 1138 et
1009 1115 1063 1137 no-

319 1163 384 1192 stra
408 1159 446 1191 de
459 1169 523 1191 non
541 1159 676 1191 tollendo
693 1158 762 1191 iure
775 1158 927 1201 quaesito,
945 1168 979 1190 ac
997 1157 1065 1189 aliis

318 1211 598 1246 constitutionibus
632 1216 663 1244 et
699 1210 954 1244 ordinationibus
993 1219 1065 1252 apo-

325 1265 452 1304 stolicis-3
478 1274 602 1297 necnon
619 1263 766 1297 ecclesiae
783 1263 888 1296 Sancti
907 1261 1065 1295 Laurentii

320 1317 354 1350 in
377 1317 495 1350 Lucina
519 1322 550 1349 et
574 1317 686 1349 domus
698 1327 734 1348 ac
747 1315 873 1349 Ordinis
892 1315 1067 1358 praedicto-

322 1380 405 1410 rum,
431 1369 620 1410 iuramento,
637 1369 880 1402 confirmatione
897 1369 1067 1412 apostolica

321 1423 370 1455 vel
395 1422 505 1466 quavis
522 1422 672 1456 firmitate
689 1422 750 1455 alia
763 1423 930 1463 roboratis,
945 1422 1068 1455 statutis

320 1479 350 1507 et
367 1474 659 1514 consuetudinibus;
684 1475 858 1518 privilegiis
872 1486 1006 1519 quoque,
1021 1476 1068 1508 in-

324 1526 420 1559 dultis
443 1533 474 1559 et
490 1526 602 1560 litteris
619 1529 811 1571 apostolicis,
837 1535 901 1561 tam
919 1530 1023 1562 Iudice
1040 1534 1067 1562 et

321 1579 392 1612 aliis
415 1579 549 1612 aliarum
565 1581 781 1622 ecclesiarum,
799 1582 858 1614 sub
875 1582 991 1624 quibus
1008 1581 1070 1614 sor-

321 1643 379 1666 san
403 1632 487 1666 dicta
511 1633 640 1666 ecclesia
659 1634 764 1667 Sancti
781 1634 899 1666 Nicolai
917 1633 1070 1673 consistit,

322 1685 514 1729 presbyteris
538 1686 769 1726 cardinalibus,
795 1697 890 1729 quam
916 1686 1013 1728 priori
1040 1691 1068 1718 et

324 1739 477 1772 fratribus
500 1750 536 1772 ac
554 1739 664 1773 ordini
686 1740 866 1782 praedictis,
884 1740 1072 1782 illorumque

324 1791 542 1834 superioribus
558 1797 587 1824 et
605 1792 749 1836 personis
766 1803 802 1825 ac
819 1792 981 1835 quisbuvis
994 1792 1072 1833 aliis,

326 1846 384 1878 sub
419 1845 672 1889 quibuscumque
697 1846 860 1879 tenoribus
885 1852 913 1879 et
940 1847 1072 1887 formis,

325 1909 363 1931 ae
386 1909 458 1931 cum
483 1899 655 1942 quibusvis,
679 1900 775 1932 etiam
800 1900 1073 1942 derogatoriarum

327 1950 539 1994 derogatoriis
563 1952 696 1996 aliisque
720 1953 949 1986 efficacioribus
974 1959 1003 1985 et
1028 1953 1073 1984 in—

328 2004 437 2045 solitis,
451 2005 609 2045 clausulis,
626 2015 749 2038 necnon
766 2005 938 2038 irritantib.
953 2010 981 2037 et
1007 2005 1073 2038 aliis

329 2057 476 2099 decretis,
490 2057 523 2090 in
547 2068 663 2101 genere
687 2058 735 2091 vel
757 2058 790 2090 in
807 2058 920 2100 specie,
940 2062 1002 2090 tam
1021 2069 1075 2101 per

329 2110 505 2153 praefatum
522 2110 613 2143 Pium
637 2121 733 2154 quarn
757 2110 835 2144 alios
859 2121 1075 2153 quoscumque

331 2163 488 2195 Romanos
502 2163 669 2196 Pontifices
685 2162 939 2206 praedecessores
953 2168 1076 2195 nostros

331 2226 367 2248 ac
391 2216 487 2248 etiam
511 2226 578 2256 nos,
595 2216 691 2249 etiam
708 2221 807 2256 motu,
826 2215 958 2248 scientia
975 2221 1005 2248 et
1021 2226 1077 2258 po-

1131 632 1145 674 ς
1170 631 1199 664 7.
1216 632 1296 664 Nulli
1314 642 1391 674 ergo
1408 632 1539 666 omnino
1557 632 1723 666 hominum
1740 633 1834 666 liceat

1086 685 1167 717 hanc
1193 684 1343 728 paginam
1368 690 1495 718 nostrae
1512 685 1728 727 absolutionis,
1745 696 1836 719 revo-

1087 737 1228 778 cationis,
1238 737 1435 777 irritationis,
1456 737 1691 779 annullationis‚
1704 748 1836 771 evacua—

1089 790 1191 830 tionis,
1202 790 1380 831 voluntatis,
1390 790 1610 831 restitutionis,
1620 791 1836 834 repositionis,

1089 843 1347 885 reintegrationis
1364 843 1564 876 decretorum
1578 849 1606 877 et
1621 844 1837 888 derogationis

1091 895 1273 938 infringere,
1288 897 1334 929 vel
1350 896 1378 929 ei
1392 907 1471 929 ausu
1486 896 1655 929 temerario
1667 897 1838 931 contraire.

1091 948 1121 981 Si
1136 949 1205 991 quis
1219 954 1323 982 autem
1338 949 1397 982 hoc
1411 954 1566 983 attentare
1579 950 1838 993 praesumpserit,

1092 1001 1346 1044 indignationem
1370 1002 1598 1046 omnipotentis
1613 1002 1667 1036 Dei
1684 1008 1716 1035 et
1729 1003 1838 1035 heato·

1093 1065 1163 1087 rum
1186 1055 1269 1087 Petri
1300 1060 1331 1088 et
1355 1056 1442 1088 Pauli
1474 1057 1692 1098 apostolorum
1715 1056 1784 1089 eius
1807 1067 1840 1090 se

1094 1107 1215 1140 noverit
1231 1107 1444 1141 incursurum.

1137 1160 1249 1192 Datum
1273 1161 1390 1193 Romae
1414 1161 1498 1203 apud
1521 1162 1672 1194 Sanctum
1696 1163 1842 1205 Petrum,

1096 1222 1179 1245 anno
1202 1213 1434 1246 Incarnationis
1466 1214 1643 1248 dominicae
1674 1215 1842 1249 millesimo

1097 1265 1352 1307 quingentesimo
1369 1267 1601 1309 septuagesimo
1618 1267 1739 1310 quinto,
1757 1278 1842 1302 nono

1097 1319 1243 1351 kalendas
1268 1318 1346 1359 iulii,
1365 1319 1568 1362 pontificatus
1583 1320 1683 1352 nostri
1699 1330 1783 1353 anno
1798 1331 1842 1354 Π.

1132 1372 1196 1398 Dat.
1215 1372 1259 1399 die
1278 1372 1311 1398 23
1330 1372 1400 1398 iunii
1419 1375 1496 1407 1575,
1515 1373 1615 1407 pontif.
1634 1382 1706 1400 anno
1724 1383 1762 1400 1v.

1422 1505 1520 1538 XLVI.

1101 1602 1324 1636 Ordinationes
1356 1613 1375 1635 α
1407 1603 1530 1645 colleqio
1549 1603 1754 1646 physicorum
1777 1614 1847 1637 nec-

1144 1667 1207 1688 non
1243 1667 1261 1688 α
1297 1655 1421 1698 colleffl'o
1457 1656 1727 1689 aromatariortcm
1759 1656 1848 1689 Urbis

1146 1709 1355 1741 observandae
1372 1735 1381 1747 ,
1405 1719 1573 1752 eorumque
1608 1709 1643 1741 in
1661 1709 1772 1752 prima
1788 1736 1796 1750 ,
1819 1711 1848 1741 et

1146 1762 1303 1795 auditoris
1341 1761 1456 1794 Curiae
1491 1772 1663 1794 causarum
1700 1761 1849 1794 Gamerae

1144 1814 1338 1857 Apo-scoticae
1360 1814 1396 1845 in
1419 1814 1556 1846 secunda
1580 1815 1736 1847 instantia
1752 1814 1849 1846 iuris-

1146 1867 1288 1899 dictione.

1122 1965 1258 2001 Gregorius
1274 1966 1345 2001 Papa
1358 1966 1420 1999 xm,
1437 1966 1469 1994 ad
1482 1966 1595 1994 futuram
1611 1967 1652 1995 rei
1667 1967 1827 1996 memoriam.

1148 2057 1224 2089 Cum
1248 2057 1352 2089 officio
1377 2057 1525 2100 pastorali
1542 2057 1704 2090 incumbat
1722 2067 1852 2100 gregem

1105 2110 1164 2142 sihi
1190 2109 1403 2149 commissum,
1421 2109 1594 2143 secundum
1614 2109 1694 2142 iuris
1710 2109 1854 2142 tramites

1105 2174 1139 2196 ac
1154 2163 1249 2196 etiam
1267 2163 1353 2195 iuxta
1371 2163 1442 2196 sacti
1460 2163 1662 2206 exigentiam,
1676 2162 1762 2206 vigili
1779 2172 1857 2195 cura

1105 2217 1304 2259 gubernare,
1329 2227 1368 2249 ac
1392 2216 1509 2248 abusus
1532 2221 1562 2248 et
1586 2226 1700 2259 pravas
1722 2225 1855 2258 corrup—

1108 2270 1182 2302 telas
1213 2269 1409 2302 introductas
1427 2296 1434 2309 ‚
1458 2269 1590 2311 litesque
1617 2273 1648 2301 ct
1673 2273 1853 2300 controver-

1107 2323 1178 2363 sias,
1195 2333 1231 2355 ex
1255 2322 1370 2365 quibus
1394 2321 1528 2354 maxime
1552 2321 1704 2354 resultant
1727 2320 1852 2362 dispen-

1108 2376 1159 2408 dia
1194 2376 1334 2418 partium
1369 2379 1400 2408 et
1434 2373 1531 2407 totius
1561 2372 1668 2417 populi
1699 2372 1851 2404 damnum

1110 2428 1307 2471 maximaque
1331 2427 1463 2468 iactura,
1487 2436 1551 2459 non
1575 2426 1642 2458 sine
1665 2425 1746 2457 vitae
1769 2424 1853 2468 peri-

337 2488 512 2521 eorumque
540 2480 612 2513 totis
636 2480 800 2514 tenoribus
823 2479 964 2524 specialis
981 2507 988 2520 ,
1013 2490 1082 2522 spe-
1110 2482 1178 2513 culo
1197 2507 1204 2521 ,
1236 2491 1293 2523 pro
1327 2480 1448 2512 viribus
1480 2479 1610 2517 tollere;
1639 2477 1855 2520 acceperimus

337 2530 430 2563 cifica
446 2536 474 2563 et
493 2542 638 2575 expressa
653 2543 688 2566 ac
706 2533 869 2566 individua
885 2544 921 2566 ac
938 2533 976 2566 de
987 2533 1082 2566 verbo
1111 2537 1216 2565 autem
1240 2533 1323 2566 inter
1346 2532 1512 2576 collegium
1536 2531 1730 2564 medicorum
1754 2531 1855 2563 almae

337 2583 379 2616 ad
403 2583 544 2625 verbum,
563 2595 623 2618 non
648 2590 753 2620 autem
778 2597 835 2630 per
857 2586 1011 2620 clausulas
1031 2596 1083 2627 ge-
1114 2585 1206 2619 Urbis
1220 2591 1344 2619 nostrae
1357 2591 1386 2619 et
1399 2585 1565 2629 collegium
1577 2583 1853 2625 aromatariorum,

336 2321 374 2354 de
398 2321 531 2353 fratrum
557 2326 739 2354 nostrorum
763 2320 893 2354 consilio
910 2347 917 2361 ‚
943 2331 979 2352 ac
1002 2320 1078 2352 alias

337 2373 571 2414 quomodolibet
594 2374 760 2415 concessis,
784 2373 966 2418 approbatis
985 2379 1016 2406 et
1032 2373 1078 2405 in-

338 2425 476 2466 novatis3
502 2427 615 2469 quibus
639 2428 796 2468 omnibus,
813 2427 936 2461 etiamsi
961 2427 998 2459 de
1022 2427 1080 2459 illis
