2059 3228
88 173 120 207 fl.
129 174 201 207 1585

213 227 319 263 adhuc
339 228 372 262 in
400 228 534 269 mundo,
553 229 645 272 quasi
665 229 793 273 hospes,
815 228 959 272 peregri-

212 287 358 323 naretur;
380 281 413 315 in
437 282 540 326 patria
569 292 664 323 vero,
691 282 843 315 coelestes
879 282 960 314 inter

213 335 329 370 choros
348 340 420 379 post
453 335 632 369 absolutam
666 335 958 379 peregrinationem

211 398 232 422 a
253 388 332 430 Deo,
369 387 421 422 cui
448 388 585 421 fideliter
617 389 769 422 servierat
793 398 890 430 seque
928 387 958 420 in

211 440 327 487 primis
360 441 596 482 humiliaverat,
624 447 670 474 est
689 441 855 480 exaltatus,
891 450 958 472 ma-

212 503 357 539 gnasque
389 494 534 535 virtutes,
567 499 602 527 ut
634 494 729 527 etiam
750 493 781 526 in
801 493 865 525 vita
886 503 959 525 cum

211 557 340 581 summa
360 548 519 588 omnium,
542 547 599 590 qui
619 547 767 580 viderunt
785 547 832 579 vel
852 546 960 578 audie-

211 606 301 648 ζυηῐ,
324 601 546 642 admiratione,
572 601 690 634 meruit
713 599 853 643 operari.

212 656 215 658 ’
255 654 322 699 ἓ1.
341 648 479 694 *Quibus
506 654 680 687 virtutibus
710 654 843 686 fratrum
868 652 959 685 Mini-

109 710 143 738 0'n
159 713 198 750 π.
213 717 356 749 morum,
379 714 577 751 congruente
601 717 677 740 suae
704 706 877 739 humilitati
905 705 959 738 de-

50 746 200 805 wrmm—
213 760 447 801 nominatione,
470 760 633 799 Ordinem,
664 770 760 804 quem
785 759 891 792 vivens
911 759 960 791 in-

66 821 70 827 *
212 813 370 855 stituerat‚
388 813 506 846 mirum
525 814 556 846 in
577 814 709 847 modum
729 813 828 853 auxit,
848 813 892 845 ita
912 818 958 852 ut,

213 878 251 902 ex
269 866 370 901 sancti
390 866 448 900 viri
477 867 666 906 imitatione,
688 866 872 910 devotisque
896 866 960 898 sra-

211 926 300 955 trum
315 919 461 965 ipsorum
486 920 608 960 studiis,
630 920 740 953 multis
760 920 822 952 iam
848 920 881 952 in*
903 920 961 953 lta-

158 969 163 974 ’
212 974 269 1015 lia,
294 984 378 1019 quae
410 974 450 1007 de
479 974 549 1007 eius
582 974 760 1014 nativitate,
797 978 894 1017 atque
929 973 961 1006 in

213 1026 326 1069 Gallia,
343 1038 406 1071 que
422 1027 461 1060 de
477 1033 584 1061 sancta
601 1027 838 1060 obdormitione
855 1027 887 1060 in
902 1027 962 1060 Do-

213 1080 302 1115 mino
325 1081 517 1124 gloriantur,
540 1081 701 1124 totiusque
726 1081 892 1114 christiani
912 1091 962 1114 or-

211 1134 262 1169 bis
280 1133 478 1178 regionibus,
500 1134 676 1167 aedificatis
694 1134 823 1178 templis
847 1144 962 1168 coeno-

211 1187 338 1232 biisque
361 1188 566 1230 constructis,
588 1189 656 1221 eius
672 1188 827 1221 memoria
848 1188 880 1221 in
895 1188 962 1221 dies

213 1240 318 1285 magis
332 1247 542 1286 propagetur.

67 1328 69 1331 .
210 1313 218 1330 ι
257 1295 273 1340 ᾗ
291 1294 324 1328 2.
346 1295 416 1339 Ipse
440 1300 547 1328 autem
572 1306 589 1328 a
609 1295 710 1328 felicis
729 1295 963 1329 reeordationis

49 1349 89 1378 ub
107 1354 200 1378 deatum
213 1348 320 1382 Leone
342 1348 430 1395 ¹Papa
453 1348 591 1389 decimo,
627 1349 873 1392 praedecessore
903 1360 961 1382 no-

51 1387 200 1409 minume·-
214 1406 292 1443 stro,
317 1407 518 1442 sanctorum,
553 1413 635 1446 quos
655 1402 813 1436 catholica
832 1413 963 1435 venera-

214 1460 269 1489 tur
295 1455 449 1496 Ecclesia,
481 1456 637 1499 catalogo,
663 1456 799 1489 solemni
814 1456 890 1496 ritu,
911 1456 963 1489 ad-

214 1508 366 1553 scriptus,
386 1509 418 1541 in
436 1509 528 1543 coelo
544 1520 603 1552 pro
623 1509 693 1553 ipsa
708 1519 837 1553 semper
857 1509 964 1542 Eccle-

215 1561 263 1596 sia
298 1561 501 1605 assiduisque
534 1562 704 1605 pastoralis
741 1561 901 1595 servitutis
933 1568 965 1595 et

215 1614 443 1650 sollicitudinis
489 1621 616 1648 nostrae
667 1615 832 1648 laboribus
878 1615 963 1658 apud

215 1667 331 1709 Deum,
352 1679 417 1702 una
436 1679 510 1702 cum
539 1669 691 1702 omnibus
719 1668 836 1702 sanctis
857 1674 887 1702 et
906 1668 964 1702 sibi

217 1722 409 1765 cognomine
428 1727 524 1766 atque
545 1728 692 1756 aeternae
713 1722 872 1755 felicitatis
888 1732 965 1755 eon-

218 1780 304 1809 sorte
326 1775 421 1809 beato
452 1775 636 1817 Francisco,
671 1775 799 1809 Ordinis
829 1776 965 1810 fratrum

217 1828 379 1862 Minorum
398 1829 581 1870 fundatore,
603 1829 788 1862 intercedit.

263 1881 327 1926 53.
348 1882 452 1921 Quare
469 1893 539 1924 nos,
567 1882 635 1916 eius
656 1893 775 1916 nomen
796 1888 826 1916 et
846 1883 965 1916 sancti-

41 1944 206 1969 πιο-οιιονοιι-
219 1939 317 1968 tatem
336 1935 452 1979 dignis,
475 1941 633 1979 quantum
653 1942 762 1969 nostra
781 1937 902 1980 patitur
921 1938 967 1970 in-

40 1977 83 2030 ’,Ῑξξ
104 1977 207 2035 ’ἰζζρῆἶξ
219 1988 368 2030 firmitas,
406 1989 585 2023 honoribus
619 1990 773 2023 decorare
810 1991 964 2032 volentes,

45 2037 209 2097 fflnssmn‘
220 2041 281 2075 hac
299 2042 460 2086 praesenti
480 2043 710 2076 constitutione
727 2043 918 2077 mandamus
933 2050 969 2078 ut

221 2094 365 2129 eiusdem
389 2095 477 2128 Beati
500 2096 663 2130 Francisci
692 2096 730 2129 de
763 2097 861 2130 Paula
890 2108 967 2131 con-

221 2147 351 2182 fessoris
366 2148 498 2191 gloriosi
519 2149 586 2183 dies
598 2150 708 2190 festus,
719 2149 774 2194 qui
788 2156 904 2194 quarto
915 2162 969 2184 no-

221 2211 281 2234 nas
299 2201 410 2245 aprilis
428 2202 610 2245 peragitur,
641 2203 761 2247 duplici
786 2204 919 2247 posthac
939 2210 970 2237 et

223 2254 367 2298 proprio,
382 2259 413 2288 et
423 2255 477 2288 ubi
488 2255 618 2299 propria
629 2267 694 2289 non
707 2262 814 2297 erunt,
830 2257 869 2291 de
884 2268 969 2291 com-

224 2307 315 2339 muni
349 2307 569 2341 consessorum
596 2319 661 2342 non
685 2309 875 2352 pontificum
899 2311 970 2343 offi-

225 2355 288 2396 cio,
314 2366 373 2400 per
410 2363 542 2390 cunctas
576 2358 672 2391 totius
699 2359 864 2392 christiani
885 2360 971 2393 orbis

225 2405 376 2438 eeclesias
400 2406 573 2448 quotannis
597 2407 791 2448 celebretur,
814 2414 845 2441 et
864 2409 896 2441 in
916 2410 969 2442 ka-

226 2453 370 2487 lendario
390 2465 465 2488 cum
485 2455 624 2500 duplicis
642 2456 714 2489 festi
727 2457 906 2491 adiectione
921 2459 971 2492 in-

227 2512 251 2535 si
263 2503 398 2537 ribatur.

270 2552 286 2596 g
304 2552 334 2584 4.
355 2552 590 2597 praecipientes
601 2554 751 2589 omnibus
766 2556 971 2600 patriarchis,

305 2600 383 2636 Ball,
403 2601 481 2632 Rom.
510 2602 566 2634 Vol.
591 2603 664 2637 VIII.
818 2605 854 2636 75

70 650 82 668 Ὀ

110 1417 134 1441 F

874 176 977 200 srthtS
995 176 1014 199 V
1033 176 1070 199 ῬΓ
1075 193 1080 199 .

1637 169 1700 201 5053
1763 174 1814 202 Λη.
1835 174 1947 203 01585

1001 227 1264 271 archiepiscopis,
1281 229 1439 273 episeopis
1452 232 1630 275 ceterisque
1641 235 1746 268 eccle·
1791 238 1947 288 fflfctrvsswtw

1763 274 1872 328 :iilil'gdtiqe
1897 273 1951 295 pm:

1001 279 1121 312 siarum
1156 282 1305 323 praelatis
1339 283 1369 315 in
1407 285 1553 318 universo
1589 291 1745 321 terrarum

1001 333 1078 365 orbe
1100 333 1292 370 constitutis,
1316 341 1347 367 ut
1371 337 1487 369 iaciant
1513 338 1544 370 in
1571 340 1636 372 suis
1661 342 1748 384 quis-

1000 396 1063 428 que
1097 386 1254 426 ecclesiis,
1284 390 1467 430 provinciis,
1504 391 1683 427 rivitatibus
1717 401 1749 428 ct

1001 438 1201 471 dioecesibus
1222 448 1404 483 praesentes
1426 450 1548 477 nostras
1563 447 1749 481 solemniter

1002 492 1215 535 promulgari,
1237 500 1267 526 et
1292 495 1330 526 ab
1352 497 1502 531 omnibus
1523 500 1746 535 ecclesiasticis

1001 545 1158 587 personis,
1177 548 1394 580 saecularilms
1416 556 1444 582 et
1465 562 1748 598 quorumcumque

1001 596 1156 630 Ordinum
1179 601 1391 641 regularibus,
1419 605 1550 638 omnino
1571 607 1744 641 observari.

1045 651 1109 694 ἐξ).
1135 652 1286 686 Volumus
1311 666 1439 699 quoque
1470 663 1502 691 ut
1528 661 1745 702 praesentium

1002 705 1155 749 exemplis
1175 711 1231 739 ela.

1044 758 1158 792 Datum
1181 760 1300 795 Romae
1317 764 1401 805 apud
1427 766 1457 797 S.
1486 766 1636 809 Marcum,
1662 780 1746 803 anno

1002 812 1232 848 incarnationis
1251 815 1431 851 dominicae
1458 820 1626 854 millesimo
1651 824 1746 867 quin-

1001 867 1180 907 gentesimo
1196 871 1413 913 octuagesimo
1434 873 1557 916 quinto,
1579 876 1747 919 pontifica-

1003 926 1051 953 tus
1072 921 1173 954 nostri
1193 933 1277 955 anno
1297 933 1318 956 1.

1154 975 1218 1005 Dat.
1238 977 1323 1015 1585,
1341 980 1443 1017 pontis.
1461 990 1537 1011 auno
1559 990 1580 1012 1.

1801 667 1951 700 Exemplorum

1763 698 1821 720 flden.

1274 1051 1460 1066 f———q

1343 1140 1406 1174 XII.

1003 1212 1178 1246 Renovatw
1210 1212 1322 1248 Stadii
1351 1218 1511 1258 qeneralz's
1545 1221 1581 1252 in
1619 1222 1748 1255 civitate

1045 1267 1075 1299 F
1075 1268 1154 1300 irmz'
1172 1268 1284 1302 Status
1304 1270 1533 1313 Εεσῐεείαειίςί,
1555 1274 1632 1306 olim
1646 1286 1666 1307 a
1684 1276 1748 1308 Bo-

1046 1322 1169 1363 nifacio
1199 1323 1283 1356 VIII
1297 1325 1456 1366 instituti,
1478 1338 1551 1359 cum
1566 1329 1749 1371 privileyz'is

1047 1379 1076 1408 et
1104 1376 1240 1409 indultis
1269 1378 1409 1411 aliorum
1439 1379 1628 1413 Studiorum
1655 1393 1748 1425 yene-

1046 1429 1169 1462 ralz'um
1194 1429 1206 1452 ¹

1061 1501 1158 1530 Sixtus
1177 1501 1329 1538 episeopus.
1351 1510 1446 1532 servus
1464 1511 1605 1534 servorum
1618 1506 1674 1539 Dei.

1155 1555 1190 1583 ad
1207 1558 1368 1592 perpetuam
1381 1558 1422 1586 rei
1436 1559 1605 1587 memoriam.

1048 1616 1188 1650 Muneris
1206 1619 1307 1651 nostri
1333 1619 1441 1653 debito
1466 1620 1624 1653 incumbit
1649 1627 1684 1654 ut
1710 1622 1749 1654 ad

1006 1681 1043 1703 ea
1061 1672 1265 1714 propensiori
1281 1673 1584 1716 curaintendamus,
1599 1686 1749 1719 perquae

1006 1724 1184 1758 litterarum
1214 1726 1317 1759 studia
1353 1733 1587 1771 propagentur,
1627 1729 1750 1761 studio—

1006 1788 1145 1821 rumque
1164 1780 1363 1822 generalium
1388 1780 1521 1823 collegia
1541 1786 1571 1814 et
1594 1781 1752 1815 Universi-

1007 1836 1098 1872 tates,
1123 1833 1208 1866 unde
1233 1833 1365 1866 scientia
1393 1833 1472 1877 ipsa,
1505 1840 1533 1867 et
1563 1835 1751 1877 praesertim

1007 1885 1086 1918 iuris
1105 1886 1273 1930 utriusque
1293 1887 1477 1931 prudentia,
1505 1887 1571 1921 sinc
1596 1899 1660 1932 qua
1686 1900 1738 1922 res

1008 1939 1137 1983 publica
1156 1940 1216 1974 rite
1236 1940 1453 1974 administrari
1469 1942 1628 1984 nequiret,
1648 1948 1679 1975 et
1695 1953 1752 1987 per

1008 2002 1103 2035 quam
1125 1993 1247 2026 iustitia
1266 1994 1409 2037 undique
1430 1994 1557 2033 colitur,
1590 2000 1621 2028 et
1649 1996 1752 2029 omnis

1008 2047 1204 2090 prosperitas
1214 2047 1375 2081 humanae
1391 2047 1581 2081 eruditionis
1604 2054 1750 2092 augetur,

1009 2099 1227 2140 instituantur,
1248 2106 1277 2133 et
1298 2101 1347 2134 his
1367 2112 1448 2145 quae
1469 2108 1641 2145 propterea
1656 2113 1674 2135 a
1692 2102 1754 2135 Ro-

1011 2152 1112 2186 manis
1136 2154 1347 2187 Pontificibus
1370 2155 1671 2198 praedecessoribus
1694 2166 1753 2189 no-

1011 2206 1094 2246 stris,
1132 2207 1324 2246 civitatibus‚
1355 2208 1547 2252 illarumque
1576 2209 1698 2242 civibus
1724 2214 1755 2242 et

1011 2260 1168 2303 personis,
1191 2261 1379 2304 praesertim
1400 2262 1493 2294 nobis
1517 2268 1547 2294 et
1565 2261 1654 2296 Sedis
1672 2263 1756 2306 Apo-

1012 2313 1142 2347 stolicae
1166 2315 1335 2358 temporali
1360 2314 1473 2348 ditioni
1497 2315 1658 2356 subiectis,
1683 2326 1756 2361 pro-

1012 2367 1083 2400 vide
1104 2374 1340 2411 processerunt,
1362 2373 1398 2400 ut
1418 2367 1519 2408 firma,
1544 2375 1701 2412 perpetua
1725 2375 1755 2402 et

1791 1638 1922 1660 Prooemlun.

1049 2436 1059 2461 1
1083 2433 1182 2467 Quoad
1197 2433 1317 2461 lectores
1329 2438 1355 2462 et
1366 2434 1508 2462 scholares
1517 2435 1757 2464 Studiorumeius-

1013 2479 1098 2511 modi,
1112 2478 1174 2506 vide
1186 2479 1268 2506 etiam
1281 2479 1384 2506 Concil.
1396 2479 1530 2513 Trident.‚
1542 2487 1602 2516 cap.
1615 2487 1634 2513 1,
1648 2488 1717 2509 sess.
1728 2486 1755 2513 νς

1014 2527 1041 2550 et
1059 2523 1099 2550 Pii
1121 2523 1154 2549 lv
1180 2528 1269 2552 const.
1287 2530 1332 2559 cv,
1353 2524 1385 2551 Ιιι
1405 2525 1592 2559 Sacro-sancta,
1609 2529 1676 2554 tom.
1707 2533 1756 2561 vn,

1015 2574 1078 2602 pag⁴
1099 2567 1160 2595 323.
