2059 3228
131 229 183 263 stn-
200 231 228 260 c.
248 231 311 260 1587

180 1507 311 1529 Executores

144 1541 224 1567 spalat.

161 2500 275 2521 contraius
293 2502 322 2522 le-

140 2536 199 2557 mgit

371 221 432 254 018

919 221 1100 249 bitettinum
1122 217 1281 248 11011111011,

326 282 380 315 sed
402 286 523 313 tantum
554 277 731 312 secuudum
757 276 938 321 praedictas
963 278 1068 320 Maga·
1108 286 1296 320 expressum
1324 280 1451 318 tempus
1474 273 1692 317 registrandis,
1721 285 1757 308 ac
1782 273 1853 308 aliis

325 335 395 367 lotti
416 333 660 366 constitutiones
678 338 710 364 et
729 331 915 364 huiusmodi
939 331 1068 364 ordina-

325 387 439 427 tiones,
462 386 695 419 declarationes
715 390 747 418 et
772 384 1029 423 reformationes,
1052 395 1068 416 a

323 440 428 479 nobis,
456 445 490 472 ut
512 439 705 483 praefertur,
728 437 921 482 approbatas
938 443 970 470 et
994 447 1070 470 con-

323 494 478 532 firmatas,
501 492 532 524 in
551 492 638 525 dicta
657 490 822 534 provincia
842 490 1019 533 etsingulis
1033 490 1069 522 il-

322 546 386 578 lius
405 544 599 584 civitatibus,
620 545 744 584 castris,
763 544 870 583 terris,
891 543 973 576 villis
983 549 1013 576 et
1025 543 1069 576 lo-

324 599 380 639 cis,
393 599 504 641 quavis
523 598 596 637 alia,
612 603 775 640 tamquam
795 597 941 636 sinistra,
959 596 1069 629 odiosa

323 652 371 684 vet
395 650 549 694 captiosa,
571 650 840 693 interpretatione
861 650 1000 689 sublata,
1023 649 1069 682 in-

323 704 514 737 violabiliter
533 709 563 736 et
585 709 755 747 perpetuo,
774 708 872 747 prout
884 703 1000 742 iacent,
1015 702 1070 735 ob-

323 762 502 797 serventur,
523 768 559 789 ac
579 757 667 790 iuxta
691 756 761 789 illas
781 766 896 789 causae
918 761 949 788 et
969 766 1068 796 neeo-

325 811 368 843 tia
396 809 505 843 omnia
537 810 570 842 in
603 811 749 842 futurum
770 820 827 852 per
847 819 1069 853 quoscumque

323 864 460 904 iudices,
484 870 548 896 tam
566 864 748 897 saeculares
762 873 858 906 quain
879 861 1070 895 ecclesiasti-

324 928 401 957 cos„
421 918 584 961 delegatos
609 923 641 950 et
668 917 923 956 commissarios,
956 916 1070 959 quavis

324 970 517 1005 auctoritate
526 971 705 1013 fungentes,
719 970 816 1003 etiam
832 979 1001 1002 causarum
1014 969 1070 1001 Pa-

324 1023 392 1056 latii
406 1023 582 1067 Apostolici
603 1023 768 1056 auditores
788 1033 824 1056 ac
845 1023 876 1055 S.
895 1022 930 1054 P..
947 1022 980 1054 E.
1001 1032 1069 1054 car-

322 1077 457 1114 dinales,
480 1077 605 1109 sublata
621 1076 666 1109 eis
678 1083 831 1109 eteorum
848 1075 980 1108 cuilibet
993 1085 1071 1118 qua-

322 1131 366 1163 vis
397 1131 490 1163 aliter
518 1129 682 1163 iudicandi
703 1136 734 1162 et
764 1128 999 1172 interpretandi
1021 1129 1067 1160 sa-

323 1185 442 1217 cultate
463 1190 490 1217 et
514 1183 719 1223 auctoritate,
742 1183 865 1228 ubique
885 1182 1022 1214 iudicari
1039 1187 1070 1214 et

323 1237 450 1270 definiri
468 1237 625 1276 debeant3
647 1236 752 1279 sitque
774 1235 903 1268 irritum
925 1241 954 1267 et
976 1235 1070 1266 inane

323 1290 483 1333 quidquid
500 1299 592 1323 secus
604 1289 761 1333 superbis
774 1300 791 1321 a
803 1299 980 1331 quoquam,
996 1299 1073 1330 qua-

323 1345 368 1375 vis
388 1343 594 1382 auctorita-te,
625 1342 765 1375 scienter
791 1342 840 1374 vel
872 1342 1070 1384 ignoranter,

324 1396 498 1439 contigerit
518 1395 683 1428 attentari.

369 1450 433 1492 {8-
462 1449 618 1487 Quocirca
646 1448 820 1481 venerabili
852 1447 941 1480 fratri
966 1446 1071 1479 archi-

326 1503 478 1546 episcopo
492 1501 737 1541 Ravennatensi,
755 1512 792 1534 ae
805 1501 930 1533 dilectis
942 1500 1015 1532 tiliis
1027 1511 1074 1533 er-

326 1556 408 1589 etori
426 1556 532 1588 dictae
557 1561 684 1588 nostrae
705 1554 887 1597 provinciae
909 1564 967 1597 pro
994 1559 1073 1586 tem-

327 1609 578 1654 μοι-0011510011,
597 1619 635 1641 ae
656 1608 792 1651 collegio
812 1614 973 1640 rectorum
996 1608 1073 1640 eivi-

328 1669 429 1695 tatum
452 1668 479 1695 et
501 1663 645 1694 locorum
662 1662 805 1694 eiusdem
823 1660 1005 1704 provinciae
1020 1671 1076 1703 per

327 1721 512 1759 praesentes
521 1715 755 1748 committimus
764 1714 1077 1756 elinandamusqua—

329 1775 422 1802 tenus
444 1769 502 1812 ipsi
533 1769 581 1801 vel
607 1768 672 1801 duo
692 1774 744 1801 aut
766 1778 850 1800 unns
870 1778 994 1806 eorum,
1020 1778 1076 1810 per

327 1833 360 1855 se
381 1823 427 1855 vel
449 1822 547 1854 alium
568 1832 624 1855 seu
642 1823 734 1861 alios,
756 1821 811 1854 ubi
833 1827 860 1852 et
878 1821 1004 1863 quando
1021 1832 1074 1852 ex-

328 1876 474 1919 pedierit,
502 1881 686 1919 praesentes
706 1875 829 1907 litteras
849 1881 877 1907 et
900 1875 986 1907 ineis
1002 1884 1077 1906 eon-

332 1935 419 1962 tenta
439 1939 663 1972 (piaeeumquc
680 1929 843 1972 publicent
866 1934 893 1960 et
918 1928 1075 1970 publicari

330 1994 385 2015 seu
409 1983 504 2015 etiam
532 1983 673 2026 imprimi
700 1982 829 2019 saciant,
852 1993 886 2014 at·
909 1981 1075 2013 inviolabi-

332 2036 406 2068 liter
425 2042 454 2067 et
481 2041 637 2079 perpetuo
655 2036 835 2071 observari:
858 2026 1077 2067 contradicto-

332 2100 382 2121 res
406 2089 565 2132 quoslibet
594 2100 630 2122 ac
664 2089 801 2121 rebelles
829 2094 860 2133 et
893 2087 1084 2131 praemissis

332 2152 395 2173 non
414 2148 574 2184 parentes,
598 2153 655 2185 per
675 2137 863 2180 sententias,
879 2151 1036 2173 censuras
1053 2146 1084 2173 et

331 2205 452 2237 poenas
481 2194 711 2228 ecclesiasticas
743 2194 868 2237 aliaque
893 2199 1079 2237 opportuna

334 2247 413 2279 iuris
433 2254 464 2280 et,
483 2248 555 2281 sacti
578 2249 730 2282 remedia,
753 2248 969 2291 appellatione
991 2257 1048 2290 pos
1058 2252 1086 2279 t-

332 2300 447 2344 posita,
475 2303 720 2345 compescendo,
750 2302 896 2334 inrorato
925 2301 1020 2334 etiam
1045 2300 1083 2333 ad

333 2354 405 2393 hoe,
434 2355 457 2386 si
486 2364 565 2397 opus
591 2355 698 2393 suerit,
722 2354 841 2387 auxilio
861 2354 985 2387 brachii
1011 2364 1043 2386 sa
1054 2363 1086 2387 e-

334 2404 479 2435 1ῑ111ι1115μ
1066 2405 1070 2409 ’

380 2452 449 2490 {¹29-
479 2453 542 2484 Non
574 2453 773 2485 obstantibus
804 2453 906 2485 felicis
937 2451 1087 2484 reeorda-

339 2499 430 2531 tionis
449 2500 491 2531 l‘ii
514 2501 615 2543 l’apae
629 2501 745 2543 quarti,
762 2499 1026 2543 praedecessoris
1036 2508 1090 2531 no-

338 2548 403 2581 stri,
431 2549 468 2578 (11·
501 2549 612 2581 §statiis
644 2549 796 2581 interesse·
817 2549 970 2581 Camerae
997 2558 1089 2591 prae—

338 2595 439 2628 dictae
466 2607 602 2629 sontem
620 2598 750 2630 entibus
772 2599 852 2630 inl'ra
873 2604 998 2631 «sertum
1017 2603 1090 2629 111111·

1109 327 1396 362 constitutionibus
1415 332 1447 360 et
1459 327 1717 361 ordinationibus
1726 333 1854 371 aposto-

1109 381 1197 421 licis;
1225 391 1352 414 necnon
1383 380 1519 419 statutis,
1551 379 1650 424 stylis
1685 380 1796 414 usibus
1824 386 1855 414 et

1109 434 1417 474 consuetudinibus3
1446 432 1620 477 privilegiis
1639 443 1782 476 quoque,
1803 433 1854 466 in-

1109 487 1207 520 dultis
1227 492 1259 520 et
1284 487 1398 520 litteris
1417 485 1615 530 apostolicis,
1637 486 1696 518 sub
1721 486 1854 529 quibus-

1109 550 1250 583 cumque
1266 539 1432 573 tenoribus
1451 544 1483 572 et
1503 539 1625 578 formis,
1644 549 1682 572 ac
1702 549 1775 572 cum
1787 539 1856 583 qui-

1110 593 1229 634 busvis,
1259 593 1354 626 etiam
1385 592 1664 635 derogatoriarum
1685 592 1856 635 derogato-

1109 645 1164 679 riis
1176 647 1311 690 aliisque
1323 645 1560 680 efficacioribus
1579 651 1609 679 et
1620 645 1758 679 insolitis
1768 646 1858 684 clau-

1109 699 1202 740 sulis,
1238 699 1506 743 irritantibusque
1545 704 1575 732 et
1605 698 1674 732 aliis
1707 698 1858 741 decretis,

1109 752 1170 784 sub
1203 752 1463 797 quibuscumque
1491 751 1659 785 tenoribus
1679 756 1710 785 et
1735 752 1858 796 formis,

1109 815 1146 838 ac
1177 815 1251 838 cum
1280 805 1445 848 quibusvis
1463 805 1622 838 rclausulis
1650 811 1681 838 et
1705 805 1859 846 decretis,
1904 813 1907 816 ⁴
1947 804 1950 808 ’
1982 797 1991 811 ”

1110 858 1142 891 111
1157 869 1274 901 genere
1290 860 1337 892 vel
1354 860 1387 892 in
1397 860 1514 903 specie,
1526 860 1624 892 etiam
1637 864 1739 900 motu,
1753 859 1860 893 scien-

1112 911 1154 943 tia
1173 917 1205 944 et
1218 918 1376 955 potestate
1397 912 1567 954 similibus,
1589 924 1626 946 ac
1646 913 1725 947 alias
1736 913 1770 946 in
1780 922 1862 956 conf

1112 965 1249 998 trarium
1269 965 1525 1009 quomodolibet,
1543 966 1639 999 etiam
1652 965 1857 1008 officialibus,

1112 1017 1267 1051 ministris
1288 1025 1319 1052 et.
1348 1019 1419 1052 aliis
1446 1019 1594 1063 personis
1613 1019 1646 1052 in
1668 1019 1762 1052 dictis
1781 1029 1861 1052 coni-

1114 1070 1336 1104 stitutionibus
1361 1078 1392 1104 et
1418 1072 1704 1106 reformationibus
1733 1082 1862 1117 expres·

1111 1124 1154 1156 sis
1174 1130 1205 1157 et
1230 1126 1416 1166 nominatis,
1440 1132 1471 1158 et
1495 1125 1527 1158 in
1549 1126 1712 1159 erectione
1732 1126 1859 1159 officio-

1113 1241 1165 1263 ces
1185 1231 1354 1272 concessis,
1377 1243 1412 1264 ac
1436 1233 1541 1265 forsan
1567 1232 1689 1276 pluries
1708 1238 1739 1265 et
1764 1229 1864 1265 itera-⁴

1114 1283 1151 1316 tis
1168 1284 1290 1318 vicibus
1314 1285 1499 1329 approbatis
1511 1291 1542 1318 et
1558 1285 1755 1318 confirmatis
1769 1296 1861 1325 ;nec-

1114 1347 1177 1370 non
1184 1348 1409 1381 quaecumque
1419 1338 1483 1371 litis
1490 1338 1662 1382 pendentia
1672 1349 1781 1372 coram
1793 1334 1863 1383 qui-⁸

1112 1391 1315 1435 buscumque
1329 1392 1501 1431 iudicibus,
1524 1391 1620 1424 etiam
1631 1392 1725 1425 dictis
1736 1391 1863 1425 audito-

1113 1445 1213 1485 ribus,
1226 1456 1322 1489 super
1335 1445 1659 1489 praesentationibus,
1672 1455 1755 1489 quae
1768 1445 1864 1479 dietis

1114 1499 1253 1532 constitu
1261 1499 1401 1532 tionibus
1411 1504 1442 1532 et,
1451 1499 1735 1533 reformationibus
1750 1499 1871 1546 adver-¹v

1115 1562 1236 1595 santur,
1261 1563 1323 1589 tam
1344 1557 1376 1590 in
1397 1557 1595 1600 possessorio
1614 1567 1710 1600 quam
1732 1557 1765 1589 in
1781 1557 1862 1600 peti-

1093 1602 1097 1684 ,
1116 1615 1212 1654 10110,
1235 1616 1342 1647 forsan
1359 1614 1536 1653 existentis,
1551 1620 1581 1647 et
1603 1615 1642 1647 ad
1659 1615 1800 1648 cuiusvis
1811 1613 1862 1647 in-

1094 1672 1269 1722 'stantiam
1296 1673 1490 1708 introducta.
1517 1682 1643 1705 necnon
1666 1671 1743 1712 litis,
1766 1676 1865 1705 status

1089 1156 1095 1462 ἱ
1112 1188 1184 1210 111111
1206 1189 1263 1222 per
1282 1190 1340 1211 nos
1365 1189 1421 1212 seu
1444 1179 1523 1212 alios
1543 1180 1705 1213 Romanos
1723 1179 1863 1219 Pontifi->

1118 1736 1146 1763 et
1173 1730 1333 1763 dictorum
1355 1736 1548 1763 statutorum
1570 1735 1600 1763 et
1619 1730 1756 1763 aliorum
1769 1740 1864 1773 prae-

1119 1789 1289 1822 missorum
1308 1795 1435 1822 tenores
1455 1788 1678 1833 praesentibus
1690 1788 1867 1822 1131101110-

1119 1848 1226 1880 lumus
1246 1858 1306 1891 pro
1326 1848 1522 1880 sufficienter
1539 1852 1568 1880 et
1589 1847 1682 1890 plene
1700 1846 1868 1890 expressis,

1121 1905 1184 1938 illis
1199 1905 1277 1938 alias
1299 1906 1329 1937 in
1350 1916 1408 1938 suo
1428 1905 1544 1938 robore
1564 1904 1867 1948 perinanstii'i8‚hae

1121 1963 1188 1996 viee
1214 1964 1400 2000 dumtaxat,
1436 1962 1620 2007 specialiter
1651 1969 1685 1995 et
1718 1971 1869 2006 expresse

1118 2018 1326 2062 ‘derogamus
1345 2020 1525 2062 ceterisque
1545 2019 1716 2053 contrariis
1735 2019 1869 2062 quibus-

1123 2088 1274 2121 cumque.
1291 2079 1352 2110 Aut
1364 2078 1388 2110 si
1401 2077 1574 2120 aliquibus,
1589 2076 1804 2109 communiter
1822 2075 1870 2109 vel

1124 2138 1261 2177 divisim,
1279 2138 1318 2169 ab
1335 2137 1446 2169 eadem
1459 2135 1592 2169 sitSede
1605 2135 1766 2167 indultum
1784 2134 1869 2177 quod

1126 2194 1294 2233 interdici„
1334 2193 1485 2236 suspendi
1518 2194 1565 2225 vel
1597 2191 1871 2226 excommunicari

1126 2259 1191 2281 non
1220 2249 1343 2291 possint
1370 2258 1427 2291 per
1452 2248 1577 2280 litteras
1597 2245 1789 2289 apostolicas
1808 2255 1873 2278 non

1129 2306 1283 2338 facientes
1303 2306 1430 2348 plenam
1445 2310 1474 2337 et
1492 2314 1670 2348 expressam
1693 2314 1728 2335 ae
1748 2303 1787 2336 de
1805 2313 1874 2335 ver-

1128 2364 1167 2396 bo
1189 2364 1227 2395 ad
1248 2363 1432 2396 verbumde
1446 2362 1570 2395 indulto
1588 2359 1772 2394 huiusmodi
1786 2369 1874 2393 men-

1132 2417 1271 2454 tioueinf

1175 2480 1189 2521 ,ξ
1215 2479 1266 2511 10.
1286 2479 1390 2512 'senor
1409 2488 1484 2510 vero
1504 2476 1757 2517 ordinationum,
1772 2474 1875 2508 decla-

1133 2538 1291 2570 rationum
1313 2543 1343 2570 et
1363 2535 1626 2569 informationum
1638 2533 1873 2578 praedictarum

1133 2596 1318 2639 sequituret
1341 2600 1384 2627 est
1407 2594 1500 2627 talis:

1858 207 1919 249 'Ani
1935 196 1990 251 031

1913 2481 1982 2502 Terror
1995 2478 2037 2502 dot!

1888 2513 1990 2533 rationum
1999 2515 2036 2537 Ινγ

1888 2543 1989 2566 01111111οω
