2059 3228
31 854 108 878 ntum.

31 1548 128 1571 nanu.

754 277 930 301 Gai-:Goulos
948 278 1002 300 Xlll
1020 277 1068 301 PP.

447 331 607 365 LXXXVII.

161 414 364 460 Confirmatio
396 421 623 451 nonnullorum
651 424 839 452 scalmorum
868 423 892 450 ct

203 469 439 502 ordinationum
473 472 697 504 monachornm
732 482 894 513 ronqrcqa-

200 521 294 554 tionis
319 521 349 554 S.
374 522 561 564 Hieronymi
577 524 665 565 requi
681 524 894 566 Porluqulliae

207 574 290 606 circa
313 575 488 607 electionem
514 576 727 617 provinciali&
747 576 891 618 priorum

200 636 236 659 ac
259 627 396 659 aliorum
420 628 601 670 officialium
625 633 677 661 ecc,
702 629 711 645 ²

155 716 294 753 aregarius
311 718 382 754 Papa
398 718 456 752 xm,
472 719 503 747 ad
519 721 668 754 pei-petuam
683 718 720 746 rel
736 717 894 746 memor-lam.

199 801 234 834 ln
251 801 411 833 communi
430 801 593 843 pastoralis
614 801 779 843 regiminis
808 810 893 839 cura,

155 863 261 897 quam,
286 854 406 886 meritis
419 854 490 886 licet
507 853 691 896 imparibus,
711 853 815 885 divina
833 853 893 884 dis-

154 905 312 949 positione
348 906 555 946 sustinemus,
584 906 623 938 ad
647 917 705 946 ea,
742 917 822 949 quae
856 906 893 937 ad

151 958 291 1002 quietem
315 959 534 1001 religiosarum
558 969 764 1002 personarum
788 965 818 992 et
842 970 893 991 ea-

153 1011 298 1044 rumdem
341 1011 499 1044 salubrem
544 1017 660 1044 statum
706 1022 895 1044 conservan-

156 1063 248 1104 dum,
280 1064 495 1107 regularisque
527 1065 710 1108 disciplinae
739 1065 892 1097 sinceram

153 1117 385 1151 observantiam
431 1118 668 1150 custodiendam
714 1118 893 1161 pertinent,

104 1174 106 1179 '
155 1170 297 1204 animum
333 1171 465 1203 libenter
495 1171 721 1225 convertimus,
755 1176 784 1203 et
815 1182 893 1213 qua«-

142 1223 273 1266 ,optima
297 1223 419 1256 ratione
449 1234 563 1266 pieque
586 1234 622 1255 ae
656 1229 779 1264 sancte,
804 1224 895 1256 nobis

156 1276 343 1319 praesertim
376 1276 614 1316 mandantibus,
640 1282 711 1309 sunt
741 1276 893 1316 instituta,

153 1334 189 1362 ut
226 1330 318 1362 firma
356 1334 508 1373 perpetuo
546 1335 577 1362 et
614 1330 732 1362 illibata
770 1340 895 1372 perma-

154 1387 264 1423 neant,
298 1385 423 1415 nostrae
455 1382 650 1415 auctoritatis
684 1383 783 1415 robur
817 1382 895 1415 adii-

153 1435 264 1470 cimus.

203 1488 218 1531 ἕ
241 1488 272 1521 ’1.
300 1488 419 1532 Exponi
454 1488 609 1531 siquidem
640 1488 730 1521 nobis
756 1489 892 1522 fecerunt

157 1540 262 1574 dilecti
285 1540 341 1573 filii
358 1541 487 1573 Alvarus
511 1541 548 1573 de
565 1540 717 1574 Oliventia
741 1546 770 1573 et
784 1542 895 1574 Paulus

157 1591 317 1639 Visiensis‚
335 1594 473 1637 religiosi
491 1595 744 1637 congregationis
760 1600 790 1627 et
807 1594 896 1627 Ordi-

157 1649 208 1685 nis
231 1648 460 1682 monachorum
486 1653 514 1680 et
539 1648 767 1681 heremitarum
792 1648 894 1680 Sancti

159 1700 341 1744 Hieronymi
366 1700 454 1743 regni
471 1700 689 1742 Portugalliae,
707 1710 763 1732 suo
775 1706 805 1732 et
821 1700 893 1732 dicti

157 1753 285 1788 Ordinis
318 1753 465 1794 nomine,
489 1753 586 1796 quod,
612 1753 683 1785 licet.
711 1753 786 1785 alias
814 1757 894 1784 certa

157 1806 312 1852 quaedam
338 1810 463 1845 statuta,
488 1806 705 1838 ordinationes
729 1816 783 1838 seu
801 1806 896 1838 refor-

112 1891 116 1897 .
157 1861 329 1902 mixtiones,
346 1867 410 1894 tam
435 1859 519 1892 circa
542 1859 743 1903 provincialis
767 1863 797 1890 et
813 1858 898 1900 prio-

161 1925 233 1948 rum
267 1925 304 1948 ac
327 1914 464 1947 aliorum·
485 1912 664 1946 officialium
690 1911 897 1952 electionem,

161 1967 300 2002 officium
325 1973 356 2000 et
379 1966 609 2005 auctoritatem,
627 1976 721 2009 quam
739 1966 822 1998 circa
839 1965 897 1997 alia

162 2021 310 2057 nonnulla
345 2020 383 2052 ad
412 2019 527 2052 dictam
562 2019 841 2061 congregationem
869 2026 898 2052 et

157 2073 225 2108 eius
241 2084 391 2118 personas
407 2073 608 2117 pertinentia,
626 2071 741 2106 fuerint
760 2075 898 2117 promul-

160 2131 244 2169 gata,
279 2131 309 2159 et
335 2136 391 2168 per
425 2136 480 2159 nos
517 2126 703 2159 auctoritate
731 2127 898 2169 apostolica

157 2177 358 2219 confirmata,
386 2179 459 2221 quia
492 2184 617 2219 tamen,
642 2180 680 2212 ad
711 2181 896 2223 quietiorem

155 2230 296 2264 eiusdem
314 2231 438 2264 Ordinis
455 2243 490 2264 ae
502 2232 760 2275 Congregationis
773 2239 898 2273 statum,

156 2285 308 2317 nonnulla
331 2295 367 2317 ex
390 2284 451 2317 illis
467 2285 627 2318 immutari
653 2292 680 2319 et
700 2288 827 2330 corrigi,
845 2289 900 2320 ali-

161 2345 226 2380 qua
248 2336 341 2369 etiam
366 2337 450 2378 addi,
476 2338 535 2370 alia
559 2349 632 2371 vero
657 2339 779 2373 detrahi
804 2342 901 2384 pluri-

159 2401 247 2423 mum
263 2390 422 2433 pertinere
439 2391 614 2432 videbatur,
631 2402 699 2429 nos
717 2393 899 2426 huiusmodi

159 2442 291 2485 negocio
316 2442 474 2474 nonnullis
498 2454 533 2475 ex
550 2444 781 2478 venerabilibus
798 2446 901 2478 sratri-

162 2487 225 2528 bus'
255 2494 371 2527 nostris
405 2501 529 2528 sanctae
560 2497 719 2529 Romanae
751 2499 864 2531 Ecclesi
887 2511 902 2531 e

159 2547 375 2579 cardinalibus
399 2548 598 2588 demandam,
623 2560 722 2592 eoque
749 2562 804 2593 per
821 2552 904 2594 ipsos

163 2599 219 2633 diu
241 2601 364 2643 lateque
389 2601 540 2641 discusso,
565 2602 690 2635 tandem
714 2603 794 2636 sacta
815 2605 905 2638 nobis

195 2670 209 2697 1
227 2671 271 2698 Ex
288 2672 397 2707 Regest.
418 2674 447 2699 in
465 2673 567 2700 Secret.
586 2674 666 2701 Brev-

235 2726 305 2752 Bull.
327 2728 401 2753 Rom.
428 2713 487 2753 ποι]
507 2728 580 2754 rm.
827 2728 861 2755 30

1551 271 1604 303 ⁶2&
1670 272 1721 297 An.
1742 273 1769 299 c.
1791 275 1857 300 1673

924 342 980 374 per
1003 343 1055 364 eos
1079 334 1240 373 relatione„
1257 339 1480 382 comperimus,
1498 341 1536 373 ad
1551 350 1660 373 eorum

924 386 1066 426 regulare
1097 386 1274 422 institutum
1309 394 1573 434 conservandum,
1598 394 1660 426 cul-

926 441 1056 480 tumque
1088 439 1229 473 divinum
1263 447 1456 487 augendum,
1488 448 1660 491 plurimum

923 499 994 521 cuni
1030 488 1162 524 Domino
1194 505 1281 536 posse
1320 499 1460 531 conferre
1490 505 1604 533 statuta
1631 504 1662 533 et

923 543 1139 577 ordinationes
1164 546 1356 583 huiusi‘noili.

968 598 982 637 ,ξ
1008 596 1036 628 ἐξ.
1062 597 1095 630 ln
1120 600 1242 640 primis,
1268 603 1349 643 quod
1367 605 1475 636 electio
1500 605 1571 637 novi
1588 615 1659 648 pro—

924 649 1066 681 vincialis
1090 652 1141 682 fiat
1168 652 1200 684 in
1214 654 1354 695 capitulo
1372 657 1567 697 provinciali,
1585 658 1661 700 legi-

925 702 999 733 time
1026 703 1109 736 iuxta
1135 704 1264 737 Ordinis
1283 712 1396 740 statuta
1416 714 1616 751 ‹engi-egam,
1633 715 1662 742 et

924 764 939 785 a
964 756 1107 796 patribus
1125 767 1233 790 voeem
1252 758 1441 791 habentibus
1467 761 1498 792 in
1517 762 1599 793 ‹lit-to
1612 772 1662 793 ca-

924 808 1022 850 pitulo
1053 810 1090 842 de
1114 821 1199 843 more
1224 816 1254 843 ct
1279 822 1314 844 ex
1349 813 1427 844 sacri
1462 814 1584 845 concilii
1610 814 1661 846 de—

923 862 1026 902 cretis,
1040 868 1070 895 et
1080 863 1258 896 absentium
1274 874 1363 896 voces
1378 875 1437 897 non
1449 867 1661 908 suppleantur.

966 914 1033 956 33.
1063 915 1165 947 Novus
1194 916 1412 958 provincialis,
1444 918 1497 950 ubi
1523 920 1659 961 primum
1672 943 1694 961 ἡ

924 967 1016 1000 tuerit
1039 970 1189 1001 canonice
1206 970 1330 1009 electus,
1348 970 1438 1002 sactis
1455 971 1661 1013 emromoniis,

923 1026 949 1052 et
965 1023 1121 1053 consuetis
1143 1022 1397 1054 solemnitatibus
1421 1024 1558 1063 serratis,
1574 1024 1664 1055 intel-

924 1074 1042 1115 ligatur
1057 1073 1272 1113 confirmatus,
1291 1074 1383 1116 eique
1397 1074 1503 1107 debita
1520 1085 1664 1108 reveren-

925 1125 968 1157 tia
995 1130 1025 1157 et
1056 1125 1236 1158 obedientia
1272 1126 1477 1168 exhibeatur,
1510 1128 1562 1170 qui
1593 1139 1665 1161 cum

924 1179 1150 1212 diffinitoribus
1177 1180 1303 1222 capituli
1330 1180 1431 1212 risitet
1450 1180 1545 1212 vitam
1571 1186 1598 1213 et
1617 1192 1666 1214 re-

924 1232 1028 1274 gimen
1074 1233 1274 1275 provincialis
1311 1234 1473 1276 praeteriti
1510 1244 1664 1276 euinque,

925 1285 1007 1317 iuxta
1036 1285 1135 1328 ipsius
1159 1286 1295 1318 actiones
1319 1286 1379 1318 tide
1404 1286 1571 1328 dignorum
1593 1296 1666 1328 pro-

925 1337 1012 1370 batas
1031 1338 1229 1378 testimoniis,
1249 1339 1388 1371 absolvat
1407 1340 1452 1372 vel
1468 1339 1665 1379 condemnet,

926 1397 1018 1433 prout
1045 1391 1171 1424 Ordinis
1207 1392 1448 1425 constitutiones
1479 1393 1665 1431 decernunt;

927 1444 998 1476 inde
1025 1444 1169 1477 deveniat
1198 1445 1236 1477 ad
1261 1446 1429 1478 electiones
1465 1445 1608 1488 priorum
1636 1451 1667 1477 et

925 1496 1117 1529 vicariorum
1145 1499 1430 1538 monasteriorum,
1455 1509 1525 1531 cum
1551 1497 1666 1530 diffini-

928 1549 1047 1582 toribus
1063 1555 1092 1581 et
1110 1551 1370 1592 procuratoribus
1395 1551 1667 1591 monasteriorum,

925 1603 979 1634 sed
1002 1608 1073 1635 ante
1093 1604 1214 1646 priores
1230 1609 1259 1636 et
1277 1604 1385 1636 vicarii
1411 1604 1573 1646 praeteriti
1590 1604 1666 1637 resi-

926 1660 1021 1697 gnent
1057 1666 1163 1688 coram
1188 1657 1325 1700 capitulo
1360 1668 1469 1690 eorum
1497 1658 1598 1690 officia
1632 1658 1669 1690 de

928 1718 1014 1741 more
1040 1710 1231 1751 provinciae.

970 1760 984 1802 ἓ
1006 1761 1035 1793 4.
1060 1762 1150 1794 Prior
1163 1763 1343 1795 monasterii
1369 1764 1407 1796 de
1424 1763 1581 1796 Bethleem
1599 1769 1869 1817 sssslemffgffi‘dgmg:

929 1814 1004 1847 alios
1027 1815 1148 1857 priores
1172 1816 1323 1858 eligatur,
1349 1822 1378 1849 et
1402 1817 1541 1859 primum
1564 1816 1767 1849 locumtmeem-

929 1866 1042 1899 habeat
1067 1868 1099 1900 in
1124 1869 1270 1911 capitulo,
1296 1875 1325 1901 et
1350 1875 1435 1901 extra
1459 1875 1528 1913 post
1544 1869 1670 1912 provin-

929 1920 1050 1953 cialem.

973 1974 987 2015 ξ
1011 1973 1040 2005 5.
1060 1973 1167 2006 Socius
1182 1974 1384 2017 provincialis
1402 1974 1535 2016 eligatur
1551 1974 1590 2006 ab
1605 1974 1671 2016 ipso

932 2026 1126 2068 provinciali,
1155 2027 1377 2060 diffinitoribus
1401 2033 1431 2059 et
1458 2028 1672 2069 procuratori-

930 2078 987 2110 bus
1012 2079 1285 2118 monastei·iorum;
1304 2082 1368 2122 qui,
1386 2079 1409 2112 si
1428 2081 1520 2122 longa
1537 2080 1670 2112 infirmi-

931 2136 992 2163 tate
1017 2131 1180 2174 impediri,
1206 2136 1256 2163 aut
1290 2132 1370 2164 mori
1406 2133 1571 2174 eontigerit
1599 2139 1670 2166 ante

929 2184 1112 2227 capitulum,
1137 2185 1271 2226 eligatur
1306 2185 1385 2216 alius
1408 2195 1426 2216 a
1442 2184 1626 2227 provinciali
1642 2190 1673 2218 et

932 2239 1155 2272 diffinitoribus
1180 2244 1311 2271 tantum.

976 2294 990 2335 ξ
1014 2292 1042 2326 6.
1069 2293 1098 2325 Si
1125 2293 1212 2335 prior
1237 2298 1290 2324 aut
1306 2291 1441 2324 vicarius
1459 2291 1590 2324 alicuius
1606 2301 1673 2324 mo·
1724 2296 1824 2327 95¹⁰¹¹¹m
1850 2298 1873 2316 ‘²

1681 2323 1812 2343 vicariorum
1825 2323 1872 2341 ele-

936 2346 1064 2379 nasterii
1089 2351 1174 2378 extra
1199 2350 1322 2387 tempus
1346 2343 1473 2386 capituli
1498 2354 1514 2376 e
1535 2343 1597 2376 vita
1621 2344 1724 2402 dte-3²13
1734 2351 1874 2401 agagu-

935 2401 1072 2439 cesserit,
1098 2398 1307 2442 provincialis,
1332 2409 1401 2431 eum
1427 2398 1581 2440 religiosis
1604 2403 1674 2431 tan-

934 2460 1002 2486 tum
1028 2453 1103 2485 dicti
1129 2450 1309 2484 monasterii
1335 2461 1440 2483 rocem
1473 2450 1674 2491 habentibus,

938 2506 1033 2538 alium
1057 2505 1161 2546 eligat;
1191 2509 1293 2536 cetera
1322 2503 1452 2545 negocia
1480 2502 1514 2534 in
1537 2503 1675 2546 capitulo

938 2557 1170 2601 pertractanda,
1202 2555 1265 2588 sive
1295 2566 1445 2598 personas
1476 2556 1539 2589 sive
1566 2566 1675 2588 mona-

935 2611 1028 2643 steria
1045 2614 1187 2651 tangant,
1204 2609 1299 2641 etiam
1316 2608 1355 2646 ad
1368 2618 1491 2640 morum
1509 2609 1675 2642 correctio-

937 2674 1009 2698 nem
1034 2662 1234 2707 pertinentia,
1259 2672 1276 2694 a
1300 2661 1483 2705 provinciali
1508 2667 1538 2694 et
1562 2661 1676 2694 diffini-

1710 596 1789 616 Eteciio
1811 602 1859 621 pro-

1671 624 1778 644 vineiatis.

1713 917 1790 935 Munus
1813 919 1862 938 pro-

1697 944 1770 963 nemus
1787 940 1860 963 elect!-

1721 1980 1795 2000 Soeius
1817 1985 1868 2006 pm-

1682 2007 1792 2027 vinciana.
