2059 3228
77 234 130 260 An.
150 232 179 258 c.
199 233 266 260 1573
318 232 360 266 60

277 294 360 327 dicta
391 292 506 326 servari
539 290 686 329 velimus,
715 286 890 331 expressius
918 286 1017 319 decla-

276 357 395 382 ramus;
420 346 555 377 volentes
571 352 680 375 omnes
697 340 884 385 praedictos,
902 338 1017 371 scilicet

278 399 457 442 genet-aiem
484 395 680 434 mrinistrum,
712 392 964 426 commissarium
990 395 1016 422 ct

279 456 516 496 procuratorem
548 447 729 490 generales,
762 446 808 478 vel
839 443 1020 477 commissa-

280 504 362 536 rium
381 502 497 540 curiae,
526 509 589 533 non
607 499 720 531 debere
744 497 865 530 admitti
892 497 923 528 in
941 494 1021 526 dilli—

281 554 396 587 nitorio
423 553 550 596 capituli
579 551 743 595 generalis,
768 551 800 582 in
825 560 886 593 quo
911 560 928 580 a
957 547 1021 578 suis

281 606 391 639 ot'ticiis
429 605 653 644 absolvuntur,
689 613 791 645 neque
824 603 855 634 in
887 612 923 633 eo
954 600 1021 632 loco

280 668 387 691 vocem
416 657 549 697 hahere,
581 657 656 689 dum
688 656 713 688 is
744 660 831 687 actus
861 653 966 696 agitur
990 652 1021 682 in

281 720 343 753 quo
368 709 547 754 syndicatus
579 708 626 741 sui
654 708 808 740 rationem
830 706 961 739 reddere
980 709 1022 736 te·-

281 769 405 803 nentur,
430 762 474 795 sic
494 762 577 805 quod
594 761 738 793 minister
755 759 918 802 generalis,
944 758 1023 789 sacta

281 816 374 848 oflicii
393 814 643 854 renunciatione,
668 819 836 854 antequam
865 818 1024 842 successor

282 870 428 912 eligatur,
453 867 591 900 discedat
623 877 659 898 ex
686 864 880 903 dissinitori0‚
912 867 957 902 ut,
987 872 1024 894 eo

283 922 422 961 absente,
448 919 543 952 libere
560 929 653 961 agere
671 916 791 960 possint
814 920 925 948 eontra
941 923 1023 951 eum,

284 974 379 1017 siqui
408 984 443 1006 ex
467 971 637 1015 provinciis
661 980 807 1002 accusare
832 979 903 1001 eum
919 966 1024 1005 velint,

284 1032 313 1060 et
331 1027 408 1059 ullas
421 1026 554 1058 habeant
574 1035 680 1057 versus
692 1034 764 1056 eum
779 1022 950 1065 quaerelas:
964 1029 1025 1062 quo

285 1083 357 1111 actu
388 1077 493 1117 finito,
519 1077 550 1109 in
579 1076 726 1108 omnibus
750 1075 818 1107 aliis
845 1074 967 1106 actibus
998 1076 1027 1103 ct

286 1132 492 1166 electionibus
516 1136 545 1163 et
573 1127 765 1163 diffinitoriis
792 1129 899 1162 adesse
931 1126 1027 1169 possit

286 1191 315 1219 et
340 1196 447 1218 vocem
473 1184 589 1216 habere
604 1210 611 1223 ‚
636 1183 669 1214 in
694 1181 808 1224 quibus
823 1208 830 1222 ,
855 1180 1026 1213 secundnm

288 1237 446 1282 generalia
463 1236 588 1269 Ordinis
604 1234 755 1278 praedicti
773 1238 898 1274 statuta,
923 1233 1028 1265 adesse

287 1296 319 1324 et
335 1300 442 1323 vocem
460 1289 576 1321 habere
593 1288 700 1331 possit.
729 1287 812 1320 Idem
830 1286 866 1319 de
884 1285 1030 1318 commis-

288 1342 371 1376 sario
407 1340 544 1384 generali
581 1340 750 1382 respective
775 1344 924 1372 servetur.
962 1338 1030 1377 Sic,

289 1395 374 1438 quod
408 1392 642 1426 commissarius
666 1391 841 1434 generalis,
870 1396 940 1434 post
963 1390 1033 1422 red-

290 1447 387 1480 ditam
416 1444 595 1489 syndicatus
619 1444 666 1477 sui
699 1444 870 1484 rationem,
903 1443 936 1475 in
965 1443 1033 1476 aliis

291 1501 413 1534 actibus
437 1504 464 1531 et
482 1497 686 1531 electionibus
710 1507 817 1529 vocem
831 1496 947 1529 habere
964 1506 1033 1539 pos-

292 1552 353 1592 sit,
377 1551 410 1583 in
434 1550 569 1593 quibus,
599 1549 771 1582 secundum
800 1553 915 1581 statuta
942 1558 1036 1590 gene-

293 1605 380 1645 ralia,
409 1614 516 1636 vocem
534 1602 651 1636 habere
679 1600 887 1634 commissarii
906 1611 1037 1643 genera-

293 1660 337 1691 les
354 1659 506 1691 hactenus
522 1661 664 1700 potuere.
687 1654 896 1687 Provinciales
913 1663 1036 1696 qnoque

295 1712 443 1752 ministri,
460 1715 529 1753 post
545 1709 702 1743 redditam
719 1707 899 1751 syndicatus
923 1706 970 1738 sui
988 1716 1039 1737 ra-

295 1766 426 1805 tionem,
453 1763 570 1808 possint
589 1767 620 1795 et
637 1761 772 1794 debeant
799 1760 832 1792 in
856 1757 1038 1791 diffinitorio

298 1817 430 1857 admitti,
447 1822 478 1849 et
495 1826 598 1848 vocem
624 1814 656 1846 in
673 1812 802 1855 reliquis
818 1811 939 1844 actibus
955 1810 1041 1853 capi-

299 1870 355 1904 tuli
388 1867 588 1913 provincialis
616 1864 884 1906 electionibusque
914 1863 1040 1895 habere.

299 1923 383 1956 Idem
408 1922 446 1954 de
462 1924 666 1964 procuratore
694 1917 833 1960 generali
860 1916 1042 1948 commissa-

299 1975 410 2018 rioque
437 1972 544 2006 curiae
571 1972 764 2009 observetur,
788 1973 930 2011 respectu
957 1968 1042 2010 capi-

300 2028 357 2060 tuli
374 2025 539 2069 generalis,
563 2023 648 2067 quod
665 2022 781 2055 scilicet
795 2021 855 2053 sint
874 2021 911 2053 de
929 2019 1042 2052 diffini-

302 2081 400 2120 torio‚
426 2087 597 2121 vocemque
629 2076 663 2108 in
694 2073 842 2109 omnibus
867 2073 990 2105 acibus
1015 2077 1043 2104 et

303 2131 506 2165 electionibus
541 2127 669 2172 capituli
701 2125 856 2169 generalis
887 2124 1043 2164 habeant,

304 2190 522 2228 praeterquam
547 2183 623 2215 dum
650 2181 676 2213 is
692 2185 779 2213 actus
807 2179 910 2222 agitur
934 2179 966 2210 in
984 2189 1045 2221 quo

306 2238 483 2282 syndicatus
499 2236 546 2269 sui
564 2235 718 2267 rationem
742 2232 874 2265 reddere
890 2236 1046 2263 tenentur.

306 2291 412 2333 Neque
439 2289 523 2321 enim
541 2298 676 2331 aequum
693 2296 855 2319 censemus
871 2289 916 2324 ut,
940 2284 978 2316 iis
994 2283 1047 2326 qui

307 2342 511 2384 negociorum
540 2340 666 2373 Ordinis
683 2340 801 2372 babent
825 2337 1049 2381 experientiam

308 2401 339 2428 et
354 2394 497 2427 notitiam
526 2393 664 2432 exclusis,
689 2403 744 2435 per
769 2392 849 2423 solos
873 2390 1050 2432 generalem

309 2452 340 2480 et
355 2446 538 2479 diffinitores
556 2455 661 2485 novos,
678 2454 784 2477 rerum
801 2442 971 2485 Religionis
988 2452 1051 2474 non

859 233 1039 258 BULLARIUM
1065 229 1218 254 ROMANUM

1049 284 1085 315 tis
1102 287 1226 314 nostrae
1254 284 1308 312 aut.
1328 278 1506 319 voluntatis,
1536 278 1715 321 generalem
1733 276 1791 308 mi-

1049 337 1181 368 nistrum
1200 339 1254 366 aut
1267 331 1520 366 commissarium
1537 331 1718 373 generalem
1737 330 1791 361 Or-

1049 389 1132 421 dinis
1157 398 1304 421 concessa
1333 385 1393 417 illis
1409 395 1465 428 per
1489 389 1605 416 statuta
1623 380 1793 425 generalia,

1050 452 1121 473 voce
1143 441 1278 483 privare,
1303 444 1354 471 aut
1373 449 1390 470 a
1407 437 1533 480 capituli
1563 435 1718 479 generalis
1735 434 1794 466 dif—

1052 493 1188 525 tinitorio
1206 492 1378 531 excludere,
1407 490 1468 523 nisi
1486 494 1553 522 tum
1570 490 1645 522 dum
1668 489 1705 521 de
1723 497 1794 531 par-

1052 546 1174 579 ticulari
1200 544 1450 586 uniuscuiusque
1468 552 1577 575 eorum
1594 540 1795 574 accusatione

1051 604 1079 631 ct
1099 598 1294 631 correctione
1313 597 1417 640 agitur
1429 600 1458 628 et
1473 595 1674 628 deliberatur.

1094 652 1108 694 ξ
1125 651 1154 683 2.
1171 651 1246 683 Eam
1274 654 1378 682 autem
1396 653 1518 691 partem
1546 647 1723 680 litterarum
1740 655 1796 678 no-

1052 715 1198 745 strarum,
1216 715 1277 748 qua
1302 703 1438 736 dicimus
1457 713 1474 733 ‹<
1491 699 1681 743 corrigimus
1697 699 1794 732 etiam

1053 758 1228 789 litterarum
1256 755 1491 799 praedictarum
1519 763 1589 786 eam
1613 757 1735 795 partem
1763 751 1797 783 in

1053 820 1114 851 qua
1131 808 1279 841 statuitur
1307 807 1391 850 quod
1413 817 1471 839 nec
1492 804 1728 838 commissarius
1745 814 1797 846 ge-

1054 861 1167 893 neralis
1182 861 1213 892 in
1227 861 1409 893 ministrum
1426 870 1481 893 seu
1494 863 1733 902 procuratorem
1746 867 1799 899 ge-

1054 915 1185 954 nerales,
1202 924 1259 946 nec
1276 918 1464 956 procurator
1480 910 1636 954 generalis
1654 909 1686 941 in
1704 908 1799 941 mini-

1055 972 1153 1000 strum
1181 967 1228 999 vel
1251 965 1505 999 commissarium
1538 964 1709 1006 generales,
1737 961 1800 995 nisi

1056 1024 1123 1061 post
1141 1018 1296 1051 sexdecim
1313 1028 1424 1059 annos,
1441 1017 1514 1060 eligi
1532 1016 1663 1060 possint,
1689 1016 1801 1048 dantes

1055 1076 1085 1104 et
1102 1071 1308 1104 concedentes
1325 1070 1380 1111 eis,
1408 1070 1448 1102 ad
1468 1080 1546 1112 quos
1563 1073 1692 1111 spectat,
1707 1068 1802 1100 sacul-

1058 1128 1152 1156 tatem
1179 1122 1432 1156 commissarium
1449 1122 1629 1164 generalem
1658 1121 1691 1153 in
1708 1119 1802 1153 mini-

1057 1181 1155 1208 strum
1187 1187 1242 1209 seu
1268 1180 1507 1218 procuratorem
1537 1174 1709 1217 generales,
1738 1178 1768 1206 et
1785 1184 1802 1206 e

1058 1239 1222 1268 converso,
1243 1228 1338 1261 etiam
1355 1227 1537 1260 immediate
1565 1231 1731 1270 postquam
1747 1225 1803 1258 ali-

1059 1292 1121 1324 quo
1138 1293 1174 1314 ex
1191 1281 1284 1314 dictis
1312 1280 1423 1313 officiis
1440 1279 1538 1312 suncti
1556 1279 1684 1319 suerint,
1708 1279 1804 1311 etiam

1061 1335 1148 1377 lapsu
1158 1332 1481 1376 temporispraedicto
1491 1342 1555 1364 non
1565 1336 1737 1375 expectato,
1747 1341 1805 1374 pro

1063 1393 1202 1430 tempore
1219 1386 1355 1429 eligendi
1369 1398 1399 1427 >),
1417 1385 1536 1429 pariter
1552 1384 1738 1417 mutandam
1754 1383 1808 1416 de-

1062 1441 1225 1480 crevimus,
1244 1445 1278 1472 ut
1294 1439 1435 1479 omnino,
1454 1438 1540 1470 iuxta
1556 1435 1808 1481 praedecessoris

1064 1493 1161 1525 nostri
1179 1494 1350 1531 decretum,
1377 1491 1431 1531 illi,
1449 1491 1502 1534 qui
1521 1490 1660 1523 ministri
1677 1490 1808 1531 fuerint,

1064 1544 1274 1578 commissarii
1289 1549 1340 1577 aut
1355 1549 1577 1587 procuratores
1591 1544 1752 1587 generales
1764 1543 1814 1576 vel

1065 1598 1170 1630 curiae
1187 1597 1407 1638 commissarii,
1434 1607 1497 1629 non
1514 1597 1644 1640 possint,
1663 1597 1724 1630 nisi
1741 1600 1813 1640 post

1067 1650 1231 1690 sexdecim,
1246 1660 1263 1682 a
1276 1661 1332 1682 sna
1349 1649 1389 1682 ab
1406 1650 1517 1682 ossiciis
1530 1649 1699 1693 praedictis
1723 1649 1814 1681 abso-

1067 1703 1194 1743 lutione,
1219 1702 1326 1735 finitos
1350 1713 1459 1743 annos,
1485 1703 1518 1735 in
1535 1703 1697 1745 generales
1718 1702 1814 1735 mini-

1068 1762 1157 1794 stros,
1181 1756 1415 1789 commissarios
1447 1761 1499 1788 aut
1517 1759 1740 1798 procuratores
1767 1754 1816 1787 vel

1068 1809 1174 1842 curiae
1191 1808 1424 1841 commissarios
1437 1808 1508 1851 eligi
1524 1813 1578 1840 aut
1591 1807 1720 1847 assumi,
1737 1817 1816 1850 qua-

1071 1868 1177 1901 tenus,
1201 1862 1277 1894 dum
1300 1862 1334 1894 in
1357 1861 1468 1894 officiis
1493 1861 1664 1904 praedictis
1687 1860 1817 1901 suerint,

1071 1916 1173 1948 ablata
1198 1915 1257 1947 illis
1274 1914 1361 1947 omni
1379 1913 1563 1946 ambitionis
1579 1913 1753 1953 occasione,
1770 1917 1818 1945 to-

1072 1974 1119 2001 tos
1143 1978 1174 2000 se
1198 1968 1237 2000 ad
1261 1978 1308 2007 ea,
1333 1977 1413 2010 quae
1437 1977 1567 1999 suarum
1595 1966 1734 2008 partium
1751 1975 1820 1998 esse

1072 2022 1311 2063 dignoscuntur,
1336 2019 1457 2052 sincere
1475 2019 1705 2061 diligenterque
1725 2027 1821 2060 agen-

1073 2074 1112 2105 da
1135 2077 1321 2105 convertant
1344 2076 1373 2104 et
1402 2071 1582 2112 intendant,
1607 2070 1695 2103 omni
1720 2069 1821 2102 ambi-

1075 2132 1123 2159 tus
1152 2125 1343 2168 cogitatione
1379 2124 1508 2157 abiecta.
1548 2123 1683 2156 Ministri
1716 2128 1823 2155 autem

1075 2178 1280 2223 provinciales
1308 2188 1364 2221 per
1396 2178 1527 2220 duplum
1552 2176 1703 2220 temporis
1727 2175 1822 2208 officii

1078 2231 1305 2264 ministeriatus
1319 2257 1327 2271 ,
1363 2234 1529 2273 postquam
1561 2228 1694 2262 absoluti
1727 2238 1745 2260 a
1769 2226 1822 2259 tali

1078 2285 1179 2318 otllcio
1203 2284 1341 2324 fuerint,
1371 2283 1403 2314 in
1428 2281 1589 2314 ministros
1617 2279 1823 2323 provinciales

1079 2336 1187 2377 reeligi
1220 2346 1283 2367 non
1308 2335 1437 2378 possint.
1471 2335 1505 2366 ln
1533 2332 1680 2375 reliquis,
1704 2331 1824 2363 litteras

1079 2387 1202 2412 nostras
1230 2379 1406 2422 praedictas
1437 2378 1545 2410 firmas
1578 2387 1646 2410 esse
1679 2375 1822 2408 volumus

1081 2430 1173 2466 atque
1199 2423 1231 2455 in
1249 2434 1304 2455 suo
1322 2432 1506 2466 permanere
1525 2421 1648 2454 robore.

1123 2470 1137 2506 ξ
1151 2468 1179 2500 3.
1191 2468 1235 2499 Ad
1248 2478 1284 2499 ea
1298 2472 1402 2498 autem
1416 2476 1496 2509 quae
1510 2465 1542 2497 in
1555 2462 1722 2507 praedictis
1733 2472 1823 2505 prae-
1833 2473 1957 2493 Decimae.
1969 2477 2017 2491 cnu-

1834 2500 1954 2520 stitutionis
1963 2498 1996 2518 Pii
2007 2496 2022 2518 V

311 2504 354 2533 ιω
370 2508 485 2556 &imos
511 2502 562 2529 3¹¹¹
581 2502 722 2554 offertos
746 2501 840 2538 atque
867 2505 946 2537 opus
963 2499 1051 2553 ‘³⁵:³03‘
1082 2502 1253 2544 decessoris
1270 2511 1368 2543 nostri
1392 2509 1515 2550 litteris,
1533 2513 1642 2542 contra
1659 2515 1824 2539 recurren-

311 2552 349 2584 de
373 2552 431 2584 ¹11¹S
463 2554 693 2593 Pl'OnUffl'efffl',
726 2552 881 2581 Slsstuaffll'
912 2551 940 2579 et
973 2546 1052 2578 (llffi‘
1083 2561 1128 2588 tes
1158 2555 1197 2587 ad
1228 2553 1436 2587 saecularium
1468 2559 1497 2585 et
1530 2552 1707 2594 aliquarum
1739 2554 1825 2582 extra

1805 213 1856 240 Au.
1876 212 1906 239 C.
1925 212 2011 258 1573.

1833 651 1883 673 Alia
1897 652 1996 673 declan-

1834 2528 1894 2546 cirea.
1922 2530 2027 2549 procura-

1835 2554 1916 2572 tionem
1923 2553 2026 2571 favorum

1834 2582 1898 2599 extra
1925 2578 2025 2602 Religio-

312 2603 429 2638 niatur.
453 2603 648 2635 Declarantes
674 2601 768 2634 etiam
796 2611 859 2634 non
876 2609 941 2633 esse
968 2610 1051 2632 men-
1066 2599 1200 2640 ¹dictum
1224 2598 1374 2631 Ordinem
1397 2606 1605 2641 personarum
1627 2595 1762 2635 favores,
1787 2593 1893 2627 adnem.

1939 0 2024 74 «π
