2059 3228
854 195 957 219 stxrus
976 195 994 218 v
1014 195 1061 219 re.
1614 191 1681 226 ‘799
1737 202 1789 232 A„-
1806 203 1834 233 ρ,
1851 204 1920 235 15tt6

190 249 308 279 teresse
334 244 438 278 forsan
459 245 614 278 habentes
635 247 672 278 ad
697 246 724 278 id
751 247 850 280 vocati
872 257 936 280 non
977 246 1129 280 Gamerae
1163 248 1364 291 Apostolicae
1396 251 1538 294 generali
1567 253 1722 295 auditori,

188 297 318 339 fuerint,
331 299 380 332 vel
392 310 428 332 ex
441 299 551 342 quavis
563 299 625 332 alia
641 310 748 339 causa,
760 306 935 343 quantum·
978 305 1065 332 motu
1086 300 1194 339 simili,
1215 312 1272 345 per
1291 304 1466 346 apostolica
1486 305 1615 350 scripta,
1632 318 1722 340 man-

186 351 232 404 vis
247 351 391 395 legitima
411 358 441 385 et
459 353 605 389 iuridica‚
631 353 726 386 etiam
753 353 934 386 necessario
978 353 1091 386 damus
1112 361 1270 397 quatenus
1298 356 1370 400 ipsi,
1405 359 1453 391 vel
1483 359 1547 393 duo
1564 366 1619 393 aut
1641 371 1724 394 unus

186 405 405 450 exprimenda,
419 407 535 446 notari,
549 406 742 449 impugnari,
757 405 933 447 invalidari,
976 416 1101 449 eorum,
1124 418 1182 450 per
1206 419 1238 441 se
1259 410 1307 442 rel
1327 410 1426 444 allum
1445 422 1501 445 seu
1523 413 1613 453 alios,
1632 425 1724 458 prae-

185 457 226 492 ad
244 459 400 492 terminos
419 459 498 492 iuris
516 460 642 499 reduci,
666 459 695 491 iu
722 459 771 492 ius
786 459 833 492 vel
855 470 932 493 con-
975 465 1078 493 sentes
1091 460 1210 493 litteras
1227 468 1258 495 et
1279 462 1309 495 in
1328 463 1372 496 eis
1382 470 1532 499 contenta
1548 477 1724 509 quaecum-

184 512 372 546 troversiam
405 512 559 551 revocari,
595 518 650 545 aut
682 513 832 546 adversus
863 513 933 546 illas
974 522 1048 555 que,
1077 513 1130 546 ubi
1151 519 1181 547 et
1205 516 1334 558 quando
1354 527 1435 560 opus
1460 519 1569 559 suerit,
1592 531 1629 554 ac
1642 531 1722 564 quo-

183 566 411 608 quodcumque
425 566 516 606 iuris,
534 565 608 599 sacti
628 566 675 599 vel
691 565 809 609 gratiae
830 577 932 599 reme·
973 566 1031 598 ties
1048 577 1106 610 pro
1120 573 1210 611 parte
1230 569 1305 601 dicti
1334 570 1503 604 Alexandri
1525 579 1554 605 ct
1586 573 1656 607 eius
1688 575 1721 608 in

83 651 106 659 ,.
182 618 272 652 dium
292 619 459 663 impetrari
472 630 576 663 posse,
596 619 766 662 minusque
777 619 836 651 sub
856 620 930 662 qui·
972 618 1079 653 officio
1111 621 1312 656 auditor-atus
1340 623 1526 658 huiusmodi
1555 638 1720 661 successo-

87 670 90 675 ’
116 710 130 719 *V
181 671 289 706 busvis
307 673 438 706 illarum
459 678 514 706 aut
546 673 699 706 similium
726 673 772 705 rel
791 673 928 706 (lissimi-
972 682 1042 704 rum
1065 673 1183 706 suerint
1219 676 1374 719 requisiti,
1410 678 1595 712 solemniter
1616 681 1720 723 publi-

180 724 261 759 lium
283 726 461 770 gratiarum
492 726 762 765 revocationibus,
793 736 928 770 suspen·
971 731 1096 766 cantes,
1119 727 1227 770 cisque
1250 729 1281 761 in
1303 731 1484 774 praemissis
1503 733 1642 767 efficacis
1662 735 1717 768 de-

179 778 338 821 sionibus,
358 779 606 812 limitationibus
626 785 655 813 et
671 779 742 812 aliis
758 780 928 813 contrariis
970 779 1121 813 fensionis
1156 782 1317 824 praesidio
1362 785 1561 826 assistentes,
1602 788 1718 821 saciant

178 831 444 892 dispositionibus
459 832 703 876 comprehendi,
725 833 779 866 sed
801 843 928 877 semper
968 833 1159 890 auctoritate
1180 842 1287 869 nostra
1307 840 1626 881 praesenteslitteras
1637 847 1668 874 et
1683 842 1715 875 in

175 885 219 973 gb
234 885 298 920 1llis
317 893 476 946 eaceptas,
493 891 523 945 et
541 887 670 945 quoties
695 887 767 920 illae
796 898 926 945 emana-
968 896 1014 918 eis
1037 893 1187 920 contenta
1212 889 1397 924 huiusmodi
1423 892 1462 925 ab
1487 894 1654 935 omnibus,
1677 895 1717 927 ad

200 944 433 981 unt‚t0t1esln
457 945 628 983 pristinum
650 945 681 973 et
707 951 781 973 eum
803 950 834 972 in
861 951 926 984 quo
968 949 1048 981 quos
1067 946 1188 983 spectat
1219 948 1248 975 et
1301 954 1336 976 ro
1372 950 1434 977 tem
1462 956 1516 979 ore
1546 958 1559 978 s
1585 948 1700 981 cctabit

176 998 270 1027 antea
294 994 538 1038 quomodolibet
566 999 657 1039 erant
686 999 804 1026 statum
833 993 925 1026 resti-
968 991 1194 1027 inviolabiliter
1213 954 1387 1038 ohsgvari,
1409 957 1713 1035 acpAlexatinrumei

176 1051 271 1088 tutas,
304 1046 460 1091 repositas
493 1053 523 1080 et
548 1047 710 1091 plenarie,
741 1047 836 1080 etiam
866 1048 924 1079 sub
944 1016 947 1068 i
966 1055 1168 1080 successores
1189 1051 1349 1091 praefatos
1369 1051 1431 1084 illis
1452 1053 1586 1095 pacifice
1606 1054 1669 1087 frui
1684 1061 1715 1088 et

175 1110 383 1145 quacumque
399 1100 471 1134 data
483 1111 540 1144 per
555 1100 769 1133 Alexandrum
791 1101 924 1144 eiusque
944 1124 946 1136 ⁴
965 1099 1117 1141 gaudere,
1141 1111 1205 1134 non
1226 1104 1447 1145 permittentes
1466 1106 1552 1148 ipsos
1575 1118 1631 1140 seu
1658 1119 1712 1141 eo-

175 1164 376 1241 succestslores
395 1154 556 1198 praefatos
566 1155 724 1241 eligentlla(i
745 1154 923 1241 reintegras-
943 1137 946 1175 i
966 1162 1038 1185 rum
1058 1155 1257 1239 quempsiam,
1276 1167 1334 1199 per
1349 1168 1585 1203 quoscumque,
1604 1162 1713 1204 quavis

174 1213 222 1241 tas
241 1212 272 1242 et
308 1218 325 1241 e
340 1218 422 1242 novo
439 1219 620 1248 concessas,
642 1219 678 1241 va
695 1208 703 1240 i
729 1219 827 1252 asque
841 1214 897 1241 ete
914 1228 923 1232 -
964 1207 1154 1240 auctoritate
1189 1215 1355 1251 ungentes,
1375 1211 1452 1244 desu
1479 1223 1514 1245 er
1554 1215 1712 1248 uomodo-

174 1260 290 1320 ficaces
304 1261 374 1296 fore
393 1267 424 1295 et
444 1272 524 1320 esse,
542 1262 670 1305 vimque
686 1261 779 1348 valitg
800 1267 829 1294 et
855 1262 944 1296 esti—2,
964 1258 1042 1292 libet
1058 1261 1233 1345 mlolcstmi,
1256 1264 1440 1305 perturbari
1456 1223 1506 1298 1ivel
1524 1224 1710 1310 itrliquietark

175 1324 258 1348 cacis
287 1320 476 1349 contractus
503 1322 587 1348 mter
613 1325 671 1348 nos
700 1320 731 1347 et
780 1325 922 1348 ameram
943 1331 944 1340 ι
963 1318 1216 1348 eontras1ctores
1247 1316 1407 1359 quoslibet
1441 1325 1472 1351 et
1495 1320 1631 1354 rebelles
1678 1333 1714 1355 er

174 1378 212 1402 ex
225 1378 304 1410 una,
324 1373 357 1402 et
369 1369 588 1402 Alexandrum
609 1368 742 1412 eiusque
758 1379 923 1401 successo·
941 1385 944 1426 ἑ
963 1367 1148 1408 sententias,
1182 1379 1333 1403 censuras
1357 1376 1388 1404 et
1416 1383 1536 1416 poenas
1560 1334 1712 1408 eecleina-

172 1431 225 1455 res
252 1421 414 1467 praefatos
443 1433 481 1455 ex
505 1423 605 1455 altera
629 1422 774 1466 partibus
800 1422 859 1454 rite
892 1428 922 1455 et
962 1419 1056 1453 sticas
1090 1421 1216 1466 aliaque
1250 1434 1290 1467 op
1317 1431 1433 1458 ortuna
1467 1426 1545 1460 iuris
1573 1434 1600 1461 et
1637 1429 1710 1462 facti

171 1481 259 1509 recte
279 1475 350 1509 initi
365 1482 397 1509 et
415 1476 573 1520 stipulati,
591 1487 628 1508 ac
643 1475 738 1508 etiam
758 1475 921 1520 utrimque
941 1502 943 1507 .
962 1474 1116 1516 remedia,
1139 1435 1355 1519 appellatigne
1376 1479 1564 1523 postposita,
1579 1492 1710 1525 compe-

171 1528 282 1571 iurati‚
302 1529 423 1563 hahere
448 1535 479 1563 et
494 1534 651 1573 perpetuo
672 1529 830 1568 obtinere,
856 1529 921 1562 dic-
940 1510 943 1546 Ι
961 1527 1094 1567 scendo,
1127 1539 1164 1562 ae
1186 1529 1336 1572 legitimis
1356 1542 1454 1575 super
1484 1533 1534 1566 his
1554 1534 1711 1568 habendis

170 1587 302 1626 tamque
316 1582 484 1616 eameram
503 1583 543 1616 ad
563 1583 779 1615 Alexandrum
798 1588 828 1615 et
854 1582 921 1616 eius
961 1581 1090 1614 servatis
1109 1583 1325 1626 processibus,
1347 1586 1533 1627 sententias,
1557 1598 1710 1621 censuras

170 1646 373 1670 successores
396 1637 556 1681 praefatos
584 1636 617 1668 in
643 1636 768 1668 iuribus
797 1642 828 1668 et
851 1636 920 1668 aliis
961 1639 991 1666 et
1011 1645 1132 1677 poenas
1153 1636 1237 1679 ipsas
1254 1637 1351 1670 etiam
1372 1638 1494 1671 iteratis
1512 1640 1635 1673 vicibus
1654 1652 1710 1684 ag-

74 1722 90 1738 „
169 1690 322 1735 praefatis
336 1690 484 1731 tuendos,
497 1695 527 1724 et
538 1691 578 1723 ab
595 1690 682 1723 omni
697 1689 918 1729 incommodo,
960 1689 1140 1730 gravand03
1164 1689 1310 1724 invocato
1328 1691 1422 1724 etiam
1437 1693 1475 1724 ad
1497 1693 1570 1734 hoc,
1587 1694 1611 1726 si
1629 1705 1710 1738 opus

61 1773 83 1788 .
115 1747 117 1749 ’
170 1743 302 1784 damno,
318 1744 472 1785 laesione,
491 1744 556 1784 lite,
579 1754 674 1776 causa
690 1749 719 1776 et
739 1748 921 1776 controver-
939 1745 941 1748 '
961 1740 1066 1781 suerit,
1087 1742 1204 1776 auxilio
1223 1743 1347 1777 brachii
1368 1746 1551 1779 saecularis.

168 1796 217 1830 sia
235 1797 407 1838 immunes,
419 1797 588 1830 indemnes
607 1802 635 1829 et
658 1802 821 1840 exemptos
842 1806 920 1829 con-
1004 1795 1019 1837 ,ξ
1038 1794 1092 1828 Μ.
1114 1796 1183 1828 Non
1203 1797 1404 1832 obstantibus
1426 1800 1607 1841 praemissis
1622 1808 1653 1833 et
1669 1801 1708 1834 de
1749 1816 1857 1836 clausulae
1866 1815 1904 1838 ‹10-

170 1851 344 1884 servandos
374 1851 476 1885 teneri
513 1856 544 1884 et
580 1850 753 1893 obligatam
783 1860 851 1883 esse
883 1861 920 1883 ac
938 1814 941 1862 i
960 1853 1049 1881 certo
1068 1849 1310 1884 nominatorum
1332 1852 1570 1895 praedictorum
1595 1847 1850 1887 nume-‘⁰³“'⁰'³³⁶·

169 1903 252 1938 fore.
959 1912 1009 1943 r0,
1035 1912 1175 1943 necnon,
1192 1910 1351 1947 quatenus
1361 1916 1442 1949 opus
1454 1907 1504 1947 sit,
1518 1907 1707 1941 recolendae

69 1990 72 1995 ,
213 1958 230 2002 §
248 1956 281 1992 9.
303 1957 422 2001 Sicque
441 1963 473 1990 et
492 1967 557 1991 non
574 1956 667 1990 aliter
679 1967 737 2000 per
747 1966 920 2000 quoscum·
960 1956 1136 1990 memoriae
1160 1957 1343 2001 Symmachi
1365 1964 1395 1991 et
1418 1959 1593 1992 Innocentii
1615 1961 1653 1993 111
1678 1967 1708 1994 et.

80 2023 83 2036 2
129 2015 233 2056 lr-que
269 2011 404 2052 iudices,
438 2011 618 2045 ordinarios
654 2011 702 2043 vel
741 2009 916 2053 delegatos,
959 1998 1049 2042 Pauli
1070 2010 1095 2043 ΙΙ
1120 2016 1151 2043 et
1180 2022 1461 2055 quorumcumque
1482 2014 1618 2046 aliorum
1648 2014 1707 2047 Ro-

170 2064 267 2098 etiam
287 2075 459 2098 causarum
480 2064 590 2097 Palatii
625 2063 801 2107 Apostolici
826 2063 919 2096 audi·
960 2073 1130 2096 manorum
1152 2064 1358 2105 Pontificum,
1373 2066 1467 2098 etiam
1485 2067 1708 2110 praedecesso-

169 2122 269 2160 tores,
291 2128 328 2152 ac
360 2118 504 2152 eiusdem
529 2117 560 2151 S.
584 2117 619 2150 R.
654 2117 689 2150 E.
726 2116 916 2157 cardinales,
960 2127 1033 2149 rum
1054 2122 1253 2157 nostrorum,
1282 2118 1321 2151 de
1342 2119 1438 2151 rebus
1463 2119 1624 2153 Ecclesiae
1649 2132 1704 2153 scu

169 2171 297 2206 sublata
315 2172 360 2206 eis
379 2178 411 2205 et
430 2182 542 2205 eorum
560 2171 693 2204 cuilibet
707 2170 817 2212 quavis
827 2170 920 2203 aliter
959 2169 1111 2203 Gamerae
1125 2176 1155 2203 et
1175 2171 1265 2204 Sedis
1285 2172 1523 2215 praedictarum
1545 2184 1609 2206 non
1627 2174 1704 2207 alie—

169 2224 336 2259 iudicandi
353 2231 384 2259 et
397 2224 629 2270 interpretandi
647 2224 797 2257 facultate
823 2229 853 2256 et.
864 2234 921 2256 au·
959 2223 1091 2281 nandis;
1113 2223 1249 2266 aliisque
1269 2224 1451 2268 apostolicis
1464 2237 1500 2258 ac
1520 2226 1552 2258 in
1577 2227 1705 2270 provin-

171 2279 331 2320 ctoritate,
353 2279 491 2313 iudicari
511 2285 541 2312 et
551 2278 679 2312 deliniri
699 2278 830 2318 debere3
845 2288 920 2363 nec·
960 2276 1107 2362 mphbusl,
1133 2277 1339 2320 synodalibus
1359 2284 1389 2311 et
1409 2280 1613 2321 generalibus
1632 2290 1708 2313 con-

170 2341 237 2366 non
257 2331 385 2365 irritum
418 2338 449 2365 et
468 2332 564 2366 inane
585 2333 609 2365 si
634 2342 727 2365 secus
752 2342 786 2363 su
813 2341 848 2364 er
883 2331 919 2364 tis
961 2329 989 2364 ci
1005 2330 1042 2362 iis
1062 2340 1078 2362 e
1105 2330 1155 2363 itis
1201 2341 1214 2363 s
1240 2330 1394 2364 ecialibus
1414 2332 1461 2364 vel
1492 2334 1696 2368 generalibus

170 2391 189 2415 a
207 2391 386 2425 quoquam,
412 2381 523 2424 quavis
553 2380 754 2417 auctoritate,
783 2342 920 2412 slcienter
961 2341 1245 2412 οοηεῐίίυῐίοῆἰὸιξε
1260 2385 1289 2412 et
1301 2365 1570 2422 ordinationibus,
1585 2361 1706 2415 dictae-²

169 2430 220 2465 vel
238 2431 436 2474 ignoranter,
458 2430 626 2472 eontigerit
647 2429 806 2461 attentari.
960 2438 1023 2470 que
1035 2427 1250 2461 Cancellariae
1269 2429 1400 2472 regulis,
1417 2430 1508 2463 editis
1520 2431 1704 2473 medendis,

215 2479 231 2523 5
253 2479 307 2513 10.
333 2477 491 2517 Quocirca
514 2477 749 2510 venerabilibus
769 2477 920 2510 fratribus
961 2476 1056 2509 etiam
1069 2477 1108 2509 de
1120 2476 1232 2518 gratiis
1248 2476 1397 2510 adinstar
1407 2488 1470 2511 non
1479 2480 1706 2521 concedendis,

68 2526 290 2571 ῖ-,ξζξᾙῐιοεῑῐ-ἰε
319 2527 471 2560 Amerino
491 2532 522 2560 et
545 2526 775 2559 lllarturanensi
795 2525 921 2569 episco-
961 2526 1094 2568 eiusque
1119 2532 1149 2558 et
1169 2525 1272 2559 dictae
1292 2526 1442 2561 Gamerae
1462 2539 1499 2561 ac
1519 2539 1629 2562 earum
1658 2530 1705 2561 os-

73 2573 85 2622 ,.
101 2576 160 2598 Μ·-
174 2577 235 2623 pis,
269 2587 306 2611 ae
343 2576 459 2610 dilecto
498 2575 564 2610 filio
598 2586 766 2609 causarum
805 2575 919 2608 Curiae
961 2574 1109 2608 fieiorum
1134 2580 1165 2608 et
1192 2575 1423 2619 collegiorum;
1452 2587 1579 2611 necnon
1612 2577 1706 2611 Urbis
