2059 3228
114 268 180 297 JAn.
192 268 221 298 C.
240 270 307 298 1585

367 258 431 292 580

873 264 1048 288 m’wLLAntt'n
1075 262 1223 286 noatANt'M

323 321 374 360 da,
397 319 500 353 eidem
522 318 670 361 Philippo
691 317 847 350 cardinali
865 323 897 350 et
918 328 975 361 pro
990 323 1069 350 lem-
1113 324 1260 358 expresse
1279 314 1393 346 harum
1420 313 1501 356 serie
1522 313 1724 356 derogamus.
1750 312 1813 346 Aut
1832 309 1856 346 si

322 383 400 416 pore
434 371 578 404 existenti
611 371 790 404 camerario
832 381 1067 415 (moscumque,
1112 368 1284 411 aliquibus,
1296 368 1514 400 communiter
1525 368 1571 400 vel
1583 367 1858 411 divisim,aprae-

322 431 479 469 quatenus
496 435 578 469 opus
598 425 704 461 suerit,
724 424 853 465 citandi,
873 430 905 457 et
924 425 1017 457 etiam
1031 424 1069 456 ad

320 477 1069 522 personalitereomparendummonendi,etiam

320 542 380 576 per
393 531 535 564 edictum
550 531 730 575 publicum,
746 531 881 565 constito
895 530 1070 564 summarie

321 590 351 619 et
371 585 659 618 extraiudicialiter
685 585 723 617 de
744 596 808 618 nou
828 590 896 618 tuto
925 595 1067 623 accessu;

319 649 677 683 necnonquoscumque
696 639 915 672 inobedientes
927 644 954 671 et
968 639 1070 671 rebel-

318 692 376 733 les,
399 702 553 725 censuras
572 698 604 726 et
624 704 743 736 poenas
764 693 975 726 comminatas
988 692 1069 725 iuci-

318 745 402 778 disse
429 751 460 779 et
487 746 673 787 incurrisse,
693 752 814 779 servata
840 747 942 779 forma
962 745 1070 779 conci-

317 798 351 831 lii
362 798 552 841 Tridentini,
563 799 760 841 declarandi,
771 800 1070 843 aggravandin'eag-

294 853 469 894 -gravandi
501 859 531 887 et
570 853 814 898 interpretandi,
848 853 1068 897 auxiliumque

106 1309 110 1316 ¹
141 1284 252 1308 clausulas
268 1286 303 1307 de-

115 1316 235 1346 rogator-ins
265 1324 302 1345 ap-

116 1346 185 1374 ponit.

316 905 443 939 brachii
461 907 637 940 saecularis
657 907 840 948 invocandi,
852 913 879 939 et
891 907 1066 947 relaxandi,

317 957 442 1002 aliaque
460 960 568 993 omnia
588 965 618 993 et
631 960 756 1003 singula
776 960 926 1000 faciendi,
941 960 1068 1003 quaein

316 1013 501 1055 praemissis
521 1019 553 1047 et
577 1014 662 1047 cirea
688 1025 725 1047 ea
747 1014 928 1047 necessaria
948 1014 1068 1046 suerint

316 1075 374 1098 seu
393 1065 472 1098 alias
491 1067 736 1110 quomodolibet
765 1072 968 1110 opportuna,
997 1067 1067 1111 ple-

315 1128 391 1151 nam
411 1123 523 1153 tenore
545 1120 765 1164 praesentium
792 1120 1001 1153 concedimus
1021 1120 1067 1152 sa-

317 1171 482 1206 cultatem.

310 1251 314 1254 .
360 1226 375 1269 g
401 1226 430 1259 7.
457 1226 527 1260 Non
551 1227 753 1260 obstantibus
781 1226 1067 1260 constitutionibus

315 1284 347 1312 et
366 1279 625 1313 ordinationibus
639 1280 834 1324 apostolicis,
857 1292 893 1313 ac
906 1280 978 1324 piae
999 1291 1067 1313 me-

314 1333 437 1366 moriae
452 1333 608 1367 Bonisacii
628 1334 734 1378 Papae
756 1334 831 1374 VIII,
861 1334 957 1366 etiarn
976 1344 1067 1377 prae-

314 1385 492 1419 decessoris
512 1387 624 1427 nostri,
646 1388 685 1420 de
701 1398 777 1428 una,
805 1392 836 1420 et
858 1386 988 1420 concilii
1014 1397 1068 1429 ge-

314 1440 435 1473 neralis
448 1440 486 1473 de
505 1440 630 1474 duabus
641 1441 775 1481 diaetis3
795 1452 920 1474 necnon
932 1440 1066 1484 quibus-

312 1492 359 1526 vis
375 1493 647 1535 immunitatibus,
661 1495 918 1538 exemptionibus
930 1495 1067 1537 aliisque

312 1546 511 1590 praemissis,
534 1558 571 1580 ae
585 1548 694 1590 aliqua
716 1548 917 1592 possessione
929 1548 979 1580 vel
999 1548 1065 1581 for-

313 1610 371 1633 san
391 1601 603 1645 usurpatione
624 1602 662 1635 de
683 1612 746 1634 non
768 1602 919 1635 solvendo
936 1607 966 1635 et
986 1612 1065 1634 con-

313 1652 498 1695 tribuendo,
521 1665 649 1688 necnon
670 1661 778 1688 nostra
795 1656 833 1688 de
844 1666 907 1688 non
922 1655 1065 1688 tollendo

313 1706 385 1740 iure
396 1707 541 1751 quaesito
557 1708 691 1752 aliisque
700 1708 917 1742 Cancellariae
932 1709 1067 1752 Aposto-

312 1759 561 1803 licae‘regulis;
579 1762 752 1805 privilegiis
772 1772 915 1805 quoque,
933 1762 1066 1795 indultis

314 1819 342 1847 et
369 1813 482 1848 litteris
503 1815 698 1858 apostolicis,
725 1815 890 1859 quibusvis
906 1816 1063 1859 personis,

313 1867 346 1900 iu
365 1877 482 1910 genere
510 1869 558 1901 vel
578 1869 610 1901 in
632 1869 750 1912 specie,
774 1870 832 1902 sul)
853 1870 1063 1912 quibuscum-

314 1931 376 1964 que
396 1921 565 1955 tenoribus
583 1923 875 1962 et‚for1nis‚accum
889 1922 1064 1965 quibusvis,

314 1973 409 2007 etiam
430 1975 710 2019 derogatoriarum
741 1976 952 2019 derogatoriis
980 1977 1066 2009 aliis-

314 2037 390 2069 que,
404 2027 557 2061 clausulis
572 2034 602 2062 et
616 2030 763 2069 decretis,
780 2030 839 2062 sub
856 2030 1066 2073 quibuscum·

315 2091 378 2123 que
404 2081 578 2115 verborum
600 2083 710 2115 formis
724 2089 755 2115 et
771 2083 947 2123 tenoribus,
969 2083 1065 2116 etiam

315 2138 404 2166 motu
416 2134 512 2168 simili
525 2146 562 2168 ac
572 2136 649 2168 alias
662 2136 692 2168 in
701 2135 863 2168 contrariu
870 2147 898 2168 m
910 2135 1065 2179 praemis—

315 2180 1066 2234 soruni'fluomodolibetconcessis,001)fi1·1natis

316 2244 347 2272 et
362 2238 528 2282 innovati&
551 2242 669 2285 quibus
686 2243 848 2282 omnibus,
872 2242 967 2275 etiam
989 2243 1066 2276 side

315 2291 378 2324 illis
411 2303 592 2338 eorumque
613 2295 686 2328 totis
713 2295 878 2329 tenoribus
904 2295 1064 2338 specialis,

316 2345 478 2387 specifica,
502 2359 650 2392 expressa
665 2354 693 2381 el
703 2348 867 2382 individua
876 2360 912 2381 ac
923 2349 960 2381 de
969 2350 1066 2382 verbo

316 2398 355 2429 ad
379 2399 525 2441 verbum,
549 2412 612 2434 non
633 2407 740 2434 autem
762 2413 819 2445 per
830 2402 992 2435 clausulas
1011 2413 1065 2445 ge-

316 2448 441 2481 nerales
475 2449 559 2482 idem
595 2450 817 2494 importantes,
856 2451 975 2484 mentio
1010 2462 1065 2484 seu

316 2496 444 2537 quaevis
463 2498 526 2531 alia
541 2499 700 2542 expressio
721 2500 869 2533 habenda
885 2505 977 2539 esset,
991 2500 1065 2533 illo-

315 2554 388 2577 rum
408 2551 535 2580 tenores
554 2548 777 2591 praesentibus
793 2560 850 2592 pro
870 2549 1067 2582 sufficienter

316 2594 473 2636 expressis
488 2594 652 2636 habentes,
665 2603 766 2637 motu,
781 2597 912 2632 scientia
933 2604 963 2632 et
978 2604 1067 2642 pote-

315 2640 402 2674 statis
422 2642 621 2686 plenitudine
644 2645 804 2679 similibus
825 2647 1009 2691 specialiter
1035 2653 1066 2681 et

1111 421 1195 454 dieta
1221 421 1260 453 sit
1285 420 1366 454 Sede
1396 420 1557 453 indultum
1579 420 1665 463 quod
1696 419 1856 460 interdici,

1111 474 1265 517 suspendi
1298 474 1347 506 vel
1380 473 1655 507 excommunicari
1689 484 1755 507 non
1783 484 1858 517 pos-

1111 527 1174 560 sint
1198 538 1257 571 per
1280 528 1402 561 litteras
1426 527 1618 571 apostolicas
1641 537 1707 561 non
1738 527 1858 560 facien-

1113 586 1158 614 tes
1178 581 1306 625 plenam
1331 586 1363 614 et
1386 591 1568 625 expressam
1589 591 1624 613 ac
1649 580 1688 613 de
1707 580 1803 613 verbo
1819 580 1860 614 ad

1110 635 1243 667 verbum
1274 634 1314 668 de
1346 634 1473 667 indulto
1505 633 1692 667 huiusmodi
1723 633 1859 668 mentio-

1110 698 1196 720 nem.

1153 741 1240 774 Nulli
1254 752 1331 784 ergo
1351 741 1484 774 omnino
1507 740 1679 774 hominum
1691 744 1750 774 etc.

1153 795 1268 828 Datum
1289 795 1408 828 Romae
1432 795 1518 839 apud
1544 795 1698 828 Sanctum
1717 795 1858 834 Petrum,

1110 859 1196 881 anno
1221 849 1452 882 Incarnationis
1479 847 1659 881 dominicae
1689 847 1859 881 millesimo

1109 901 1370 945 quingentesimo
1400 901 1619 945 octuagesimo
1645 901 1771 945 quinto,
1790 906 1859 935 ter-

1110 955 1153 988 tio
1174 956 1328 989 kalendas
1345 955 1428 996 iulii,
1444 955 1652 999 pontificatus
1663 953 1859 988 nostrianno

1113 1009 1232 1053 primo.

1178 1066 1240 1096 Dat.
1258 1067 1304 1097 die
1316 1067 1354 1097 29
1369 1067 1446 1097 iunii
1463 1067 1551 1104 1585,
1564 1067 1669 1106 pontis.
1683 1075 1760 1097 anno
1777 1074 1797 1096 ι.

1454 1226 1516 1260 VII.

1108 1317 1294 1350 Prohz'bilio
1321 1316 1492 1349 alienandi
1507 1327 1566 1360 per
1583 1317 1726 1351 subditos
1747 1316 1860 1351 Status

1152 1370 1374 1403 Ecclesiastict'
1404 1370 1440 1403 in
1459 1381 1525 1403 non
1541 1370 1683 1404 subditos
1702 1374 1732 1404 et
1749 1371 1860 1414 foren-

1151 1435 1199 1456 ses
1231 1425 1315 1457 bona
1338 1424 1375 1456 in
1398 1435 1432 1457 eo
1454 1425 1629 1457 existentia
1655 1428 1712 1457 aut
1733 1424 1861 1467 fortali-

1154 1478 1201 1510 lia
1220 1483 1250 1510 et
1272 1481 1392 1519 castra,
1411 1478 1525 1522 absque
1547 1477 1639 1511 Sedis
1657 1477 1859 1522 Apostolicae

1153 1531 1287 1564 licentia

1169 1625 1263 1653 sixtus
1281 1624 1437 1660 episcopus.
1453 1631 1550 1653 servus
1569 1632 1709 1654 servorum
1721 1624 1784 1658 Dei.

1249 1679 1282 1706 ad
1300 1679 1464 1714 perpetuam
1487 1678 1528 1706 rei
1546 1678 1715 1707 memoriam.

1149 1763 1338 1797 Sollicitudo
1364 1769 1583 1807 paternusque
1613 1764 1767 1805 affectus,
1794 1775 1858 1807 quo

1107 1816 1199 1850 Sedis
1218 1817 1362 1860 Apostol.
1381 1817 1524 1850 subditos
1541 1818 1781 1861 prosequimur,
1797 1828 1857 1851 nos

1107 1870 1267 1903 inducunt
1292 1875 1327 1903 ut
1347 1881 1384 1904 ea
1412 1870 1559 1913 diligenti
1579 1881 1657 1904 cura
1677 1871 1856 1915 prospicia-

1107 1934 1190 1963 mus,
1200 1935 1283 1968 quae
1297 1924 1338 1957 ad
1348 1924 1478 1958 illorum
1492 1925 1778 1966 conservationem,
1789 1925 1858 1959 Sta-

1106 1981 1223 2019 tusque
1238 1976 1398 2010 Ecclesiae
1415 1976 1585 2010 utilitatem
1603 1982 1634 2010 et
1649 1977 1856 2012 commodum

1108 2029 1282 2073 pertinent.

1151 2083 1166 2125 ξ
1186 2084 1216 2115 sl.
1251 2083 1444 2127 Accepimus
1472 2083 1629 2127 siquidem
1649 2083 1736 2127 quod
1754 2083 1788 2117 in
1807 2084 1856 2118 di-

1106 2137 1203 2170 versis
1224 2136 1415 2176 civitatibus,
1438 2137 1683 2181 terris,0ppidis
1693 2143 1725 2171 et
1735 2138 1857 2179 castris,

1108 2190 1201 2223 nobis
1229 2195 1259 2223 et
1289 2190 1392 2223 dictae
1423 2189 1511 2223 Sedis
1542 2191 1713 2235 temporali
1744 2191 1858 2225 ditioni

1107 2243 1272 2284 subiectis,
1296 2249 1402 2276 extant
1432 2249 1548 2277 statuta
1574 2243 1778 2288 prohibentia
1807 2255 1858 2278 res

1108 2307 1144 2329 ac
1165 2297 1250 2329 bona
1270 2297 1393 2330 stabilia
1414 2297 1446 2329 in
1459 2297 1600 2331 forenses
1620 2303 1651 2331 et
1669 2308 1736 2331 non
1747 2298 1856 2332 subdi-

1110 2355 1157 2383 tos
1176 2350 1320 2383 alienari.
1343 2349 1558 2383 Nihilominus
1575 2351 1725 2384 nonnulli
1736 2351 1818 2385 cives
1828 2351 1859 2385 et

1109 2403 1233 2436 incolae
1264 2403 1442 2444 civitatum,
1476 2409 1646 2444 terrarum,
1677 2410 1856 2438 castrorum

1109 2458 1140 2485 et
1160 2453 1305 2485 locorum
1326 2453 1513 2486 huiusmodi
1533 2453 1617 2486 bona
1637 2453 1763 2487 stabilia
1786 2453 1857 2486 aliis

1110 2502 1255 2544 personis
1296 2501 1454 2535 extraneis
1484 2502 1621 2535 vendere
1655 2509 1686 2536 et
1717 2502 1856 2535 alienare

1111 2557 1334 2594 praesumunt,
1356 2551 1388 2584 in
1399 2551 1570 2584 maximum
1584 2551 1815 2596 praeiudicium
1826 2556 1858 2584 et

1109 2600 1263 2633 damnum
1286 2600 1402 2633 civium
1423 2610 1455 2634 et
1474 2600 1653 2634 incolarum
1674 2599 1855 2644 praedicto-

1109 2659 1193 2681 rum.

1874 2129 1982 2151 consui-iu
1988 2120 1996 2151 κ’
2001 2122 2008 2151 2
2014 2132 2026 2148 ι
