2059 3228
137 191 193 223 An.
213 192 243 222 C.
256 194 324 223 1575

387 186 450 221 558

339 250 471 283 cultates
479 252 507 281 et
518 248 635 290 gratias
644 247 827 291 praedictae
839 247 972 282 militiae
983 248 1085 281 illius-

338 312 401 347 que
422 301 586 344 magistro,
595 301 777 342 conventui,
786 301 936 335 fratribus
947 307 979 335 et
986 312 1087 335 mem-

336 355 402 389 hris
420 365 479 399 per
498 354 613 388 Sedem
640 354 838 398 praedictam
859 365 1028 388 concessas
1054 361 1085 388 et

335 408 567 448 concedendas,
585 408 720 441 durante
731 418 936 452 quacumque
949 419 1084 453 suspen-

333 461 423 495 sione
453 461 623 505 temporali
653 461 929 505 indulgentiarum
954 467 985 496 et
1010 473 1083 505 gra-

332 515 451 548 tiarum
471 525 698 548 concessarum
719 520 749 549 et
768 516 810 548 in·
825 522 988 560 posterum
1004 527 1081 550 con-

331 568 561 609 cedendarum,
583 569 646 602 nisi
665 570 704 603 de
725 569 770 603 eis
789 575 820 603 et
841 570 955 604 militia
987 581 1081 613 prae-

331 622 416 656 dicta
435 622 556 656 mentio
571 622 636 664 fiat,
657 634 827 667 suspensas
847 634 913 657 non
934 624 1080 665 intelligi,

330 675 385 708 sed
405 675 438 708 in
456 686 515 709 suo
534 675 670 721 pristino
690 677 807 710 robore
837 688 958 722 suaque
978 677 1080 710 firmi-

327 734 391 762 tate
411 740 554 763 manere.

371 783 385 827 g
408 782 462 816 42.
490 783 563 824 Sed,
583 794 624 818 ne
645 784 820 828 aliquando
846 785 992 818 dubitare
1005 795 1080 818 con-

326 840 429 880 tingat
448 847 488 869 an
508 837 688 881 hospitalia,
711 837 869 871 beneficia
895 843 926 871 et
950 839 1020 872 loca
1041 839 1079 871 ad

325 890 484 934 hospitale
504 891 610 924 Sancti
623 891 731 924 Lazari
746 892 991 935 quomodolibet
1005 903 1077 936 per-

325 944 462 977 tinentia
481 944 595 978 eodem
617 946 712 978 modo
730 951 800 989 post
819 945 972 979 unionem
983 957 1077 989 prae-

324 997 442 1031 dictam
453 1009 570 1042 magno
582 999 734 1042 magistro
743 999 877 1033 militiae
887 999 1077 1032 Sanctorum

323 1050 460 1084 Mauritii
487 1056 517 1084 et
537 1052 644 1084 Lazari
666 1052 807 1085 subiecta
828 1063 895 1085 csse
924 1062 1077 1085 censean-

322 1110 388 1145 tur,
410 1115 474 1148 quo
508 1111 581 1138 ante
601 1105 756 1139 unionem
787 1106 889 1150 ipsam
925 1106 1077 1148 magistro

322 1158 430 1192 Sancti
451 1159 559 1192 Lazari
573 1159 795 1198 subiacebant‚
815 1169 894 1192 neve
912 1170 970 1203 per
984 1159 1078 1192 unio-

322 1221 397 1244 nem
418 1211 521 1256 ipsam
541 1212 679 1252 iuribus,
710 1212 823 1253 titulis,
851 1212 1078 1256 praerogativis

323 1264 363 1298 ad
383 1265 502 1298 dictam
522 1265 722 1308 Religionem
748 1265 855 1299 Sancti
880 1265 987 1298 Lazari
1005 1272 1077 1299 ante

321 1318 476 1352 unionem
488 1319 589 1363 ipsam
599 1319 740 1362 legitime
753 1319 1077 1363 spectantibusdero-

320 1377 430 1416 gatum
455 1378 510 1405 aut
521 1373 701 1406 detractum
722 1372 837 1410 fuisse,
858 1373 1076 1417 praesentium

321 1426 512 1460 auctoritate
538 1427 742 1460 declaramus
775 1426 883 1460 omnia
919 1432 945 1459 et
977 1438 1077 1469 quae-

321 1490 460 1524 cumque
484 1479 666 1524 hospitalia,
691 1480 849 1513 beneficia
869 1486 898 1513 et
920 1480 981 1513 alia
1006 1481 1079 1513 loca

320 1533 358 1566 ad
379 1533 502 1566 dictum
517 1533 676 1577 hospitale
697 1534 728 1567 S.
752 1534 859 1566 Lazari
873 1534 1077 1577 quomodoli-

319 1587 370 1620 bet
392 1586 583 1630 spectantia,
603 1592 699 1630 prout
721 1587 835 1620 litteris
860 1587 990 1620 unionis
1019 1598 1078 1621 no-

319 1645 402 1674 strae
423 1640 607 1684 praedictae
627 1651 664 1673 ac
684 1640 908 1683 praesentibus
929 1652 1078 1679 compre·

318 1694 518 1734 henduntur,
541 1704 658 1735 magno
676 1694 830 1736 magistro
852 1694 984 1727 militiae
997 1695 1078 1727 San-

320 1753 445 1781 ctorum
470 1746 607 1780 Mauritii
629 1753 659 1779 et
683 1747 803 1787 Lazari,
833 1748 947 1780 eodem
977 1749 1074 1781 modo

319 1811 384 1845 quo
402 1800 553 1843 magistro
573 1799 739 1844 hospitalis
751 1800 859 1833 Sancti
878 1801 984 1834 Lazari
1003 1807 1079 1837 ante,

319 1853 475 1888 unionem
497 1854 694 1898 praedictam
707 1854 851 1887 subiecta
865 1861 968 1893 crant,
984 1866 1076 1898 pror-

320 1919 374 1942 sus
393 1908 536 1942 subiecta
558 1919 636 1948 esse,
654 1918 714 1941 nec
734 1908 1077 1952 perunioncmlmius-

320 1962 408 1995 modi
429 1961 602 2005 quicquam
624 1961 663 1994 de
684 1961 822 1998 iuribus,
845 1961 956 2001 titulis,
985 1972 1076 2005 prae-

321 2015 495 2058 rogativis,
518 2014 771 2058 pi'aeetninentiis
799 2015 837 2047 ad
860 2015 981 2047 (lii-tum
1016 2015 1075 2047 lio-

321 2068 435 2112 spitale
445 2068 476 2101 S.
496 2068 603 2101 Lazari
618 2074 691 2100 ante
708 2068 862 2100 unionem
880 2068 980 2110 ipsam
999 2067 1076 2110 legi-

321 2121 399 2154 time
430 2121 648 2165 spectantibus
671 2120 850 2153 detractum
885 2131 974 2159 esse,
1007 2131 1073 2152 ma-

322 2185 488 2217 gnumque
510 2175 708 2217 magistrum,
730 2174 877 2206 militiam
899 2185 935 2206 ac
957 2174 1075 2206 milites

323 2227 515 2261 Sanctorum
541 2227 676 2260 Mauritii
697 2233 724 2260 et
750 2227 856 2260 Lazari
880 2227 941 2260 illis
968 2228 1073 2260 omni-

323 2280 383 2313 bus
403 2280 516 2313 eodem
544 2281 639 2313 modo
665 2281 728 2313 frui
749 2287 777 2313 et
804 2281 944 2323 gaudere
967 2290 1070 2323 posse,

324 2344 388 2377 quo
408 2334 570 2376 magister,
593 2334 761 2377 hospitale,
782 2334 903 2377 Religio
915 2339 944 2366 ct
959 2333 1074 2366 milites

325 2382 430 2415 Sancti
452 2383 558 2415 Lazari
578 2383 752 2426 gauderent
772 2389 802 2415 et
823 2384 1022 2421 fruerentur,
1037 2394 1074 2416 ac

325 2430 388 2463 frui
408 2437 439 2463 ct
458 2432 599 2474 gaudere
619 2438 761 2475 possent,
784 2433 808 2464 si
820 2431 897 2464 unio
910 2431 976 2475 ipsa
991 2432 1071 2464 facta

326 2488 390 2511 non
411 2485 509 2519 esset;
536 2480 646 2523 sicque
667 2492 724 2524 per
743 2490 967 2523 quoscumque
988 2479 1072 2512 iudi-

326 2538 390 2567 ces,
413 2528 592 2561 ordinarios
612 2536 642 2562 et
662 2530 835 2573 delegatos,
853 2530 946 2562 ctiam
959 2540 1072 2562 causa-

326 2586 398 2608 rum
419 2576 528 2609 Palatii
549 2578 723 2621 Apostolici
743 2578 916 2619 auditores,
939 2589 975 2612 ac
992 2578 1069 2612 Sti.

929 178 986 229 &a
995 195 1012 219 t.
1020 195 1114 219 muru
1136 194 1288 219 acumini

1129 247 1162 280 E.
1187 247 1376 288 cardinales,
1399 246 1432 280 in
1451 247 1559 290 quavis
1581 258 1677 282 causa
1702 253 1733 282 et
1757 248 1877 282 instan-

1130 300 1184 340 tia,
1206 301 1332 334 sublata
1353 301 1398 334 eis
1417 306 1448 334 et
1468 311 1580 334 eorum
1607 302 1740 336 cuilibet
1767 302 1877 347 quavis

1128 354 1220 387 aliter
1240 354 1403 387 iudicandi
1423 359 1454 387 et
1473 354 1704 398 interpretandi
1724 357 1874 390 facultate

1126 413 1157 440 et
1180 408 1384 449 auctoritate,
1406 408 1526 452 ubique
1542 408 1676 441 iudicari
1695 415 1727 442 et
1741 410 1874 443 diffiniri

1126 461 1256 501 debere;
1278 461 1473 504 irritumque
1483 462 1551 494 fore
1563 466 1594 494 et
1606 461 1699 495 inane
1713 463 1874 508 quidquid

1125 525 1216 548 secus
1237 525 1295 558 per
1306 525 1540 559 quoscumque,
1555 515 1695 549 scienter
1716 517 1766 550 vel
1781 516 1875 560 igno-

1123 573 1243 608 ranter,
1271 568 1446 611 contigerit
1465 568 1627 602 attentari.
1702 578 1717 591 ⁴·

1166 621 1180 664 ξ
1204 621 1258 655 43.
1286 622 1433 655 volentes
1454 627 1490 654 ut
1508 622 1556 654 illi
1586 622 1752 656 dumtaxat
1778 622 1876 666 privi-

1121 674 1213 717 legiis
1241 675 1343 708 dictae
1365 675 1498 708 militiae
1518 675 1710 708 Sanctorum
1734 676 1873 710 Mauritii

1121 733 1151 760 et
1170 728 1278 760 Lazari
1299 728 1460 761 concessis
1485 729 1657 771 gaudeant,
1679 729 1872 773 quiaprae-

1120 781 1206 814 dicto
1232 792 1347 824 magno
1368 782 1520 825 magistro
1540 792 1597 815 seu
1617 782 1656 815 de
1675 782 1744 816 eius
1769 782 1871 817 licen—

1122 834 1163 867 tia
1183 834 1329 867 habitum
1350 835 1551 878 susceperint
1577 841 1609 868 et
1639 836 1872 879 professionem

1120 887 1297 928 emiserint,
1320 899 1376 921 seu
1406 889 1445 922 de
1465 888 1576 921 habitu
1608 888 1815 932 suscipiendo
1840 895 1872 923 et

1120 941 1320 984 professione
1329 941 1514 975 huiusmodi
1524 941 1696 975 emittenda
1708 942 1790 975 infra
1800 953 1870 976 cer-

1119 1000 1185 1026 tum
1218 1000 1346 1038 tempus
1383 995 1493 1028 arctati
1522 995 1652 1028 fuerint.
1691 995 1870 1039 Nullusque

1120 1048 1278 1091 priorum,
1301 1055 1549 1092 praeceptorum
1574 1055 1606 1082 et
1625 1049 1759 1083 fratrum
1778 1060 1872 1093 prae-

1119 1101 1294 1141 dictorum,
1311 1103 1437 1146 absque
1473 1104 1624 1136 mandato
1653 1114 1708 1136 seu
1739 1102 1870 1137 licentia

1119 1155 1274 1198 praedicti
1295 1156 1402 1199 magni
1424 1156 1566 1199 magistri
1596 1162 1652 1190 aut
1680 1157 1794 1190 saltem
1819 1156 1869 1190 sui

1119 1201 1236 1251 prioris
1271 1220 1326 1242 seu
1354 1210 1574 1252 procuratoris
1603 1210 1704 1254 ipsius
1736 1210 1869 1244 militiae

1119 1261 1310 1295 Sanctorum
1331 1262 1466 1295 Mauritii
1483 1268 1514 1295 et
1532 1262 1640 1296 Lazari
1656 1263 1688 1295 in
1705 1263 1869 1307 praedicta

1119 1315 1262 1348 Romana
1282 1315 1377 1349 Curia
1398 1317 1573 1357 existentis,
1596 1316 1869 1361 privilegiisprae-

1119 1369 1211 1402 dictis
1231 1370 1262 1402 in
1283 1370 1394 1402 eadem
1415 1369 1510 1403 Curia
1530 1371 1576 1403 uti
1594 1371 1708 1411 valeat,
1729 1382 1790 1405 nec
1813 1371 1868 1405 itta

1096 1421 1100 1428 “
1119 1423 1239 1466 absque
1264 1423 1450 1456 huiusmodi
1471 1423 1868 1458 licentiavacantibussuf-

1119 1476 1297 1519 fragantur.

1163 1529 1254 1573 §4-4.
1296 1530 1400 1573 thue
1431 1535 1496 1563 tam
1521 1530 1740 1575 praesentium
1768 1542 1866 1576 quam

1119 1582 1400 1627 quarhmcumque
1414 1583 1595 1617 litterarum
1614 1585 1865 1629 apostolicarum

1120 1647 1176 1669 seu
1205 1647 1317 1670 earum
1351 1642 1625 1681 transumptorum
1655 1644 1686 1671 et
1703 1640 1867 1673 mandato·

1119 1701 1191 1722 rum
1213 1690 1355 1733 magistri
1375 1697 1406 1723 et
1425 1696 1601 1724 conventus
1625 1692 1865 1735 praedictorum

1097 1752 1099 1764 ¹
1119 1744 1295 1788 publicatio
1315 1743 1458 1777 etaffixio
1471 1745 1502 1777 in
1515 1744 1648 1788 singulis
1658 1746 1865 1790 prioratibus,

1119 1798 1362 1842 praeceptoriis,
1392 1798 1546 1831 membris
1565 1804 1596 1831 et
1614 1799 1781 1833 beneficiis
1803 1800 1866 1835 Re-

1118 1852 1244 1893 ligionis
1272 1851 1457 1885 huiusmodi
1477 1851 1590 1891 factae,
1613 1858 1779 1896 postquam
1796 1853 1867 1888 dili-

1118 1905 1224 1947 gentia
1242 1905 1279 1937 de
1305 1905 1368 1938 illis
1385 1905 1596 1949 personaliter
1623 1906 1866 1950 reperiendisin

1118 1958 1304 1991 huiusmodi
1325 1959 1405 1991 locis
1429 1959 1511 1991 sacta
1528 1959 1635 2000 fuerit,
1658 1960 1794 2003 perinde
1817 1971 1866 1994 ar-

1117 2018 1214 2051 ctent,
1234 2023 1270 2045 ac
1288 2012 1313 2045 si
1338 2017 1450 2045 contra
1481 2018 1631 2046 contenta
1660 2014 1719 2047 sub
1745 2013 1864 2048 eisdem

1117 2066 1330 2108 personaliter
1348 2066 1449 2098 factae
1467 2066 1582 2099 forent.
1624 2090 1637 2101 t

1160 2120 1174 2161 ξ
1198 2119 1250 2151 45.
1278 2119 1453 2158 Postremo,
1477 2126 1512 2151 ut
1531 2119 1634 2152 verbis
1658 2120 1690 2152 in
1720 2120 1863 2164 ipsorum

1117 2173 1259 2215 magistri
1281 2178 1309 2205 et
1333 2178 1507 2206 conventus
1527 2173 1642 2206 litteris
1661 2173 1748 2208 circa
1770 2175 1864 2208 habi—

1117 2232 1166 2258 tus
1185 2225 1421 2269 susceptionem
1442 2232 1473 2259 et
1495 2226 1705 2270 professionis
1739 2229 1864 2272 regula-

1116 2279 1158 2311 ris
1183 2279 1387 2312 emissionem
1410 2290 1448 2313 ac
1478 2280 1660 2313 debitorum
1692 2280 1863 2324 obsequio-

1116 2343 1186 2365 rum
1217 2334 1463 2376 praestationem
1494 2333 1694 2376 singulorum
1728 2335 1861 2374 fratrum

1115 2381 1252 2413 militam
1282 2382 1384 2415 dictae
1419 2382 1551 2415 militiae
1581 2383 1733 2427 appositis
1768 2384 1864 2427 plena

1116 2430 1193 2463 tides
1218 2430 1418 2463 adhibeatur.
1441 2430 1599 2469 Quocirca
1629 2431 1863 2466 venerabilibus

1115 2479 1266 2512 fratribus
1313 2480 1431 2513 nostris
1468 2480 1712 2524 archiepiscopo
1753 2481 1863 2514 'l'auri-

1114 2529 1218 2569 nensi,
1246 2535 1278 2561 et
1298 2529 1512 2562 Maurianensi
1532 2540 1569 2562 ac
1595 2529 1765 2563 Bellinensi
1791 2531 1861 2573 epi-

1114 2578 1219 2621 scopis
1243 2589 1302 2622 per
1328 2579 1502 2622 apostolica
1527 2579 1646 2622 scripta
1671 2578 1860 2612 mandamus

1889 193 1943 224 an.
1967 228 1976 230 „
2013 206 2026 221 :³

1877 2169 1940 2191 prae!
1964 2148 1970 2150 >
1975 2154 1989 2191 T]

1877 2198 1975 2219 §emm
