2059 3228
141 182 195 213 An.
208 184 237 213 C.
256 184 324 214 1583

162 731 281 755 ctausutao.

182 1324 314 1346 &seniores

130 1357 253 1382 praesentis
261 1361 316 1378 con-

140 1387 254 1408 titutionis.

171 1901 284 1929 Derngatio

127 1935 289 1955 contrariorum.

181 2345 241 2368 fidos
256 2350 310 2369 tran-

129 2380 261 2404 sumptorum.

381 177 446 211 422

337 250 477 284 cumque
495 239 655 273 beneficio
675 245 706 273 et
732 241 838 274 officio
866 243 1085 277 ecclesiastico

336 293 384 326 vel
396 293 565 333 saeculari,
579 293 644 327 sive
657 296 826 338 temporali
838 296 901 330 sive
912 302 1082 341 perpetuo,

336 345 470 380 existere
490 346 640 390 privatos,
661 353 693 381 et
711 347 751 381 ad
770 348 825 382 illa
845 349 1003 383 inhabiles
1016 360 1084 383 esse

335 397 504 432 statuimus
533 406 564 434 et
590 401 811 443 declaramus;
843 408 874 436 et
898 402 930 436 in
957 404 1085 437 casibus

335 451 519 495 praedictis,
546 453 782 488 absolutionem
807 465 826 488 a
850 456 1006 489 sententia
1029 466 1083 489 ex-

335 507 650 548 communicationis,
675 507 766 541 nobis
786 514 817 541 et
835 508 980 543 Romano
999 509 1083 543 Pon-

334 557 425 599 tifici,
447 565 675 604 praeterquam
701 561 726 594 si
751 562 783 594 in
809 561 945 596 articulo
972 563 1083 597 mortis

334 611 499 646 constituti
519 614 652 656 fuerint,
674 625 886 650 reservamus.

377 665 393 709 ἓ
403 665 434 700 5.
445 666 563 711 Sicque
574 673 605 701 et
615 678 679 702 non
689 669 782 703 aliter
792 680 850 713 per
860 680 1083 714 quoscumque

333 719 458 754 iudices
468 725 500 754 et
509 721 758 763 commissarios,
773 723 884 767 quavis
894 724 1083 757 auctoritate

333 772 515 816 fungentes,
537 775 660 809 etiamsi
681 775 713 809 S.
736 776 772 809 R.
795 777 830 809 E.
853 777 1032 811 cardinales
1052 783 1083 811 et

333 837 503 861 causarum
515 828 627 862 Palatii
641 829 816 872 Apostolici
833 830 997 864 auditores
1015 831 1082 865 fue-

332 879 409 921 rint,
431 880 555 914 sublata
574 882 621 915 eis
641 887 673 915 et
693 893 806 916 eorum
823 884 957 917 cuilibet
972 884 1082 928 quavis

331 933 426 967 aliter
443 933 607 968 iudicandi
628 941 657 968 et
677 935 910 980 interpretandi
932 937 1082 971 facultate

331 992 363 1021 et
381 988 585 1029 auctoritate,
602 989 739 1023 iudicari
759 996 791 1023 et
809 990 936 1023 definiri
952 991 1080 1032 debere,

330 1051 368 1075 ac
387 1041 413 1074 si
435 1052 528 1076 secus
547 1054 646 1087 super
665 1043 715 1077 his
735 1054 753 1076 a
771 1054 948 1087 quoquam,
971 1045 1081 1088 quavis

330 1096 532 1137 auctoritate,
551 1097 690 1131 scienter
708 1098 756 1130 vel
777 1098 975 1141 ignoranter,
1002 1110 1080 1132 con-

329 1148 461 1192 tingerit
479 1151 642 1193 attentari,
658 1151 786 1184 irritum
807 1157 838 1185 et
856 1152 951 1185 inane
967 1153 1080 1186 decer-

329 1202 448 1236 nimus.

372 1256 389 1300 ἓ
408 1256 438 1290 6.
462 1257 647 1291 Mandantes
667 1257 818 1291 omnibus
833 1264 864 1292 et
879 1259 1014 1302 singulis
1027 1270 1079 1292 ve-

328 1309 528 1344 nerabilibus
549 1311 704 1344 fratribus
723 1312 988 1356 archiepiscopis,
1010 1313 1079 1357 epi-

328 1362 434 1407 scopis
442 1374 479 1397 ac
489 1364 615 1398 dilectis
629 1364 703 1398 siliis
717 1365 887 1399 abbatibus
899 1366 1079 1410 ceterisque

327 1416 539 1451 ecclesiarum
560 1419 722 1461 praelatis,
744 1430 950 1463 quacumque
968 1426 1078 1454 aucto-

327 1470 422 1504 ritate
442 1476 474 1504 et
498 1471 652 1515 dignitate
679 1473 887 1515 fulgentibus,
908 1474 1079 1508 comitatus

326 1523 501 1568 praedicti,
519 1530 677 1569 quatenus
696 1526 878 1570 praedictas
902 1528 1023 1561 litteras
1048 1533 1080 1561 et

326 1577 360 1611 in
387 1578 434 1612 eis
459 1584 610 1612 contenta
639 1590 866 1624 quaecumque
897 1581 928 1613 in
964 1592 1077 1615 eorum

325 1642 453 1666 necnon
472 1632 674 1676 singulorum
694 1634 937 1677 parochialibus
957 1641 988 1669 et
1006 1636 1078 1668 aliis

326 1685 480 1727 ecclesiis,
507 1686 532 1720 si
559 1687 590 1720 id
615 1687 834 1720 necessarium
860 1698 927 1721 esse
954 1689 1077 1723 iudica-

325 1739 440 1781 verint,
461 1739 627 1784 publicent
646 1751 702 1773 seu
719 1740 878 1784 publicari
898 1741 1029 1783 faciant,
1048 1749 1075 1776 et

325 1792 365 1826 ab
385 1793 536 1826 omnibus
557 1799 666 1827 exacte
685 1794 802 1827 servari
819 1800 944 1828 curent.

368 1846 428 1890 §7-
446 1847 515 1880 Non
529 1847 730 1881 obstantibus
747 1848 1032 1882 constitutionibus
1048 1855 1076 1882 et

325 1895 584 1930 ordinationibus
613 1897 798 1940 apostolicis
819 1898 989 1931 contrariis
1004 1899 1076 1943 qui-

326 1944 546 1989 buscumque;
563 1951 619 1979 aut
629 1946 654 1978 si
665 1945 839 1989 aliquibus,
861 1948 1078 1981 communiter

326 1994 373 2026 vel
385 1993 528 2035 divisim,
546 1996 585 2029 ab
599 1995 783 2039 Apostolica
807 1995 847 2028 sit
867 1995 948 2029 Sede
966 1997 1076 2030 indul-

325 2047 393 2075 tum
410 2044 498 2086 quod
517 2044 680 2085 interdici,
706 2045 859 2088 suspendi
879 2046 926 2077 vel
947 2056 1076 2079 excom-

325 2092 485 2126 municari
512 2103 592 2133 non.
612 2094 735 2137 possint
760 2104 819 2137 per
845 2094 967 2127 litteras
998 2105 1076 2138 apo-

325 2140 453 2174 stolicas
464 2151 530 2174 non
544 2142 698 2175 facientes
710 2143 838 2186 plenam
852 2148 882 2175 et
894 2153 1075 2186 expressam

325 2199 361 2221 ac
377 2189 417 2223 de
430 2190 528 2223 verbo
553 2191 592 2223 ad
611 2191 744 2224 verbum
765 2191 804 2225 de
825 2191 950 2225 indulto
965 2192 1076 2226 liuius—

326 2238 414 2271 modi
442 2239 650 2273 mentionem.

369 2287 384 2330 ἓ
404 2289 434 2321 8.
458 2289 617 2329 Ceterum,
638 2288 714 2333 quia
733 2289 863 2322 difficile
884 2290 964 2323 soret
983 2301 1076 2334 prac-

324 2344 430 2370 sentes
464 2337 584 2371 litteras
609 2339 649 2371 ad
678 2339 805 2381 singula
831 2350 979 2383 quaeque
1005 2341 1076 2374 loca

326 2385 455 2426 deferri,
467 2387 498 2419 in
512 2387 631 2430 quibus
642 2388 762 2420 eaedem
773 2389 931 2431 publicari
943 2389 1072 2430 debent,

326 2434 474 2467 volumus
493 2436 579 2479 quod
596 2436 725 2469 illarum
740 2437 961 2480 transumptis,
979 2438 1073 2470 etiam

326 2481 501 2525 impressis,
525 2495 620 2517 manu
649 2484 787 2518 alicuius
812 2485 928 2518 notarii
953 2486 1073 2529 publici

327 2530 526 2575 subscriptis,
542 2539 571 2565 et
591 2533 696 2575 sigillo
711 2544 866 2577 personae
878 2535 911 2568 in
927 2535 1074 2569 ecclcsia—

327 2578 407 2612 stica
424 2580 580 2622 dignitate
601 2586 658 2615 otc.

929 190 1008 214 RUYJ.
1016 189 1107 212 inimi
1126 189 1143 213 R
1149 189 1277 213 emutuit

1170 242 1185 285 g
1205 242 1236 275 9.
1258 241 1297 274 Et
1315 251 1355 274 ne
1375 241 1492 285 aliqui,
1521 251 1556 275 ex
1584 251 1622 276 eo
1645 241 1730 286 quod
1757 240 1871 275 notitia

1125 295 1365 339 praedictarum
1385 294 1565 328 litterarum
1583 295 1622 328 ad
1643 305 1697 328 eos
1715 305 1782 328 non
1796 305 1871 340 per-

1125 348 1267 389 venerit,
1303 358 1336 382 se
1366 358 1518 382 excusare
1546 347 1687 392 possint,
1722 348 1872 383 volumus

1125 413 1238 436 eorum
1259 407 1471 446 transumpta,
1493 401 1601 442 etiam,
1623 407 1659 434 ut
1677 402 1869 445 praefertur,

1125 457 1281 500 impressa
1306 460 1336 489 et
1361 455 1393 488 in
1418 455 1554 498 singulis
1580 455 1812 489 cathedralium
1840 461 1872 490 et

1124 510 1448 553 metropolitanarum
1462 508 1672 542 ecclesiarum
1685 508 1762 542 dicti
1773 509 1873 543 comi-

1124 568 1207 597 tatus
1227 563 1320 596 valvis
1345 563 1454 603 affixa,
1480 573 1574 596 verae
1599 567 1631 595 et
1648 562 1745 596 realis
1766 563 1873 607 publi-

1124 618 1260 651 cationis
1285 623 1317 651 et
1340 616 1551 650 intimationis
1577 616 1641 649 vim
1666 622 1697 650 et
1722 616 1871 650 effectum

1124 672 1314 712 sortiantur,
1331 681 1367 704 ac
1379 681 1491 704 omnes
1504 674 1534 703 et
1546 670 1702 713 singulos,
1718 680 1800 714 quos
1809 670 1873 705 iltae

1123 730 1337 766 concernunt,
1362 724 1497 769 perinde
1524 724 1675 765 afficiant,
1704 734 1741 757 ac
1760 723 1785 758 si
1805 724 1872 757 sin-

1123 779 1278 822 gulariter
1289 785 1319 813 et
1330 777 1544 823 personaliter
1558 777 1694 821 singulis
1707 777 1872 812 intimatae

1122 833 1239 866 forent.
1336 835 1338 838 ’

1166 886 1279 919 Datum
1301 886 1420 919 Romae
1439 885 1527 929 apud
1549 884 1703 919 Sanctum
1726 884 1869 933 Petrum,

1121 939 1182 973 sub
1192 940 1312 973 annulo
1326 939 1507 980 piscatoris,
1523 938 1574 972 die
1585 939 1679 972 umai
1691 948 1869 980 mntxxxm,

1122 993 1329 1037 pontificatus
1348 992 1449 1026 nostri
1470 1003 1555 1026 anno
1573 1002 1617 1025 xl.

1178 1051 1242 1081 Dat.
1266 1050 1312 1081 die
1328 1051 1345 1081 2
1360 1051 1430 1080 maii
1450 1050 1539 1089 1583,
1558 1050 1666 1090 pontif.
1682 1059 1760 1081 anno
1774 1058 1813 1080 xi.

1450 1204 1453 1209 ‚
1469 1161 1526 1196 ct.

1120 1230 1166 1264 De
1182 1231 1343 1270 electione,
1364 1239 1498 1263 numero
1518 1234 1548 1263 et
1567 1230 1779 1273 qualitatibus
1797 1240 1870 1264 ma-

1163 1285 1341 1328 qistrorum
1359 1294 1470 1317 sacrae
1492 1284 1680 1328 theoloqiae,
1705 1284 1743 1317 de
1770 1288 1870 1318 cetero

1165 1339 1201 1371 in
1233 1338 1413 1380 provinciis
1437 1337 1557 1370 Italiae
1585 1337 1805 1381 eliyevzdorum
1831 1347 1870 1371 em

1165 1391 1287 1425 Ordine
1305 1391 1450 1434 fratrum
1464 1391 1690 1425 Eremitarum
1708 1391 1742 1425 S.
1758 1391 1869 1437 Anqu-

1162 1446 1244 1478 stim'
1259 1444 1287 1479 1.
1822 1437 1829 1446 ’

1118 1512 1228 1541 Dilectis
1242 1512 1309 1541 filiis
1326 1512 1414 1549 priori
1429 1513 1553 1548 generali
1568 1514 1598 1542 et
1614 1513 1752 1542 fratribus
1765 1513 1870 1543 ordinis

1140 1566 1323 1596 Eremitarum
1334 1567 1360 1595 S.
1371 1567 1518 1602 Augustini
1526 1567 1729 1603 provinciarum
1737 1568 1836 1598 ttaiiae

1338 1621 1485 1657 Gregorius
1498 1622 1567 1657 Papa
1581 1621 1651 1651 xiii.

1150 1674 1246 1703 nileoti
1266 1673 1328 1708 filii,
1349 1674 1469 1704 salutem
1492 1675 1522 1704 et
1544 1682 1589 1710 ap.
1603 1674 1832 1704 benedictionem.

1161 1736 1365 1770 Dominicum
1376 1748 1506 1781 gregem
1520 1737 1731 1785 sollicitudini
1739 1743 1869 1772 nostrae

1118 1791 1327 1824 commissum
1336 1791 1470 1825 internis
1480 1792 1583 1825 oculis
1590 1791 1810 1836 perspicacius
1817 1792 1867 1825 in-

1117 1844 1352 1888 trospicientes,
1376 1844 1603 1887 religiosorum
1616 1850 1784 1886 eteorum,
1797 1845 1865 1889 qui,

1117 1898 1290 1930 mundanis
1307 1897 1439 1931 abiectis
1459 1898 1631 1939 illecebris,
1652 1899 1815 1932 Altissimo
1834 1898 1868 1932 in

1117 1951 1311 1984 humilitatis
1319 1951 1432 1995 spiritu
1441 1952 1652 1994 famulantur,
1661 1951 1868 1997 praecipuam

1117 2015 1228 2038 curam
1255 2015 1384 2047 gerere,
1404 2011 1435 2038 et
1454 2016 1490 2038 ea
1510 2016 1593 2048 quae
1614 2006 1808 2049 professioni
1828 2005 1867 2039 il-

1118 2059 1223 2092 lorum
1236 2058 1396 2092 adversari
1410 2070 1466 2093 seu
1479 2060 1724 2104 quomodolibet
1735 2059 1867 2094 illorum

1117 2112 1260 2155 quietem
1297 2118 1328 2145 et
1362 2113 1488 2146 felicem
1525 2118 1643 2146 statum
1677 2113 1868 2157 perturbare

1116 2176 1210 2210 posse
1230 2166 1392 2207 videntur,
1424 2166 1462 2199 de
1485 2166 1591 2199 medio
1615 2167 1743 2208 tollere,
1762 2177 1866 2212 quan-

1118 2226 1185 2252 tum
1203 2230 1239 2252 ex
1255 2220 1318 2252 alto
1335 2219 1428 2252 nobis
1448 2219 1650 2260 conceditur,
1673 2225 1864 2264 satagentes,

1117 2273 1233 2305 mentis
1249 2278 1376 2306 nostrae
1390 2272 1491 2306 aciem
1505 2272 1544 2305 ad
1558 2272 1709 2306 Ordinem
1725 2278 1864 2307 vestrum

1115 2325 1155 2358 ab
1179 2325 1250 2369 ipso
1278 2331 1388 2359 sancto
1413 2326 1544 2360 Aurelio
1569 2326 1748 2370 Augustino
1772 2326 1865 2361 insti-

1115 2384 1232 2420 tutum,
1252 2380 1428 2424 praecipua
1448 2391 1526 2413 cura
1546 2379 1773 2414 convertimus.

1160 2433 1174 2476 ξ
1194 2433 1225 2466 ’1.
1239 2432 1384 2477 Cumque
1404 2433 1488 2466 inter
1501 2444 1567 2475 vos,
1585 2444 1711 2467 summa
1726 2444 1799 2467 cum
1814 2438 1862 2467 to-

1115 2486 1178 2519 tius
1193 2487 1259 2530 agri
1275 2487 1426 2521 dominici
1442 2487 1616 2527 fertilitate,
1630 2486 1863 2531 quamplurimi

1151 2551 1161 2576 1
1180 2549 1239 2577 Alia
1260 2549 1294 2577 de
1320 2550 1373 2577 hoc
1401 2549 1506 2578 Ordine
1529 2549 1592 2585 lege
1614 2549 1691 2584 apud
1712 2548 1792 2578 Alex.
1816 2548 1861 2584 IV,

1108 2597 1206 2621 const.
1223 2600 1302 2626 xxix,
1324 2594 1403 2627 Licet,
1421 2597 1488 2623 tom.
1504 2600 1545 2628 111,
1562 2601 1624 2629 pag.
1641 2593 1703 2621 635.

1917 245 1987 276 131er
1994 249 2005 267 ιι
2020 250 2029 266 .’

1884 278 1970 305 ignom

1883 308 2013 362 atri
2028 296 2043 372 l'

1993 1724 1998 1728 ’
2031 1728 2033 1739 ι

1906 1746 2008 1768 Exor‘
2031 1747 2033 1771 ζ

1939 2138 2031 2163 'wi

1899 2440 1963 2461 Causa
1970 2433 1987 2463 of
1998 2441 2000 2443 '
2010 2447 2011 2451 ¹

1877 2471 1954 2492 constit
1982 2476 1987 2495 ¹,
