2059 3228
190 227 360 271 magnifica
380 232 544 261 structura
570 234 601 261 ot.
631 228 749 261 fabrica
774 240 847 261 suas
867 228 938 271 qni-

188 291 251 325 que
271 281 422 315 ccclesias
443 282 620 315 instaurare
640 282 832 314 studeantct
848 291 937 314 exor-

187 344 287 375 nare;
309 340 419 368 ettam
443 335 474 368 in
496 336 556 368 vita
576 346 672 379 quam
699 336 730 368 in
752 335 863 368 mortis
884 346 936 368 ar-

187 387 300 427 ticulo,
323 398 384 431 pro
400 388 498 421 (lirini
516 389 622 421 cultus
642 393 818 431 augmento
839 393 869 421 et
889 399 935 421 sa-

185 441 253 474 lute
272 442 454 475 animarum
468 453 611 482 suarum,
623 454 660 475 ae
679 443 718 475 ad
730 452 873 485 congrue
885 453 936 475 su-

184 495 389 528 stentandum
425 495 564 539 aliquem
595 495 843 539 presbyterum,
878 495 934 538 qui

183 546 264 581 inibi
290 547 322 581 in
342 548 457 581 divinis
476 549 644 589 deserviat,
671 548 736 582 sive
760 549 839 581 alias
859 559 934 592 erga

183 600 269 645 ipsas
289 601 452 643 ecclesias,
485 603 509 635 si
539 602 743 646 reparatione
769 602 935 645 indigeant

182 654 231 688 vel
251 653 314 687 alia
333 654 556 695 subventione,
579 655 618 688 de
642 654 735 687 bonis
752 654 810 687 sibi
832 665 850 687 a
869 654 932 687 Deo

183 707 319 748 collatis,
341 713 434 751 prout
457 708 574 751 cuique
596 718 654 752 pro
684 708 780 741 modo
800 708 933 741 faculta-

182 765 250 795 tum
275 761 472 795 conscientia
502 761 680 803 dictaverit,
703 762 875 795 munificos
899 774 931 795 se

182 814 355 849 exhibeant
379 820 410 848 ct
435 815 595 855 liberales,
619 821 653 848 ut
672 815 860 848 earumdem
881 826 932 849 ec-

181 867 352 901 clesiarum
373 868 491 902 decora
511 875 541 902 et
561 873 749 901 ornamenta
769 873 930 902 tantorum

179 921 366 966 praesulum
393 923 607 966 respondeant,
617 922 772 964 dignitati,
787 932 822 954 ae
844 923 930 966 ipsae

180 975 334 1008 ecelesiae
364 980 428 1008 tam
453 975 646 1008 sublimibus
680 975 824 1018 personis
854 988 930 1019 gau-

179 1028 275 1061 deant
303 1038 336 1061 se
356 1028 556 1068 commissas,
585 1034 616 1061 et
641 1039 753 1061 eorum
775 1030 928 1072 amplitu-

179 1081 253 1115 dine
270 1081 464 1122 illustratas;
487 1082 652 1125 iidemque
673 1082 851 1116 cardinales
875 1094 928 1116 ex-

179 1134 254 1168 inde
275 1135 374 1179 ipsius
401 1135 432 1169 S.
463 1136 499 1168 R.
525 1136 572 1175 E„
609 1136 702 1169 cuius
730 1137 929 1170 nobilissima

179 1188 324 1222 membra
350 1195 433 1230 sunt,
469 1189 679 1230 maiestatem,
712 1201 769 1222 sua
799 1190 927 1234 pietate,

178 1242 396 1276 sollicitudine
417 1248 448 1276 ct
472 1242 644 1287 prudentia
672 1243 705 1276 in
734 1244 802 1277 dies
826 1245 928 1288 magis

177 1296 342 1340 extollant,
380 1303 411 1330 et
437 1296 647 1330 reverentiam
677 1299 824 1331 omnium
852 1310 928 1341 gen-

178 1352 257 1386 tium
278 1363 355 1395 erga
374 1352 463 1385 illam
487 1350 642 1395 exemplis
661 1352 822 1385 bonorum
849 1364 926 1397 ope-

177 1417 249 1439 rum
272 1405 439 1450 insigniter
455 1410 603 1448 augeant,
619 1416 656 1438 ae
667 1405 818 1449 deniqne,
832 1418 926 1450 prae-

177 1466 225 1494 ter
244 1465 394 1494 aeternae
414 1459 638 1493 retributionis
659 1460 813 1503 praemia,
830 1461 926 1503 digna

175 1524 241 1558 quo
257 1514 454 1558 quelaudum
475 1512 660 1556 praeconia,
682 1524 699 1546 a
726 1514 817 1547 nobis
838 1519 868 1547 et
887 1515 927 1547 A-

176 1567 332 1611 postolica
351 1567 433 1600 Sede
452 1567 578 1600 valeant
594 1567 785 1610 promereri.

80 1633 161 1655 aesari—
218 1621 234 1665 ἓ
256 1620 311 1654 13.
338 1620 524 1654 Mandainus
545 1630 619 1652 vcro
636 1626 666 1652 iit
684 1621 926 1663 praesenteslit-

19 1665 160 1714 ἷῗιῗ“ηἷι“ῗῖι“ἶ
174 1678 262 1708 terae
280 1675 311 1707 in
333 1674 509 1718 quinterno
529 1674 747 1706 Cancellariae
767 1674 926 1718 Apostoli-

24 1711 161 1766 J‘io‘aefh
175 1738 230 1762 cae
247 1727 286 1761 de
307 1737 397 1761 more
421 1726 657 1760 describantur.

218 1782 233 1825 ᾖ
258 1781 309 1814 14.
337 1780 423 1814 Nulli
443 1791 520 1823 ergo
540 1779 673 1813 omnino
694 1780 864 1813 hominum
888 1781 925 1813 li-

174 1841 245 1869 ceat
257 1835 340 1868 hanc
353 1834 502 1879 paginam
519 1840 703 1867 nostrorum
717 1840 922 1876 statutorum,

174 1888 428 1929 ordinationum,
441 1887 626 1927 erectionis,
642 1887 859 1928 institutionis,
877 1888 925 1920 in-

173 1941 364 1985 signssiunis,
387 1941 616 1981 decorationis,
639 1941 852 1982 voluntatum,
871 1942 923 1975 de-

174 2001 350 2036 cretorum,
366 1995 563 2035 cassationis,
592 1994 790 2035 irritationis,
809 1996 924 2028 annul-

174 2048 312 2089 lationis‚
343 2048 574 2087 nunciationis,
602 2048 851 2091 suppressionis,
873 2059 924 2081 ex-

174 2101 350 2142 tinctionis,
383 2101 562 2140 interdicti,
591 2100 823 2140 innovationis,
855 2113 922 2134 am—

174 2155 349 2199 pliationis,
372 2155 611 2198 prohibitionis,
634 2154 810 2198 praecepti,
834 2154 924 2187 (lero-

173 2207 310 2250 gationis
331 2212 361 2240 et
378 2208 521 2240 mandati
534 2207 709 2249 intringere
730 2208 777 2239 vel
797 2207 826 2240 ei
843 2219 921 2240 ausu

174 2261 348 2295 temerario
373 2262 546 2295 contraire.
579 2262 609 2293 Si
638 2261 709 2304 quis
729 2267 837 2293 autem
864 2263 922 2294 boc

174 2320 332 2348 attentare
363 2314 628 2358 praesumpserit,
669 2314 922 2355 indignationem

175 2363 407 2407 omnipotentis
435 2363 489 2396 Dei
519 2374 555 2395 ae
582 2364 751 2395 beatorum
779 2362 860 2395 l'etri
894 2370 923 2396 et

175 2412 264 2446 Pauli
284 2412 505 2456 apostolorum
526 2411 595 2444 eius
615 2422 647 2444 se
668 2411 790 2443 noverit
814 2411 922 2444 incur-

174 2472 299 2495 surum.

218 2510 333 2544 Datum
358 2510 477 2542 Romae
497 2509 582 2553 apud
606 2509 758 2542 Sanctum
779 2508 919 2549 Petrum,

175 2569 259 2594 anno
287 2558 521 2593 lncarnationis
549 2557 731 2592 dominicae
752 2557 922 2591 millesimo

850 176 952 199 stXTth‘
978 176 994 198 V
1020 174 1066 198 1¹1³.

1619 156 1683 192 837
1742 165 1794 193 An.
1813 163 1841 191 c.
1859 164 1922 191 1587

977 224 1234 269 quingentesimo
1255 221 1473 267 octuagesimo
1493 220 1643 265 septimo,
1666 219 1725 253 idi-

977 279 1036 312 bus
1056 277 1179 322 aprilis,
1203 278 1408 321 pontificatus
1436 275 1537 309 nostri
1565 284 1650 308 anno
1679 283 1728 308 se-

978 331 1097 366 eundo.

1016 389 1078 420 Dat.
1096 389 1142 419 die
1164 390 1196 419 13
1212 389 1316 428 aprilis
1332 388 1421 426 1587,
1439 387 1544 428 pontis.
1560 395 1637 418 anno
1649 393 1682 418 11.

1284 553 1425 586 LXXXII.

1020 621 1268 664 Confirmctntur
1291 621 1536 654 constitutiones
1555 618 1690 664 colleyii'

1088 674 1353 707 Borromee'orum
1372 674 1546 718 Papiensis
1570 674 1597 707 ¹.

1011 754 1107 783 Sixtus
1117 754 1187 790 Papa
1200 754 1230 787 V.
1243 756 1276 783 ad
1285 755 1446 790 perpetuam
1456 755 1496 783 rei
1510 755 1679 784 memoriam.

1029 827 1195 859 Romanum
1228 827 1321 860 decet
1344 827 1532 861 Pontificem
1561 838 1610 868 ea,
1637 838 1721 871 quae

971 890 1029 922 pro
1059 880 1271 923 collegiorum
1302 880 1522 923 quorumlibet
1547 881 1587 913 ad
1616 881 1721 924 publi-

972 944 1039 966 cam
1072 933 1332 966 christilit‘lelium
1362 944 1472 967 amore
1492 934 1645 968 scientiae
1664 934 1720 968 ssa-

969 986 1131 1029 grantium
1154 987 1321 1020 utilitatem
1344 987 1564 1021 institutorum
1585 988 1718 1031 provido

969 1040 1125 1083 regimine
1153 1040 1290 1073 feliciter
1311 1042 1393 1074 sacta
1422 1047 1452 1074 et
1479 1041 1626 1074 ordinata
1650 1053 1719 1076 esse

968 1093 1131 1135 dicuntur,
1155 1105 1220 1137 quo
1240 1095 1366 1127 lucilius
1386 1095 1425 1127 ab
1446 1095 1493 1135 iis,
1508 1095 1547 1127 ad
1560 1106 1719 1139 quosspe-

969 1152 1043 1187 ctat,
1072 1148 1332 1191 proinptioriqne
1352 1148 1535 1181 obedientia
1555 1149 1717 1192 recipian-

968 1204 1020 1232 tur
1038 1205 1068 1233 et
1085 1201 1210 1233 firmius
1221 1201 1443 1241 observentur,
1461 1212 1497 1234 ac
1509 1201 1630 1235 illibata
1641 1213 1716 1246 per-

966 1252 1090 1294 sistant,
1108 1253 1275 1297 apostolici
1288 1254 1476 1287 muniminis
1491 1255 1652 1298 praesidio
1667 1265 1717 1288 ro-

965 1306 1093 1341 horare.

1009 1362 1024 1404 ᾗ
1045 1361 1075 1393 l.
1103 1362 1196 1402 Sane,
1222 1362 1304 1395 sicut
1323 1362 1459 1396 dilectus
1480 1363 1565 1396 filius
1584 1363 1714 1396 Federi-
1755 1363 1845 1384 ⁵⁴¹⁰¹³¹¹¹³
1866 1363 1913 1385 ‘³³-

1729 1394 1786 1414 tutus
1795 1394 1911 1415 Bouromtu—

965 1425 1021 1446 eus
1048 1425 1084 1447 ex
1106 1416 1280 1449 comitibus
1300 1417 1338 1449 de
1360 1416 1554 1458 Borromeis,
1577 1416 1713 1450 clericus
1729 1432 1752 1445 us
1794 1426 1910 1461 tguiusnmfii

965 1467 1221 1510 Mediolanensis,
1245 1470 1464 1503 cubicularius
1477 1476 1620 1503 secretus
1632 1472 1713 1503 etsa-
1728 1457 1842 1513 {iii'eg'ffl
1863 1463 1910 1478 ⁶¹¹*

965 1521 1097 1554 miliaris
1110 1533 1146 1555 ae
1159 1524 1334 1556 continuus
1349 1523 1576 1557 commensalis
1591 1529 1711 1565 noster,
1727 1518 1805 1569 {{,'j{ffl

964 1577 1138 1609 modernus
1163 1578 1289 1621 collegii
1310 1578 1475 1611 Borromei
1489 1579 1669 1622 nuncupati
1681 1579 1712 1611 in
1727 1581 1796 1601 *1⁰⁰⁶*-

964 1630 1713 1674 ciritatePapiensierectiadministrator,nobis

963 1696 1068 1728 nuper
1084 1685 1200 1729 exponi
1222 1685 1295 1718 fecit
1315 1685 1393 1718 alias
1418 1685 1520 1718 bonae
1538 1685 1712 1718 memoriae

963 1739 1094 1773 Carolus
1120 1740 1203 1772 tituli
1223 1740 1356 1773 Sanctae
1378 1739 1526 1772 Praxedis
1550 1739 1713 1782 presbyter

963 1794 1133 1828 cardinalis
1158 1795 1351 1827 Borromeus
1367 1798 1584 1836 nuncupatus,
1604 1793 1712 1826 volens

962 1860 1031 1882 rem
1055 1849 1258 1888 litterariam,
1281 1848 1373 1881 cuius
1393 1848 1432 1879 ab
1453 1847 1582 1879 ineunte
1608 1851 1711 1879 aetate

963 1903 1216 1936 studiosissimus
1245 1902 1314 1941 suit,
1344 1901 1455 1933 multis
1474 1900 1640 1933 beneficiis
1660 1911 1711 1933 er·

961 1968 1039 1990 nare
1065 1963 1159 1999 atque
1184 1966 1313 1996 augere,
1343 1966 1379 1987 ac
1400 1960 1433 1987 nt
1453 1964 1612 1997 pauperes
1637 1954 1711 1986 ado-

962 2011 1118 2043 lescentes
1148 2009 1327 2041 litterarum
1351 2007 1465 2040 studiis
1485 2007 1594 2047 dediti,
1616 2006 1709 2039 etiam

962 2064 1043 2097 vitae
1078 2073 1271 2105 morumqiu¹
1302 2062 1449 2105 exemplo
1480 2061 1511 2092 in
1541 2060 1712 2093 academiis

963 2117 1102 2161 publicis
1118 2116 1256 2149 aliorum
1277 2115 1475 2148 studentium
1495 2115 1629 2154 animos,
1647 2124 1710 2146 non

963 2170 1067 2203 solum
1089 2170 1127 2202 ad
1149 2169 1324 2201 litterarum
1344 2168 1457 2208 studia,
1480 2178 1591 2200 terum
1615 2167 1709 2200 etiam

962 2224 1001 2256 ad
1027 2229 1112 2255 recte
1134 2222 1371 2264 christiane-que
1389 2221 1558 2253 vivendum
1575 2220 1711 2253 excitare

963 2283 1103 2320 possent,
1138 2276 1170 2308 in
1202 2276 1328 2308 civitate
1358 2272 1529 2318 Papiensi,'
1545 2274 1585 2307 ad
1615 2284 1710 2317 quam

964 2331 1122 2362 maximus
1142 2330 1359 2362 studiosorum
1382 2329 1550 2361 bominum
1576 2338 1711 2361 concur-

963 2394 1016 2416 sus
1037 2394 1104 2416 esse
1126 2384 1216 2421 solet,
1239 2389 1267 2415 et
1287 2383 1317 2414 in
1337 2393 1399 2425 qua
1420 2382 1487 2425 ipse
1499 2382 1631 2415 Carolus
1643 2392 1711 2414 car-

963 2436 1078 2469 dinalis
1108 2436 1186 2469 iuris
1207 2436 1308 2468 civilis
1333 2435 1484 2469 scientiae
1505 2446 1636 2478 operam
1657 2435 1710 2468 de-

963 2490 1019 2530 dit,
1041 2490 1211 2532 collegium
1227 2489 1449 2522 Uorromeinm
1468 2494 1706 2532 nuncupatum,

1760 847 1891 871 Pron-mium.

1800 1491 1911 1509 ,reservam

1808 1518 1908 1539 facultatis·

1851 1556 1909 1569 non—

1001 2567 1010 2592 t
1032 2564 1075 2592 Ex
1089 2564 1199 2599 ltegest.
1218 2563 1246 2590 in
1261 2561 1367 2590 Secret.
1385 2560 1531 2590 Brevium
