2059 3228
740 235 916 262 Gnssoonuts
945 234 999 258 xltt
1021 234 1066 257 ΡΡ.

140 298 229 335 tates,
262 299 465 338 personatus,
512 291 806 326 adn'iinistrationcs
841 288 888 322 vel

139 346 254 388 officia,
274 347 369 379 ctiam
391 352 501 380 curata
519 352 549 379 et
569 345 713 385 electiva,
737 344 769 376 in
780 343 888 377 cathe-

141 399 295 440 dralibus,
321 399 416 432 ctiam
442 398 770 443 incti·opolitanis‚vel
791 397 889 430 colle-

140 451 244 497 giatis,
263 458 317 485 aut
334 452 555 493 scholastriae,
578 451 816 485 matriculariae
833 460 889 482 seu

141 505 306 540 custodiae
338 506 369 538 in
399 505 641 549 parochialibus
671 503 815 538 ecclesiis
841 503 889 535 vcl

141 559 298 603 cappella,
317 569 371 592 seu
380 569 586 602 quocumque
595 558 657 591 alio
670 557 800 591 nomine
811 567 891 590 nun-

142 616 269 656 cupata,
296 623 333 645 ac
353 612 554 656 dispositioni
583 611 776 655 apostolicae
809 620 890 653 quo-

143 665 331 710 modolibet,
343 672 560 710 prseterquam
570 665 785 699 reservatione
798 674 891 707 gene-

143 718 203 752 rali
234 719 267 752 in
300 730 437 764 corpore
466 719 547 752 iuris
578 719 698 759 clausa,
731 723 891 751 reservata

142 771 259 813 forent,
285 772 381 806 etiam
402 773 427 806 si
447 772 634 806 huiusmodi
655 771 772 804 artium
793 770 892 814 magi-

143 825 201 859 stri
225 826 321 859 modo
344 826 509 870 praedicto
534 825 691 859 nominati
720 835 780 870 pro
813 831 893 858 tem-

142 889 222 924 pore
259 879 358 913 huius
391 891 468 913 suae
508 879 739 913 nominationis
786 879 891 911 mino-

143 942 195 965 res
209 932 305 966 annis
323 933 371 966 vel
402 933 561 976 illegitimi
591 933 774 973 existerent,
796 933 894 966 bene-

144 985 218 1020 ficia
264 986 360 1020 etiam
390 992 512 1027 curata,
544 987 722 1020 dummodo
747 992 893 1031 tempore

117 1073 119 1075 ,
143 1039 318 1074 vacationis
337 1040 469 1074 illorum
488 1041 723 1074 beneficiorum
754 1047 893 1074 aetatem

143 1093 321 1137 legitimam
331 1094 538 1138 attingerent,
561 1100 617 1127 aut
636 1106 710 1128 cum
731 1095 776 1128 eis
795 1105 895 1138 super

137 1145 257 1190 aetatis
275 1148 323 1181 vel
333 1148 490 1181 natalium
511 1148 688 1182 defectibus
698 1148 896 1182 sufficienter

144 1199 364 1245 dispensatum
385 1208 478 1243 esset,
501 1202 620 1246 absque
645 1213 727 1235 nova
750 1201 896 1235 nomina-

118 1246 127 1258 '
147 1253 233 1288 tione
253 1254 344 1299 prius
363 1255 521 1296 facienda,
540 1261 719 1300 acceptare,
733 1256 810 1289 etde
821 1255 895 1295 illis,

147 1306 179 1340 in
197 1308 267 1341 vim'
289 1309 472 1342 litterarum
499 1309 615 1342 Leonis
639 1309 897 1353 praedecessoris

148 1361 334 1396 huiusmodi
354 1363 533 1408 dumtaxat,
555 1370 587 1396 et
608 1373 821 1407 processuum
842 1363 897 1397 de-

147 1425 246 1459 super
264 1426 324 1460 pro
345 1421 491 1460 tempore
511 1416 728 1457 decretorum,
748 1427 830 1460 quos
849 1423 897 1450 to-

148 1473 217 1502 tum
227 1474 372 1503 tenorem
381 1469 563 1511 litterarum
573 1470 811 1514 praedictorum
821 1470 899 1504 Sixti

149 1528 180 1556 et
197 1522 313 1556 Leonis
331 1523 618 1567 praedecessorum
649 1524 814 1570 continere
834 1534 900 1558 non

149 1581 323 1620 oporteret,
358 1576 414 1610 sed
442 1577 535 1610 -illam
564 1577 746 1610 litterarum
785 1577 901 1611 Leonis

149 1629 405 1674 praedecessoris
424 1629 612 1664 huiusmodi
645 1637 783 1675 partem,
817 1642 900 1675 quae

150 1682 363 1727 infrascriptis
383 1683 610 1717 executoribus
634 1690 688 1717 aut
708 1695 822 1717 eorum
845 1685 902 1717 ali-

151 1735 204 1770 cui
223 1737 397 1770 convenire
415 1737 590 1779 w'deretur,
613 1738 779 1771 autetiam
801 1739 900 1772 solam

153 1789 357 1833 particulam,
380 1791 467 1834 quod
482 1791 645 1824 notorium
662 1801 729 1825 esse
742 1792 903 1835 dignosci-

152 1846 219 1884 tur,
229 1841 372 1877 inserere
380 1836 553 1885 sufficeret,
565 1845 684 1889 quibus
694 1845 790 1878 ctiam
801 1846 904 1879 omni-

154 1906 208 1938 no,
232 1897 339 1940 quoad
363 1897 415 1939 id,
451 1904 590 1932 staretur
614 1904 644 1931 et
670 1900 745 1931 stari
774 1900 903 1933 deberet

155 1949 190 1983 in
207 1949 330 1984 iudicio
350 1956 381 1985 et
400 1957 499 1999 extra,
519 1963 557 1986 ac
576 1953 602 1985 si
622 1953 905 1987 totusteuorlitte-

157 2013 267 2037 rarum
300 2003 378 2038 Sixti
412 2010 443 2039 et
475 2006 591 2039 Leonis
619 2006 904 2050 praedecessorum

157 2056 346 2091 huiusmodi
361 2058 401 2092 de
411 2059 509 2092 verbo
520 2060 560 2092 ad
567 2060 700 2093 verbum
709 2060 908 2094 insereretur

159 2115 215 2144 aut
233 2111 317 2145 foret
335 2111 488 2153 insertus,
509 2124 568 2157 per
587 2113 721 2147 Sanctae
741 2113 908 2147 Gertrudis

160 2163 243 2197 intra
269 2170 299 2198 et
332 2165 446 2199 Beatae
472 2167 588 2200 Mariae
616 2167 798 2200 Parmensis
822 2174 907 2201 extra

161 2227 272 2251 muros
302 2218 379 2252 dicti
403 2220 608 2253 Lovaniensis
640 2221 908 2253 monasteriorum

161 2270 306 2313 abbates,
328 2282 365 2305 ac
392 2272 526 2306 Sanctae
544 2273 687 2307 [ludulae
707 2274 910 2308 Bruscellen-

162 2323 205 2356 sis
222 2324 432 2368 oppidorum,
449 2336 576 2358 necnon
587 2326 695 2359 Sancti
712 2327 795 2359 Petri
817 2327 910 2359 etiam

924 2040 934 2443 l

929 292 1050 327 cutorc,
1075 296 1130 319 scu
1165 296 1402 330 quemcumque
1434 287 1595 321 notarium
1616 300 1675 333 pu-

929 339 1048 372 blicum
1071 345 1123 371 aut
1143 341 1362 383 presbyterum
1377 340 1422 372 rcl
1435 340 1602 382 clericum,
1619 352 1677 386 per

930 393 1032 426 dictos
1065 393 1233 435 magistros
1266 394 1384 426 artium
1404 394 1599 436 nominatos,
1621 400 1677 428 aut

1697 231 1749 261 An.
1767 224 1880 266 (21572

930 457 1042 480 eorum
1068 457 1319 491 quemcumque,
1344 458 1401 490 pro
1419 448 1677 492 subexequutorc
1711 466 1722 476 ·

930 500 1109 543 eligendam
1136 511 1191 533 seu
1212 501 1408 543 eligendum,
1433 501 1492 534 sibi
1519 501 1679 545 provideri

931 555 1046 595 facere,
1059 554 1185 598 ipsique
1202 560 1413 598 exequutores
1427 561 1457 588 ct
1475 555 1680 599 subexequu-

931 613 1014 641 tores
1035 618 1089 641 eos
1109 614 1140 641 et
1160 618 1272 641 eorum
1293 609 1470 652 quemlibet
1487 609 1519 641 in
1531 619 1681 653 corpora-

931 663 993 695 lem
1014 662 1249 706 possessioncm
1270 661 1314 694 sic
1334 672 1392 705 pro
1423 668 1568 706 tempore
1588 673 1680 696 acce-

931 722 1094 760 ptatornm
1114 716 1347 749 beneficiorum
1361 722 1392 749 et
1408 717 1537 750 illorum
1559 717 1680 750 iurium

932 777 962 804 et
994 770 1263 815 pertinentiarum
1285 770 1444 810 omnium,
1476 781 1533 814 pro
1567 770 1682 804 liuius-

932 825 1018 858 modi
1036 824 1218 869 provisione
1243 829 1297 857 aut
1326 824 1526 868 possessione
1550 834 1683 868 prorsus

933 878 1128 922 irrequisitis
1148 877 1320 911 ordinariis
1340 877 1561 919 collatoribus,
1590 878 1683 910 indu-

935 943 1019 965 cere.

977 988 992 1030 ἓ
1016 986 1047 1020 6.
1074 986 1207 1030 thuod
1226 992 1291 1019 tam
1303 985 1445 1019 seniores
1463 996 1560 1029 quam
1581 985 1685 1018 iunio-

936 1052 986 1074 res
1018 1040 1136 1074 artium
1172 1040 1316 1083 magistri
1337 1040 1505 1084 praedicti,
1528 1040 1683 1080 secundo,

934 1094 1027 1127 tertio
1041 1094 1178 1128 actoties
1193 1093 1364 1133 nominati,
1374 1093 1519 1126 videlicet
1530 1093 1683 1134 seniores,

935 1148 989 1192 qui
1010 1153 1138 1192 tempus
1158 1148 1238 1181 illud
1264 1147 1466 1191 praedictum
1496 1147 1683 1189 attigissent,

936 1203 1037 1234 donec
1066 1201 1268 1244 octuagint33
1300 1201 1442 1234 iuniores
1480 1210 1555 1233 vero
1584 1200 1687 1232 donec

936 1255 1149 1299 quadraginta
1181 1255 1322 1288 florenos
1350 1255 1421 1287 auri
1442 1254 1480 1287 de
1500 1254 1634 1287 Camera
1656 1253 1688 1285 in

938 1309 1096 1342 fructibus
1126 1308 1361 1342 beneficiorum
1383 1314 1438 1341 aut
1459 1307 1556 1341 certis
1575 1306 1690 1340 annuis

939 1362 1127 1403 redditibus,
1148 1363 1302 1396 oneribus
1321 1363 1416 1395 modo
1438 1361 1527 1406 prius
1539 1370 1689 1405 expresso

938 1416 1093 1457 deductis,
1133 1416 1300 1449 annuatim
1333 1416 1501 1448 haberent.
1528 1414 1566 1447 Et
1602 1414 1689 1457 quod

940 1470 1195 1504 nominationem
1215 1469 1437 1503 Universitatis
1472 1475 1502 1501 et
1528 1467 1691 1501 facultatis

1757 1001 1876 1025 Αεεῑεῃπὶἱο

1699 1040 1780 1056 annum·
1796 1033 1884 1059 pensio-

1700 1072 1733 1086 nis
1748 1065 1824 1085 aruum
1841 1067 1886 1082 mz-

1700 1098 1778 1123 gistris.

939 1525 1057 1558 artium
1066 1524 1255 1558 huiusmodi
1267 1524 1400 1557 insimul
1413 1523 1547 1563 habere,
1562 1527 1692 1555 acutra-
1708 1566 1711 1568 η

940 1590 1014 1622 que,
1037 1578 1100 1612 sive
1110 1579 1200 1623 prius
1210 1589 1269 1623 per
1278 1578 1520 1611 Universitatem
1533 1587 1589 1610 seu
1607 1575 1691 1608 illius

941 1637 1110 1672 rectorem,
1130 1637 1241 1676 postea
1256 1642 1332 1664 vero
1353 1642 1410 1674 per
1429 1630 1613 1663 facultatem
1640 1639 1691 1661 ar-

941 1686 1020 1718 tium
1041 1696 1099 1718 seu
1114 1685 1203 1718 illius
1227 1685 1388 1717 decanum
1408 1683 1602 1727 praedictos,
1630 1682 1693 1714 sive

941 1751 958 1773 e
978 1738 1142 1772 contrario
1162 1737 1319 1771 nominati
1344 1743 1461 1777 essent,
1484 1736 1529 1769 uti
1557 1741 1587 1768 et
1616 1746 1694 1778 gau-

942 1794 1028 1827 dere.
1052 1792 1220 1836 Quodque,
1233 1791 1463 1824 decedentibus
1483 1788 1691 1823 collatoribus

943 1847 1002 1880 sub
1035 1846 1153 1889 quibus
1186 1856 1245 1889 pro
1276 1850 1421 1888 tempore
1453 1844 1554 1876 sactae
1590 1843 1694 1875 l'orent

942 1899 1191 1939 nominationes,
1204 1909 1287 1941 quae
1307 1898 1452 1930 nondum
1473 1896 1695 1929 effectumsor-

943 1954 1020 1987 titae
1049 1959 1173 1993 essent,
1207 1951 1326 1985 eaedem
1359 1949 1596 1983 nominationes
1636 1948 1695 1982 sub

945 2017 1143 2046 successore,
1166 2005 1286 2048 absque
1306 2014 1385 2036 nova
1402 2001 1697 2042 nominatione,va-

945 2055 1010 2093 lide
1044 2059 1224 2098 existerent,
1245 2064 1275 2091 et
1308 2067 1382 2090 suos
1407 2056 1539 2089 effectus
1570 2055 1694 2097 sortiri,

947 2114 1112 2157 iidemque
1133 2112 1275 2145 iuniores
1292 2111 1410 2143 artium
1431 2109 1575 2152 magistri
1593 2108 1698 2142 omni-

948 2168 1009 2200 bus
1034 2174 1064 2200 et
1085 2166 1202 2199 eisdem
1216 2163 1444 2208 praerogativis
1455 2162 1612 2195 inlittcris
1623 2163 1700 2196 Leo-

949 2221 998 2253 nis
1025 2218 1280 2263 praedecessoris
1308 2216 1493 2249 huiusmodi
1527 2216 1700 2249 nominatis

950 2273 1133 2307 senioribus
1154 2271 1314 2304 concessis
1324 2269 1420 2313 potiri
1438 2270 1614 2312 etgauderc
1627 2279 1700 2313 pos—

952 2333 1032 2360 sent.
1047 2326 1137 2359 Salvo
1149 2325 1234 2367 quod
1252 2325 1284 2356 in
1305 2324 1367 2356 vim
1386 2322 1575 2356 huiusmodi
1596 2323 1701 2356 nomi-

162 2375 365 2410 Lovaniensis
373 2377 581 2411 ecclesiarum
593 2379 741 2419 decanos,
753 2379 911 2412 dictarum
953 2380 1091 2413 nationis
1106 2379 1155 2411 isti
1172 2378 1313 2411 iuniores
1326 2377 1482 2410 beneficia
1493 2377 1634 2410 valorem
1648 2376 1702 2409 tri-

162 2424 349 2463 Leodiensis
359 2426 914 2469 etCameracensisdioecesum,exe-
932 2446 934 2453 ·
954 2430 1040 2472 ginta
1064 2429 1260 2460 tlorcnorum
1282 2426 1486 2458 Remensium
1512 2436 1699 2466 aureorum,

165 2478 295 2507 cutores
314 2474 347 2507 in
380 2474 499 2508 eisdem
520 2475 635 2508 litteris
655 2476 730 2508 Sixti
752 2483 781 2509 et
801 2478 915 2510 Leonis
954 2478 1106 2511 oneribus
1128 2476 1222 2508 modo
1249 2476 1336 2519 prius
1363 2486 1512 2519 expresso
1543 2475 1701 2515 deductis,

167 2523 451 2567 praedecessorum
467 2524 645 2566 deputatos,
657 2536 712 2558 seu
735 2527 916 2559 commati·
956 2526 1151 2560 excedentia>
1173 2530 1340 2568 zmteptare
1371 2535 1436 2557 non.
1468 2525 1632 2565 valerentj,
1668 2535 1703 2556 ac

167 2567 265 2614 quem
275 2578 330 2605 aut
340 2582 580 2616 quamcumque
591 2575 916 2616 personamindigni-
956 2576 1041 2618 quod
1063 2574 1300 2607 nominationes
1324 2584 1398 2607 suas
1417 2583 1473 2606 seu
1499 2573 1537 2606 de
1567 2584 1705 2617 persona

169 2623 233 2654 tate
252 2621 468 2656 ecclesiastica
489 2622 692 2655 constitutam
712 2633 769 2666 pro
800 2634 915 2656 execu-
935 2652 938 2659 .
956 2635 1013 2657 sua
1034 2625 1129 2656 saetas
1155 2622 1325 2656 ordinariis
1338 2621 1546 2658 collatoribus
1566 2622 1707 2656 insinua-
