2059 3228
103 203 162 233 An.
175 203 208 233 C.
229 202 299 232 1584
349 203 414 237 490

901 208 1084 235 BULLARIUM
1101 209 1257 235 ROMANUM

133 273 174 294 11³0
195 273 295 294 Pousssex
307 278 433 312 quoque
446 266 574 299 Pati-um
589 265 741 298 institutis
758 268 789 297 et
805 264 922 297 salubri
941 274 1048 298 rerum
1077 264 1248 297 obtinenda
1271 275 1309 298 eo
1333 264 1420 308 ipso,
1445 265 1601 310 nobisque
1624 271 1656 300 et
1678 266 1822 300 Romano

107 300 194 321 nicolai
218 299 250 319 111
277 302 298 319 et

109 327 165 347 ὼ·
182 327 299 357 canofficts
309 319 591 355 ecclesiasticarum
621 317 787 350 directioni
818 317 1048 357 adversantur,
1079 317 1223 350 Pontifici
1249 328 1307 360 pro
1331 323 1473 362 tempore
1489 317 1634 352 existenti
1657 320 1828 353 relaxatio-

109 354 201 373 innovat
219 355 299 372 consii-

112 380 207 400 uffiones
242 380 300 397 τίνω
310 378 339 406 et
364 379 525 415 tamquam
550 372 588 404 dc
612 371 717 403 radice
742 371 925 404 ambitionis
942 381 1051 414 proce-
1080 382 1153 404 nem
1178 371 1394 415 suspensionis
1429 376 1459 405 et
1490 372 1678 413 interdicti,
1702 382 1828 406 necnon

111 406 286 430 reprobationem

111 433 235 452 huiusmodi
244 432 301 469 {ura-
311 425 416 458 dentia
439 435 533 458 omne
551 424 669 456 bonum
689 423 720 456 in
736 424 876 457 ecclesiis
893 424 1051 467 rebusque

113 461 253 484 'mmmm’
311 478 446 522 publicis
470 482 664 521 pervertunt,
681 487 716 509 ea
742 487 839 510 novae
864 477 1053 521 provisionis

312 531 452 565 subsidio
470 530 637 574 prohibere
669 531 816 571 volentes,
840 530 1054 573 praesentium

314 584 501 618 auctoritate
535 583 720 616 innovamus
754 583 947 626 praedictam
982 592 1056 615 con-

314 638 510 671 stitutionem
527 636 643 669 Nicolai
663 636 763 678 Papae
787 636 959 679 itidemque
980 635 1056 667 alias

313 701 423 723 omnes
448 689 618 722 canonicas
642 689 818 722 sanctiones
843 689 879 721 de
905 689 1005 721 abusu
1028 692 1055 720 et

313 742 536 787 reprobatione
579 741 761 774 huiusmodi
800 743 1057 774 iuramentorum

314 797 540 841 promulgatas,
572 796 776 839 volumusque
800 807 852 829 eas
876 796 994 839 ubique
1020 795 1058 827 ab

317 848 476 889 omnihus,
500 848 593 881 etiam
619 849 722 891 quoad
749 849 930 892 praeterita,
956 848 1058 882 invio-

319 901 455 934 labiliter
479 901 651 933 observari.

364 955 378 998 ἓ
401 954 431 988 3.
455 955 496 987 Ac
520 954 612 987 etiam
638 954 850 997 praecipimus
873 959 901 987 et
928 953 1060 986 interdi-

121 1007 420 1055 dfftcffissrgnfflssgwimus
445 1006 601 1050 praelatis,
617 1006 778 1039 canonicis
803 1011 833 1039 et
856 1006 926 1038 aliis
951 1016 1060 1048 supra-

120 1061 310 1112 ssffisssffiigflffl
321 1059 436 1100 dictis,
463 1069 583 1092 necnon
619 1059 824 1092 ecclesiarum
862 1059 1008 1102 capitulis
1032 1063 1061 1091 et

120 1114 308 1139 Pressfflmtwffl‘·
319 1112 584 1145 monasteriorum
620 1113 795 1156 ceterisque
830 1112 1060 1153 conventibus,

318 1165 481 1199 civitatum
514 1175 659 1208 quoque,
685 1170 862 1197 castrorum
897 1170 927 1197 et
963 1170 1061 1197 terra-

319 1229 391 1252 rum
415 1217 697 1251 communitatibus
725 1223 755 1250 et
790 1218 958 1262 personis,
985 1228 1061 1260 qua-

321 1282 456 1314 cumque
479 1271 632 1311 dignitate
660 1270 822 1313 praeditis,
847 1281 886 1304 ne
911 1272 972 1303 ulla
995 1282 1062 1304 om-

322 1326 399 1359 nino
423 1325 599 1357 iuramenta
624 1323 741 1364 illicita,
766 1320 987 1366 impossibilia,
1011 1324 1061 1356 da·

323 1388 433 1411 mnosa
457 1378 502 1410 vel
526 1376 662 1409 libertati
687 1376 915 1408 ecclesiasticae
940 1381 992 1408 aut
1011 1376 1061 1408 de-

323 1431 417 1464 cretis
439 1430 563 1463 concilii
588 1429 762 1462 Tridentini
787 1429 970 1468 obviantia,
996 1429 1061 1462 sive

324 1488 397 1516 ante
421 1483 483 1515 sive
508 1487 575 1525 post
594 1482 774 1522 electiones,
793 1481 1061 1522 confirmationes,

324 1535 532 1580 provisiones,
551 1535 756 1577 receptiones,
775 1534 982 1567 admissiones
1007 1540 1063 1567 aut

323 1588 400 1620 alios
435 1591 532 1627 actus,
568 1587 760 1630 ubicumque
795 1598 830 1620 ac
866 1597 1066 1630 quocumque

326 1645 467 1683 tempore
486 1666 493 1680 ‚
518 1639 613 1672 etiam
642 1645 805 1682 praetextu
830 1640 967 1674 cuiusvis
991 1652 1065 1674 con-

325 1692 501 1725 suetudinis
540 1697 795 1736 quantocumque
834 1699 976 1737 tempore
1010 1695 1065 1727 ob-

324 1750 473 1786 servatae,
497 1755 577 1788 quae
594 1745 698 1787 potius
722 1747 901 1788 corruptela
925 1751 971 1780 est
995 1757 1065 1780 cen-

325 1798 422 1831 senda
440 1825 448 1839 ,
472 1798 535 1831 sive
570 1798 601 1830 in
635 1808 751 1840 genere
785 1799 849 1832 sive
880 1799 913 1831 in
937 1800 1040 1843 specie
1058 1827 1065 1840 ,

324 1856 496 1894 praestare,
520 1851 651 1883 reddere
674 1851 721 1884 vel
745 1850 868 1894 exigere
882 1879 889 1892 ,
914 1862 992 1885 neve
1016 1863 1066 1885 su-

328 1914 385 1947 per
401 1904 576 1946 praestatis,
594 1903 726 1936 redditis
742 1904 789 1936 vel
812 1904 928 1937 exactis
951 1905 1068 1938 hucus—

327 1967 388 1999 que
412 1967 613 1999 quemquam,
639 1955 672 1988 in
695 1956 814 1989 iudicio
839 1957 885 1989 vel
907 1962 1002 1998 extra,
1019 1958 1066 1990 in-

327 2010 469 2052 quietare
503 2009 638 2042 audeant
674 2009 898 2052 quoquomodo
933 2011 978 2042 vel
1002 2016 1068 2042 tur-

326 2063 425 2102 bare,
450 2062 518 2095 illos
541 2062 627 2095 enim
651 2062 704 2104 qui
729 2061 907 2095 iuramenta
939 2062 1066 2102 illicita,

327 2115 562 2158 impossibilia,
587 2116 738 2148 damnosa
765 2116 812 2147 vel
841 2115 1067 2147 ecclesiasticae

326 2168 464 2201 libertati
481 2173 533 2200 aut
552 2168 685 2201 decretis
702 2168 776 2200 dicti
794 2168 918 2201 concilii
937 2168 1067 2201 obvian-

326 2222 369 2253 tia
393 2221 520 2263 exigere
543 2221 773 2261 contenderint,
798 2221 959 2264 episcopos
984 2221 1068 2253 vide-

325 2274 397 2307 licet
421 2279 448 2307 et
475 2274 795 2316 alios‘quoscumque
822 2273 994 2316 pontificali
1020 2274 1065 2306 di-

327 2327 446 2369 gnitate
470 2327 639 2370 praeditos,
657 2326 878 2370 suspendimus
895 2338 912 2359 a
936 2326 1066 2366 divinis,

327 2380 462 2422 capitula
486 2390 559 2413 vero
583 2385 613 2412 et
637 2385 809 2412 conventus
826 2390 999 2422 eorumque
1017 2389 1067 2411 eo-

327 2432 436 2464 clcsias
459 2438 487 2464 et
512 2433 578 2464 loca
603 2432 708 2464 onmia
732 2432 901 2465 interdicto
924 2431 1067 2464 ecclesia—

328 2483 406 2515 stico
423 2484 648 2526 supponimus3
666 2494 701 2517 ac
726 2484 901 2526 singulares
919 2493 1067 2526 personas

329 2536 662 2569 excommunicationis
686 2537 843 2569 sententia
867 2536 1065 2575 innodamus,

326 2586 544 2631 inhabilesque
569 2588 702 2622 facimus
725 2588 766 2622 ad
797 2588 926 2622 obtenta
951 2594 981 2621 et
1005 2588 1065 2620 alia

1081 425 1315 458 absolutionem
1339 425 1379 458 ab
1404 425 1741 458 excommunicationis
1758 435 1830 458 sen-

1083 479 1181 511 tentia
1205 478 1387 511 huiusmodi
1411 483 1564 521 perpetuo
1596 488 1803 512 reservamus.

1127 534 1142 576 ξ
1165 532 1196 565 4.
1220 532 1432 565 Decernentes
1463 542 1542 573 eos,
1567 531 1621 574 qui
1646 531 1722 564 talia
1745 531 1830 565 iura-

1837 529 1964 554 Iumntssmn
1976 531 2005 551 Γ*
2020 508 2022 516 y

1838 562 1882 582 que
1888 556 1959 581 infligi
1975 558 1978 559 ⁷
1987 544 2019 572 ,¹3⁴

1085 590 1191 617 menta
1215 585 1352 618 scienter
1376 585 1602 628 praestiterint,
1621 596 1680 618 usu
1701 590 1732 618 ct
1746 589 1885 632 com-{fg
1901 583 1929 604 ‘¹⁹
1947 572 2019 610 ⁴²3⁵*

1086 640 1180 672 modo
1193 639 1238 671 rei
1251 643 1282 671 et
1295 638 1419 681 gratiae
1432 638 1522 671 cuius
1535 648 1630 672 causa
1646 638 1833 680 iuraverint,

1087 703 1122 725 eo
1147 692 1214 736 ipso
1238 692 1381 735 privatos
1398 702 1482 725 esse:
1500 691 1578 725 alios
1594 702 1668 725 vero
1685 693 1835 734 ignoran-

1088 751 1133 779 tes
1156 746 1195 778 ad
1212 745 1440 789 praestitorum
1453 745 1707 779 iuramentorum
1725 745 1835 779 huius-

1089 800 1172 832 modi
1197 799 1455 832 observationem
1480 798 1612 832 minime
1630 798 1746 838 teneri;
1763 808 1837 832 nec-

1087 864 1150 886 non
1175 853 1301 885 irritum
1325 857 1356 885 et
1380 853 1476 885 inane
1499 851 1653 895 quicquid
1676 862 1765 885 secus
1780 861 1838 894 per

1088 916 1314 949 quoscumque,
1339 905 1476 938 scienter
1499 905 1547 938 vel
1570 905 1770 947 ignoranter,
1789 908 1836 937 at-

1089 965 1244 992 tentatum
1268 963 1312 991 est
1338 959 1491 992 hactenus
1513 962 1545 991 et
1569 957 1719 1001 deinceps
1735 957 1837 991 conti-

1090 1013 1170 1055 gerit
1189 1011 1352 1045 attentari,
1840 1005 1842 1007 ’

1133 1065 1200 1108 55.
1224 1065 1292 1098 Non
1326 1063 1526 1097 obstantibus
1560 1063 1746 1107 praemissis
1778 1074 1834 1097 seu

1091 1118 1175 1161 quod
1198 1117 1355 1161 praelatis,
1379 1116 1526 1160 capitulis
1543 1144 1550 1157 ,
1576 1115 1784 1149 conventibus
1805 1122 1836 1150 et

1090 1172 1233 1215 personis
1268 1170 1437 1214 praedictis
1472 1171 1519 1202 vel
1553 1169 1718 1212 quibusvis
1742 1169 1836 1212 aliis,

1090 1223 1302 1257 communiter
1329 1223 1376 1255 vel
1411 1222 1536 1256 divisim
1554 1250 1561 1263 ,
1586 1223 1626 1255 ab
1662 1223 1774 1256 eadem
1798 1223 1840 1256 sit

1091 1278 1169 1312 Sede
1193 1277 1352 1310 indultum
1369 1276 1416 1308 vel
1432 1275 1466 1308 in
1491 1280 1654 1318 posterum
1679 1275 1839 1317 indulgeri

1091 1330 1252 1372 contingat
1286 1329 1369 1372 quod
1409 1328 1572 1369 interdici,
1606 1329 1755 1371 suspendi
1789 1330 1836 1363 vel

1093 1382 1359 1418 excommunicari
1388 1392 1452 1415 non
1480 1382 1601 1425 possint
1628 1391 1686 1424 per
1717 1381 1840 1415 litteras

1094 1438 1279 1483 apostolicas
1306 1446 1370 1470 non
1401 1436 1551 1468 facientes
1581 1435 1706 1478 plenam
1735 1440 1765 1468 et
1788 1445 1840 1468 ex-

1094 1502 1233 1536 pressam
1257 1496 1285 1523 et
1311 1490 1350 1523 ad
1374 1489 1506 1523 verbum
1523 1489 1561 1522 de
1577 1489 1701 1522 indulto
1725 1489 1836 1523 huius-

1095 1546 1178 1578 modi
1212 1543 1424 1583 mentionem,
1456 1542 1633 1586 ceterisque
1664 1541 1833 1575 contrariis

1095 1599 1358 1642 quibuscumque.

1137 1652 1151 1695 ᾗ
1179 1651 1208 1684 6.
1236 1651 1272 1683 Et
1299 1648 1451 1693 quoniam
1479 1648 1606 1682 difficile
1633 1648 1730 1682 nimis
1758 1655 1840 1682 esset

1095 1708 1271 1749 praesentes
1302 1703 1341 1736 ad
1373 1702 1481 1735 omnia
1512 1703 1603 1743 loca,
1633 1702 1749 1745 quihus
1780 1703 1842 1738 illis

1096 1769 1173 1802 opus
1204 1757 1275 1797 erit,
1307 1755 1452 1799 perferri,
1484 1755 1630 1788 volumus
1661 1760 1696 1787 ut
1727 1765 1841 1790 earum

1096 1809 1254 1853 exemplis,
1280 1809 1376 1842 etiam
1401 1808 1574 1852 impressiS‚
1600 1818 1696 1841 manu
1720 1809 1839 1842 notarii

1097 1862 1213 1906 publici
1239 1861 1435 1904 subscriptis,
1454 1866 1484 1894 et
1513 1861 1615 1904 sigillo
1639 1862 1771 1904 praelati
1787 1869 1842 1897 aut

1096 1926 1248 1961 personae
1272 1915 1305 1947 in
1330 1915 1485 1959 dignitate
1502 1915 1715 1948 ecelesiastica
1729 1915 1844 1949 consti-

1097 1973 1181 2003 tutae
1205 1968 1345 2008 munitis‚
1377 1967 1487 2000 eadem
1503 1977 1633 2011 prorsus
1665 1968 1741 2001 fides
1773 1967 1844 2001 ubi-

1096 2032 1156 2064 que
1180 2021 1379 2061 adliibeatur,
1398 2031 1478 2064 quae
1495 2020 1702 2054 adhiberetur
1719 2021 1840 2054 eisdem

1096 2074 1323 2117 praesentibus,
1349 2073 1374 2107 si
1397 2074 1499 2107 forent
1523 2073 1682 2107 exhibitae
1706 2075 1754 2108 vel
1792 2085 1841 2109 os-

1098 2132 1213 2159 tensae.

1138 2179 1250 2211 Datum
1274 2179 1391 2212 Romae
1408 2179 1491 2222 apud
1517 2179 1546 2212 S.
1564 2179 1714 2218 Marcum,
1754 2189 1839 2214 anno

1096 2231 1326 2264 lucar-nationis
1354 2231 1531 2265 dominicae
1549 2232 1716 2266 millesimo
1744 2233 1838 2276 quin-

1096 2284 1268 2326 gentesimo
1293 2284 1507 2326 octuagesimo
1522 2289 1645 2328 quarto,
1664 2285 1755 2318 nonis
1771 2296 1841 2330 sep—

1096 2336 1238 2377 tembris,
1257 2337 1458 2379 pontificatus
1475 2337 1574 2370 nostri
1606 2347 1690 2370 anno
1706 2338 1781 2372 ΧΙΙΙ.

1134 2390 1198 2418 Dat.
1220 2391 1262 2417 die
1279 2391 1296 2416 7
1314 2392 1385 2424 sept.
1408 2389 1484 2424 1584,
1502 2390 1604 2424 pontif.
1624 2399 1668 2418 an.
1689 2391 1764 2423 xm.

1873 1066 1988 1089 claud!-
2034 1063 2035 1067 ¹

1846 1092 1985 1122 rogatui-ing
2033 1093 2035 1124 J

1886 1653 1904 1674 ἰ·
1934 1630 2014 1671 Usi«

1850 1686 1900 1702 rum
1913 1676 1987 1703 flii*
2034 1679 2035 1682 ’
