2059 3228
137 195 190 224 An.
206 195 236 225 G.
249 198 320 228 1585

378 190 442 224 588

333 253 504 293 excedant,
536 251 633 284 huius
655 249 761 284 Status
789 255 820 284 et
851 250 1080 284 iurisdictionis

331 312 460 340 nostrae
480 305 666 348 temporalis
686 315 722 337 ac
743 304 905 348 predictae
916 305 1078 338 Romanae

330 358 492 392 Ecclesiae
505 357 537 389 in
558 357 676 390 eisdem
693 358 926 402 temporalibus
943 359 1078 391 mediate

330 412 377 444 vel
400 410 584 443 immediate
603 410 778 451 subiectos,
801 411 896 444 etiam
920 412 1075 452 dominia,

329 463 567 497 iurisdictiones
592 469 623 497 et
641 464 713 498 loca
737 469 823 498 extra
845 466 969 499 Statum
983 477 1077 509 prae-

328 517 450 549 dictum
467 517 659 558 obtinentes,
677 518 733 561 qui
750 518 1002 562 perduelliones,
1016 519 1077 552 ho-

328 569 471 610 micidas,
493 571 632 603 latrones
652 575 683 604 et
711 571 791 605 alios
816 572 956 605 nefarios
975 572 1078 605 homi-

327 634 384 656 nes
407 623 590 666 praedictos
610 623 643 656 in
663 624 728 657 suis
752 625 889 668 quisque
913 625 1074 666 dominiis,

326 676 433 717 terris,
457 677 596 720 oppidis,
634 678 758 718 castris,
787 678 959 719 fortalitiis,
980 678 1074 719 villis,

325 729 415 769 locis,
434 730 604 763 territoriis
621 742 678 765 seu
698 732 859 772 domibus,
876 738 941 764 tam
957 731 990 765 in
1006 732 1076 776 ipso

325 782 415 816 Statu
434 795 531 827 quam
548 789 635 818 extra
655 796 729 818 eum
749 786 1010 827 consistentibus,
1027 797 1077 819 re-

325 837 523 879 ceptaverint
547 848 603 870 scu
623 838 833 878 confoverint,
857 844 911 871 aut
932 839 1020 882 quod
1044 839 1076 872 in

322 889 388 922 illis
412 891 614 935 recipiantur
646 892 694 925 vel
728 893 959 926 confoveantur
993 904 1075 937 quo-

322 944 488 987 quomodo
517 944 735 988 permiserint,
763 956 819 978 seu
840 956 881 978 ne
900 945 922 978 ii
947 947 1075 990 capian-

321 1000 376 1029 tur
408 996 645 1040 impediverhxt,
681 999 729 1032 vel
763 1004 872 1042 captos
897 1000 1076 1043 eripuerint

321 1059 379 1082 seu
412 1051 656 1091 occultaverint,
694 1056 749 1084 aut
786 1052 850 1084 illis
884 1057 1073 1095 potestatem

321 1112 377 1135 seu
399 1104 662 1137 commoditatem
682 1105 836 1138 evadendi
856 1105 1003 1147 fecerint,
1024 1107 1073 1138 vel

320 1166 485 1190 carcerem
515 1163 570 1190 aut
608 1158 704 1191 aliam
740 1170 980 1203 quamcumque
1015 1170 1073 1192 cu-

319 1210 458 1243 stodiam
480 1211 677 1253 effregerint,
710 1212 885 1245 invaserint
912 1217 967 1246 aut
991 1224 1074 1256 quo-

319 1263 486 1306 quomodo
522 1264 642 1298 violare
682 1265 888 1307 tentaverint,
932 1266 997 1299 sive
1034 1267 1074 1299 ad

320 1316 381 1349 hoc
403 1317 552 1350 homines
582 1318 631 1350 vel
660 1329 750 1351 arma
782 1319 881 1352 aliave
910 1319 1073 1353 ministra-

318 1370 433 1410 verint,
458 1371 522 1404 sive
546 1371 625 1404 alias
644 1372 812 1413 auxilium,
836 1373 1006 1406 consilium
1023 1374 1072 1407 vel

319 1423 473 1464 savorem,
508 1425 615 1468 palam
645 1425 694 1458 vel
724 1425 757 1458 in
786 1426 928 1467 occulto,
962 1437 1020 1470 per
1039 1438 1072 1461 se

318 1477 367 1510 vel
388 1478 488 1510 alium
508 1489 565 1511 seu
585 1478 676 1519 alios,
703 1481 947 1523 quoquomodo,
973 1481 1070 1514 etiam

319 1535 406 1564 extra
428 1531 599 1573 territoria,
627 1532 865 1566 iurisdictiones
896 1539 926 1566 et
958 1534 1070 1568 domos

318 1585 476 1628 proprias,
496 1586 714 1629 praestiterint
735 1597 789 1619 seu
812 1592 974 1630 praestare
999 1599 1071 1631 per-

319 1637 479 1678 miserint,
501 1638 549 1671 vel
570 1639 665 1672 etiarn
685 1650 912 1683 quoscumque
931 1640 1066 1683 iudices,

319 1691 484 1725 ministros
509 1698 563 1725 aut
583 1698 769 1726 executores
784 1693 923 1727 iustitiae
947 1694 980 1727 in
995 1706 1069 1738 per-

319 1745 502 1789 quisitione,
521 1752 656 1790 captura
675 1747 723 1779 vel
740 1746 934 1780 abductione
951 1759 988 1781 ac
1004 1760 1070 1782 om-

318 1798 396 1832 nino
417 1799 449 1831 in
470 1810 583 1832 eorum
608 1799 706 1832 officii
733 1800 837 1834 libera
865 1802 1067 1843 executione,

319 1852 382 1885 sive
407 1852 439 1885 in
459 1853 544 1886 Urbe
564 1852 627 1886 sive
647 1859 748 1894 extra,
770 1853 892 1898 ubique
919 1855 1068 1889 locorum

318 1904 545 1949 impediverint
575 1917 634 1940 scu
656 1906 895 1941 verberaverint
917 1908 965 1941 vel
984 1909 1069 1942 inse-

320 1959 385 1992 cuti
419 1959 539 1992 suerint
558 1965 614 1993 aut
646 1961 868 1994 concusserint
887 1972 944 1995 seu
973 1962 1070 1996 minis

319 2013 368 2046 vel
388 2013 466 2046 alias
500 2014 792 2057 perterrefecerint,
827 2020 884 2048 aut
912 2015 952 2048 ad
981 2011 1089 2049 arma

321 2067 592 2101 conclamaverint
610 2067 726 2101 aliosve
748 2068 986 2110 concitaverint,
1013 2080 1069 2103 seu

321 2119 396 2153 talia
411 2120 480 2153 fieri
496 2121 730 2163 mandaverint,
743 2122 935 2155 facientibus
950 2123 1069 2156 adhae-

321 2173 419 2206 serint
439 2179 469 2206 et
488 2173 633 2215 faverint,
656 2185 712 2208 seu
745 2175 884 2208 alicuius
913 2175 1070 2219 magnatis

321 2235 451 2267 nomen,
487 2227 598 2260 auxilii
618 2238 727 2268 causa,
751 2227 902 2261 adversus
922 2228 1067 2269 curiam,

321 2286 508 2315 executores
527 2286 559 2314 et
582 2281 745 2315 ministros
773 2281 956 2325 praedictos
983 2282 1071 2316 invo—

322 2333 482 2375 caverint,
521 2345 578 2368 seu
611 2335 802 2369 franeliisias
838 2336 1070 2379 appellaverint

320 2381 446 2424 (contra
465 2394 544 2426 quas
569 2384 665 2417 aliam
698 2385 963 2419 constitutionem
993 2385 1069 2418 dicti

322 2430 466 2470 Gregorii
498 2433 755 2476 praedecessoris
778 2435 918 2478 desuper
950 2434 1068 2467 editam

322 2478 470 2512 similiter
502 2482 704 2523 innovamus,
757 2483 936 2517 acrioribus
973 2481 1069 2516 etiam

321 2528 471 2562 remediis
503 2530 536 2563 in
561 2531 628 2565 dies
665 2532 754 2565 usuri
790 2543 850 2577 pro
882 2531 1069 2566 huiusmodi

321 2577 428 2622 asylis,
448 2580 638 2623 praesertim
651 2590 685 2614 in
701 2580 785 2615 dicta
804 2580 902 2622 Urbe,
919 2581 1070 2615 tollendis

928 197 1107 222 BULLARIUM
1127 198 1278 224 Romnum

1122 255 1152 284 et
1172 250 1303 284 omnino
1323 250 1544 296 extirpandis),
1561 251 1666 286 laesae
1693 251 1869 287 maiestatis

1121 309 1245 337 reatum
1273 314 1310 337 ac
1346 304 1437 338 nulla
1469 304 1548 338 iuris
1575 311 1631 339 aut
1664 306 1806 341 hominis
1830 306 1869 340 fi-

1121 355 1230 390 ctione
1269 357 1444 390 confictum
1477 357 1600 392 crimen
1623 359 1810 401 incurrisse,
1835 363 1869 394 et

1121 410 1262 443 eiusdem
1283 410 1446 443 Romanae
1460 410 1625 445 Ecclesiae
1635 412 1784 454 rebelles,
1801 422 1869 447 om-

1120 464 1280 507 nibusque
1313 469 1345 497 et
1376 464 1510 507 singulis
1535 464 1720 508 privilegiis,
1740 465 1864 510 gratiis,

1120 516 1336 557 libertatibus,
1358 517 1503 559 indultis,
1516 518 1785 562 exemptionibus,
1805 518 1868 553 im-

1120 570 1355 611 munitatibus,
1391 571 1534 604 realibus
1569 576 1601 605 et
1632 572 1868 615 personalibus,

1119 635 1248 658 necnon
1281 619 1480 666 ducatibus‚'
1503 625 1751 670 principatibus,
1785 634 1870 660 mar·-

1120 677 1334 719 chionatibus,
1358 677 1572 719 eomitatibus,
1594 677 1786 722 civitatibus,
1805 683 1868 714 ter-

1121 730 1174 771 ris,
1198 731 1339 775 oppidis,
1361 731 1486 772 castris,
1508 731 1672 774 dominiis,
1706 731 1881 767 vicariati-·

1118 784 1190 824 bus,
1230 784 1407 827 gubernus,
1442 784 1534 826 locis,
1573 785 1864 828 iurisdictionibus,

1118 837 1340 880 dignitatibus,
1370 838 1465 871 etiarn
1499 838 1735 880 ecclesiasticis,
1763 839 1868 874 hono-

1118 890 1218 931 ribus,
1239 891 1376 932 iuribus,
1399 891 1524 932 officiis,
1552 892 1777 936 pensionibus,
1810 892 1867 927 be-

1116 943 1241 978 neficiis
1271 950 1302 977 et
1333 945 1492 979 fructibus
1516 945 1753 988 ecclesiasticis,
1773 957 1811 980 ac
1829 944 1866 981 θ’-

1116 997 1194 1030 tiam
1214 998 1474 1043 quibuscumque
1507 999 1611 1033 feudis
1630 1005 1662 1033 et
1681 1000 1866 1035 concessio-

1116 1051 1224 1091 nibus,
1247 1063 1329 1096 quae
1350 1063 1367 1086 a
1386 1053 1531 1086 Romana
1554 1051 1718 1097 praedicta
1746 1057 1778 1088 et
1794 1053 1866 1098 qui-

1116 1104 1317 1149 buscumque
1341 1106 1411 1139 aliis
1444 1106 1588 1140 ecclesiis
1611 1106 1758 1141 obtinent
1779 1107 1864 1142 etin

1115 1158 1260 1191 futurum
1272 1159 1476 1200 obtinebunt,
1497 1159 1677 1203 ceterisque
1695 1159 1869 1207 etiamim-¹
1922 1159 1924 1162 ’
1974 1159 1975 1162 ’

1115 1211 1303 1252 mobilibus,
1338 1213 1515 1246 mobilibus
1538 1218 1570 1246 et
1597 1223 1630 1247 se
1658 1214 1863 1249 moventibus

1113 1264 1217 1305 honis,
1243 1265 1369 1298 iuribus
1388 1271 1418 1299 et
1438 1265 1619 1300 actionibus
1638 1277 1677 1300 eo
1700 1267 1770 1312 ipso
1793 1267 1863 1313 pri-

1113 1323 1217 1359 vatos,
1240 1319 1391 1363 ipsosque
1426 1324 1456 1352 et
1490 1319 1621 1353 illorum
1645 1320 1730 1354 filios
1747 1320 1788 1354 ad
1806 1320 1863 1356 illa

1115 1378 1145 1405 et
1165 1373 1329 1417 quaelibet
1348 1373 1410 1406 alia
1428 1372 1460 1406 in
1480 1379 1644 1417 posterum
1671 1374 1874 1418 obtinenda,

1113 1436 1151 1458 ac
1170 1437 1394 1471 quoscumque
1413 1432 1504 1460 actus
1523 1427 1683 1470 legitimos
1705 1438 1860 1462 exercen-

1113 1479 1171 1512 dos
1189 1479 1348 1514 inhabiles
1368 1486 1398 1514 et
1416 1480 1565 1524 indignos
1583 1480 1650 1514 fore
1670 1486 1766 1526 atque
1775 1492 1858 1524 esse;

1112 1543 1240 1566 necnon
1273 1544 1291 1566 a
1322 1538 1390 1567 toto
1414 1534 1505 1567 Statu
1537 1534 1772 1576 Ecclesiastico,
1792 1545 1866 1569 una·

1112 1597 1186 1619 curn
1203 1597 1317 1620 eorum
1339 1587 1480 1628 familiis,
1493 1587 1642 1632 perpetui
1656 1587 1743 1621 exilii
1753 1599 1858 1633 poena

1111 1639 1269 1681 damnari,
1304 1641 1493 1685 domosque,
1521 1641 1678 1683 aedificia,
1708 1653 1799 1676 arces
1825 1647 1858 1676 et

1111 1693 1262 1726 fortalitia
1282 1695 1470 1728 eorumdem
1490 1694 1637 1728 demoliri
1655 1701 1687 1729 et
1714 1696 1782 1730 solo
1801 1705 1857 1730 ae-

1111 1747 1216 1790 quari,
1238 1758 1293 1781 seu
1318 1748 1389 1781 aliis
1422 1748 1526 1782 dictae
1556 1748 1708 1782 Gamerae
1731 1748 1858 1783 iuribus

1111 1800 1248 1833 adscribi
1281 1801 1410 1842 debere,
1445 1813 1505 1835 nec
1525 1802 1588 1835 illis
1611 1808 1737 1846 portam
1756 1803 1857 1837 ullius

1111 1854 1275 1897 dignitatis
1288 1855 1522 1888 ecclesiasticae
1532 1856 1580 1888 vel
1593 1855 1775 1890 mundanae
1784 1867 1857 1890 um-

1111 1918 1207 1950 quam
1229 1913 1337 1952 patere
1364 1908 1570 1942 decernimus
1589 1914 1620 1942 et
1639 1909 1854 1944 declaramus.

1111 1961 1266 1994 Yassallos
1289 1972 1374 2001 vero,
1399 1962 1560 2003 custodes,
1595 1963 1790 2006 capitaneos,
1810 1964 1858 1997 of-

1111 2014 1242 2054 ficiales,
1268 2015 1406 2058 populos
1439 2022 1469 2048 et
1501 2015 1646 2049 subditos
1666 2016 1854 2050 eorumdem

1110 2078 1128 2100 a
1151 2067 1312 2101 fidelitatis
1331 2068 1512 2101 iuramento
1537 2080 1573 2102 ac
1600 2069 1718 2113 omagii
1737 2074 1856 2114 etquo-

1111 2132 1251 2165 cumque
1270 2122 1332 2154 alio
1353 2121 1435 2162 iure,
1465 2133 1530 2166 quo
1557 2123 1635 2167 ipsis
1653 2122 1856 2167 quomodoli-

1110 2175 1165 2208 bet
1183 2174 1325 2208 adstricti
1345 2174 1475 2215 suerint,
1497 2187 1534 2209 ex
1556 2181 1631 2209 tunc
1650 2176 1779 2220 penitus
1796 2176 1853 2210 ab·

1110 2229 1262 2262 solvimus
1294 2235 1326 2262 et
1354 2229 1542 2263 liberamus.
1577 2230 1717 2263 Ducatus
1735 2234 1854 2271 autem,

1111 2282 1265 2323 dominia,
1286 2281 1470 2323 vicariatus,
1491 2282 1658 2326 gubernio,
1680 2283 1786 2325 feuda,
1808 2283 1855 2317 ci-

1110 2336 1232 2375 vitates,
1253 2341 1367 2377 terras,
1394 2337 1535 2380 oppida?
1551 2343 1654 2370 castra
1684 2342 1855 2381 ceteraque

1110 2386 1195 2418 bona
1218 2384 1392 2428 praedicta,
1413 2396 1541 2418 necnon
1560 2385 1630 2418 iura
1650 2392 1680 2419 et
1699 2385 1854 2427 actiones,

1111 2445 1185 2467 cum
1197 2434 1356 2467 fructibus
1371 2440 1403 2467 et
1413 2434 1640 2467 emolumentis
1652 2433 1853 2476 eorumdem,

1110 2482 1188 2516 fisco
1212 2487 1322 2516 nostro
1346 2488 1376 2515 et
1395 2482 1545 2516 Gamerae
1576 2482 1757 2526 praedictae
1784 2481 1855 2526 ipso

1111 2532 1206 2572 sacto,
1233 2532 1353 2575 absque
1386 2532 1494 2575 aliqua
1524 2531 1752 2571 declaratione,
1779 2530 1856 2564 cita—

1110 2580 1210 2625 tione,
1231 2580 1348 2616 iudicis
1377 2580 1537 2615 sententia
1558 2590 1615 2614 seu
1639 2580 1782 2620 decreto,
1805 2579 1856 2613 vel
