2059 3228
196 303 272 338 solis
286 302 415 336 novitiis
430 306 461 336 et
485 301 647 346 professis,
669 306 705 334 ut
725 301 944 344 reliquii-egu-

198 357 281 391 lares
293 355 440 396 Ordines,
458 356 607 398 constat),
631 355 691 388 tria
720 353 943 388 substantialia

171 416 175 419 '
195 415 266 444 vota
286 410 457 454 simplicia,
476 409 536 442 nisi
557 409 629 453 quis
646 409 808 442 interdum
821 408 860 441 ad
870 418 944 451 pro-

195 463 366 497 fessionem
394 464 441 496 vel
472 463 608 506 gradum
629 462 856 495 coadiutormn
877 462 943 494 for-

194 522 355 551 matorum
375 517 595 550 admittendus
615 516 788 555 videretur,
806 526 944 559 pauper-

195 569 279 610 tatis,
307 570 460 604 castitatis
488 576 520 603 et
550 569 752 603 obedientiae
779 569 809 601 in
831 568 943 602 eadem

193 622 364 664 Societate,
391 635 427 656 ex
447 624 625 668 apostolico
646 623 785 664 indulto,
809 623 943 656 aciuxta

192 677 327 710 vovendi
348 677 521 710 formulam
544 677 575 710 in
596 677 719 710 eisdem
740 677 945 710 constitutio-

192 730 252 764 bus
268 741 463 775 expressam,
473 731 633 771 emittunt,
643 730 865 763 acseeundum
874 730 944 763 illas

193 784 387 829 promittunt
406 796 439 819 se
460 786 606 818 eamdem
618 784 808 821 Societatem
819 783 943 827 ingres-

191 848 296 880 suros,
319 838 381 872 hoc
409 844 457 872 est
475 838 665 872 ulteriorem
687 838 830 880 aliquem
856 838 944 871 illius

190 892 340 936 gradum,
362 897 460 937 prout
470 892 656 937 praeposito
671 891 834 924 videbitur
844 902 943 936 gene-

193 945 264 979 rali.

237 999 252 1043 ξ
271 999 302 1033 7.
339 998 461 1039 Quibus
479 998 560 1032 votis
580 998 716 1040 emissis,
739 998 850 1032 novitii
874 1009 943 1033 esse

45 1070 102 1092 oin·
114 1066 178 1090 volun
192 1051 356 1093 desinunt,
378 1057 410 1086 et
428 1052 462 1085 in
482 1051 650 1085 Societatis
671 1062 801 1096 corpus,
816 1052 872 1096 qui
893 1053 945 1085 lit-

42 1098 178 1153 ῗζζζῗιζωζξζ
192 1105 268 1138 teris
288 1115 421 1149 operam
442 1104 592 1138 dederint
611 1105 661 1139 vel
682 1105 789 1138 daturi
810 1111 896 1147 sunt,
909 1111 943 1139 ut

45 1161 123 1189 „unie-
131 1166 180 1183 ωο-
191 1158 354 1192 scholares
371 1158 554 1203 approbati,
577 1158 631 1191 alii
649 1169 726 1192 vero
753 1163 788 1191 ut
808 1160 942 1192 coadiu-

40 1196 93 1216 nur.
191 1217 279 1246 tores
303 1213 498 1256 temporales
530 1212 676 1245 nondum
701 1211 843 1252 formati,
866 1223 943 1246 coo-

191 1270 335 1310 ptantur,
357 1276 394 1299 ae
414 1271 572 1310 quantum
593 1270 684 1298 estex
696 1265 942 1310 parteipsorum

191 1324 363 1363 perpetuo,
385 1330 422 1353 ex
439 1324 530 1364 parte
549 1329 625 1353 vero
650 1318 832 1360 Societatis,
854 1320 944 1353 iuxta

191 1372 369 1416 apostolica
387 1372 513 1406 indulta
533 1377 564 1406 et
584 1372 828 1406 constitutiones
848 1384 943 1417 prae-

191 1425 303 1468 dictas,
336 1426 459 1460 tamdiu
493 1425 625 1470 obligati
664 1432 750 1467 sunt,
787 1427 943 1471 quamdiu

191 1479 396 1524 praepositus
406 1480 565 1524 generalis
575 1490 629 1513 eos
649 1479 681 1512 in
702 1480 860 1513 Societate
870 1480 945 1514 reti—

191 1533 315 1567 nendos
334 1544 402 1567 esse
419 1533 592 1567 censuerit.
615 1533 706 1572 Quod
724 1533 762 1566 ad
775 1533 943 1567 Societatis

192 1587 468 1620 conservationem
490 1587 628 1620 maxime
648 1591 694 1620 est
714 1587 944 1627 necessarium,

191 1639 290 1684 idque
311 1639 350 1672 ab
370 1639 456 1673 illius
476 1639 608 1673 exordio
624 1639 820 1684 praevisum,
835 1644 945 1683 etpost

192 1693 413 1738 experimento
446 1694 695 1737 comprohatum
741 1698 808 1733 est;
846 1693 945 1737 idque

192 1746 286 1780 initio
306 1746 469 1790 ingressus
488 1747 551 1780 illis
585 1746 735 1790 explicite
763 1747 946 1780 manifesta-

193 1805 256 1841 tur,
278 1806 375 1844 atque
391 1800 452 1845 ipsi
472 1801 691 1834 conditionem
716 1801 801 1833 hanc
821 1801 944 1844 ample-

193 1859 337 1895 ctuntur,
360 1865 444 1899 quae
465 1854 522 1894 eis,
545 1854 570 1887 si
591 1854 841 1897 quosdimittere
851 1864 946 1898 opor-

192 1912 268 1948 teat,
288 1908 390 1941 multo
410 1913 458 1941 est
489 1908 703 1948 commodior,
721 1912 756 1940 ut
775 1907 869 1941 liberi
886 1918 944 1951 po-

192 1961 257 1994 tius
276 1971 373 2004 quam
383 1961 464 1995 votis
481 1961 613 2005 obligati
626 1961 844 2001 dimittantur,
858 1961 944 1994 aliis-

193 2023 257 2058 que
276 2014 368 2048 iustis
389 2020 420 2048 et
438 2014 686 2048 rationabilibus
706 2014 745 2047 de
770 2014 887 2047 causis.

237 2068 253 2112 Q
273 2067 304 2102 8.
319 2068 530 2101 Coadiutores
546 2068 743 2112 temporales
755 2078 817 2101 non
830 2068 948 2101 forma-

54 2139 177 2169 *unamm-
192 2122 229 2163 ti,
251 2122 306 2166 qui
327 2132 393 2155 non
421 2122 460 2154 ad
481 2121 587 2155 studia
607 2122 788 2155 litterarum
802 2149 809 2162 ,
831 2122 886 2155 sed
907 2123 944 2156 ad

44 2175 177 2225 ›33⁹3ss
195 2175 372 2209 domestica
405 2175 516 2208 munia
550 2175 693 2208 curanda
730 2175 944 2216 destinantur,

37 2233 70 2260 :tn-
195 2233 269 2273 post
287 2228 411 2272 aliquot
422 2239 533 2269 annos,
551 2228 669 2272 quibus
689 2229 832 2271 generali
854 2240 946 2272 prae-

196 2282 302 2327 posito
329 2287 360 2315 et
378 2281 527 2331 Societati
548 2282 782 2322 satisfecerint,
803 2292 862 2324 per
890 2282 948 2314 tria

195 2335 274 2369 item
295 2334 678 2384 paupertatis,·eastitatis
695 2340 726 2368 et
744 2334 948 2368 obedientiae

195 2394 279 2429 vota,
290 2399 374 2432 quae,
383 2388 458 2421 licet
466 2388 597 2432 publica
607 2393 638 2420 et
648 2387 680 2420 in
691 2387 841 2420 manibus
854 2398 949 2432 supe-

198 2438 294 2471 rioris
319 2437 454 2477 emissa,
476 2447 542 2469 non
562 2442 670 2469 tamen
690 2436 865 2476 solemnia,
892 2437 948 2469 sed

197 2493 264 2520 tum
294 2497 330 2519 ex
355 2485 622 2518 constitutionum
642 2484 862 2528 praescripto,
880 2489 948 2517 tum

198 2536 342 2569 voventis
361 2540 389 2567 et
411 2533 608 2567 admittentis
628 2532 808 2566 intentione
829 2532 951 2576 simpli-

65 2594 76 2609 ·
200 2583 247 2618 cia
260 2584 412 2623 existunt,
434 2583 465 2615 in
486 2580 947 2625 coadiutorumtemporalium

202 2633 412 2667 ‘oi-matorum
433 2632 569 2675 gradum
585 2631 802 2664 admittuntur

807 246 983 272 Gnssoonms
1002 247 1057 271 xm
1078 248 1125 272 FP.

1627 243 1691 277 [4:²39
1750 254 1805 282 An.
1825 255 1854 282 c.
1870 257 1933 284 issi

1029 300 1044 342 Q
1065 301 1095 332 t).
1130 300 1297 334 Scliolares
1323 314 1407 342 vcro,
1432 304 1546 337 studiis
1566 305 1597 337 in
1623 305 1733 339 Socio-
1821 316 1936 339 Senonum

986 357 1048 385 tate
1068 353 1234 394 absolutis,
1256 362 1425 400 :mlequam
1440 357 1572 400 professi
1582 359 1630 392 vel
1641 360 1736 393 coad-
1751 348 1937 407 ,ἵξζξξξῗζᾏὲᾛ

986 405 1107 437 iutoros
1127 406 1309 450 spirituales
1320 410 1445 443 formati
1455 411 1615 451 liant‚non
1631 413 1735 446 solum
1751 415 1779 431 ¹¹⁰
1794 410 1936 433 ‘⁰²¹¹'0ffl’ffl‘'

985 459 1735 507 tertiumadliucultm‘iorisprobationisannnm

986 513 1017 546 in
1038 513 1214 547 devotionis
1235 520 1266 547 et
1285 516 1476 551 humilitatis
1497 518 1656 552 exercitiis
1675 520 1735 553 im-

985 567 1142 611 pendunt,
1165 573 1210 609 ut,
1233 568 1258 601 si
1279 580 1342 612 qua
1360 571 1492 604 sortasse
1513 571 1543 605 in
1561 584 1594 606 re
1619 573 1734 607 harum

984 620 1139 654 virtutum
1160 622 1266 655 fervor
1285 623 1532 666 perlitterarum
1548 627 1735 671 occupatio-

985 685 1058 707 nem
1079 675 1266 719 intepuerit,
1290 688 1348 720 per
1367 679 1555 713 earumdem
1581 681 1733 714 virtutum

985 728 1237 773 frequentiorem
1275 730 1536 766 exercitationem
1573 735 1735 767 ardentio-

985 793 1118 827 remque
1135 783 1232 816 divini
1251 783 1362 817 auxilii
1380 785 1627 828 invocationem,
1642 799 1732 822 reca-

984 836 1095 876 lescat,
1112 836 1167 869 sed
1188 836 1284 869 etiam
1305 837 1337 870 in
1367 837 1455 871 verbi
1480 839 1547 880 Dei,
1569 851 1732 875 sacrarum

984 894 1015 922 et
1047 889 1314 924 scholasticarum
1343 891 1534 934 lectionum,
1565 894 1734 928 poeniten-

985 942 1114 986 tiaeque
1146 948 1178 976 et
1203 943 1425 978 Eucharistiae
1459 954 1731 981 sacramentorum

984 996 1150 1030 Societatis
1176 997 1363 1031 ministeriis
1392 999 1515 1033 tamdiu
1544 1002 1732 1044 probantur,

984 1051 1141 1094 quamdiu
1162 1052 1347 1095 praeposito
1357 1054 1500 1096 generali
1514 1054 1642 1088 videt'ur
1655 1067 1662 1096 3
1675 1067 1734 1089 nee

983 1109 1157 1147 antequam
1179 1104 1240 1148 ipsi
1259 1106 1445 1150 praeposito
1466 1107 1529 1140 sint
1549 1109 1642 1151 plane
1663 1120 1736 1153 per-

983 1158 1096 1202 specti,
1124 1158 1217 1201 eique
1229 1158 1261 1191 in
1282 1160 1434 1193 omnibus
1455 1160 1676 1204 satisfecerint,
1695 1163 1733 1196 ad

984 1211 1170 1244 huiusmodi
1192 1212 1310 1255 gradus
1332 1220 1572 1256 promoventur.

1028 1266 1042 1308 Q
1063 1265 1116 1299 to.
1139 1265 1199 1305 Qui
1220 1265 1306 1299 enim
1327 1266 1365 1299 ad
1394 1267 1627 1310 professionem
1657 1281 1735 1313 qua-

984 1323 1059 1351 tuor
1074 1324 1223 1352 votorum
1244 1320 1435 1353 admittendi
1461 1328 1546 1363 sunt,
1566 1333 1632 1364 eos,
1648 1323 1734 1356 iuxta
1749 1315 1864 1367 &3223
1882 1320 1935 1373 ξζζζ

985 1371 1231 1406 constitutiones
1265 1373 1391 1407 easdem
1427 1379 1457 1407 et
1476 1376 1652 1419 apostoliea
1684 1377 1736 1410 de·
1750 1381 1802 1430 2¹3⁰&
1837 1379 1935 1429 V2t⁰t¹¹2¹¹

985 1431 1072 1458 creta
1091 1430 1122 1459 et
1141 1426 1276 1467 indulta,
1291 1427 1375 1460 viros
1391 1427 1524 1462 omnino
1544 1429 1683 1463 humiles
1699 1441 1736 1463 ac
1750 1416 1761 1430 ὃ
1777 1411 1851 1430 maten
1868 1413 1935 1435 'm'

984 1479 1162 1522 prudentes
1182 1480 1214 1513 in
1235 1480 1372 1522 Christo,
1395 1486 1426 1514 et
1445 1481 1478 1514 in
1495 1482 1574 1516 vitae
1596 1483 1735 1527 puritate

984 1543 1021 1565 ac
1040 1532 1155 1566 litteris
1166 1534 1371 1578 conspicuos,
1380 1535 1606 1580 diuturnisque
1617 1548 1653 1570 ae
1666 1538 1737 1571 dili-

983 1586 1177 1630 gentissimis
1201 1588 1428 1631 experimentis
1454 1589 1619 1633 probatos,
1641 1596 1735 1635 atque

985 1641 1167 1674 sacerdotes
1204 1647 1235 1674 et
1264 1642 1297 1675 in
1327 1643 1516 1677 ministeriis
1548 1644 1733 1678 huiusmodi

986 1695 1074 1739 prius
1086 1696 1141 1729 diu
1155 1697 1505 1741 multumqueversatos
1521 1700 1643 1732 vocatio
1656 1700 1736 1733 llaec

986 1745 1131 1789 requirit,
1140 1751 1253 1790 utpote
1268 1757 1349 1790 quos
1363 1748 1463 1780 ardua
1479 1754 1626 1781 maneant
1642 1749 1735 1781 mini-

985 1794 1092 1827 steria.
1128 1795 1197 1834 Quo
1238 1795 1293 1835 fit,
1316 1802 1351 1828 ut
1371 1806 1436 1828 non
1456 1807 1568 1829 omnes
1587 1798 1625 1829 ad
1647 1808 1735 1830 eam-

985 1844 1059 1876 dem
1080 1845 1315 1887 professionem
1337 1845 1444 1878 idonei
1467 1856 1546 1887 esse,
1569 1857 1629 1879 nec
1646 1848 1734 1888 tales,

986 1893 1053 1926 sine
1088 1895 1184 1937 longa
1221 1895 1449 1927 exercitatione
1486 1900 1583 1938 atque
1608 1896 1734 1939 experi-

987 1948 1107 1982 mento,
1131 1942 1201 1975 fieri
1228 1949 1283 1976 aut
1307 1943 1401 1976 etiam
1420 1945 1570 1986 cognosci
1598 1945 1733 1988 possint.

986 1991 1189 2035 Quapropter
1209 1992 1375 2025 Societatis
1389 2003 1507 2035 eorpus
1521 1993 1552 2024 in
1572 2004 1629 2025 sua
1640 2004 1738 2026 mem-

987 2041 1043 2074 bra
1063 2047 1094 2074 et
1108 2042 1227 2084 gradus
1248 2042 1331 2074 idem
1358 2041 1612 2083 Ignatiusdivino
1627 2042 1738 2075 instin—

987 2094 1040 2122 ctu
1062 2089 1104 2122 ita
1120 2090 1208 2123 duxit
1229 2090 1466 2133 disponemlum
1481 2096 1665 2133 ut,praeter
1682 2103 1738 2124 eos

987 2149 1068 2180 quos
1089 2138 1290 2182 praepositus
1316 2139 1474 2181 generalis
1500 2140 1539 2171 ad
1565 2140 1737 2183 professio-

989 2199 1059 2221 nem
1083 2194 1223 2232 quatuor
1241 2194 1386 2221 votorum
1415 2188 1549 2221 idoneos
1574 2200 1643 2222 esse
1664 2200 1738 2223 cen-

988 2237 1100 2278 suerit,
1113 2238 1323 2271 etnonnullos
1344 2248 1425 2280 quos
1444 2237 1605 2270 interdum
1616 2239 1655 2271 ad
1666 2250 1738 2283 pro-

990 2286 1159 2319 fessionem
1175 2286 1270 2318 trium
1284 2286 1453 2318 admittere
1474 2291 1590 2329 potest,
1602 2287 1733 2330 reliqui,

989 2335 1082 2367 etiam
1104 2335 1446 2377 sacerdotes,quorum
1464 2335 1527 2367 vita
1542 2340 1572 2368 et
1592 2337 1739 2370 doctrina

990 2383 1021 2416 in
1046 2383 1205 2416 Societate
1223 2384 1276 2415 diu
1308 2384 1441 2426 probata
1471 2389 1563 2424 esset,
1587 2395 1623 2418 ac
1643 2396 1737 2428 prae-

990 2433 1093 2476 posito
1119 2432 1260 2474 generali
1296 2438 1474 2475 perspecta,
1507 2438 1537 2465 et
1566 2433 1605 2466 de
1636 2434 1736 2477 ipsius

991 2481 1132 2519 lieentia,
1156 2481 1187 2512 in
1209 2481 1434 2513 conuiuiorum
1447 2482 1665 2523 spiritualium
1678 2484 1739 2515 for-

991 2535 1149 2562 matorum
1175 2530 1324 2572 gradum,
1349 2540 1406 2571 per
1427 2530 1484 2562 tria
1508 2530 1560 2562 illa
1571 2536 1641 2564 vota
1653 2531 1739 2563 simi-

991 2579 1064 2611 liter
1084 2579 1226 2621 publica,
1248 2579 1302 2611 sed
1332 2579 1502 2622 simplicia,
1529 2580 1559 2611 in
1590 2581 1737 2624 superio-

992 2628 1035 2660 ris
1053 2627 1202 2660 manibus
1222 2627 1347 2668 emissa,
1370 2627 1624 2662 admitterentur.

1775 1283 1802 1304 Ε(
1838 1284 1871 1309 iis,
1900 1284 1934 1311 qul
