2059 3228
78 240 118 264 An
148 239 175 264 Γ..
198 239 261 267 1573

89 1674 258 1695 num-anoton-

76 1708 196 1727 tunulum.

325 230 365 263 53ss

276 302 330 324 seu
350 292 440 329 alios,
464 294 644 333 praesentes
663 289 786 320 litteras
797 293 824 320 et
840 287 871 319 in
886 288 931 320 eis
944 297 1019 320 eon-

275 350 360 377 tenta
379 353 621 387 quaecumque,
652 340 703 373 ubi
731 346 762 373 et
785 340 915 383 quando
939 350 1019 383 opus·

275 397 380 435 suerit,
404 407 439 429 ae
459 395 584 438 quoties
604 404 661 437 pro
675 399 763 437 parte
782 393 1015 431 Hebraeorum,

273 450 461 487 'l'urcarum‚
482 448 677 480 Graecorum
694 452 724 479 et
743 447 879 479 aliorum
899 456 1018 478 merea-

274 507 379 535 torum
400 500 610 534 Ori11=ntati11111
640 500 856 543 praefatorum
883 510 937 530 seu
959 498 1017 530 ali-

273 554 365 587 ruius
398 565 509 586 eorum
540 553 678 595 desuper
702 552 820 584 suerint
853 551 1015 594 requisiti,

273 607 458 639 solemniter
483 606 701 649 publicantes,
728 605 837 648 eisque
868 605 897 636 in
925 614 1016 647 prue-

273 660 376 691 missis
401 659 538 691 essicaeis
562 658 756 691 defensionis
784 657 942 700 praesidio
967 668 1016 688 as-

272 712 429 752 sistentes,
452 712 568 745 saciant
588 712 777 745 auctoritate.
798 716 904 743 nostra
925 720 1016 752 prae-

271 770 376 797 sentes
388 765 508 798 litteras
518 770 549 798 et
561 765 593 797 in
602 765 646 798 eis
655 770 803 797 contenta
817 763 1014 801 huiusmodi,

271 817 408 851 tirmiter
424 818 598 858 observari;
615 829 651 850 ae
663 818 747 861 ipsos
759 817 928 856 Hebraeos,
940 816 1017 848 Tur-

271 881 324 903 eas
344 876 374 904 et
390 871 526 904 Graecos
545 870 724 914 praedictos
744 880 918 912 omnesque
938 869 1017 901 alios

271 928 302 956 et
321 923 477 966 singulos,
498 924 713 967 quoslitterae
735 923 819 966 ipsae
836 922 1016 965 quomodo-

271 976 349 1010 libet
368 983 580 1017 concernunt,
598 977 660 1009 illis
675 976 808 1019 pacifice
823 975 885 1008 frui
899 980 929 1008 et
944 986 1017 1017 ‹gau-

271 1030 364 1071 dere;
401 1041 465 1064 non
494 1031 713 1074 permittentes
737 1040 849 1062 eorum
877 1029 1015 1071 alispiem

270 1094 329 1127 per
337 1094 558 1128 quoscumque
571 1085 708 1127 desuper
720 1083 958 1126 quomodolibet
970 1082 1016 1114 in-

271 1136 377 1169 debite
391 1137 564 1170 molestari.
584 1136 839 1169 Contradictores
858 1134 1018 1178 quoslibet

271 1189 446 1222 etrebelles
455 1201 512 1232 per
528 1201 679 1222 censuras
689 1195 719 1222 et
731 1199 848 1232 poenas
868 1188 1017 1221 ecelesia-

270 1242 365 1274 sucas
390 1242 514 1286 aliaque
535 1247 715 1285 opportuna
730 1242 809 1274 iuris
826 1247 855 1274 et
876 1241 948 1274 sacti
966 1252 1016 1274 rc—

271 1295 393 1335 media,
433 1296 646 1338 appellatione
677 1295 866 1339 postposita,
887 1304 1016 1337 compe-

270 1348 401 1388 scendo;
430 1359 467 1381 ae
496 1348 643 1390 legitimis
668 1359 765 1390 super
788 1348 837 1380 his
864 1347 1018 1380 habendis

271 1401 401 1433 servatis
425 1401 643 1445 processibus,
671 1412 820 1433 censuras
845 1406 876 1433 et
899 1410 1018 1444 poenas

271 1453 450 1497 praedictas
484 1454 578 1487 etiam
606 1454 725 1486 iteratis
756 1453 878 1486 vicibus
906 1464 1017 1496 aggra-

271 1507 384 1547 vando,
415 1507 560 1540 invocato
586 1508 682 1540 etiam
713 1508 751 1540 ad
779 1508 861 1547 hee,
886 1508 911 1540 si
938 1518 1019 1551 opus

272 1560 381 1601 suerit,
403 1561 522 1593 auxilio
543 1560 667 1593 brac-liii
688 1561 873 1594 saecularis.

316 1613 405 1656 517.
427 1614 496 1646 Non
534 1614 736 1646 obstantibus
769 1613 951 1658 praemissis
983 1625 1019 1646 ac

273 1666 556 1700 constitutionibus
571 1674 600 1699 et
618 1667 873 1700 ordinationibus
893 1673 1019 1710 aposto-

273 1719 358 1760 ticis3
381 1731 418 1752 ac
439 1720 655 1753 Anconitanae
677 1722 877 1764 aliarumque
912 1720 1019 1753 eivita-

273 1779 354 1813 tum,
387 1773 642 1817 provinciarum,
674 1779 852 1813 terrarum,
875 1775 1020 1806 locorum

275 1826 526 1870 praedictorum,
561 1825 755 1867 iuramento,
778 1827 1021 1860 confirmatione

274 1880 451 1923 apostoliea
469 1880 518 1912 vel
537 1880 648 1922 quavis
672 1881 821 1913 firmitate
844 1881 906 1913 alia
925 1881 1022 1914 robo-

275 1933 362 1973 ratis,
385 1932 509 1965 statutis
529 1938 561 1965 et
575 1934 876 1973 consuetiulinibus3
896 1934 1023 1977 privile-

276 1985 334 2027 giis
353 1996 493 2029 quoque,
509 1985 640 2018 indultis
651 1986 805 2019 etlitteris
825 1988 1020 2029 apostolicis,

278 2038 340 2070 illis
370 2044 400 2071 et
428 2049 487 2082 pro
516 2044 661 2083 tempore
686 2039 894 2072 existentibus
922 2040 1024 2073 dietae

278 2090 410 2123 clvitatis
436 2092 652 2125 Aneonitanae
675 2092 881 2135 gubernatori
904 2104 958 2126 seu
979 2094 1024 2126 le-

279 2150 351 2186 gato
385 2151 439 2177 aut
467 2145 641 2187 vicelegato
671 2146 718 2178 vel
752 2145 917 2189 quibusvis
957 2146 1026 2179 aliis

282 2198 436 2240 personis,
456 2198 514 2230 sub
530 2198 788 2242 quibuscumque
809 2198 974 2231 tenoribus
998 2205 1028 2232 et

281 2250 403 2290 l'ermis,
426 2261 460 2282 ac
486 2262 558 2282 <zum
580 2251 756 2294 quibusvis,
779 2252 873 2284 etiam
894 2252 1027 2293 deroga-

282 2302 436 2335 toriai·um
463 2304 673 2343 ‹li‘treeatoriis
702 2304 838 2347 aliisque
867 2304 1028 2337 efficacio-

284 2354 382 2394 ribus,
414 2356 641 2388 effiearissimis
674 2362 703 2389 et
736 2357 882 2398 insolitis,
905 2358 1031 2389 clausu-

1061 1613 1288 1655 Martinengus.

871 236 1048 260 nntimntmt
1070 234 1216 258 notttNuiu

1061 284 1244 329 approbatis
1280 289 1310 316 et
1342 283 1461 316 iteratis
1492 283 1614 317 vicibus
1638 284 1806 321 innovatis.

1059 339 1180 376 Quibus
1195 337 1356 376 omnibus,
1375 336 1510 377 etiamsi,
1528 347 1586 379 pro
1600 337 1731 371 illorum
1745 342 1810 373 sus·

1061 391 1179 424 t‘icieuti
1201 389 1420 433 derogatione,
1447 389 1524 422 alias
1543 390 1581 422 de
1602 389 1663 423 illis
1683 402 1809 426 eorum-

1060 455 1122 486 que
1149 444 1222 476 totis
1247 443 1412 475 tenoribus
1437 442 1603 485 specialis,
1636 445 1805 487 specifica,

1060 507 1206 539 expressa
1227 502 1254 528 et
1277 495 1440 527 individua
1457 506 1492 528 ac
1513 496 1551 529 de
1568 497 1665 530 verbo
1682 498 1720 530 ad
1740 509 1809 532 ver-

1059 550 1148 589 bum,
1174 560 1239 582 non
1260 555 1366 581 autom
1388 559 1445 592 per
1465 550 1624 583 clausulas
1643 553 1809 593 generales

1060 603 1141 635 idem
1166 603 1384 645 importantes,
1399 602 1518 635 mentio
1531 613 1585 636 seu
1602 605 1731 646 quaevis
1747 605 1808 638 alia

1059 655 1220 698 expressio
1246 655 1392 687 habenda
1412 660 1467 688 aut
1490 656 1600 699 aliqua
1619 656 1681 689 alia
1701 658 1808 701 exqui-

1058 708 1117 740 sita
1137 708 1240 740 forma
1260 708 1298 740 ad
1319 708 1381 741 boe
1401 709 1554 741 servanda
1573 709 1664 750 foret,
1680 715 1808 744 tenores

1058 761 1261 801 huiusmodi,
1287 772 1323 793 ae
1352 760 1377 794 si
1406 762 1445 794 de
1473 761 1569 795 verbo
1595 762 1635 795 ad
1663 764 1806 805 verbum,

1058 813 1137 846 uiliil
1158 814 1286 857 penitus
1306 815 1437 855 omisso,
1459 820 1489 847 et
1504 816 1607 848 forma
1621 815 1655 848 in
1670 816 1732 849 illis
1749 822 1808 850 tra-

1058 867 1121 899 dita
1147 867 1321 907 observata,
1346 867 1456 901 inserti
1481 869 1606 909 forent,
1633 870 1808 913 praesenti-

1058 921 1117 953 bus
1143 932 1201 965 pro
1231 921 1427 954 sufficienter
1452 922 1609 965 expressis
1633 922 1806 964 hahentes,

1059 974 1119 1006 illis
1138 975 1217 1006 alias
1236 973 1269 1006 in
1290 985 1347 1007 suo
1364 974 1479 1007 robore
1496 976 1729 1018 permansuris,
1747 977 1808 1010 hae

1058 1027 1123 1059 viee
1148 1028 1322 1067 dumtaxat,
1346 1028 1528 1071 specialiter
1547 1034 1577 1061 et
1593 1040 1740 1072 expresse
1756 1030 1809 1062 de-

1058 1091 1226 1123 rogamus,
1254 1081 1422 1113 contrariis
1447 1081 1726 1125 quibuscumque3
1754 1088 1809 1115 aut

1059 1133 1082 1165 si
1112 1133 1285 1176 aliquibus,
1309 1134 1525 1167 communiter
1542 1135 1591 1168 vel
1612 1135 1750 1176 divisim,
1768 1136 1808 1168 ab

1058 1186 1240 1229 Apostoliea
1260 1186 1298 1219 sit
1322 1186 1402 1219 Sede
1424 1186 1585 1220 indultum
1603 1188 1689 1231 quod
1712 1188 1808 1221 inter-

1058 1239 1146 1280 dicti,
1169 1239 1321 1284 suspendi
1354 1240 1402 1273 vel
1432 1241 1705 1273 excommunicari
1742 1251 1808 1274 non

1058 1293 1180 1336 possint
1195 1304 1254 1337 per
1267 1294 1389 1326 litteras
1405 1294 1597 1337 apostolicas
1612 1305 1676 1327 non
1691 1294 1808 1328 sacien-

1057 1351 1104 1378 tes
1124 1346 1253 1390 plenam
1274 1352 1305 1379 et
1333 1357 1515 1391 expressam
1536 1358 1573 1380 ac
1593 1347 1631 1380 de
1651 1348 1748 1381 verbo
1768 1348 1808 1381 ad

1059 1399 1190 1432 verbum
1208 1400 1246 1432 de
1257 1400 1382 1433 indulto
1396 1400 1582 1433 huiusmodi
1596 1401 1805 1434 mentionem.

1058 1453 1173 1485 Datum
1193 1453 1313 1486 Romae
1332 1454 1417 1496 apud
1437 1453 1468 1486 S.
1497 1453 1645 1494 Petrum,
1670 1455 1730 1488 sub
1754 1465 1809 1488 an-

1059 1507 1136 1540 nulo
1152 1507 1331 1547 piscatoris,
1342 1507 1393 1540 die
1407 1517 1460 1540 xx1
1475 1507 1601 1550 augusti
1614 1517 1711 1548 aian,
1730 1518 1808 1552 pon-

1060 1560 1198 1592 tificatus
1218 1560 1317 1593 nostri
1338 1571 1422 1593 anno
1449 1561 1566 1604 primo.
1593 1560 1808 1607 Hieronymus

1808 1629 1839 1653 ι,

1105 1668 1119 1709 ξ
1134 1666 1185 1701 18.
1206 1667 1285 1700 Cum
1298 1673 1405 1700 autem
1420 1667 1512 1700 nobis
1520 1678 1636 1711 nuper,
1650 1679 1709 1712 pro
1718 1674 1807 1712 parte

1062 1783 1176 1806 eorum
1197 1778 1227 1806 et
1242 1778 1470 1813 mercatorum,
1485 1774 1543 1806 suit
1559 1774 1726 1808 humiliter
1736 1785 1810 1818 sup-

1062 1826 1218 1870 plicatum
1233 1831 1268 1859 ut
1286 1827 1497 1870 praeinsertas
1509 1826 1629 1860 litteras
1640 1827 1810 1861 huiusmo-

1063 1879 1107 1920 di,
1130 1890 1189 1922 pro
1209 1879 1338 1913 illorum
1356 1880 1470 1912 maiori
1486 1880 1646 1914 validitate
1661 1886 1691 1914 et
1706 1881 1813 1914 obser-

1064 1933 1178 1973 vantia,
1202 1938 1330 1966 nostrae
1350 1933 1510 1966 firmitatis
1526 1934 1643 1967 robore
1663 1945 1811 1967 eommu-
1841 1950 1843 1954 ·

1065 1986 1156 2027 nire,
1182 1986 1325 2029 aliasque
1354 1986 1385 2018 in
1415 1987 1599 2029 praemissis
1630 1993 1814 2031 opportune

1065 2039 1233 2082 providere
1248 2039 1287 2072 de
1305 2039 1499 2082 benignitate
1514 2039 1690 2083 apostolica
1705 2040 1815 2083 digna-

1067 2103 1188 2132 remur,
1215 2103 1285 2132 nos,
1307 2091 1545 2125 considerantes
1570 2093 1701 2126 illorum
1722 2104 1813 2127 com-

1068 2146 1224 2178 mercium
1250 2145 1351 2179 Statui
1375 2146 1547 2188 temporali
1574 2152 1683 2179 nostro
1706 2147 1816 2180 Eccle-

1069 2199 1193 2231 siastico
1220 2208 1286 2231 non
1311 2197 1467 2231 mediocri
1492 2199 1663 2232 commodo
1694 2209 1762 2233 esse
1786 2205 1818 2233 et

1070 2252 1266 2292 adiumento,
1286 2262 1441 2296 spemque
1459 2246 1614 2285 habentes
1635 2253 1721 2300 quod
1745 2253 1817 2296 ipsi,

1070 2305 1153 2338 inter
1167 2305 1359 2338 christianos
1373 2305 1602 2345 conversando,
1621 2316 1678 2349 per
1693 2306 1817 2338 divinae

1070 2358 1221 2392 bonitatis
1244 2358 1377 2402 gratiam
1402 2363 1432 2391 et
1459 2358 1596 2401 Spiritus
1621 2359 1726 2391 Sancti
1745 2359 1818 2391 illu-

284 2403 334 2443 tis,
362 2414 486 2437 necnon
518 2405 715 2438 irritantibus
734 2411 764 2439 et
792 2406 861 2439 aliis
881 2406 1028 2447 decretis,
1072 2407 1322 2448 strationem‚ad
1341 2407 1421 2440 viam
1438 2407 1615 2441 veritatiset
1634 2408 1674 2440 ad
1690 2413 1818 2441 sanctae

286 2451 380 2484 etiam
403 2458 487 2485 motu
517 2454 646 2496 propi-io
671 2460 698 2486 et
721 2466 756 2487 ex
774 2461 871 2487 eei-ta
899 2455 1030 2487 seientia
1073 2457 1145 2489 fidei
1165 2457 1360 2500 agnitionem
1381 2456 1554 2500 aliquando
1574 2456 1740 2500 pervenire
1759 2467 1819 2500 po-

287 2511 322 2533 ac
351 2501 388 2531 ile
413 2502 605 2543 apostolieae
628 2503 788 2545 potestatis
815 2503 1031 2547 plenitudine,
1051 2518 1055 2529 ι
1073 2510 1191 2545 terunt,
1211 2516 1324 2538 eorum
1346 2505 1378 2537 in
1398 2505 1457 2538 hac
1482 2510 1571 2548 parte
1596 2505 1687 2537 nohis
1711 2505 1820 2537 bumi—

288 2559 345 2581 necss-
369 2559 430 2580 nau
451 2550 559 2591 quavis
580 2551 835 2585 consideratione
851 2558 946 2595 atque
962 2553 1032 2595 qui-
1074 2553 1145 2584 litei·
1166 2553 1321 2596 porrectis
1345 2552 1634 2596 supplicationibus
1662 2552 1817 2593 inclinati,

289 2597 393 2631 bustis
422 2598 526 2630 causis
561 2599 827 2644 quotiescumque
859 2602 1031 2642 concessis,

1051 2597 1194 2650 [litteras
1221 2607 1250 2635 et
1275 2601 1415 2646 capitula
1440 2601 1623 2646 praedicta,
1645 2612 1698 2643 ac,
1725 2607 1822 2646 prout

1934 0 1946 8 ·-
1949 0 1956 7 ι

1978 0 2003 88 γε,
2007 75 2012 82 l

1999 116 2007 129 ⁴·

1824 231 1872 258 Λιι.
1886 230 1915 257 C.
1934 227 2019 279 15Ἰᾷ-

2007 530 2033 791 ·«,.,Μ’κκεἰψ·
2014 455 2022 465 ·

1869 1668 2005 1691 Confirmatio

1823 1701 1963 1730 praelatarum
1973 1698 2007 1719 lib-

1061 1720 1221 1753 dictorum
1246 1720 1479 1761 Hebraeorum,
1500 1721 1690 1761 Turcarum,
1711 1721 1808 1755 Grae·
1822 1737 1922 1755 terarum.

2043 1864 2059 2654 ..⁴1³5Q—aa—-nss—affl—fl-—n—-f—n-A
2043 1710 2059 1850 -·.r,*⁶’=‹·
2047 1671 2056 1697 υ·
2040 1534 2053 1578 ‘⁷'·
