2059 3228
39 235 92 282 fi-
107 246 135 277 C·
153 246 220 276 1586
902 244 1005 268 srxrus

236 310 317 341 mus,
341 300 456 334 aerarii
477 300 572 334 liuius
590 300 740 344 pecunia,
762 304 871 332 nostra
886 298 980 332 sedu-

232 352 320 386 litate
341 359 371 386 et
391 353 555 397 diligentia
586 352 737 397 reposita,
762 359 793 386 et
816 352 855 385 ad
877 356 982 385 certos
1001 375 1004 387 ι

232 406 449 450 praescriptos
477 417 569 440 casus
603 410 761 439 reservata
790 416 855 439 non
885 408 979 444 esset,

230 459 288 503 sed
308 458 340 492 in
361 460 462 493 varios
482 460 562 494 alios
582 471 659 492 usus
679 470 695 492 a
716 458 807 492 nohis
822 469 881 503 pro
899 458 982 490 iusto

233 511 389 545 arbitratu
420 517 528 545 nostro
558 517 757 555 erogaretur,
780 511 890 545 nullus
909 510 982 554 qui-

232 565 305 598 dem
325 565 416 599 locus
442 566 544 599 iustae
565 566 715 599 adversus
744 575 803 598 nos
830 564 982 608 querelae

232 618 474 652 successoribus
495 618 609 651 nostris
630 618 879 660 relinqueretur,
895 616 983 650 etni-

233 671 410 704 hilominus
431 682 488 715 pro
508 670 766 711 necessitatibus,
789 669 885 703 etiam
900 680 983 713 qnae

182 738 183 742 ¹
233 725 271 758 de
293 730 424 769 repe-nte
445 725 634 765 inciderent,
658 729 810 767 sumptus
829 723 938 756 subire
954 728 985 756 et

233 777 279 811 eis
309 777 477 822 providere
507 782 710 819 cogerentur.
743 777 916 820 Propterea
946 775 985 809 iis

233 831 349 864 durum
374 830 475 863 videri
497 831 586 864 nullo
608 831 703 864 modo
724 830 827 869 debet,
847 830 886 870 si,
906 839 984 863 eon·

232 889 355 919 servata
376 884 491 917 aerarii
529 885 684 928 praedicti
717 894 866 924 summa,
902 893 985 926 quae

233 937 408 971 faciliorem
446 938 483 970 ad
518 937 598 971 alios
631 948 782 970 nummos
815 937 875 970 sibi
901 948 986 970 com·

233 991 393 1034 parandos
412 991 494 1024 viam
521 991 638 1031 munit,
666 991 799 1024 aliunde
813 991 985 1034 pecuniam

234 1055 360 1078 sumere
385 1045 544 1085 debeant,
572 1055 669 1088 quam
695 1044 727 1076 in
753 1050 900 1088 sumptus
928 1054 986 1088 pro

235 1103 416 1142 temporum
439 1098 589 1131 varietate
614 1097 816 1131 necessarios
840 1102 984 1140 erogent.

280 1151 294 1195 ἓ
318 1151 348 1185 6.
375 1151 477 1184 quuo
493 1162 569 1184 vero
589 1152 668 1184 illud
681 1151 796 1184 rationi
809 1151 900 1184 valde
912 1160 989 1184 con-

236 1210 424 1239 sentaneum
457 1210 503 1238 est
534 1210 579 1245 ut,
606 1216 702 1248 quam
729 1204 804 1238 inde
830 1204 987 1248 pecuniae

237 1262 359 1302 partem
386 1259 418 1292 in
443 1258 651 1302 praescriptis
670 1259 735 1291 illis
754 1258 881 1291 casibus
896 1269 987 1291 sum-

239 1311 372 1355 pserint,
386 1322 456 1344 eam
471 1311 641 1354 integram,
655 1322 728 1344 cum
743 1312 882 1355 primum
900 1322 988 1344 suni-

238 1370 312 1408 ptus
332 1364 363 1399 in
384 1364 421 1397 iis
434 1364 571 1398 faciendi
585 1365 711 1398 occasio
724 1363 904 1406 cessaverit,
922 1365 990 1408 pla-

239 1428 279 1451 ne
300 1418 331 1451 in
351 1418 457 1462 ipsum
479 1419 641 1452 aerarium
662 1419 748 1452 unde
781 1423 988 1463 acceperunt,

238 1470 407 1505 restituant
426 1483 463 1505 ac
483 1477 652 1515 reponant.

74 1564 77 1565 ⁷
284 1525 299 1568 ἓ
324 1525 354 1558 7.
381 1525 419 1558 Et
437 1535 523 1566 vero,
546 1530 582 1558 ut
601 1525 641 1558 ob
663 1535 775 1558 causas
794 1530 919 1558 tantum
939 1526 992 1558 su-

63 1574 84 1635 dw'
98 1581 226 1634 ⁰¹23ng
240 1588 297 1621 pra
317 1578 412 1622 plane
437 1578 663 1622 praescriptas,
684 1589 721 1611 ex
743 1578 855 1611 eodem
867 1577 992 1611 aerario

12 1670 14 1674 μ
52 1619 226 1675 ἀηιῃὲμωηηρ
242 1631 380 1675 pecunia
410 1632 491 1665 iuste
521 1632 726 1675 legitimeque
759 1637 920 1672 sumatur,
953 1631 991 1664 ad

14 1690 15 1696 ¹
52 1681 153 1702 ³'''‘¹⁵''”⁸⁸
190 1685 226 1701 ⁵⁶¹
242 1684 327 1718 illius
348 1684 525 1718 custodiam
546 1696 599 1718 sex
619 1685 723 1718 claves
743 1684 887 1717 adhiberi
902 1684 993 1718 iube-

14 1738 15 1742 ’
53 1711 228 1778 ᾓὶἱῖῗέὼῖᾃῗ·
243 1748 326 1780 mus,
343 1749 485 1782 quarum
509 1743 573 1772 tres
601 1738 817 1772 cardinalibus
845 1738 921 1771 item
941 1738 994 1771 tri-

16 1826 17 1831 ,
54 1775 230 1825 iuiss'he'iissmciss
243 1791 316 1830 bus,
346 1791 402 1835 qui
428 1791 577 1826 ordinum
604 1791 709 1835 capita
737 1791 903 1833 dicuntur,
924 1792 996 1835 qui-

16 1857 17 1898 }
55 1833 306 1892 ffissfl'ssss'ssffigque
332 1845 363 1877 in
388 1845 530 1878 Romana
550 1844 646 1878 Curia
666 1850 852 1888 praesentes
877 1845 992 1885 adsint;

17 1899 19 1902 ”
57 1896 225 1950 mamm-tc·-
246 1898 308 1931 illis
328 1908 402 1931 vero
421 1898 620 1938 absentibus,
642 1898 745 1931 tribus
770 1897 851 1938 aliis,
877 1899 932 1941 qui
964 1899 995 1931 in

247 1951 365 1985 eisdem
396 1951 563 1986 ordinibus
589 1951 634 1984 eis
655 1951 789 1994 proximi
812 1956 918 1992 erunt,
945 1962 998 1985 eo-

196 2011 201 2016 ’
246 2015 385 2048 rumque
406 2004 517 2038 ,locum
539 2015 577 2038 eo
598 2010 744 2048 tempore
764 2005 931 2047 gesserint,
954 2005 996 2037 si-

248 2057 380 2100 gillatim
411 2057 626 2101 assignentur;
647 2062 761 2101 quarta
782 2057 813 2090 S.
836 2058 872 2090 R.
890 2058 924 2090 E.
943 2069 996 2091 ca-

249 2109 398 2151 merari0;
434 2110 546 2155 quinta
574 2111 695 2144 decano
724 2110 920 2144 clericorum
939 2112 1022 2288 (la-1

6 1206 7 1232 ἶ
54 1202 178 1232 'Treruntnm
195 1209 213 1230 di

47 1241 85 1268 aa·
97 1240 177 1262 sunalbus
189 1246 223 1260 nt·-

6 1285 8 1303 3
47 1274 139 1300 coptam,
163 1276 222 1298 quum

48 1304 130 1330 prmum
149 1302 222 1329 reponi

47 1332 108 1365 ἰιῂοῑς

250 2173 356 2202 merae
376 2164 590 2208 Apostolicae,
613 2175 629 2196 a
649 2174 714 2207 quo
730 2163 817 2196 illam
835 2164 906 2196 aliis
919 2165 999 2197 tradi

251 2227 315 2250 non
335 2216 445 2259 liceat,
474 2217 534 2250 nisi
563 2217 786 2260 praesentibus
806 2222 836 2250 et
865 2228 1001 2251 consen-

251 2269 405 2302 tientibus
425 2269 569 2303 eiusdem
590 2270 741 2303 Gamerae
769 2269 896 2304 clericis
919 2271 1000 2304 duo-

252 2321 325 2362 bus;
346 2327 431 2355 sexta
451 2322 591 2365 denique
617 2323 817 2355 thesaurario
844 2323 998 2364 generali.

253 2374 363 2408 Claves
383 2385 457 2408 vero
477 2375 560 2407 duae
580 2381 746 2418 portarum
769 2375 883 2408 aerarii
904 2376 1002 2409 huius

255 2422 300 2456 sic
319 2433 337 2456 a
357 2423 450 2456 nobis
474 2423 653 2463 constituti,
676 2424 774 2456 altera
795 2425 1003 2468 collegiicar-

255 2471 413 2505 dinalium
442 2472 576 2511 decano,
609 2483 709 2515 eoque
742 2473 896 2512 absente,
925 2475 1003 2507 anti-

257 2519 364 2564 quiori
384 2521 417 2554 in
445 2521 557 2554 ordine
587 2521 739 2554 cardinali
773 2521 805 2554 in
834 2521 918 2555 Urbe
939 2509 1026 2560 exi-l

257 2618 352 2651 stenti
378 2617 514 2652 Romani
536 2618 697 2652 Pontifici<
727 2619 926 2653 thesaurario
956 2631 1005 2653 se-

338 2666 414 2698 Ball.
433 2667 510 2697 Rom.
542 2667 596 2697 l'ol.
627 2668 698 2699 wll.
870 2672 905 2697 ὅδ’

1025 243 1043 267 ν
1068 242 1114 267 pr.
1661 230 1722 264 697

1025 301 1113 329 creto
1143 294 1352 328 asservaudae
1380 294 1565 334 tradantur;
1588 293 1643 337 qui
1664 303 1776 326 omnes

1023 348 1177 382 iurabunt
1201 360 1232 381 se
1263 359 1366 391 neque
1395 350 1497 381 claves
1517 348 1647 380 daturos
1671 357 1776 390 neque

1024 400 1213 435 extractioni
1234 403 1393 445 praefatae
1422 401 1577 444 pecuniae
1598 411 1775 434 consensu-

1024 465 1088 495 ros,
1116 453 1175 487 nisi
1202 454 1234 486 in
1260 455 1385 487 casibus
1398 454 1775 498 suprasci·iptis,ettunc

1023 507 1084 541 nisi
1113 518 1272 541 consensu
1302 509 1437 541 duarum
1467 508 1606 552 partium
1628 508 1776 541 cardina-

1024 560 1104 594 lium
1125 565 1161 593 ut
1179 572 1277 605 supra
1293 561 1537 595 interveniente.

1070 615 1085 658 ξ
1116 614 1147 648 8.
1174 615 1329 648 Volumus
1350 615 1482 659 insuper
1502 615 1542 648 ab
1562 614 1705 648 eiusdem
1721 625 1774 648 ca·
1850 621 1974 658 Praefectu-

1025 667 1082 700 stri
1103 667 1209 701 Sancti
1238 668 1349 711 Angeli
1375 679 1461 701 nunc
1487 674 1515 701 et
1544 679 1601 711 pro
1627 673 1774 711 tempore
1789 654 1975 712 {{J,¹'¹„‡'„.„2¹}{

1025 720 1188 765 praefecto
1214 722 1432 755 iuramentum
1462 722 1592 762 deterri,
1620 727 1715 765 atque
1736 722 1774 754 ad
1790 722 1876 738 ⁵⁰⁸³OE
1909 717 1971 737 ΝΜ·

1025 773 1105 807 illud
1129 775 1356 819 praestandum
1389 775 1420 807 iu
1448 775 1596 807 manibus
1619 775 1651 807 S,
1679 774 1715 807 R.
1739 774 1773 807 E.

1026 828 1195 861 camerarii
1230 828 1344 869 teneri,
1380 840 1412 862 se
1439 839 1503 861 non
1528 828 1774 872 permissurum,

1026 881 1136 924 quavis
1154 881 1294 916 iussione
1315 888 1346 915 ct
1365 882 1531 926 quibusvis
1542 881 1694 915 clausulis
1705 893 1777 914 mu-

1027 935 1094 968 nita
1114 945 1179 968 non
1197 936 1355 977 obstante,
1376 946 1412 968 ex
1425 935 1549 968 aerario
1560 946 1619 978 per
1631 946 1688 967 nos
1701 946 1778 968 con-

1028 989 1138 1022 stituto
1158 988 1298 1032 aliquam
1328 989 1540 1033 pecuniarum
1566 989 1777 1032 quantitatem

1028 1042 1161 1083 auferri,
1184 1042 1245 1076 nisi
1270 1043 1372 1076 forma
1397 1053 1455 1086 per
1485 1053 1543 1075 nos
1572 1042 1689 1075 tradita
1723 1042 1777 1075 ob-

1028 1101 1161 1129 servata.
1189 1096 1220 1130 Si
1240 1107 1315 1130 vero
1340 1103 1452 1130 eontra
1472 1097 1533 1129 boc
1559 1096 1776 1129 iuramentum

1029 1148 1173 1190 fecerint,
1194 1150 1418 1194 pecuniaeque
1444 1161 1480 1183 ex
1505 1150 1630 1182 aerario
1654 1154 1776 1192 partem

1029 1202 1183 1246 aliquam,
1195 1203 1243 1236 vel
1256 1203 1437 1244 minimam,
1452 1209 1563 1236 contra
1582 1203 1678 1236 buius
1695 1203 1778 1236 ordi-

1030 1256 1171 1289 nationis
1205 1256 1509 1300 constitutionisque
1540 1262 1667 1289 nostrae
1687 1267 1778 1300 prae-

1030 1309 1184 1354 scriptum
1207 1310 1303 1350 sumi,
1330 1310 1435 1354 promi
1457 1310 1646 1354 detrahique
1661 1310 1779 1354 permi-

1030 1363 1365 1402 serint,anathematis
1380 1375 1518 1408 poenam
1541 1364 1610 1409 ipso
1630 1364 1713 1398 facto
1725 1375 1778 1398 su-

1030 1417 1137 1450 beant.

1076 1470 1091 1514 §
1115 1470 1145 1503 9.
1168 1471 1202 1504 ld
1223 1481 1353 1515 quoque
1371 1471 1541 1505 statuimus
1561 1478 1591 1505 et
1608 1472 1779 1511 sancimus,

1031 1527 1066 1557 ut
1086 1533 1198 1557 omnes
1217 1530 1248 1558 et
1265 1525 1397 1567 singuli,
1415 1531 1479 1558 tam
1493 1526 1686 1566 saeculares,
1700 1536 1779 1568 qua-

1031 1576 1078 1609 vis
1097 1577 1262 1620 dignitate,
1283 1579 1379 1611 etiam
1401 1579 1507 1612 ducali
1532 1584 1584 1612 aut
1606 1579 1694 1622 regia
1718 1579 1781 1611 sul-

1032 1635 1154 1674 gentes,
1181 1642 1276 1674 quam
1296 1632 1515 1672 ecclesiastici,
1535 1632 1674 1665 cuiusvis
1698 1632 1783 1665 ordi-

1034 1683 1084 1717 nis
1103 1690 1134 1717 et
1150 1684 1324 1727 dignitatis,
1340 1686 1434 1718 etiam
1447 1685 1589 1729 episcopi
1601 1686 1648 1719 vel
1661 1685 1783 1718 archie-

1034 1737 1159 1782 piscopi
1178 1738 1224 1771 vel
1247 1739 1438 1778 cardinales,
1460 1739 1514 1782 qui
1531 1740 1569 1772 de
1587 1738 1734 1782 pecuniis
1746 1750 1783 1772 ex

1035 1790 1147 1824 eodem
1169 1791 1306 1831 aerario,
1333 1797 1460 1835 praeter
1480 1803 1571 1825 casus
1593 1798 1623 1825 et
1647 1793 1783 1825 sormam

1036 1854 1132 1887 supra
1149 1845 1375 1888 praescriptos,
1388 1846 1550 1878 sumendis
1563 1845 1785 1879 amovendisvc

1036 1898 1223 1939 tractariut,
1255 1899 1495 1939 consuluerint,
1540 1899 1783 1939 insinuaverint,

1037 1951 1194 1984 suaserint
1225 1958 1279 1984 aut
1312 1952 1447 1985 suadere
1472 1952 1635 1992 tentarint,
1658 1963 1695 1986 eo
1716 1953 1787 1997 ipso

1038 2004 1226 2038 sententiam
1249 2005 1591 2039 excommunicationis
1607 2006 1785 2046 incurrant,

1038 2068 1054 2090 a
1075 2069 1138 2101 qua
1159 2058 1219 2090 nisi
1240 2058 1278 2089 ab
1296 2057 1365 2101 ipso
1380 2058 1546 2098 l‘ontifice,
1560 2066 1788 2104 praeterquam

1040 2111 1070 2143 in
1097 2112 1209 2144 mortis
1229 2111 1379 2151 articulo,
1402 2112 1521 2145 absolvi
1546 2119 1726 2156 nequeant:
1753 2121 1790 2146 ac·

1040 2171 1206 2208 praeterea
1240 2165 1271 2197 S.
1301 2165 1333 2196 ll.
1359 2165 1392 2197 E.
1416 2165 1570 2209 Sedisque
1590 2166 1790 2208 Apostolicae

1042 2217 1137 2251 iidem
1168 2218 1304 2250 rebelles
1344 2218 1513 2262 laesaeque
1542 2219 1716 2253 maiestatis
1744 2221 1789 2253 rei

1042 2281 1109 2304 esse
1138 2277 1341 2312 censeantur,
1380 2272 1596 2316 omnibusque
1635 2274 1790 2313 ecclesiis,

1042 2324 1246 2357 monasteriis
1265 2330 1297 2357 et
1313 2324 1383 2357 aliis
1403 2336 1462 2368 per
1476 2336 1531 2359 eos
1548 2327 1793 2369 quomodolibet

1043 2376 1180 2409 obtentis
1209 2378 1435 2411 ecclesiasticis
1459 2379 1626 2413 beneficiis
1651 2392 1688 2414 eo
1723 2381 1794 2425 ipso

1047 2426 1172 2468 privati,
1206 2437 1278 2459 cum
1301 2427 1339 2458 ad
1360 2426 1415 2459 ilia.
1437 2433 1502 2460 tum
1525 2428 1563 2461 ad
1583 2429 1646 2462 alia
1676 2430 1709 2463 in
1734 2441 1792 2474 po·-

1044 2480 1165 2506 sterum
1186 2475 1358 2508 obtinenda
1374 2476 1530 2510 inhabiles
1543 2478 1688 2512 existant.
1704 2479 1794 2518 Quod

1046 2523 1070 2554 si
1100 2523 1272 2566 aliquando
1302 2535 1356 2557 eos
1387 2525 1577 2569 reintegrari
1611 2528 1793 2572 contigerit,

1790 238 1842 265 An.
1860 236 1972 265 0158ss

1847 1473 1899 1495 Com
1914 1474 1971 1496 „rium

1795 1508 1901 1526 tentante!
1921 1508 1973 1529 μῦθ-

1796 1543 1834 1557 nas
1856 1536 1890 1557 hic
1907 1534 1973 1556 «ictas

1796 1568 1880 1589 incursu
1896 1582 1900 1587 .

258 2569 366 2611 stenti;
392 2569 490 2603 altera
511 2575 620 2602 nostro
646 2576 675 2602 et
695 2581 754 2613 pro
775 2576 918 2615 tempore
940 2572 1004 2604 exi·
1024 2563 1027 2625 ἱ
1047 2572 1258 2605 nibilominus
1291 2573 1425 2607 infames
1459 2575 1554 2608 etiam
1593 2584 1792 2618 remaneant,

1025 2629 1028 2681 Ι
1049 2631 1108 2655 nee.
1132 2632 1205 2655 vero
1235 2633 1388 2666 umquam
1420 2622 1458 2656 iis
1479 2623 1517 2656 ad
1542 2624 1694 2667 honores,
1722 2636 1794 2670 gra-
