2059 3228
40 0 144 98 FJ
156 7 168 22 ,t
188 0 195 7 ⁷

140 25 159 34 tv

51 100 79 118 2⁶³

47 162 60 174 ‘t

36 239 184 287 ''3:151’''1580
1622 231 1680 265 351

195 295 360 330 dumtaxat
391 293 543 337 exeeptis,
577 304 593 326 a
623 293 700 327 festo
733 292 940 339 Esaltationis
982 292 1098 324 lamun-
1118 303 1153 323 ex
1175 291 1332 331 llitigatis,
1355 292 1578 327 renuncnando
1606 296 1730 340 mitiga-

193 348 226 383 S.
248 348 358 383 Crucis
379 359 480 391 usque
501 348 538 380 ad
560 347 759 380 festivitatem
785 346 938 378 Resurre-
981 344 1057 378 tioni
1079 350 1108 376 et
1129 345 1312 378 relaxationi
1339 346 1414 379 dicti
1435 347 1569 389 Eugenii
1590 352 1727 393 praede-

169 411 172 414 ⁴
192 401 306 436 ctionis
331 401 365 434 D.
389 401 423 433 N.
448 401 516 434 lesu
536 400 663 439 Christi,
687 399 829 432 ieiunare
849 404 936 431 tene-
980 398 1127 437 cessoris,
1151 404 1308 431 transacto
1330 399 1527 443 probationis
1546 413 1640 444 anno,
1669 405 1727 438 de-

813 237 987 263 GREGOMUS
1007 239 1061 263 xm
1082 239 1128 262 rr.
1746 235 1797 265 An.
1830 236 1863 267 c.
1911 234 1925 265 5

51 1312 70 1338 Ὺ

45 1848 68 1872 ol
80 1852 154 1878 postet

47 1883 72 1902 nu
86 1887 154 1918 nutis

60 1918 87 1933 ΩΙ
123 1918 153 1934 818

145 477 150 482 -
190 460 320 495 rentur3
347 455 498 498 quodque
523 453 639 495 singuli
665 462 778 486 eorum
807 462 936 484 manere

189 509 343 542 deberent
363 509 394 541 in
414 509 503 541 cellis
523 519 600 547 suis,
623 507 674 540 ilie
711 518 747 539 ae
785 511 882 538 noctu
904 505 934 537 in

187 561 256 605 lege
276 561 402 595 Domini
423 562 624 601 meditantes,
647 571 683 593 ae
720 560 751 592 in
782 558 935 592 orationi—

185 614 246 648 bus
264 614 441 657 vigilantes‚
484 613 759 658 praecipiebatiu·;
793 613 931 655 rigorem

185 662 371 702 huiusmodi
392 668 552 710 mitigans,
581 678 617 700 ac
645 667 799 709 Regulam
830 666 930 709 ipsam

184 721 368 761 moderans,
390 722 562 760 statuisset,
585 720 764 753 ordinasset
793 724 824 751 et
855 729 931 752 con-

164 774 327 808 'cessisset
347 775 433 818 quod
454 774 530 807 dieti
560 773 687 807 Ordinis
719 774 926 816 professores,

177 833 258 871 ,tunc
288 834 318 862 et
351 839 410 873 pro
443 833 586 871 tempore
617 827 798 867 existentes,
825 826 927 859 tribus

179 882 379 926 singularum
409 882 699 920 hebdomadarum,
731 880 825 914 etiam
858 880 926 924 qui-

177 934 250 977 bus,
273 942 308 968 ut
327 936 518 979 praefertur,
545 934 701 974 ieiunare,
725 934 811 967 iuxta
836 945 924 968 eam-

177 988 251 1022 dem
271 989 438 1031 Regulam,
465 994 571 1026 essent
602 988 757 1028 adstricti,
781 994 923 1032 praeter-

176 1052 273 1086 quam
293 1042 324 1075 in
344 1042 487 1075 Adventu
512 1047 542 1075 et
572 1042 603 1074 in
623 1042 875 1083 Quadragesima
894 1047 925 1074 et

175 1096 245 1129 aliis
275 1096 469 1139 generaliter
501 1095 670 1139 prohibitis
694 1095 824 1136 diebus,
856 1106 924 1128 car-

174 1149 270 1183 nibus
288 1149 384 1190 vesci,
406 1161 443 1183 ae
468 1149 556 1182 horis
575 1149 726 1191 congruis
752 1149 783 1182 in
808 1160 921 1182 eorum

174 1203 318 1237 ecelesiis
337 1213 478 1242 manere,
499 1208 529 1236 et
553 1213 611 1246 per
631 1203 770 1235 claustra
798 1214 835 1236 ao
866 1214 921 1236 eo-

172 1267 246 1290 rum
266 1257 406 1290 ambitus
434 1256 643 1291 deambulare
663 1256 763 1289 libere
784 1262 814 1290 et
834 1257 920 1290 licite

171 1311 325 1344 valerent.
361 1311 543 1344 Decernens
576 1310 704 1343 eosdem
746 1310 860 1344 fratres
890 1316 920 1344 et

171 1374 285 1398 eorum
319 1363 462 1407 singulos
482 1365 569 1397 cirea
593 1364 768 1407 praemissa
795 1364 834 1397 ad
867 1375 918 1397 ar-

170 1417 304 1452 ctiorem
324 1417 571 1458 observantiam,
593 1428 689 1461 quani
710 1428 808 1461 supra
828 1428 919 1461 prae-

168 1471 320 1513 mittitur,
342 1471 511 1505 occasione
536 1471 745 1514 professionis
769 1472 801 1503 in
832 1472 918 1505 dicto

167 1524 287 1560 Ordine
305 1525 441 1559 emissae
464 1525 512 1558 vel
528 1525 562 1558 in
581 1530 747 1569 posterum
768 1525 917 1558 emitten-

167 1579 239 1620 dae,
261 1579 394 1612 minime
428 1584 627 1619 tenerentur,
651 1584 679 1612 et
708 1578 800 1618 alias,
823 1585 918 1622 prout

167 1632 201 1666 in
221 1632 410 1666 eorumdem
434 1632 613 1666 Innocentii
638 1638 669 1665 et
692 1632 825 1674 Eugenii
864 1633 916 1665 lit-

167 1686 243 1720 teris
273 1686 413 1731 desuper
449 1686 604 1719 confectis
641 1685 770 1730 plenius
812 1686 916 1719 eonti-

117 1759 124 1769 ·
166 1745 274 1774 netur.

209 1793 225 1837 ἓ
244 1792 276 1827 3.
297 1793 451 1835 Demum,
474 1793 512 1826 de
531 1793 622 1837 {anno
646 1793 772 1826 Domini
810 1793 915 1827 mille-

166 1846 248 1881 simo
286 1846 544 1891 quingentesimo
582 1847 778 1890 sexagesimo
802 1847 915 1890 quinto

168 1911 225 1934 seu
254 1901 316 1934 alio
335 1900 452 1934 veriori
479 1907 637 1944 tempore,
665 1901 813 1933 nonnulli
839 1901 915 1934 dicti

169 2034 186 2051 ὓ

169 2067 237 2094 tum
264 2061 381 2095 imitari
414 2061 591 2105 cupientes,
626 2062 812 2105 postpositis
846 2061 916 2105 qui-

168 2114 370 2159 buscumque
407 2115 553 2159 corporis
592 2115 783 2156 commodis,
823 2115 916 2148 dum-

169 2169 266 2202 modo
285 2168 446 2202 Christum
468 2169 702 2208 lucrifacerent,
724 2179 797 2201 eum
818 2169 915 2201 lieen-

170 2222 214 2255 tia
233 2221 282 2255 sui
315 2221 432 2266 prioris
466 2222 624 2265 generalis
654 2228 730 2255 tunc
752 2222 784 2254 in
801 2222 914 2265 IIispa-

170 2274 299 2307 niarum
336 2275 480 2317 partibus
505 2274 679 2315 existentis,
719 2274 761 2306 ibi
793 2275 915 2318 aliquot

171 2326 304 2360 fratrum
326 2333 357 2359 ct
373 2328 562 2360 monialium
576 2328 781 2367 monasteria,
799 2329 831 2360 in
847 2328 915 2370 qni-

169 2379 230 2414 bus
250 2379 409 2424 primitiva
428 2380 549 2423 Regula
561 2381 726 2424 praedicta
737 2392 809 2413 cum
827 2382 913 2414 omni

171 2433 372 2467 observantia
400 2439 429 2466 et
454 2434 557 2476 rigore
591 2435 817 2472 retinerentur,
858 2435 915 2468 sub

172 2481 353 2515 obedientia
371 2488 477 2515 tamen
498 2482 711 2526 provincialis,
731 2483 865 2516 fumlare
886 2490 916 2517 et

167 2531 342 2567 ,aedificare
362 2536 549 2574 coeperunt.
571 2531 669 2570 Quam
691 2532 820 2574 quidem
854 2532 915 2566 Re-

979 461 1055 490 nuo,
1078 462 1115 483 ae
1135 451 1229 483 etiam
1253 453 1305 484 alii
1327 453 1365 483 «le
1387 456 1514 487 saeculo
1545 457 1722 500 venientes,

979 504 1222 546 protitebautiu·¹
1247 505 1278 536 ΕΙ
1302 507 1487 547 successive,
1514 508 1724 545 benedicente

976 557 1122 595 Domino,
1145 568 1301 591 numerus
1326 560 1548 601 religiosorum
1583 564 1722 607 primiti-

974 621 1044 643 vam
1065 611 1218 654 Regulam
1239 612 1423 646 huiusmodi
1446 616 1665 657 profitentium
1691 624 1722 652 et

974 664 1213 697 observantium
1225 665 1303 697 adeo
1324 666 1385 699 hoe
1405 673 1548 711 tempore
1569 672 1718 712 exerevit,

973 723 1007 750 ut
1027 718 1065 750 de
1086 718 1246 761 praesenti
1267 718 1375 761 viginti
1397 720 1479 753 duae
1510 721 1626 755 domus
1660 724 1720 757 fra-

972 777 1055 804 trum
1077 778 1108 805 et
1129 772 1317 805 monialium
1335 773 1534 816 huiusmodi,
1553 777 1583 808 in
1600 777 1718 820 quibus

971 825 1036 857 fere
1059 826 1192 858 trecenti
1210 827 1322 859 fratres
1342 833 1372 859 et
1393 828 1548 862 ducentae
1563 831 1717 864 moniales

969 879 1120 920 existunt,
1158 880 1308 913 devotum
1330 881 1492 915 Altissimo
1525 883 1716 917 famulatum

969 933 1154 966 exhibentes
1178 934 1211 966 in
1236 934 1408 976 praedietis
1428 936 1715 980 regnisllispania-

968 998 1040 1019 rum
1066 988 1282 1030 reperiantur.

1010 1041 1074 1084 34.
1098 1041 1248 1084 Religiosi
1268 1047 1376 1075 autem
1406 1042 1602 1084 huiusmodi,
1630 1045 1714 1078 ultra

966 1101 1114 1129 contenta
1139 1096 1171 1128 in
1191 1096 1312 1138 Regula
1328 1096 1503 1140 praedicta,
1525 1097 1563 1130 de
1584 1098 1712 1132 licentia

965 1149 1040 1182 dieti
1060 1150 1219 1193 generalis
1240 1155 1270 1182 et
1289 1150 1458 1183 cuiusdam
1478 1150 1587 1183 vicarii
1604 1152 1642 1184 ab
1660 1163 1712 1185 eo-

964 1203 1037 1236 dem
1057 1204 1199 1245 generali
1220 1203 1252 1235 in
1274 1203 1438 1246 provincia
1472 1204 1625 1237 Castellae
1655 1206 1710 1239 de-

964 1256 1078 1299 putati,
1100 1267 1137 1290 ae
1157 1268 1231 1290 cum
1251 1257 1485 1301 approbatione
1509 1258 1709 1292 visitatorum

962 1310 1227 1353 apostolicorum,
1250 1311 1305 1354 qui
1326 1312 1474 1351 suerunt,
1497 1311 1599 1344 (lictae
1624 1312 1709 1344 Reli-

961 1364 1076 1406 gionis,
1100 1365 1258 1408 quaedam
1279 1365 1423 1398 instituta
1443 1365 1481 1398 ad
1501 1365 1606 1398 earnis
1626 1376 1710 1399 mor-

962 1414 1221 1451 tificationem'et
1244 1418 1356 1462 populi
1387 1419 1642 1452 aedificationem
1667 1419 1707 1452 ab

960 1472 1051 1504 initio
1084 1483 1160 1505 suae
1196 1472 1405 1505 institutionis
1430 1473 1597 1506 observare
1623 1473 1706 1506 inee-

960 1531 1089 1568 perunt,
1110 1526 1426 1559 velutidisealeeatos
1442 1526 1602 1567 incedere,
1621 1526 1706 1559 unde

958 1579 1233 1612 Discaleeatorum
1253 1590 1370 1612 nomen
1387 1579 1488 1612 sortiti
1506 1586 1592 1620 sunt,
1615 1579 1705 1612 indui

959 1644 1063 1673 sace0,
1085 1633 1226 1666 dormire
1247 1643 1344 1677 super
1374 1633 1501 1673 tabulis,
1534 1633 1572 1665 ad
1597 1633 1704 1666 suble-

957 1688 1092 1720 vandam
1113 1698 1202 1720 suam
1224 1688 1366 1731 inopiam
1396 1687 1545 1721 manibus
1565 1687 1705 1730 propriis

958 1741 1095 1784 operari,
1117 1742 1254 1773 multum
1277 1741 1308 1772 in
1334 1741 1478 1773 oratione
1497 1751 1529 1773 se
1541 1751 1702 1781 exercere,

957 1800 1053 1838 atque
1073 1794 1214 1827 divinum
1245 1794 1388 1827 officium
1423 1794 1490 1827 sine
1521 1799 1616 1827 cantu
1647 1804 1701 1827 seu

958 1848 1176 1882 modulatione
1197 1848 1343 1881 recitare.

1001 1903 1066 1946 ξῦ.
1093 1902 1172 1935 Cum
1207 1908 1324 1941 autem,
1358 1901 1440 1933 sicut
1464 1901 1574 1933 cadem
1610 1911 1706 1944 expo-

1766 1053 1831 1076 lmmo
1845 1056 1910 1078 ettam

1727 1083 1768 1106 ulta
1812 1087 1911 1109 innunt·

1726 1115 1759 1137 hic
1787 1118 1909 1145 enunciata,

1726 1150 1747 1167 οι
1780 1146 1902 1169 nument

1726 1177 1777 1199 dicti
1791 1181 1849 1200 sunt.

1769 1907 1812 1936 lpst
1828 1912 1898 1932 tamen

1718 1939 1843 1961 Dtscatceati
1887 1948 1899 1962 a

49 1942 155 1995 &⁰222ssss
168 1953 294 1988 Ordinis
332 1955 547 1998 professores,
592 1954 698 1987 divina
740 1955 914 1997 inspirante
957 1956 1350 1999 sitiosubiungebat,ipsis
1364 1954 1815 1997 religiosisDiscaleea-inuitus
1835 1972 1899 1999 profi-

42 2020 43 2023 ¹
66 2001 93 2025 ¹V
119 2005 282 2048 ‘'¹’'0ratia,
308 2007 451 2051 primum
476 2008 579 2040 dictae
612 2007 751 2050 Regulae
787 2007 914 2040 institu-
958 2009 996 2041 tis
1016 2009 1225 2052 quamplures
1242 2009 1407 2041 molestiae
1420 2007 1701 2050 ctimpedimenta,
1717 2003 1810 2023 ¹⁶⁰¹³¹³¹¹¹
1830 2001 1913 2029 ΜΨ*

1717 2032 1756 2053 lam
1784 2038 1805 2054 ut
1835 2039 1899 2061 supra

957 2073 1070 2095 eorum
1102 2063 1191 2106 pium
1223 2062 1403 2095 institutum
1438 2061 1610 2101 turbantia,
1646 2065 1828 2105 per¹¹¹³¹³ss³¹²²=m
1872 2066 1897 2086 δί)

958 2117 1070 2149 fratres
1113 2116 1287 2158 mitigatam
1326 2116 1365 2147 ab
1403 2115 1514 2147 codem
1559 2114 1703 2157 Eugenio

957 2170 1201 2212 praedecessore
1238 2169 1405 2211 Regulam,
1446 2174 1476 2199 ut
1509 2168 1700 2211 praefertur,

958 2222 1154 2265 prolitentes,
1184 2222 1337 2264 Mitigato<
1362 2226 1577 2264 nuncupatos,
1607 2232 1704 2265 super

957 2276 1141 2319 praemissis
1173 2276 1259 2307 illata
1285 2275 1414 2311 suerint;
1437 2274 1561 2318 ipsique
1586 2275 1703 2308 Discal-

957 2329 1036 2361 ceati
1058 2329 1236 2372 praelatum
1266 2328 1466 2360 ordinarium
1489 2339 1525 2361 ex
1547 2329 1612 2361 suis
1632 2328 1701 2362 Dis-

957 2383 1116 2421 calceatis,
1138 2387 1172 2413 ut
1192 2392 1249 2424 par
1269 2387 1364 2420 esset,
1386 2392 1449 2413 non
1477 2382 1625 2422 habeant,
1647 2383 1701 2416 sed

956 2436 994 2467 ad
1018 2446 1166 2478 praesens
1187 2446 1244 2477 per
1263 2435 1414 2467 dilectum
1428 2434 1528 2467 silium
1545 2436 1701 2478 Angelum

957 2483 994 2516 de
1015 2484 1144 2516 Salaxar
1163 2495 1198 2516 ex
1221 2484 1372 2517 fratribus
1391 2483 1535 2526 Mitigatis
1548 2485 1700 2517 vicarium

956 2533 1136 2575 generalem
1158 2544 1174 2564 a
1206 2532 1378 2564 venerabili
1418 2532 1513 2565 fratre
1552 2533 1701 2577 Philippo

172 2580 279 2622 gulam
300 2586 331 2613 et
349 2580 581 2613 observantiam
608 2580 793 2613 fundatores
823 2592 914 2624 prae·
933 2561 937 2611 i
957 2582 1109 2624 episcopo
1130 2581 1323 2620 Placentino,
1346 2581 1376 2612 in
1408 2581 1501 2613 dictis
1521 2582 1627 2625 regnis
1642 2593 1700 2615 no-

173 2628 249 2662 dicti
272 2639 309 2662 ac
325 2629 419 2663 etiarn
440 2628 495 2673 qui
515 2639 574 2673 pro
598 2634 742 2673 tempore
766 2614 939 2672 admitte-1
956 2636 1021 2663 stro
1042 2636 1071 2663 et
1105 2630 1305 2673 Apostolieae
1326 2630 1415 2663 Sedis
1445 2630 1574 2672 nuncio,
1598 2632 1700 2664 donec

1717 2095 1809 2122 Eugenio
1828 2094 1855 2117 lV
1869 2097 1900 2118 di-

1717 2127 1837 2149 versimode
1856 2133 1900 2148 mo-

1717 2158 1856 2179 testabuntur.
1866 2157 1898 2179 ld-

1716 2186 1773 2206 εἰν-ὀ
1790 2185 1899 2212 supplicu-

1717 2219 1764 2237 runt.
1785 2222 1822 2242 pro
1837 2221 1898 2243 sopa-

1717 2248 1806 2269 ratione.
