2059 3228
45 101 114 166 ξ.

50 166 73 196 kd

43 221 157 291 {suaso

166 360 290 385 merces
309 351 349 384 ad
369 361 464 384 usum
482 348 913 394 quotidianumnecessariae

165 407 196 438 et
223 396 338 437 utiles*
350 404 388 436 ad
418 403 534 437 Urbem
575 403 675 448 ipsam
713 414 749 436 ex
782 402 913 435 diversis

163 456 276 490 mundi
294 456 440 500 partibus
461 457 687 490 convehuntur
716 460 747 488 et
778 465 911 488 conser-

162 513 290 550 vantur,
311 520 348 542 ac
365 520 464 543 onera
496 510 555 553 ipsi
581 509 657 543 Urbi
691 508 911 542 incumbentia

163 572 241 596 cura
251 567 283 596 et
292 562 402 596 labore
419 563 547 597 assiduo
565 563 762 602 substinent,
774 567 910 605 paterno

162 616 278 650 affectu
291 622 533 660 prosequentes,
552 617 584 649 in
600 627 637 650 ea
654 616 790 649 libenter
805 615 908 648 inten-

163 667 441 714 dimus‚perquae
459 670 624 713 privilegia
636 669 808 712 etgratiae,
826 679 908 711 quae

161 721 223 756 illis
242 733 261 756 a
282 724 584 767 praedecessoribus
609 723 726 756 nostris
752 722 908 764 nobisque

160 774 239 819 ipsis
262 784 433 810 concessae
461 783 491 810 et
522 776 755 810 consuetudine
791 777 908 809 confir-

160 834 264 864 matae
295 835 326 863 et
355 831 551 874 approbatae
569 831 709 870 suerunt,
730 829 907 874 apostolica

159 883 350 917 auctoritate
378 883 584 924 roborantur,
619 889 650 916 et
681 883 907 916 haesitationes

159 936 246 971 circa
265 947 302 971 ea
322 937 472 972 subortae
497 938 700 971 elucidantur
724 943 755 971 et
774 937 813 971 de
837 948 906 971 me-

159 990 212 1024 dio
231 991 402 1024 tolluntur.

202 1044 218 1088 5
237 1044 270 1078 ’1.
304 1044 383 1078 Cum
404 1044 510 1089 itaque
531 1044 638 1077 dilecti
667 1044 726 1077 filii
749 1049 907 1077 mercato-

37 1110 70 1130 m
87 1105 222 1139 ron-res,
244 1097 420 1138 merciarii‚
442 1098 626 1132 aromatarii
647 1103 678 1131 et
700 1097 905 1142 quampluri-

41 1132 146 1193 ssss'fflgf
159 1150 203 1184 mi
222 1150 277 1184 alii
296 1150 412 1184 diversi
430 1151 557 1195 generis
586 1151 737 1191 artifices,
765 1161 904 1195 quorum

42 1200 146 1252 „⁶2¹2”ssssssss
158 1205 306 1238 omnium
325 1210 357 1239 et
389 1205 592 1248 singulorum
621 1210 716 1246 artes,
739 1204 903 1246 exercitia,

57 1261 145 1287 “mu-
157 1257 435 1292 denominationes
459 1269 496 1292 ac
516 1258 577 1292 alia
592 1258 645 1291 hic
678 1258 786 1291 forsan
809 1258 905 1291 latius

39 1297 145 1320 quoscum-
155 1311 205 1354 yel
224 1311 264 1344 de
284 1312 470 1346 necessitate
490 1312 699 1356 exprimenda
718 1322 755 1345 ac
775 1311 905 1355 speciali

156 1369 233 1398 nota
252 1365 351 1409 digna
372 1375 432 1410 pro
453 1365 610 1410 expressis
629 1376 665 1398 ac
685 1365 725 1398 de
749 1366 846 1398 verbo
866 1365 906 1398 ad

155 1418 288 1451 verbum
305 1429 365 1463 pro
385 1418 513 1452 insertis
538 1419 650 1452 haberi
674 1420 822 1452 volumus
847 1429 906 1462 per

157 1470 232 1504 inde
259 1482 297 1505 ac
323 1471 350 1505 si
369 1471 553 1515 specialiter
572 1483 608 1505 ac
631 1472 772 1505 seriatim
798 1471 903 1516 expri-

157 1529 335 1565 merentur,
357 1525 396 1557 ad
421 1525 538 1558 Urbem
570 1525 672 1568 ipsam
693 1525 903 1565 confluentes,

157 1576 243 1611 iltius
266 1577 450 1611 necessitati
473 1583 504 1611 et
526 1578 655 1611 utilitati
680 1589 717 1611 ac
741 1579 851 1611 decori
875 1584 907 1611 et

157 1636 361 1673 ornamento,
375 1631 538 1664 Altissimo
549 1637 757 1675 cooperante,
768 1632 905 1665 maxime

157 1684 392 1728 prospexerint.
418 1685 457 1717 Et
480 1690 653 1729 propterea
677 1685 779 1718 felicis
801 1696 907 1718 recor-

159 1739 296 1773 dationis
329 1740 482 1773 Martinus
515 1741 550 1781 V,
577 1741 694 1774 Paulus
724 1741 773 1781 III,
806 1741 906 1774 Iulius

159 1792 256 1826 etiam
274 1793 327 1833 ΙΙΙ,
353 1793 428 1826 Pius
453 1794 489 1826 IV
509 1794 698 1827 etnonnulli
723 1793 905 1827 aliiRoma—

158 1845 192 1878 ni
224 1846 396 1880 Pontifices
429 1847 693 1891 praedecessores
730 1848 831 1881 nostri
869 1859 907 1881 ac

160 1899 254 1933 etiam
283 1910 341 1933 nos
371 1900 446 1944 ipsi,
472 1901 712 1934 considerantes
736 1907 820 1935 artes
845 1903 906 1934 hu-

160 1952 298 1986 iusmodi
313 1954 510 1997 illarumque
525 1954 663 1987 artifices
683 1954 743 1998 ipsi
760 1955 837 1988 Urbi
855 1956 907 1988 ad-

159 2006 293 2039 modum
317 2007 514 2040 necessarios
525 2013 556 2041 et
568 2007 663 2040 utiles
681 2008 828 2048 existere,
841 2009 906 2041 sin-

159 2059 411 2104 gulosqueipsos
425 2061 574 2101 artifices,
597 2061 666 2094 sine
684 2063 863 2095 rectoribus
877 2069 907 2095 et

159 2112 296 2146 ducibus
319 2123 356 2146 ac
386 2114 454 2147 sine
478 2115 574 2147 certis
593 2115 757 2148 iudicibus
786 2116 906 2158 degen-

160 2171 219 2205 tes,
246 2166 307 2210 ipsi
331 2167 409 2200 Urbi
422 2179 536 2211 parum
551 2168 658 2209 utiles,
684 2169 810 2212 sibique
831 2170 907 2212 ipsis

160 2228 226 2252 non
249 2219 424 2253 admodum
453 2220 617 2264 proficuos
645 2222 783 2261 futuros,
815 2222 904 2263 dum,

160 2282 222 2315 pro
245 2283 379 2306 suorum
394 2274 592 2307 creditorum
607 2274 847 2316 consecutione,
866 2276 906 2308 ad

162 2325 286 2359 diversa
310 2326 485 2360 tribunalia
509 2333 550 2368 et,
569 2328 657 2370 quod
678 2328 769 2371 peius
791 2334 848 2367 est,
868 2330 907 2362 ad

163 2377 286 2413 iudices
311 2379 351 2412 de
364 2379 500 2413 artificio
520 2386 550 2413 et
569 2381 676 2413 minus
694 2382 804 2425 precio
824 2382 908 2425 ipsa-

162 2441 235 2465 rum
259 2432 377 2465 artium
402 2433 534 2466 omnino
559 2434 740 2476 inexpertos
765 2440 796 2467 et
818 2434 907 2477 igna-

162 2490 215 2514 ros
238 2482 393 2522 distracti,
429 2481 559 2525 propria
588 2493 699 2515 eorum
724 2483 858 2525 negocia
878 2490 908 2516 et

163 2536 246 2563 artes
274 2530 358 2574 ipsas
379 2531 527 2563 deserere
548 2537 751 2573 cogerentur,
775 2531 907 2564 artifici-

162 2578 223 2611 bus
252 2579 329 2623 ipsis
353 2580 487 2623 collegia
523 2580 651 2619 babere,
684 2586 714 2612 et
747 2581 905 2621 consules,

163 2627 316 2662 officiales
340 2639 376 2662 ac
397 2629 519 2662 iudices
544 2640 580 2662 ex
602 2629 747 2672 ipsorum
772 2640 908 2673 corpore

781 239 956 265 GREGomUS
979 239 1034 263 xm
1054 239 1100 262 1‘1‘.

1592 233 1658 269 333

134 311 141 319 ·
167 297 223 332 tim
236 307 375 343 quorum
388 297 553 330 laboribus
564 301 594 331 et
611 296 915 339 industria.bonaet
956 303 1079 333 creare,
1105 298 1135 325 61.
1167 293 1206 326 (16
1244 294 1407 328 mercibus
1440 300 1471 329 et
1495 299 1701 335 mercedibus

955 345 1090 390 aliisque
1116 345 1222 386 rebus,
1248 347 1350 379 causis
1376 353 1406 381 et
1429 350 1570 391 negociis
1595 352 1702 387 cuius-

953 409 1016 441 que
1041 398 1119 432 artis
1143 404 1174 431 et
1191 400 1228 431 atl
1247 406 1346 433 artem
1377 404 1621 444 quomodolibet
1649 417 1701 440 re-

952 452 1092 495 spective
1111 453 1345 495 spectantibus,
1360 466 1461 498 usque
1485 458 1524 489 tul
1545 464 1647 492 certas
1667 460 1699 493 in

952 506 1087 548 siugulis
1116 506 1230 538 litteris
1251 512 1278 539 61
1315 508 1489 551 privilegiis
1514 511 1700 547 huiusmodi

951 559 1205 602 comprehensas
1239 566 1270 593 et
1318 572 1481 605 expressas
1530 577 1672 599 sunu‘uas
1689 595 1697 608 ,

950 622 1125 655 agnoscere
1146 618 1176 646 et
1196 613 1339 647 iudicare
1361 624 1589 651 concesserunt
1608 620 1698 653 etin-

950 666 1132 699 dulserunt.

993 720 1008 762 g
1029 719 1060 753 2.
1082 720 1127 753 Ac
1143 719 1277 764 insuper
1301 732 1338 754 ex
1362 723 1493 766 antiqua
1523 732 1698 760 cousuetu-

948 773 1035 811 dine,
1068 784 1151 816 quae
1185 774 1249 807 vim
1278 775 1357 818 legis
1391 777 1509 810 habere
1535 780 1696 822 dignosci-

948 831 1012 867 tur,
1040 832 1076 860 ut
1099 827 1196 861 etiam
1222 829 1356 872 collegia
1376 832 1569 873 specialibus
1599 835 1695 877 privi-

948 880 1039 923 legiis
1064 891 1129 914 non
1156 883 1279 915 munita
1305 894 1417 916 causas
1441 886 1565 919 easdem
1585 888 1624 920 de
1648 900 1698 922 re-

946 933 1007 966 bus
1026 934 1066 967 ad
1086 940 1169 968 artes
1189 935 1275 979 ipsas
1290 938 1631 980 spectantibus,etiam
1650 942 1697 975 in-

948 991 996 1019 ter
1020 987 1168 1021 homines
1188 995 1275 1022 extra
1293 990 1361 1033 ipsa
1381 992 1514 1034 collegia
1541 995 1696 1027 constitu-

946 1046 1006 1083 tos,
1020 1052 1215 1085 cognoscere
1233 1050 1264 1076 et
1284 1044 1435 1078 decidere
1455 1049 1694 1090 consueverint,

946 1095 1115 1129 inductum
1132 1102 1162 1129 et
1179 1098 1383 1132 observatum
1400 1100 1507 1139 suerit,
1521 1102 1696 1146 eademque

946 1149 1128 1192 privilegia,
1147 1150 1271 1184 indulta
1282 1157 1312 1184 et
1332 1154 1532 1187 consuetudo
1550 1166 1608 1188 usu
1627 1156 1695 1199 ipso

946 1202 1143 1246 approbata,
1168 1204 1200 1236 in
1221 1204 1322 1248 ipsius
1352 1206 1445 1239 Urbis
1471 1208 1695 1253 artificumque

946 1256 1189 1299 praedictorum
1215 1258 1386 1292 utilitatem
1406 1271 1469 1293 non
1491 1272 1620 1304 parvam
1642 1274 1694 1296 ce-

946 1309 1022 1343 dere
1042 1316 1209 1354 comperta
1232 1318 1316 1344 sunt.
1338 1312 1407 1351 Quo
1438 1315 1556 1347 sactum
1588 1322 1635 1348 est
1662 1322 1695 1349 ut

946 1363 1028 1396 Urbs
1048 1363 1117 1407 ipsa
1142 1364 1264 1397 civibus
1284 1372 1315 1399 et
1335 1367 1448 1399 incolis
1469 1368 1621 1412 omnique
1646 1381 1696 1412 ge-

946 1416 1032 1449 neris
1043 1418 1120 1450 artis
1136 1419 1361 1452 excellentium
1372 1420 1513 1454 virorum
1537 1424 1629 1467 copia
1644 1434 1694 1457 re-

946 1470 1136 1504 dundaverit
1156 1478 1184 1504 et
1203 1473 1362 1506 redundet
1383 1475 1421 1507 [le
1446 1477 1617 1518 praesenti.

990 1526 1005 1567 ᾗ
1025 1524 1056 1557 3.
1077 1525 1155 1558 Cum
1177 1532 1295 1567 autem,
1314 1528 1430 1571 elapsis
1445 1531 1621 1571 mensibus,
1640 1542 1695 1564 an-

947 1578 1035 1620 tiqua
1072 1584 1191 1612 statuta
1218 1580 1321 1623 ipsius
1349 1582 1441 1615 Urbis
1476 1584 1513 1616 de
1544 1585 1693 1617 mandato

947 1638 1058 1665 nostro
1078 1633 1251 1666 reformata
1263 1640 1293 1667 et
1314 1635 1473 1676 innovata,
1494 1642 1521 1669 ct
1546 1638 1628 1670 inter
1644 1649 1693 1671 ce-

947 1691 1015 1719 tera
1035 1687 1224 1720 eorumdem
1250 1693 1442 1721 statutorum
1470 1690 1525 1722 lib.
1565 1701 1689 1736 111,eap.

947 1749 990 1772 xn
1021 1746 1174 1773 statutun‘i
1201 1746 1231 1774 et
1250 1742 1415 1775 decreturi»
1444 1743 1539 1776 suen-it
1564 1751 1597 1777 ut
1616 1756 1693 1778 con-

947 1794 1032 1826 sules
1067 1794 1186 1827 artium
1206 1796 1393 1829 huiusmodi
1419 1808 1529 1830 causas
1557 1804 1694 1831 tantum-

947 1848 1044 1880 modo
1065 1848 1148 1881 inter
1169 1849 1253 1892 ipsos
1273 1850 1421 1883 homines
1452 1852 1489 1884 de
1510 1858 1577 1884 arte
1603 1859 1633 1886 et
1654 1854 1693 1886 <le

948 1901 1044 1934 rebus
1064 1903 1284 1945 spectantibus
1304 1905 1342 1936 ad
1371 1910 1473 1936 artem
1502 1906 1603 1948 ipsam
1637 1917 1691 1939 eo-

947 1966 1101 1998 gnoscere
1122 1961 1152 1989 et
1172 1956 1316 1989 iudicare
1338 1964 1486 2001 possent;
1511 1966 1694 2003 eapropter

947 2020 964 2041 a
978 2009 1142 2041 nonnullis
1152 2010 1287 2043 nimium
1297 2012 1504 2055 scrupulosis,
1514 2013 1696 2056 privilegiis,

950 2063 1081 2094 indultis
1106 2070 1136 2095 et
1164 2065 1397 2097 consuetudiiu¹
1428 2066 1599 2098 euiuslibet
1619 2067 1696 2100 artis

948 2123 975 2149 et
1004 2116 1144 2159 collegii,
1168 2117 1253 2149 circa
1274 2118 1490 2160 cognitionem
1513 2125 1540 2152 61
1562 2120 1697 2153 decisio-

948 2180 1022 2202 nem
1043 2180 1214 2202 causarum
1236 2176 1266 2203 et
1286 2172 1505 2213 negociorum,
1521 2174 1697 2213 quae,licet

948 2224 987 2255 tle
1006 2223 1101 2256 rebus
1123 2225 1161 2256 ad
1174 2229 1257 2256 artes
1272 2224 1354 2267 ipsas
1368 2225 1598 2267 spectantil‘ius,
1618 2238 1694 2260 con-

948 2283 996 2309 tra
1025 2277 1174 2310 homines
1206 2283 1294 2309 extra
1314 2283 1397 2309 artes
1419 2283 1446 2310 61
1484 2280 1617 2321 collegia
1642 2282 1695 2314 de-

948 2335 1058 2372 gentes
1082 2338 1141 2374 pro
1174 2336 1318 2373 tempore
1344 2331 1493 2364 oriuntur
1517 2338 1548 2365 et
1571 2333 1695 2375 agitan-

948 2389 1010 2424 tur,
1034 2384 1171 2416 maxima
1191 2394 1227 2416 ex
1241 2390 1329 2427 parte
1350 2384 1536 2427 derogatum
1556 2391 1586 2418 et
1606 2398 1696 2430 prae-

948 2437 1123 2470 iudicatum
1150 2438 1287 2471 extitisse
1302 2439 1477 2471 haesitatur
1496 2439 1612 2473 adhuc.
1634 2441 1696 2474 Un-

948 2486 986 2518 de
1011 2487 1118 2529 aliqua
1140 2498 1175 2518 ex
1198 2487 1274 2529 ipsis
1295 2488 1438 2529 collegiis
1452 2499 1534 2532 pene
1555 2489 1694 2523 dissolu-

948 2540 979 2567 ta
1000 2540 1029 2567 et
1049 2536 1171 2578 dilapsa
1197 2535 1415 2578 reperiuntur,
1449 2539 1619 2571 consulum
1645 2539 1694 2571 iu-

949 2584 1135 2616 risdictione
1156 2594 1250 2627 pene,
1280 2590 1405 2627 praeter
1425 2590 1455 2618 et
1474 2593 1585 2620 contra
1604 2599 1693 2620 men-

950 2638 1012 2665 tem
1030 2632 1443 2676 etintentionemnostram‚
1458 2636 1593 2670 sublata.
1616 2637 1695 2676 Qua-

1715 239 1768 265 An.
1785 235 1815 265 C.
1830 229 1899 265 1580

1761 733 1895 756 Consuetudo

1712 765 1774 786 etiam
1813 766 1895 786 artibus

1712 796 1783 816 tribuit
1799 797 1894 817 eamdem

1711 827 1886 848 iurisdictionem.

1749 1534 1788 1555 Seil
1814 1538 1893 1559 statuta

1710 1565 1768 1586 Urbis
1808 1569 1892 1588 noviter

1710 1598 1765 1617 edita
1811 1604 1891 1618 1011511-

1709 1630 1748 1649 111111
1766 1630 1893 1649 1111151116110-

1708 1666 1754 1680 nem
1778 1661 1892 1681 limitarunt

1708 1693 1732 1711 ad
1751 1692 1846 1712 homines
1866 1691 1892 1712 de

1709 1726 1761 1743 arte.
