2059 3228
139 255 192 280 An.
208 251 238 280 C.
258 254 323 282 1582

166 1112 315 1140 Eleemosynae

130 1144 244 1169 colligendi
275 1144 315 1165 for—

130 1181 184 1196 mam
206 1176 314 1202 praescri-

128 1205 170 1233 bin

380 245 442 281 :386

336 307 410 341 cilio
436 308 575 351 generali
611 307 694 340 edita
726 307 764 340 de
797 306 922 340 duabus
954 307 1077 347 diaetis,

335 361 512 394 dummodo
532 361 617 392 ultra
638 366 701 393 tres
721 360 840 393 diaetas
873 360 989 404 aliquis
1021 371 1079 393 au-

335 414 478 447 ctoritate
516 413 732 457 praesemina]
755 413 792 446 ad
827 413 980 447 iudicium
1015 425 1079 447 non

335 467 489 507 trahatur,
511 466 648 511 aliisque
669 467 864 511 apostolicis,
896 478 1022 501 necnon
1047 468 1079 500 in

334 520 583 565 provincialibus
621 526 651 553 et
693 521 896 565 synodalibus
934 522 1079 555 conciliis

334 573 436 614 editis,
461 574 657 618 specialibus
686 575 733 608 vel
753 575 967 617 generalibus,
1002 586 1078 608 con-

333 626 552 660 stitutionibus
576 633 606 660 et
630 627 883 661 ordinationibus
910 628 1079 661 contrariis

332 680 611 724 quibuscumque,
626 686 680 713 aut
700 680 724 713 si
745 681 917 724 aliquibus,
936 692 1079 714 eommu-

330 733 415 766 niter
432 734 481 767 vel
501 733 640 775 divisim,
663 735 701 767 ab
723 734 833 767 eadem
851 734 890 767 sit
922 734 1002 767 Sede
1029 735 1077 767 in-

330 787 457 820 dultum
477 788 563 831 quod
583 788 742 829 interdici,
769 788 920 832 suspendi
950 789 996 821 vel
1025 799 1077 821 ex-

330 840 564 874 communicari
602 851 666 874 non
703 841 826 886 possint
862 852 919 885 per
957 841 1078 874 litteras

329 893 521 938 apostolicas
541 905 607 928 non
627 895 780 928 facientes
805 896 933 938 plenam
967 900 997 927 et
1024 904 1077 928 ex-

330 958 472 991 pressam
492 959 529 982 ac
560 949 598 982 de
630 949 727 982 veibo
748 949 787 981 ad
807 949 938 982 verbum
964 949 1002 981 de
1028 949 1076 981 in-

329 1001 419 1035 dulto
439 1001 625 1035 huiusmodi
645 1002 854 1035 mentionem.

373 1054 440 1098 §5.
466 1055 622 1088 Volumus
655 1061 761 1089 autem
786 1055 874 1099 quod
904 1065 1074 1100 personae,

329 1113 365 1141 ut
383 1109 576 1152 praefertur,
599 1109 768 1153 deputatae
789 1114 997 1152 quaestorum
1017 1119 1076 1142 no-

329 1172 404 1195 men
424 1162 514 1195 nullo
540 1162 635 1195 modo
655 1168 778 1206 gelant,
808 1163 862 1196 sed
888 1163 1077 1207 simpliciter

329 1215 604 1260 eleemosynarum
621 1217 810 1250 collectores
830 1222 1074 1259 nuncupentur,

329 1274 359 1302 et
378 1275 510 1313 propter
530 1269 613 1302 hane
633 1280 776 1313 operam,
800 1270 1076 1313 eleemosynarum

327 1322 515 1356 huiusmodi
546 1323 720 1367 participes
760 1333 825 1356 non
861 1323 942 1364 sint,
981 1328 1076 1366 atque

327 1375 390 1409 hoc
409 1387 544 1410 munere
578 1377 657 1410 citra
677 1377 780 1409 ullum
809 1377 920 1410 dolum
946 1382 977 1409 et
1001 1387 1075 1410 cum

328 1429 416 1462 omni
445 1430 600 1463 modestia
631 1431 823 1473 fungantur3
854 1431 1005 1474 quodque
1037 1430 1075 1463 ad

328 1483 452 1516 stabula
476 1494 536 1528 pro
567 1483 847 1517 benedictionibus
872 1495 971 1528 super
1006 1484 1076 1517 ani-

329 1536 425 1570 malia
444 1537 599 1570 faciendis
619 1538 784 1578 accedere,
807 1549 909 1582 eaque
921 1538 1074 1581 sigillare,

329 1590 474 1634 etaliqua
493 1591 606 1634 sigilla,
627 1596 658 1624 et
677 1597 805 1635 praeter
821 1596 1004 1635 praesentes
1020 1602 1077 1625 seu

329 1655 440 1677 earum
465 1650 678 1688 transumpta,
713 1645 775 1677 alia
812 1645 975 1689 privilegia
1000 1656 1076 1678 nec-

329 1708 394 1730 non
428 1697 642 1731 instrumenta
676 1698 834 1742 quaedam
868 1705 1076 1742 quaestorum

330 1751 475 1794 insignia,
500 1751 654 1795 reliquias
672 1778 679 1792 ,
716 1752 842 1785 chartas
859 1779 867 1791 ‚
900 1751 1074 1794 imagines,

329 1815 406 1837 acus
425 1810 456 1837 et
489 1804 550 1837 alia
583 1805 633 1837 his
667 1804 784 1837 similia
817 1805 857 1838 ad
895 1795 1098 1838 excitandasi

330 1868 484 1902 personas
516 1858 738 1899 circumferre,
773 1858 989 1901 indulgentias
1015 1868 1076 1902 pu-

328 1912 460 1952 blicare,
497 1917 553 1945 aut
586 1923 644 1956 per
672 1923 705 1945 se
736 1912 785 1945 vel
811 1912 910 1944 alium
948 1912 1077 1956 praedi-

330 1975 414 2004 care,
436 1964 548 1998 fideles
571 1965 612 1997 ad
631 1965 848 2009 eleemosynas
865 1964 924 1998 sibi
945 1975 1078 2008 erogan-

328 2018 384 2051 das
404 2018 498 2051 minis
518 2023 573 2051 aut
596 2018 884 2062 imprecationibus
909 2018 1074 2060 inducere,

329 2078 384 2104 aut
393 2077 557 2115 tamquam
570 2072 694 2105 debitas
707 2072 756 2105 vel
771 2071 889 2112 solitas,
904 2083 958 2105 seu
971 2073 1078 2116 aliqua

330 2131 409 2166 arte,
436 2126 532 2158 etiam
559 2130 726 2169 praetextu
746 2125 874 2158 dicendi
898 2125 1078 2158 orationem

331 2178 437 2211 Sancti
456 2178 598 2220 Antonii,
618 2184 822 2223 extorquere,
842 2178 892 2211 vel
913 2186 1010 2222 super
1028 2179 1077 2211 lo-

332 2231 376 2264 cis
407 2232 506 2265 ullam
527 2232 638 2276 quovis
666 2232 798 2265 nomine
833 2232 1076 2265 conventionem

332 2284 427 2317 etiam
446 2285 480 2318 in
505 2285 675 2319 utilitatem
697 2285 896 2326 monasterii,
923 2296 1078 2329 praecep-

332 2337 499 2378 toriarum,
518 2338 728 2383 hospitalium
738 2344 769 2372 et
779 2338 950 2372 domorum
962 2339 1077 2372 huius-

332 2390 430 2431 modi,
454 2391 559 2424 facere
574 2392 663 2425 nullo
681 2392 776 2425 modo
787 2398 1005 2436 praesumant,
1023 2391 1078 2424 sed

332 2442 531 2487 simpliciter,
544 2445 608 2488 pie,
631 2446 787 2486 modeste,
809 2445 905 2478 unica
915 2445 1079 2478 dumtaxat

333 2493 531 2535 campanella
551 2494 676 2536 pulsata
694 2494 801 2537 (cuius
820 2504 898 2527 usus
917 2494 976 2527 soli
995 2493 1078 2527 Reli-

331 2540 419 2582 gioni
443 2542 624 2583 praedictae
645 2554 660 2575 a
682 2543 762 2576 Sede
793 2542 976 2585 Apostolica
1000 2553 1077 2576 con-

926 255 1104 279 numanum
1128 253 1278 279 noitANwM

1122 306 1260 339 iusmodi
1281 306 1430 350 petendo,
1454 305 1614 351 achpiant
1632 311 1756 340 tantum
1779 305 1866 350 quod

1122 359 1181 392 sibi
1206 359 1371 392 offeretur.

1119 471 1231 508 genter
1241 466 1500 499 animadvertant
1514 470 1549 499 ut
1559 465 1641 499 haec
1652 465 1762 499 omnia
1774 475 1866 510 prae·

1119 520 1182 553 eise
1204 520 1425 561 observentur,
1446 525 1542 564 atque
1557 529 1623 553 non
1634 519 1739 553 sotum
1754 518 1794 553 ad
1809 519 1866 553 de·

1119 574 1270 608 lationem
1288 573 1440 615 aliorum,
1466 574 1521 607 sed
1540 584 1578 607 ex
1597 583 1656 607 suo
1681 583 1770 607 mero
1795 572 1866 607 offi-

1118 627 1180 668 cio,
1203 628 1379 672 inquirant,
1402 627 1427 661 si
1447 638 1510 672 qua
1544 627 1643 669 fraus,
1676 627 1866 671 praesertim

1118 681 1267 715 adversus
1283 681 1369 725 leges
1378 681 1425 715 eis
1440 681 1654 725 praescriptas
1668 680 1865 722 huiusmodi,

1117 735 1338 767 committatur
1357 735 1396 767 ab
1415 734 1494 778 ipsis
1513 733 1753 775 collectoribus;
1770 744 1864 779 quos,

1117 787 1142 820 si
1153 798 1225 821 vere
1236 798 1308 821 reos
1319 787 1550 832 compererint,
1563 798 1622 832 pro
1630 787 1729 821 modo
1735 787 1863 831 culpae,

1117 841 1251 874 arbitrio
1286 852 1344 875 suo
1378 841 1526 886 puniant,
1565 852 1685 885 eosque
1718 840 1822 874 statim
1847 852 1866 874 a

1117 894 1308 928 collectione
1345 899 1525 936 amoveant,
1560 899 1656 939 atque
1690 894 1782 935 alios,
1808 893 1864 939 qui

1116 946 1193 980 boni
1217 953 1248 981 et
1277 948 1386 982 idonei
1406 948 1479 990 sint,
1501 948 1541 982 ab
1561 947 1683 981 eisdem
1717 947 1847 991 superio

1116 999 1206 1034 ribus
1226 1001 1328 1034 suffici
1349 1007 1474 1035 curent.
1487 1001 1526 1035 Et
1539 1001 1615 1045 quia
1635 1000 1764 1034 difficile
1783 1001 1866 1034 foret

1116 1054 1429 1097 praesenteslitteras
1444 1055 1484 1088 ad
1499 1055 1627 1098 singula
1638 1054 1865 1098 quaequeloca

1116 1107 1149 1140 in
1183 1107 1302 1151 quibus
1335 1109 1373 1142 de
1406 1108 1469 1142 illis
1501 1108 1581 1142 fides
1614 1108 1761 1142 facienda
1789 1107 1861 1148 erit,

1116 1161 1342 1195 transmittere.

1160 1215 1176 1258 ξ,
1195 1215 1225 1248 7.
1252 1215 1408 1249 Volumus
1427 1220 1458 1249 et
1477 1215 1626 1249 similiter
1645 1215 1730 1248 dicta
1753 1220 1862 1248 aucto-

1116 1267 1209 1300 ritate
1229 1267 1435 1302 decernimus
1454 1268 1540 1312 quod
1561 1267 1747 1301 earumdem
1768 1278 1861 1312 prae-

1115 1321 1255 1354 sentium
1296 1322 1518 1365 transumptis,
1554 1321 1651 1355 etiarn
1684 1321 1860 1366 impressis,

1116 1385 1215 1408 manu
1235 1374 1351 1408 notarii
1370 1375 1492 1420 publici
1506 1374 1695 1419 subscriptis
1711 1379 1740 1408 et
1760 1375 1862 1408 alicu-

1116 1428 1166 1462 ius
1195 1439 1353 1472 personae
1390 1429 1423 1462 in
1458 1428 1613 1473 dignitate
1648 1428 1863 1462 ecclesiastica

1116 1482 1307 1515 constitutae
1339 1482 1444 1525 sigillo
1478 1482 1621 1524 munitis,
1662 1492 1698 1515 ea
1731 1492 1864 1526 prorsus

1115 1535 1249 1579 ubique,
1276 1535 1371 1569 etiam
1391 1535 1424 1568 in
1449 1535 1579 1576 iudicio,
1599 1535 1679 1569 fides
1711 1535 1862 1569 adhibea-

1115 1594 1178 1630 tur,
1207 1599 1288 1632 qnae
1309 1589 1385 1633 ipsis
1410 1589 1622 1632 originalibus
1640 1589 1860 1629 adhiberetur,

1116 1642 1141 1675 si
1161 1643 1267 1675 forent
1285 1642 1443 1676 exhibitae
1466 1643 1515 1676 vel
1535 1648 1692 1676 ostensae.

1158 1696 1271 1729 Datum
1283 1696 1402 1729 Romae
1417 1696 1502 1740 apud
1518 1696 1550 1729 S.
1569 1696 1711 1736 Petrum,
1729 1696 1788 1729 sub
1805 1705 1862 1729 an-

1115 1750 1192 1782 nulo
1226 1750 1409 1792 Piscatoris,
1436 1750 1488 1783 die
1508 1760 1517 1782 1
1538 1749 1689 1783 februarii
1701 1759 1860 1790 itianxxn,

1116 1803 1321 1847 pontificatus
1339 1804 1440 1837 nostri
1460 1813 1545 1836 anno
1565 1813 1595 1836 x.

1154 1861 1216 1892 Dat.
1231 1861 1302 1892 diet
1316 1861 1461 1892 februarii
1479 1862 1566 1899 1582,
1578 1861 1680 1901 pontis.
1696 1870 1771 1890 anno
1787 1869 1814 1890 x.

1410 2038 1563 2072 CXXXVI.

1113 2114 1310 2147 Kalendarz'i
1333 2125 1435 2158 nuper
1454 2115 1604 2153 restituti,
1626 2125 1686 2158 pro
1704 2115 1862 2158 [estivita-

1161 2168 1244 2201 tz‘bus
1267 2168 1301 2201 S.
1326 2167 1363 2201 R.
1386 2168 1426 2201 E.
1453 2179 1509 2201 sao
1535 2172 1672 2213 tempore
1704 2169 1863 2214 celebran-

1159 2221 1208 2254 dis
1227 2222 1408 2266 divinisque
1418 2222 1532 2254 itidem
1548 2221 1663 2265 officiis
1674 2221 1861 2262 recitandis,

1159 2275 1360 2319 approbatio,
1383 2279 1412 2308 et
1432 2275 1546 2309 veteris
1574 2275 1759 2308 kalendarii
1791 2274 1863 2308 abo-

1160 2328 1245 2361 Ιιίἰο.

1165 2407 1311 2444 Gregorius
1330 2409 1472 2445 episcopus
1489 2415 1587 2438 servus
1604 2415 1745 2438 servorum
1761 2407 1819 2442 Dei,

1264 2463 1298 2491 ad
1310 2464 1473 2499 perpetuam
1490 2463 1531 2492 rei
1548 2462 1718 2492 memoriam.

1160 2534 1246 2567 Inter
1257 2533 1458 2577 gravissimas
1467 2533 1637 2578 pastoralis
1647 2533 1741 2567 officii
1758 2531 1860 2566 nostri

333 2598 440 2622 cessus
451 2589 547 2622 fuisse
564 2591 776 2633 perhibetur),
792 2591 1008 2635 eleemosynas
1018 2601 1078 2635 pro
1117 2599 1223 2629 curas,
1245 2599 1281 2621 ea
1302 2594 1463 2632 postrema
1497 2599 1563 2622 non
1587 2593 1646 2630 est,
1678 2592 1715 2620 ut
1737 2596 1820 2631 quae
1844 2596 1863 2619 a

332 2637 541 2672 subventione
562 2639 767 2684 hospitalium
785 2646 815 2673 et
832 2640 1004 2673 domorum
1021 2640 1078 2672 hu-
1119 2651 1209 2676 sacro
1229 2642 1422 2675 Tridentinov
1442 2642 1579 2676 concilio
1599 2640 1672 2676 Sedi
1701 2639 1862 2686 Apostoli-

1877 465 1901 482 88
1904 463 1988 483 {vtum

1877 491 1920 514 nii-l
1934 488 2000 527 iub*
2015 505 2016 516 i

2015 527 2017 551 ς
2028 536 2031 543 s

1902 2559 2015 2583 &ordin-⁴.

2025 442 2027 451 i

2025 453 2031 469 ἵ
