2059 3228
186 282 255 308 sese
278 273 318 307 ab
343 273 460 307 eisdem
490 272 706 311 devolutione,
735 272 927 313 caducitate,

183 326 361 372 privatione
380 327 426 360 vel
453 327 584 359 incursu
613 332 639 359 et
673 326 743 359 aliis
772 327 884 371 poenis
912 338 929 359 a

183 379 275 414 dictis
305 379 587 414 constitutionibus
618 385 647 412 et
672 379 783 413 litteris
802 391 838 413 ac
860 381 928 414 iure

181 433 347 467 communi
367 434 501 473 traditis,
524 444 559 466 ex
575 433 670 466 variis
689 440 718 466 et
729 434 928 478 diversisper

180 496 234 520 eos
245 487 388 530 allegatis
408 487 625 530 praeiextibus,
643 486 768 519 licuerit
789 492 818 520 et
833 487 923 520 liceat

179 539 336 580 excusari,
358 545 389 573 et
411 540 457 573 sic
483 540 549 573 istis
569 540 702 583 aliisque
722 540 926 583 subterfugiis

178 597 210 627 et
227 593 483 627 cavillationibus
503 594 572 627 lites
589 599 620 627 et
649 604 760 626 causas
788 594 926 637 desuper

177 646 209 680 in
229 646 341 680 eadem
366 647 512 688 Camera,
535 652 570 680 ut
594 647 790 691 praefertur,
824 653 925 681 motas

176 709 232 734 seu
257 702 428 735 movendas
445 701 477 734 in
502 702 634 744 longum
665 701 865 744 protrahere,
894 707 924 734 et

175 753 320 798 quotidie
339 764 419 788 nova
439 754 670 798 impedimenta
698 753 839 787 obiicere
868 765 922 787 co-

174 811 306 846 nantur,
331 807 365 841 in
396 808 572 841 maximum
597 807 687 841 Sedis
715 813 744 840 et
770 807 922 841 Gamerae

173 860 412 904 praedictarum
424 860 672 905 praeiudicium,
687 871 723 894 ac
732 861 921 894 eorumdem

172 913 357 948 animarum
371 915 568 960 periculum.

216 967 231 1011 ἓ
251 967 283 1001 6.
304 967 378 1009 Nos,
397 968 575 1012 cupientes,
593 973 751 1011 quantum
772 978 846 1001 cum
856 968 919 1002 Deo

64 1026 159 1054 aaron·
170 1031 353 1065 possumus,
374 1032 432 1065 pro
453 1032 588 1055 munere
609 1021 701 1054 nobis
710 1033 747 1054 ex
757 1022 820 1055 alto
832 1033 919 1055 com-

56 1063 158 1117 '³'”j¹,ffi{
170 1074 280 1116 misso,
301 1074 392 1108 Sedis
412 1080 442 1108 et
456 1075 607 1109 Gamerae
620 1075 919 1119 praedictarumin-

68 1150 71 1152 -
91 1132 157 1180 5:³3¹:
170 1127 337 1162 demnitati
357 1128 536 1172 providere,
559 1139 596 1162 ac
616 1129 876 1172 oppositionibus
889 1135 919 1163 et

51 1173 157 1221 &vu-i·-
169 1180 239 1215 aliis
265 1182 450 1226 praemissis
483 1186 705 1226 opportunum
737 1183 917 1216 remedium

40 1222 156 1275 ”⁹5:0⁸2ss
168 1234 334 1276 adhibere,
355 1236 394 1269 de
414 1235 609 1279 apostolicae
630 1235 795 1279 potestatis
812 1236 916 1280 pleni-

44 1274 154 1318 *imm*
166 1288 278 1322 tudine
315 1293 466 1333 certaque
500 1289 633 1322 scientia
665 1295 789 1329 nostra,
821 1291 916 1324 etiam

56 1340 67 1381 ,f
165 1341 452 1385 praedecessorum
468 1347 653 1376 nostrorum
674 1343 915 1387 praedictorum

55 1386 66 1422 ‘.
165 1394 305 1438 vestigiis
327 1395 544 1436 inhaerendo,
571 1397 698 1429 easdem
723 1396 912 1439 Innocentii,

164 1447 335 1482 Alexandri
359 1454 390 1483 et
412 1449 503 1482 Pauli
534 1461 571 1483 ac
599 1450 745 1483 omnium
775 1451 914 1484 aliorum

53 1490 67 1526 3·
165 1501 384 1536 Romanorum
432 1503 625 1536 Pontificum
669 1504 915 1539 constitutiones

52 1556 67 1602 ’,ε
164 1565 262 1598 super
277 1556 461 1599 praemissis
481 1562 512 1590 et
532 1556 662 1590 illorum
679 1557 847 1591 occasione
866 1559 914 1591 vel

50 1603 69 1626 ’Ψ
165 1617 262 1641 causa
284 1609 529 1652 quomodolibet
548 1610 649 1643 editas
676 1616 707 1643 et
737 1616 911 1653 emanatas,

51 1639 69 1703 ⁴¹3
137 1678 139 1681 ⁴
163 1671 201 1694 ac
224 1671 336 1695 earum
355 1662 508 1705 singulas,
535 1669 566 1696 et
594 1664 734 1706 desuper
753 1665 914 1697 confectas

51 1711 69 1742 ‘i
162 1713 297 1756 litteras,
318 1726 355 1749 ac
375 1715 407 1749 in
427 1715 473 1749 eis
497 1722 646 1749 contenta
671 1728 910 1761 quaecumque,

54 1759 80 1812 ζ
163 1778 290 1802 necnon
310 1769 556 1813 protestationes
574 1775 605 1803 et
620 1770 910 1815 interpellationes,

52 1814 86 1843 ‘'5'‘
162 1822 337 1856 sententias
360 1828 391 1856 et
419 1824 546 1857 decreta
574 1824 607 1856 in
637 1825 745 1867 vigilia
774 1831 804 1858 et
832 1826 912 1859 sesto

162 1875 348 1919 praedictis,
361 1877 550 1920 praesertim
562 1888 646 1911 anno
658 1878 802 1922 proxime
818 1890 911 1922 prae-

164 1928 269 1970 terito,
290 1929 323 1962 in
348 1930 460 1963 eadem
488 1930 620 1964 Camera
649 1932 759 1972 factas,
782 1932 911 1966 illarum

161 1980 362 2026 singularum
381 1987 520 2024 tenores,
536 1994 573 2017 ac
586 1984 610 2016 si
628 1984 667 2017 de
682 1985 779 2018 verbo
790 1986 828 2018 ad
845 1997 912 2019 rer-

160 2033 239 2067 bum
258 2033 477 2069 insererentur
500 2029 735 2080 praesentibus,
761 2047 820 2081 pro
845 2040 910 2072 sns-

159 2086 307 2122 ficienter
325 2089 481 2133 expressis
492 2090 657 2131 habentes,
675 2101 748 2124 cum
761 2092 911 2126 omnibus

54 2172 66 2185 ,Δ
161 2145 192 2174 et
210 2141 345 2184 singulis
363 2142 397 2175 in
426 2143 472 2177 eis
505 2145 663 2177 contentis
694 2145 847 2179 clausulis
880 2153 911 2180 et

48 2218 73 2234 4.
159 2193 308 2236 decretis,
339 2201 450 2230 tenore
482 2199 714 2241 praesentium,
751 2206 910 2243 perpetuo

159 2309 243 2344 opus
265 2305 322 2342 est,
349 2301 555 2344 innovamus,
581 2315 617 2337 ac
641 2305 681 2338 ab
706 2306 856 2339 omnibus
880 2313 910 2340 et

158 2353 420 2397 quibuscumque
441 2356 625 2390 feudatariis
652 2358 788 2401 aliisque
815 2371 908 2403 prae-

159 2406 252 2439 dictis
270 2407 496 2441 inviolabiliter
514 2410 674 2444 observari
691 2412 807 2445 debere
821 2414 909 2446 volu-

159 2465 232 2488 mus
255 2461 286 2488 et
310 2456 512 2489 mandamus.

203 2503 268 2547 57.
300 2492 503 2538 Declai‘antes
531 2506 585 2538 illa
615 2507 723 2540 omnia
752 2514 908 2553 perpetuo

38 2559 147 2588 ιιμιιιιι
160 2551 268 2593 fuisse,
290 2563 358 2586 esse
378 2559 409 2586 et
428 2553 506 2594 sore,
525 2554 652 2598 vimque
672 2561 702 2589 et
717 2556 818 2590 robur
836 2569 908 2602 per-

35 2590 148 2648 ,ᾞζιῗ
163 2606 293 2643 potuum
313 2601 421 2644 legum
442 2603 618 2637 obtinuisse
638 2609 668 2638 et
687 2605 845 2648 obtinere,
877 2614 908 2641 et

795 218 970 244 GREGORWS
992 218 1048 244 xm
1067 219 1113 245 ΡῬ.

160 2247 401 2290 confirmamus,
431 2250 649 2294 approbamus
676 2257 729 2293 et,
751 2258 910 2295 quatenus
941 2262 943 2267 ’

1612 216 1677 253 339
1735 228 1788 258 An.
1805 229 1834 259 c.
1851 231 1921 260 1580

972 273 1016 305 sic
1041 284 1153 306 omnes
1173 279 1203 307 el
1223 275 1377 320 Singulos,
1399 276 1602 322 praeteritos,
1626 292 1719 325 prae·
1743 292 1915 319 comprehenso-

971 331 1076 359 s'entes
1109 332 1139 360 et
1169 328 1293 363 futuros
1327 330 1536 374 feudatarios‚
1563 333 1715 376 vicarios,
1733 322 1922 378 ffilffissss‘fi'ffffi

970 380 1213 423 gubernatores,
1253 383 1526 420 administratores
1568 393 1599 421 et
1639 389 1719 422 alios
1734 387 1920 439 ξιξῗίᾞύηξοζξξξζ

969 443 1137 474 censuum,
1163 437 1417 479 recognitionum
1439 450 1476 473 ac
1496 440 1617 474 iurium
1631 442 1717 475 debi-
1733 449 1919 474 rraedemwffl

970 491 1064 527 tores,
1083 487 1176 520 etiam
1192 489 1340 533 antiquo>¹
1356 497 1385 523 et
1397 493 1648 536 antiquissimos,
1662 495 1717 528 diu

968 545 1040 572 ante
1065 541 1112 572 vet
1147 547 1216 584 post
1249 542 1347 575 (lictus
1382 546 1626 581 constitutiones
1660 559 1716 581 seu

969 598 1113 636 tempore
1139 594 1266 627 illarum
1296 602 1419 629 creatos
1447 610 1503 631 seu
1534 601 1715 645 deputatOS,

967 659 1002 679 ai·
1022 648 1138 680 tuturis
1163 648 1314 693 deinceps
1334 652 1533 694 temporibus
1553 653 1585 686 in
1604 665 1718 699 perpe-

966 705 1057 733 tuum
1075 702 1317 745 quomodolibet
1338 706 1493 739 creandos
1513 712 1543 740 et
1556 707 1716 752 deputan-

965 754 1033 795 dos,
1057 755 1292 800 cuiuscumque
1314 757 1486 801 dignitatis,
1509 766 1619 803 status,
1641 773 1715 806 gra-

964 806 1035 847 dus,
1054 807 1175 841 ordinis
1189 810 1235 841 vel
1248 810 1510 852 pl'auetsslnenllae
1523 815 1715 849 ecclesiasti-

964 871 1019 893 cae
1039 861 1087 894 vel
1107 861 1229 895 laicalis
1249 862 1493 905 suerintetsint,
1507 866 1629 900 etiamsi
1647 880 1714 902 car-

963 913 1122 948 dinalatus
1146 915 1283 957 honore,
1316 927 1372 950 seu
1401 918 1498 961 regia,
1526 919 1632 954 ducali
1663 922 1712 955 vel

962 968 1025 1000 alia
1049 968 1144 1001 etiam
1165 969 1281 1003 maiori
1301 970 1452 1014 dignitate
1473 978 1503 1005 et
1524 974 1713 1009 auctoritate

961 1022 1189 1064 praefulserint
1208 1029 1239 1056 et
1258 1025 1490 1068 praefulgeant,
1514 1026 1648 1070 singulis
1668 1029 1714 1062 di-

961 1075 1020 1107 ctis
1050 1075 1242 1117 Innocentii,
1265 1077 1436 1111 Alexandri
1458 1084 1488 1112 et
1507 1079 1597 1113 Pauli
1618 1093 1695 1125 prae

960 1128 1166 1162 decessorum
1180 1136 1365 1164 nostrorum
1379 1133 1663 1168 constitutionibus
1682 1141 1713 1170 et

959 1181 1073 1214 litteris
1094 1184 1346 1227 comprehensos
1365 1184 1463 1219 fuisse
1479 1192 1509 1219 et
1524 1197 1604 1228 esse;
1628 1188 1712 1222 illas-

960 1245 1022 1277 que
1043 1235 1128 1280 ipsos
1148 1247 1260 1270 omnes
1284 1244 1314 1271 et
1335 1238 1479 1281 singulos
1507 1241 1651 1275 affecisse
1680 1248 1711 1276 et

959 1288 1099 1330 afficere,
1126 1295 1157 1323 et
1188 1296 1361 1335 propterea
1395 1292 1536 1336 singulas
1568 1295 1707 1337 litteras,

958 1342 1119 1376 clausulas
1139 1349 1169 1376 et
1189 1345 1390 1378 conditiones
1405 1357 1441 1379 ac
1457 1346 1519 1380 alia
1533 1349 1710 1391 praemissa

957 1402 1121 1439 tamquam
1142 1397 1217 1430 talia
1237 1398 1385 1432 habenda
1401 1406 1432 1433 et
1452 1403 1613 1435 censenda
1626 1413 1706 1436 esse:

956 1449 1098 1494 itemque
1111 1452 1360 1495 acceptationeS,
1373 1454 1618 1496 declarationes,
1632 1467 1709 1499 pro-

956 1503 1152 1545 testationes,
1188 1504 1465 1549 interpellationes
1499 1519 1558 1552 per
1586 1509 1707 1543 dictum

955 1557 1024 1589 fisci
1046 1564 1303 1601 procuratorem,
1324 1565 1359 1593 ut
1379 1562 1573 1604 praefertur,
1596 1563 1707 1606 factas;

956 1621 993 1643 ac
1013 1612 1188 1645 sententias
1208 1618 1238 1645 et
1263 1613 1390 1647 decreta
1419 1626 1477 1658 per
1504 1616 1621 1650 dictam
1650 1619 1707 1652 Ca-

956 1675 1079 1697 meram
1097 1665 1232 1709 singulis
1253 1667 1357 1708 annis,
1385 1668 1418 1701 in
1447 1669 1554 1712 vigilia
1573 1676 1604 1704 et
1627 1672 1706 1705 festo

954 1719 1141 1761 praedictis,
1168 1726 1202 1753 ut
1232 1722 1422 1764 praefertur,
1448 1723 1527 1756 latas
1551 1729 1582 1757 et
1610 1726 1706 1760 factas

956 1782 992 1804 ac
1013 1771 1046 1804 in
1066 1773 1214 1806 futurum
1235 1774 1385 1807 serendas
1405 1780 1435 1808 ct
1447 1776 1620 1818 faciendas,
1635 1790 1705 1812 om-

954 1832 1009 1854 nes
1029 1826 1060 1854 et
1079 1822 1223 1866 singulos
1245 1823 1453 1866 feudatarios,
1475 1825 1623 1867 vicarios,
1644 1840 1704 1871 gu-

953 1870 1150 1912 bernatores,
1173 1873 1359 1905 censuarios
1373 1879 1403 1906 et
1413 1874 1493 1907 alios
1509 1876 1701 1919 praedictos,

954 1924 1018 1952 tam
1037 1921 1228 1964 praeteritos
1248 1932 1345 1964 quam
1365 1930 1549 1966 praesentes
1569 1930 1599 1957 et
1619 1927 1704 1959 111111-

953 1979 1016 2010 ros,
1044 1969 1077 2001 in
1101 1970 1179 2014 ipsis
1203 1972 1397 2013 generaliter
1421 1978 1451 2005 et
1470 1973 1549 2006 alias
1577 1976 1701 2018 specia-

954 2018 1027 2051 liter
1046 2030 1083 2051 ac
1102 2021 1345 2062 quomodolibet
1362 2021 1554 2062 nominatos
1568 2024 1702 2067 perinde

953 2067 1096 2100 affecisse
1116 2073 1147 2100 et
1167 2068 1306 2109 afficere,
1324 2080 1361 2102 ac
1381 2070 1405 2102 si
1427 2069 1459 2101 in
1484 2072 1702 2107 contradicto-

953 2115 1000 2148 rio
1022 2115 1155 2158 iudicio,
1183 2128 1278 2150 causa
1303 2118 1431 2160 cognita
1455 2124 1485 2151 et
1509 2121 1639 2154 servatis
1663 2123 1701 2156 de

952 2163 1021 2197 iure
1046 2166 1221 2203 servandis,
1244 2166 1325 2199 facta
1358 2173 1388 2199 et
1415 2168 1476 2200 lata
1509 2168 1642 2203 fuissent
1672 2177 1702 2205 et

952 2219 1073 2254 essent3
1101 2226 1137 2247 ac
1163 2221 1413 2258 transgressores
1432 2222 1463 2249 et
1483 2227 1628 2252 morosos
1648 2231 1700 2254 ca-

951 2262 1111 2303 ducitatis,
1135 2264 1350 2297 devolutiouis
1367 2272 1397 2298 et
1417 2265 1603 2309 privationis
1622 2281 1702 2314 quo-

951 2322 1167 2356 rumcumque
1188 2313 1371 2354 feudorum,
1393 2314 1617 2357 vicariatuum,
1644 2327 1702 2359 gu-

950 2360 1136 2394 bernioruin
1155 2368 1185 2395 et
1206 2362 1345 2395 aliorum
1363 2364 1602 2406 praedictorum
1617 2365 1644 2407 1,
1662 2377 1700 2400 eo

950 2409 1030 2453 ipso,
1051 2410 1170 2453 absque
1191 2411 1299 2453 aliqua
1327 2411 1441 2445 iudicis
1468 2413 1696 2456 declaratione,

952 2457 1125 2491 incurrisse
1145 2464 1175 2491 et
1188 2459 1368 2499 incurrere,
1378 2461 1544 2505 dictosque
1559 2474 1701 2497 camera-

951 2508 1035 2540 rium
1059 2513 1090 2541 et
1109 2508 1327 2551 praesidentes
1346 2520 1383 2543 ac
1408 2510 1542 2544 clericos
1555 2518 1586 2545 et
1604 2513 1696 2553 aliOS,

950 2556 988 2588 ad
1008 2567 1089 2599 quos
1108 2561 1239 2600 spectat,
1261 2557 1300 2590 ad
1320 2558 1440 2593 realem
1460 2559 1697 2606 incorporatio—

986 2620 995 2644 t
1013 2618 1091 2646 Adde
1107 2626 1207 2652 poenas
1226 2620 1263 2653 (R.
1281 2620 1330 2654 1.).
