2059 3228
814 260 989 290 Gnnflonms
1000 260 1056 286 ΧῙΠ
1074 261 1120 285 PP.

200 316 341 365 provisio
349 318 526 365 praedicta,
537 328 598 364 per
607 317 687 352 alias
697 317 870 352 canonicas
879 327 948 350 san-

200 373 322 408 ctiones
341 374 380 407 ad
401 374 515 408 Sedem
537 373 682 407 eamdem
698 371 946 414 legitimeclevo-

200 427 314 467 luta,et
324 426 377 460 illa
387 437 424 460 ex
434 427 544 470 quavis
556 436 651 460 causa
660 425 698 459 ad
707 425 822 459 dictam
834 423 946 456 Sodom

200 479 384 524 specialiter
401 480 449 513 vel
469 480 663 524 generaliter
681 478 851 523 pertineat,
865 478 948 521 ipse-

200 532 949 578 queprioratusdispositioniapostolicaereser-

199 593 289 622 vatus
308 588 431 629 existat,
444 599 480 622 ae
499 598 645 633 supereo
663 593 693 621 et
709 587 852 621 eiusdem
864 586 948 630 regi-

202 640 288 675 mine
307 645 338 675 et
357 641 633 675 administratione
654 641 737 674 inter
755 640 880 684 aliquos
896 639 946 677 lis,

201 703 257 728 seu
278 693 411 728 illorum
438 695 635 740 possessorio
660 695 707 727 vel
734 693 826 738 quasi
847 693 949 726 mole-

201 747 292 789 stiae,
319 747 411 781 cuius
430 748 495 782 litis
515 753 633 781 statum
654 747 750 781 etiam
771 746 949 791 praesenti-

201 802 262 835 bus
278 802 392 836 haberi
411 802 626 846 volumuspro
635 811 795 846 expresso,
813 800 951 843 pendeat

202 855 356 897 indecisa,
375 855 551 890 dummodo
570 860 715 899 tempore
743 854 835 887 datae
859 864 951 898 prae-

202 909 341 943 sentium
370 909 474 943 eidem
503 908 698 942 monasterio
728 908 768 941 de
792 906 952 941 abbatissa

202 962 359 998 canonice
375 963 540 1008 provisum
560 973 626 996 non
646 962 698 1004 sit,
721 972 796 996 cum
821 961 952 994 annexis

201 1016 401 1059 huiusmodi,
432 1028 469 1051 ac
493 1016 645 1051 omnibus
677 1016 754 1050 dicti
786 1015 952 1059 prioratus

202 1069 328 1104 iuribus
335 1081 372 1104 ac
382 1070 594 1115 pertinentiis,
604 1069 793 1104 auctoritate
802 1074 832 1103 et
841 1075 952 1103 tenore

201 1124 387 1169 praedictis,
409 1124 505 1158 etiam
513 1130 683 1170 perpetuo,
693 1124 837 1163 unimus,
852 1133 952 1156 anne-

204 1178 321 1213 ctimus
340 1183 372 1212 et
390 1178 651 1223 incorporamus,
683 1178 727 1211 ita
750 1177 838 1221 quod
858 1176 955 1209 liceat

203 1242 265 1277 pro
283 1236 430 1276 tempore
449 1232 659 1265 existentibus
677 1230 863 1275 praeposito
884 1240 955 1274 pro-

204 1285 334 1320 vinciali
353 1285 458 1319 dictae
482 1285 649 1319 Societatis
677 1283 838 1318 inferioris
877 1283 954 1318 Ger-

205 1338 333 1373 maniae
350 1339 553 1380 huiusmodi,
581 1350 617 1372 ac
636 1338 817 1372 rectoribus
837 1343 868 1371 et
891 1338 956 1370 col-

205 1392 389 1436 legialibus,
407 1393 483 1426 dicti
499 1391 627 1436 collegii
648 1391 748 1425 erecti
767 1390 955 1424 huiusmodi

207 1446 352 1488 nomine,
372 1447 505 1491 propria
524 1445 954 1489 auctoritate,corporalem,

207 1500 327 1534 realem
347 1504 378 1534 et
396 1501 554 1534 actualem
579 1499 813 1544 possessionem
844 1508 957 1531 mona-

209 1554 299 1588 sterii
318 1559 361 1597 et,
388 1554 456 1589 sine
475 1554 676 1599 praeiudicio
696 1554 791 1586 illum
811 1552 959 1586 obtinen-

209 1608 261 1650 tis,
272 1609 435 1653 prioratus
448 1620 485 1643 ac
498 1620 711 1649 annexorum,
724 1608 912 1651 iuriumque
929 1612 961 1640 et

209 1662 478 1707 pertinentiarum
486 1663 726 1708 praedictorum
734 1662 834 1694 libere
846 1671 962 1704 appre-

210 1716 354 1750 hendere
368 1721 400 1750 et
422 1721 579 1760 perpetuo
604 1716 763 1755 retinere;
798 1725 835 1748 ac
865 1713 961 1747 etiam

212 1768 406 1803 monasterio
431 1774 462 1803 et
493 1769 651 1813 prioratui
680 1768 853 1813 praedictis
887 1767 961 1800 illo-

213 1833 350 1867 rumque
371 1822 528 1863 ecclesiis‚
550 1834 608 1867 per
627 1822 758 1866 seipsos
773 1821 822 1854 vel
835 1820 916 1853 alios
925 1831 962 1853 ex

213 1876 260 1910 eis
277 1886 334 1910 seu
355 1887 579 1921 quoscumque
600 1877 681 1910 alios
698 1877 913 1920 presbyteros,
923 1875 962 1907 ad

202 1938 328 1964 ‘eorum
342 1930 480 1964 liberum
496 1935 611 1964 nutum
621 1936 652 1964 et
662 1929 831 1963 arbitrium
840 1939 963 1973 ponen-

215 1983 273 2017 dos
291 1988 322 2017 et
354 1983 559 2025 amovendos,
595 1983 627 2016 in
652 1983 769 2016 divinis
802 1982 965 2016 deservire

216 2041 272 2070 aut
289 2036 443 2084 deserviri
461 2037 579 2079 facere3
597 2047 724 2070 necnon
736 2037 872 2077 fructus,
891 2036 964 2069 red-

216 2090 302 2124 ditus
321 2096 352 2123 et
371 2095 558 2135 proventus,
580 2091 651 2124 iura
672 2096 702 2124 et
718 2090 924 2123 obventiones
936 2095 967 2123 et

218 2143 434 2177 emolumenta
454 2144 603 2177 universa
622 2144 753 2177 illorum
774 2149 806 2177 et
825 2154 966 2177 annexo-

218 2207 290 2231 rum
311 2197 501 2231 eorumdem
521 2198 701 2242 percipere,
722 2197 861 2241 exigere,
883 2198 967 2230 leva-

219 2262 266 2293 re,
287 2251 602 2293 loeare,arrendare,
620 2263 656 2285 ac
675 2252 709 2284 in
730 2262 806 2285 suos
825 2258 855 2284 et
875 2252 969 2285 eolle-

219 2303 264 2348 gii
290 2304 388 2338 erecti
418 2304 605 2338 huiusmodi
638 2316 716 2338 usus
745 2311 777 2338 et
796 2304 967 2337 utilitatem

221 2362 417 2398 convertere,
440 2358 719 2391 dioecesani-loci
749 2359 799 2392 vel
832 2358 970 2392 cuiusvis

221 2410 352 2444 alterius
371 2410 501 2444 lieentia
509 2412 648 2455 desuper
654 2411 787 2445 minime
797 2412 952 2455 requisita
961 2426 969 2455 3

221 2459 350 2504 proviso
369 2465 477 2493 tamen
497 2461 585 2503 quod
604 2460 697 2494 dictis
717 2461 972 2495 duabusmonia-

223 2507 308 2541 libus
328 2508 368 2541 de
383 2509 572 2542 necessariis
595 2509 633 2542 ad
654 2520 765 2542 earum
795 2509 973 2544 substenta-

224 2555 355 2597 tionem,
367 2557 553 2590 earumdem
573 2557 636 2590 vita
652 2558 800 2598 durante,
829 2569 973 2602 congrue

225 2615 284 2649 pro
304 2606 498 2639 monasticae
514 2606 595 2639 vitae
611 2607 792 2649 frugalitate
813 2613 844 2641 et
870 2609 973 2642 conti-

225 2654 334 2688 nentia
357 2655 572 2698 provideatur.

986 380 1055 410 nes,
1078 368 1285 412 provisiones,
1304 368 1487 407 electiones,
1500 365 1737 410 acceptationes

987 423 1034 457 vol
1060 422 1138 455 alias
1172 421 1395 464 dispositiones
1422 421 1459 453 (le
1490 419 1685 453 monasterio
1707 424 1738 452 ct

987 477 1133 522 prioratu
1141 476 1341 515 huiusmodi,
1354 475 1448 508 etia-n
1458 473 1638 518 perSedem
1646 483 1738 517 prae-

984 527 1105 565 uictam
1122 531 1170 563 vel
1191 529 1276 562 illius
1297 530 1429 571 togatos,
1449 528 1544 560 etiam
1565 527 1604 560 de
1623 527 1734 567 latere,

988 596 1045 619 seu
1064 583 1200 617 nuncios
1220 583 1267 615 vel
1288 592 1509 626 quoscumque
1529 581 1609 614 alios
1628 580 1737 624 quavis

988 639 1177 672 auctoritate
1194 636 1366 675 faciendas,
1390 635 1493 667 nullas
1523 640 1554 667 et
1585 634 1738 667 invalidas

988 694 1057 727 fore
1076 703 1113 725 ac
1134 702 1214 731 esse,
1236 701 1273 723 ac
1293 699 1427 733 pronon
1440 688 1529 721 sactis
1541 693 1572 721 et
1584 698 1738 720 noncon-

989 747 1086 781 cessis
1105 745 1230 784 haberi,
1244 734 1282 776 ‘et
1303 742 1423 776 nemini
1447 742 1606 775 ullatenus
1626 740 1739 774 suffra-

989 800 1057 844 gari
1077 799 1207 838 debere,
1225 807 1351 830 necnon
1371 796 1491 829 eisdem
1513 795 1739 839 praesentibus

989 854 1114 893 litteris,
1128 862 1186 897 per
1197 860 1419 895 quascumque
1432 849 1596 892 generales
1607 849 1655 882 vcl
1668 859 1739 891 spe-

990 909 1099 949 ciales,
1118 907 1213 940 etiam
1227 903 1505 948 derogatoriarum
1521 901 1738 945 derogatorias

990 963 1133 1007 aliasque
1149 960 1347 995 efficaciores
1367 962 1397 990 et
1417 956 1559 989 insolitas
1579 956 1739 988 clausulas

991 1028 1029 1050 ae
1052 1014 1210 1049 irritantia
1230 1019 1261 1047 et
1280 1013 1341 1046 alia
1361 1012 1501 1050 decreta,
1524 1009 1582 1042 sub
1608 1009 1740 1052 quibus-

992 1080 1133 1114 cumque
1151 1069 1325 1103 verborum
1345 1065 1456 1099 formis
1476 1069 1507 1097 et
1529 1062 1740 1107 expressioni-

990 1125 1052 1158 bus
1072 1128 1240 1166 concepta,
1263 1121 1295 1154 in
1315 1131 1348 1154 se
1368 1119 1579 1157 continentes,
1603 1117 1740 1150 nullate-

991 1189 1052 1211 nus
1072 1176 1220 1219 derogari
1233 1185 1327 1219 posse
1335 1184 1395 1206 nec
1403 1172 1590 1214 derogatum
1604 1171 1739 1211 censeri,

992 1231 1053 1264 nisi
1070 1229 1258 1263 earumdem
1271 1226 1487 1271 praesentium
1499 1230 1590 1257 tenor
1599 1225 1637 1257 de
1644 1225 1741 1257 verbo

993 1287 1033 1321 ad
1049 1285 1200 1325 verbum,
1221 1283 1302 1317 nihil
1323 1282 1451 1326 penitus
1477 1281 1608 1320 omisso,
1640 1280 1742 1313 inser-

993 1347 1056 1382 tus,
1070 1344 1101 1374 et
1111 1349 1230 1383 urgens
1240 1349 1276 1371 ac
1287 1336 1449 1371 sufficiens
1466 1346 1562 1368 causa
1586 1345 1743 1378 expressa,

995 1399 1026 1427 et
1046 1404 1104 1438 per
1122 1392 1223 1425 trinas
1243 1391 1409 1424 distinctas
1438 1389 1560 1422 litteras
1585 1389 1742 1422 dictarum

994 1446 1213 1491 praesentium
1231 1451 1376 1478 tenorem
1410 1443 1621 1483 continentes,
1643 1443 1745 1476 tribus

996 1500 1152 1534 distinctis
1171 1499 1294 1533 vicibus
1310 1498 1415 1531 eidem
1426 1497 1576 1541 Philippo
1592 1497 1658 1540 regi
1669 1497 1746 1539 legi-

995 1555 1073 1588 time
1096 1553 1259 1587 intimatas
1279 1558 1309 1585 et
1328 1551 1514 1591 insinuatas
1535 1562 1572 1584 ac
1609 1551 1744 1594 deroga-

996 1609 1100 1642 tiones
1111 1608 1199 1651 ipsae
1211 1612 1299 1640 motu
1312 1604 1445 1650 proprio
1461 1609 1535 1638 etex
1547 1610 1633 1637 certa
1645 1605 1746 1637 scien-

997 1663 1041 1696 tia
1060 1662 1162 1695 saetae
1180 1661 1309 1700 suerint,
1329 1664 1546 1703 appareatque
1566 1658 1745 1691 Romanum

997 1716 1185 1749 Pontificem
1200 1714 1263 1747 illis
1276 1723 1423 1757 expresse
1431 1712 1584 1754 derogare
1597 1711 1744 1751 voluissc;

999 1775 1030 1803 et
1049 1770 1127 1803 alias
1147 1780 1205 1814 pro
1226 1773 1370 1811 tempore
1396 1766 1494 1799 factas
1523 1765 1748 1808 derogationes

1000 1823 1121 1857 nemini
1140 1821 1310 1865 suffragari
1325 1834 1333 1860 ς
1351 1821 1545 1863 easdemque
1564 1824 1748 1863 praesentes

1000 1878 1122 1910 litteras
1159 1876 1197 1909 de
1226 1874 1442 1918 subreptionis
1465 1873 1514 1906 vel
1551 1872 1749 1915 obreptionis

1001 1930 1075 1963 vitio
1095 1935 1150 1963 aut
1166 1927 1355 1962 intentionis
1372 1931 1498 1959 nostrae
1517 1926 1565 1958 vel
1584 1925 1647 1957 alio
1667 1935 1748 1968 (ῃιοψ

1003 1985 1087 2029 piam
1105 1984 1233 2018 defectu
1246 1981 1428 2026 impugnari
1440 1981 1486 2013 vel
1497 1979 1663 2013 invalidari
1680 1980 1750 2011 nul-

1004 2041 1128 2072 latenus
1144 2048 1254 2082 possa,
1275 2047 1334 2069 nec
1354 2036 1413 2069 sub
1433 2033 1595 2078 quibusvis
1620 2043 1749 2066 revoca-

1005 2092 1157 2132 tionibus,
1192 2089 1465 2134 suspensionibus,
1493 2086 1748 2127 limitationibus,

1006 2144 1302 2179 modificationibus
1321 2148 1375 2175 aut
1401 2141 1470 2174 aliis
1497 2139 1664 2173 contrariis
1690 2139 1752 2173 dis-

1006 2199 1234 2245 positionibus,
1247 2197 1341 2230 etiam
1362 2195 1546 2235 unionibus,
1568 2193 1753 2227 annexioni-

1006 2254 1066 2286 bus
1081 2258 1136 2286 aut
1154 2250 1436 2295 suppressionibus
1457 2255 1486 2282 et
1506 2247 1754 2281 extinctionibus

1007 2307 1158 2341 effectum
1184 2315 1249 2338 non
1283 2303 1420 2342 sortitis,
1454 2302 1588 2346 posthac
1610 2312 1669 2345 per
1696 2311 1754 2333 nos

1007 2361 1055 2394 vel
1093 2368 1294 2392 successores
1331 2361 1456 2389 nostros
1485 2356 1645 2388 Romanos
1674 2356 1755 2389 Pon-

1010 2414 1122 2454 tifices,
1145 2418 1207 2445 tam
1228 2412 1259 2444 in
1274 2411 1448 2445 crastinum
1461 2411 1689 2455 assumptionis
1701 2423 1755 2445 cu-

1011 2463 1140 2497 iuslibet
1159 2472 1270 2495 eorum
1293 2460 1331 2492 ad
1351 2460 1466 2492 sumini
1479 2460 1676 2503 apostolatus
1686 2460 1756 2504 api-

1012 2522 1093 2551 cem,
1108 2520 1202 2554 quarn
1215 2510 1292 2542 alias
1308 2508 1562 2551 quomodolibet,
1575 2509 1670 2542 etiam
1683 2520 1756 2542 cuin

1012 2559 1176 2604 quibusvis
1187 2558 1464 2601 derogatoriarum
1482 2558 1692 2601 derogatoriis
1702 2559 1759 2591 ali-

1013 2609 1102 2652 isque
1117 2607 1353 2641 efficacioribus
1373 2612 1402 2640 et
1426 2606 1572 2648 insolitis,
1591 2607 1756 2647 clausulis,

1016 2656 1278 2701 irritantibusque
1297 2661 1328 2689 et
1346 2656 1416 2690 aliis
1434 2656 1569 2690 decretis
1594 2666 1653 2702 pro
1679 2661 1760 2689 tern-

1628 246 1691 282 467
1738 248 1802 283 'An.
1821 255 1849 283 c.
1864 255 1933 283 158⁷„

1030 316 1045 359 g
1065 314 1096 349 5.
1118 314 1332 347 Decernentcs
1352 321 1572 357 quascumque
1593 310 1737 345 collatio·
1778 316 1897 342 Clau-ulae.
