2059 3228
370 250 412 282 ts
1005 261 1179 285 armanni
1205 261 1353 283 auxiliarii

370 312 385 353 g
407 312 436 342 tt.
471 311 623 355 Insuper.
659 312 780 345 iudices
807 318 837 345 et
865 312 1066 354 magistratus
1108 312 1139 344 in
1159 312 1272 344 virtute
1296 316 1422 344 sanctae
1447 310 1646 343 obedientiae
1665 321 1702 344 ac
1717 311 1776 344 suh
1803 321 1853 345 ex-

157 375 226 395 tun-ua
241 378 260 396 m
277 378 307 397 iu-
324 373 562 406 quoscumque,
587 374 791 408 quacumque
821 365 1008 398 auctoritato
1037 371 1066 397 et.
1107 363 1408 397 communicationis
1419 363 1707 407 maioris,aliisque
1719 364 1852 399 arbitrio

129 408 307 464 fsslfffgljuffuhgssn]
323 420 473 457 potestate
494 415 664 458 praeditos,
682 416 736 460 qui
752 417 872 460 aliquid
888 418 1063 449 secundum
1105 423 1213 449 nostro
1227 416 1431 449 moderandis
1445 417 1568 460 poenis,
1582 422 1741 460 quatenus
1758 428 1850 461 prae-

129 471 390 500 m¹0¹¹³iudiciis-ean]
417 469 517 510 legem
543 473 597 501 aut
625 470 890 503 consuetudinem
918 470 1062 503 (torreve-
1104 474 1206 502 sentes
1237 469 1357 501 litteras
1387 474 1417 501 et
1446 469 1477 502 in
1507 469 1552 502 eis
1577 475 1727 502 contenta
1756 481 1851 514 quae-

134 257 181 282 An.
201 258 225 282 Γ..
248 258 312 284 ¹573

128 507 175 523 riui.
192 505 212 521 et
227 503 246 522 in
271 503 307 521 :ut-

127 535 304 561 v.·.·au=.=‚qui=«»
322 521 380 553 rint
395 548 402 556 ,
426 520 609 563 privationis
626 521 822 555 iudicaturac
846 529 874 556 et
901 524 1062 565 magistra-

124 571 302 619 {¹5⁵,JJJ'¹‘⁰⁰*''”“‘
320 578 409 605 tuum
438 574 641 617 aliorumque
671 586 729 618 per
756 586 810 608 eos
843 577 1058 613 obtentorum;

317 637 442 658 necnon
471 627 640 660 advocatos
667 633 697 661 et
719 635 961 672 procui·atoreS‚
990 628 1056 672 qui,

317 679 374 710 suh
399 679 542 711 ciusdem
559 680 637 722 legis
646 687 701 714 aut
713 681 954 714 consuetudinis
969 692 1058 723 prac-

316 737 410 772 ivxta,
430 731 569 775 aliquem
585 734 632 766 vel
652 734 776 776 aliquos
792 734 979 777 patrocinati
992 734 1058 766 sue-

314 785 377 816 rint
395 791 450 817 aut
469 785 679 826 defenderint,
700 787 908 819 inhabilitatis
923 787 961 819 ad
977 787 1056 819 alios

312 838 579 879 patrocinandum
600 845 629 872 et
650 840 688 872 ad
705 840 843 872 honores
872 850 989 882 poenas
1018 850 1054 872 eo

311 889 380 932 ipso
398 890 576 924 incurrant.

354 943 369 985 ξ
395 942 423 975 7.
451 944 487 976 Et
513 945 724 977 nihilominus
752 945 926 988 praemissa
946 945 1052 977 onmia

310 1001 339 1028 et
361 996 502 1039 singula,
531 1004 625 1040 prout
650 1009 706 1041 per
726 998 841 1030 Iulium
866 1004 895 1030 et
914 999 1051 1030 Leonem

309 1048 1051 1094 etClementemarPiumpraedecessoresprae-

308 1101 408 1134 dictos
420 1108 534 1135 statuta
548 1109 577 1135 ct
593 1104 748 1143 ordinata,
766 1103 911 1143 inhibita,
923 1104 1050 1136 decreta

307 1159 338 1187 et
362 1156 508 1188 mandata
529 1158 674 1195 suerunt,
703 1156 733 1188 in
759 1156 908 1189 omnibus
932 1162 959 1189 et
993 1168 1050 1200 per

306 1208 434 1250 omnia,
472 1210 576 1251 quoad
616 1209 828 1242 bandositates
870 1210 1048 1253 praedictas

305 1267 508 1301 exercentes,
542 1262 739 1294 extendimus
770 1268 800 1295 et
832 1263 1044 1307 ainpliamus;

305 1324 342 1346 ac
357 1324 468 1347 omnes
484 1315 705 1348 concessiones
726 1316 906 1348 duellorum
921 1321 950 1349 et
962 1328 1048 1349 excr-

305 1367 371 1400 citii
390 1368 597 1401 bandositatis
610 1369 809 1409 huiusmodi,
831 1375 861 1402 et
880 1369 1046 1402 facultates

305 1420 443 1464 desuper
466 1422 636 1465 praedictis
656 1433 712 1455 seu
736 1423 806 1456 aliis
833 1423 1044 1466 quibuscum-

303 1485 365 1517 que
385 1475 538 1518 personis,
560 1486 616 1518 per
637 1486 860 1521 quoscumque
884 1477 1044 1511 Romanos

302 1527 470 1561 Pontifices
507 1528 768 1571 praedecessores
805 1529 949 1570 nostr'os,
985 1531 1043 1563 sub

301 1580 464 1623 quibusvis
482 1581 591 1614 formis
622 1587 652 1614 et
671 1582 842 1615 verborum
868 1584 1043 1626 expressio-

300 1633 411 1674 nibus,
438 1635 543 1668 forsan
574 1645 755 1676 concessas,
793 1637 984 1680 approbatas
1012 1643 1040 1670 et

299 1686 478 1727 innovatas,
513 1689 680 1731 legemque
714 1694 742 1722 et
777 1690 1039 1723 consuetudinem

298 1740 491 1782 praedictam
512 1741 626 1773 harum
644 1741 724 1774 serie
744 1752 946 1783 revocamus,
976 1755 1041 1776 cas-

297 1803 404 1826 samus
423 1799 454 1826 et
470 1795 676 1827 annullamus
693 1806 729 1828 ac
749 1796 981 1839 reprobamus,
1003 1808 1040 1830 ac

296 1857 519 1890 quaecumque
548 1848 748 1888 iuramenta,
777 1860 836 1892 per
865 1860 1039 1892 quascum-

295 1910 358 1942 que
404 1910 578 1944 personas,
608 1912 813 1946 quacumque
859 1903 1035 1946 dignitate,

296 1952 389 1985 etiam
407 1954 631 1996 marchionali,
657 1955 781 1995 ducali,
800 1956 886 1997 regia
905 1957 953 1989 vel
977 1957 1038 1989 alia

296 2005 459 2049 dignitate,
488 2007 662 2050 praeditas,
690 2020 726 2041 ac
750 2009 844 2041 etiam
871 2020 930 2052 per
948 2010 1037 2043 loco-

296 2067 366 2090 rum
407 2059 638 2101 gubernatores
670 2072 707 2093 ac
740 2060 877 2094 iustitiae
916 2063 1036 2105 praesi-

295 2110 402 2144 dentes
414 2138 421 2152 ,
447 2113 552 2145 forsan
569 2114 606 2146 de
622 2114 818 2147 observando
836 2121 1034 2158 praetensam

295 2163 397 2205 legem
413 2176 468 2197 seu
484 2168 748 2200 consuetudinem
758 2173 813 2200 aut
824 2169 929 2200 forum
941 2180 1037 2212 super

295 2217 476 2258 praemissis
507 2218 699 2263 disponens,
739 2231 793 2254 eos
834 2231 898 2253 non
928 2222 1033 2265 ligari,

295 2268 443 2312 ipsosque
455 2271 493 2303 ad
504 2272 632 2306 illorum
641 2273 895 2307 observationem
905 2275 1035 2308 minime

295 2321 394 2354 teucri
415 2323 623 2358 declaramus.

141 998 296 1028 Eiiensiopoe-

116 1036 195 1051 nisum·

118 1322 233 1349 nerogniio
241 1328 292 1344 con-

110 1355 230 1375 uariorum.

338 2374 352 2416 ξ
381 2374 411 2407 8.
449 2376 628 2411 Mandantes
656 2379 806 2412 omnibus
839 2386 869 2412 et
904 2381 1036 2423 singulis

139 2428 279 2463 Commiiiiiur
293 2424 527 2457 venerabilibus
540 2427 689 2459 fratribus
705 2428 821 2461 nostris
832 2429 1032 2472 patriarchis,

98 2461 165 2512 ἱζῇξζ
179 2462 280 2512 Εοζξζξζξζ
293 2471 580 2516 archiepiscopiset
598 2475 764 2519 episcopis,
783 2477 961 2521 ceterisque
982 2490 1034 2511 ec·

96 2523 277 2574 0ιζτιιιῑῑιυεῐειεῑωὶ·
293 2519 461 2552 clesiarum
483 2522 642 2564 praelatis,

292 2621 358 2647 ctae.
370 2616 528 2650 Romanae
545 2618 702 2652 Ecclesiae
715 2621 891 2654 cardinales
902 2623 1030 2663 suerint,

670 2536 874 2569 quacumque
894 2527 1034 2559 auctori-

293 2573 354 2599 tate
375 2574 405 2600 et
424 2568 574 2611 dignitate
595 2571 798 2613 fulgentibus,
822 2573 945 2606 etiarnsi
965 2585 1034 2607 san-

1103 533 1254 564 cumque,
1287 521 1319 554 in
1353 532 1465 555 eorum
1499 532 1624 555 necnon
1648 522 1848 566 singulorum

1103 575 1245 617 partibus
1262 579 1292 607 ct
1312 574 1382 607 aliis
1401 575 1556 616 ecclesiis,
1578 575 1633 608 ubi
1650 575 1681 608 id
1699 586 1847 610 necessa-

1102 627 1183 658 rium
1205 637 1272 659 esse
1288 627 1509 667 iudicaverint,
1530 629 1694 672 publicent
1713 640 1770 662 seu
1784 641 1846 674 pu·

1100 680 1210 712 blieari
1232 679 1348 713 faciant
1367 681 1556 714 auctoritate
1575 687 1694 715 nostra.

1141 736 1155 773 ,ξ
1183 734 1213 765 u.
1250 733 1320 766 Non
1356 734 1556 767 obstantibus
1592 735 1776 777 praemissis
1806 746 1845 768 ac

1097 786 1379 820 constitutionibus
1394 793 1425 821 et
1444 787 1699 821 ordinationibus
1714 795 1843 832 aposto-

1096 838 1177 878 licis,
1212 850 1338 873 necnon
1355 841 1504 874 omnibus
1523 841 1597 881 illis,
1623 852 1706 885 quae
1725 842 1842 885 singuli

1095 893 1358 935 praedecessores
1377 894 1478 927 nostri
1497 894 1652 938 praedicti
1670 895 1842 928 voluerunt

1095 944 1126 976 in
1147 944 1280 987 singulis
1298 946 1412 979 litteris
1431 947 1602 990 praedictis
1617 957 1681 980 non
1699 948 1837 988 obstare,

1093 999 1272 1042 ceterisque
1285 999 1454 1032 contrariis
1463 999 1734 1043 quibuscumque:
1744 1006 1800 1034 aut
1811 1001 1836 1034 si

1092 1051 1269 1094 aliquibus,
1306 1053 1596 1095 communitervel
1620 1054 1764 1095 divisim,
1796 1054 1836 1087 ab

1093 1106 1271 1148 Apostolica
1291 1106 1330 1139 sit
1349 1107 1428 1140 Sede
1448 1107 1607 1140 indultum
1630 1108 1716 1151 quod
1735 1100 1836 1142 inter-

1091 1159 1169 1199 dici,
1204 1160 1358 1204 suspendi
1386 1161 1434 1193 vel
1464 1153 1737 1194 excommunicari
1769 1172 1834 1194 non

1091 1212 1210 1255 possint
1241 1224 1299 1257 per
1331 1213 1452 1246 litteras
1476 1213 1666 1257 apostolicas
1694 1224 1758 1247 non
1787 1215 1834 1247 sa-

1089 1266 1208 1298 cientes
1226 1266 1354 1310 plenam
1373 1271 1404 1299 et
1423 1277 1603 1310 expressam
1623 1277 1660 1299 ac
1679 1267 1718 1300 de
1736 1268 1833 1300 verbo

1088 1319 1125 1351 ad
1151 1319 1285 1352 verbum
1311 1319 1350 1352 de
1376 1319 1500 1353 indulto
1527 1319 1713 1353 huiusmodi
1739 1318 1832 1353 menss

1088 1372 1218 1405 tionem.

1130 1425 1144 1467 ἓ
1164 1425 1478 1469 ⁴10.Ceterum,quia
1497 1426 1627 1459 difficile
1645 1428 1726 1460 toret
1738 1437 1831 1471 prae-

1085 1485 1190 1512 sentes
1209 1479 1330 1512 litteras
1353 1480 1393 1512 ad
1417 1479 1541 1521 singula
1569 1490 1716 1522 quaeque
1743 1481 1826 1522 loca,

1084 1532 1116 1565 in
1139 1526 1273 1576 quibus'
1282 1533 1440 1577 publicari
1460 1532 1588 1573 debent,
1616 1533 1745 1574 deferri,
1767 1534 1829 1568 ‘vo-

1084 1587 1191 1620 lumus
1214 1587 1301 1630 quod
1325 1587 1453 1619 illarum
1477 1586 1702 1630 transumptis,
1732 1587 1828 1621 etiam

1083 1639 1258 1683 impressis,
1280 1650 1377 1672 manu
1402 1639 1539 1672 alicuius
1563 1639 1680 1672 notarii
1706 1640 1828 1684 publici

1082 1692 1280 1736 subscriptis,
1302 1697 1333 1725 et
1347 1683 1450 1734 sigillo
1464 1691 1601 1725 alicuius
1619 1702 1774 1736 personae
1793 1693 1827 1727 in

1081 1746 1232 1789 dignitate
1247 1745 1461 1779 ecclesiastica
1476 1746 1666 1779 constitutae
1680 1746 1822 1788 munitis,

1081 1800 1191 1832 eadem
1226 1809 1359 1842 prorsus
1389 1798 1468 1831 fides
1495 1798 1704 1839 adhibeatur,
1742 1809 1826 1842 quae

1080 1848 1157 1891 ipsis
1177 1846 1386 1890 originalibus
1410 1846 1522 1880 litteris
1548 1846 1773 1893 adhiberetur,
1798 1847 1825 1891 si

1079 1897 1183 1930 forent
1198 1895 1355 1929 exhibitae
1368 1896 1416 1928 vel
1431 1901 1594 1935 ostensae3
1617 1906 1654 1928 ac
1670 1906 1710 1928 ne
1724 1896 1825 1939 aliqui

1079 1956 1116 1978 ex
1136 1945 1384 1989 praemissorum
1405 1941 1587 1988 ignorantia
1610 1955 1643 1977 se
1671 1955 1825 1979 excusare

1078 1994 1212 2037 possint,
1225 1994 1372 2027 volumus
1383 1993 1469 2036 quod
1485 2003 1595 2025 earum
1609 1998 1823 2036 transumpta.

1062 2043 1185 2083 etiam,
1198 2047 1233 2075 ut
1245 2042 1434 2086 praefertur,
1453 2041 1620 2084 impressa,
1642 2045 1673 2073 et
1691 2041 1825 2084 singulis

1077 2091 1307 2124 cathedralium
1327 2096 1358 2123 et
1376 2088 1697 2133 metropolitanarum
1722 2091 1827 2124 eccle-

1077 2141 1196 2173 siarum
1216 2149 1402 2183 regnorum,
1424 2138 1624 2182 principatus
1643 2143 1674 2171 et
1687 2139 1823 2172 comita-

1078 2195 1168 2222 tuum
1188 2188 1426 2233 praedictorum
1445 2187 1542 2220 valvis
1556 2187 1659 2227 affixa,
1682 2198 1772 2221 verae
1792 2193 1823 2221 et

1077 2237 1170 2270 realis
1189 2236 1415 2281 publicationis
1433 2235 1495 2268 vim
1524 2241 1554 2268 et
1581 2235 1731 2268 effectum
1751 2246 1822 2269 sor-

1077 2286 1207 2326 tiantur,
1233 2297 1270 2319 ac
1293 2296 1404 2319 omnes
1423 2290 1454 2317 et
1473 2285 1626 2326 singulos,
1646 2295 1729 2328 quos
1748 2285 1822 2319 illae

1077 2340 1287 2374 concernunt,
1303 2333 1434 2378 perinde
1450 2333 1601 2372 afficiant,
1613 2343 1650 2365 ac
1664 2332 1690 2366 si
1710 2333 1820 2376 singu-

1078 2384 1184 2416 lariter
1203 2389 1234 2417 et
1257 2382 1468 2427 personaliter
1496 2380 1632 2425 singulis
1657 2381 1820 2415 intimatae

1078 2431 1218 2464 tuissent.

1119 2480 1230 2513 Datum
1244 2480 1362 2512 Romae
1381 2478 1467 2524 apud
1482 2479 1514 2512 S.
1536 2478 1678 2518 Petrum,
1691 2477 1750 2511 sub
1765 2488 1819 2511 an·
1832 2471 1840 2478 ⁵

1076 2529 1151 2560 aulo
1167 2524 1346 2568 piscatoris,
1359 2528 1409 2560 die
1428 2537 1468 2560 xv
1483 2527 1558 2560 maii
1571 2536 1723 2567 nanxin,
1740 2537 1818 2570 pon-

1075 2577 1212 2610 tificatus
1232 2577 1330 2610 nostri
1347 2587 1431 2610 anno
1451 2586 1484 2610 11.

1120 2629 1181 2659 Dat.
1202 2630 1248 2659 die
1271 2630 1308 2659 15
1325 2629 1393 2659 maii
1414 2629 1502 2667 1573,
1521 2627 1625 2668 pontis.
1648 2636 1725 2658 anno
1742 2635 1773 2658 ii·
1796 2666 1798 2668 q

1868 258 1916 285 An.
1935 258 1965 285 C.
1981 223 2059 334 {5:15

2040 351 2059 400 l

1867 738 1976 766 herogatio
1986 745 2011 763 eo

1857 771 1977 793 turiurum.

1882 1430 1945 1452 rides
1966 1434 2027 1454 tran-

1842 1464 1972 1489 sumptorum
