2059 3228
180 262 227 289 An.
247 261 276 289 C.
303 261 369 289 1579
420 258 483 292 3020

201 782 288 802 Sanctio
302 788 354 807 poe-

173 810 239 829 nelis.

228 1545 292 1564 Fides
302 1546 361 1563 tran-

179 1574 315 1596 zumptorum
320 1585 325 1590 .

210 1939 334 1959 (animulae.

376 327 589 361 rumcumque
611 308 921 357 101101111110111313111,
947 327 1006 361 per
1024 327 1117 360 quae,

376 374 596 419 praesentibus
627 384 691 407 non
724 384 872 418 expressa
900 374 949 408 vel
981 374 1121 407 totaliter

376 443 440 465 11011
464 432 592 472 inserta,
615 432 748 465 effectus
774 432 992 475 praesentium
1022 431 1120 476 impe-

377 490 437 521 diri
458 490 559 522 valeat
583 489 824 532 quomodolibet
851 490 901 523 vel
928 489 1062 530 differri,
1091 477 1142 522 etl

377 549 416 580 de
440 547 558 590 quibus
581 557 786 591 quorumque
806 547 878 580 totis
898 547 1064 580 tenoribus
1083 547 1122 579 de

376 604 473 637 verbo
492 603 531 636 ad
551 605 685 637 verbum
704 604 852 637 habenda
874 604 914 637 sit
944 603 977 637 in
1005 604 1122 637 nostris

377 661 491 694 litteris
510 661 631 694 mentio
654 661 813 705 specialis.

421 721 436 763 ξ,
456 720 487 753 Ξ).
519 720 605 753 Nulli
629 726 704 763 ergo
733 719 865 753 omnino
888 719 1058 752 hominum
1082 719 1121 752 11-

377 784 447 811 ceat
469 778 552 811 hanc
576 778 726 822 paginam
745 783 874 811 nostrae
893 777 1119 818 damnationis,

377 836 695 880 circumscriptionis,
720 834 915 876 abolitionis,
940 834 1120 876 interdicti,

377 895 510 935 decreti,
522 894 677 934 mandati,
690 893 877 938 privationis
892 898 924 926 et
942 892 1123 926 innodatio—

378 953 429 987 nis
444 953 630 996 infringere‚
645 953 694 986 vel
709 952 739 986 ei
754 963 836 986 ausu
855 952 1029 986 temerario
1049 963 1125 986 con·

377 1011 486 1044 traire.
509 1011 540 1044 Si
558 1011 629 1055 quis
648 1017 757 1044 autem
775 1010 838 1043 hoc
857 1014 1014 1043 attentare
1033 1021 1124 1054 prae-

377 1069 562 1113 sumpserit,
601 1069 856 1112 indignationem
895 1068 1125 1112 omnipotentis

376 1126 432 1159 Dei
445 1133 476 1159 et
484 1127 654 1160 beatorum
664 1126 750 1160 Petri
762 1131 793 1159 et
800 1125 892 1159 Pauli
902 1126 1123 1170 apostolorum

379 1184 449 1217 eius
467 1195 499 1217 se
519 1184 642 1217 noverit
665 1184 887 1217 incursurum.
913 1183 1028 1216 Datum
1060 1183 1124 1217 Ro-

379 1252 451 1275 mae
470 1242 555 1285 apud
575 1242 607 1275 S.
629 1242 770 1283 Petrum,
792 1251 877 1275 anno
896 1240 1126 1275 incarnationis

380 1299 561 1333 dominicae
585 1300 758 1334 millesimo
786 1299 1046 1344 quingentesimo
1074 1310 1125 1333 se-

379 1357 540 1399 xagesimo
554 1358 700 1401 septimo,
716 1356 861 1390 kalendis
876 1357 1027 1399 octobris,
1043 1367 1126 1400 pon-

379 1413 519 1447 tificatus
538 1414 638 1448 nostri
658 1425 743 1448 anno
758 1414 913 1449 secundo.

426 1472 493 1515 56.
515 1473 662 1507 Ceterum
693 1473 842 1506 volumus
873 1478 909 1506 ut
939 1473 1124 1507 earumdem

382 1530 562 1563 litterarum
580 1530 685 1564 tenori
704 1530 757 1563 hic
772 1530 891 1564 inserto
907 1531 962 1564 illa
976 1530 1045 1574 ipsa
1059 1541 1127 1564 om-

381 1587 457 1620 nino
473 1587 552 1621 fides
566 1587 759 1621 adhiheatur
773 1588 970 1631 ubicumque
984 1592 1013 1622 et
1027 1599 1128 1632 quan-

382 1645 578 1688 documque,
600 1645 665 1679 sive
684 1646 717 1678 in
741 1645 861 1679 iudicio
885 1646 950 1679 sive
974 1645 1050 1678 alibi
1074 1645 1127 1679 ille

381 1702 479 1735 suerit
498 1702 657 1736 exhibitus
680 1704 728 1737 vel
753 1710 910 1744 ostensus,
936 1703 1020 1738 sicut
1041 1704 1127 1737 illius

381 1759 592 1803 originalibus
602 1760 716 1794 litteris
724 1761 896 1804 praedictis
905 1761 1126 1803 adhiberetur,

380 1818 408 1852 si
428 1818 516 1863 ipsae
543 1819 772 1853 exhiberentur
795 1819 844 1853 vel
868 1820 1125 1853 ostenderentur.

425 1876 512 1910 Nulli
548 1887 625 1920 ergo
666 1877 798 1910 omnino
835 1877 1005 1910 hominum
1033 1877 1129 1911 liceat

381 1935 467 1968 hanc
481 1934 632 1978 paginam
659 1941 787 1968 nostrae
815 1935 986 1968 voluntatis
1014 1935 1128 1968 infrin-

381 2003 470 2035 gere,
496 1993 545 2026 vel
573 1992 602 2026 ei
631 2003 713 2026 ausu
744 1992 915 2026 temerario
953 1993 1125 2026 contraire.

381 2050 415 2084 Si
435 2049 507 2093 quis
525 2055 634 2083 autem
653 2049 716 2083 hoc
734 2055 891 2083 attentare
906 2061 1130 2094 praesumpse-

381 2108 436 2148 rit,
467 2107 723 2150 indignationem
755 2107 982 2150 omnipotentis
1012 2107 1068 2140 Dei
1099 2113 1130 2140 et

381 2165 551 2199 beatorum
568 2164 653 2198 Petri
669 2170 701 2198 et
718 2164 810 2197 Pauli
824 2165 1044 2208 apostolorum
1061 2164 1129 2198 eius

382 2233 416 2256 se
436 2222 560 2256 noverit
578 2222 799 2255 incursurum.

426 2281 541 2313 Datum
571 2280 692 2313 Romae
716 2280 802 2324 apud
816 2280 968 2314 Sanctum
983 2280 1126 2320 Petrum,

384 2348 468 2371 anno
487 2338 719 2371 Incarnationis
747 2337 927 2371 dominicae
959 2338 1129 2370 millesimo

384 2395 640 2438 quingentesimo
656 2395 891 2440 septuagesimo
911 2405 1010 2436 nono,
1032 2406 1129 2438 quar-

384 2457 416 2485 to
436 2452 586 2487 kalendas
604 2454 775 2495 februarii,
800 2452 1006 2498 pontificatus
1029 2453 1130 2486 nostri

384 2519 470 2543 anno
488 2520 554 2545 vm.

435 2562 497 2596 Dat.
516 2565 564 2597 die
578 2566 616 2598 29
633 2565 695 2598 1311.
716 2566 804 2604 1579,
825 2569 906 2606 pont.
923 2574 1000 2598 anno
1014 2573 1078 2597 vm.

644 2640 858 2651 ..—--

965 263 1143 289 BULLARIUM
1167 262 1317 287 ROMANUM

1485 313 1572 348 cxli.

1162 389 1342 423 Declaraeio
1362 389 1572 432 quorumdam
1587 390 1785 420 statutorum
1795 389 1823 419 el
1836 385 1904 430 pri-

1204 443 1395 486 vileyiorum
1430 441 1570 474 militiae
1601 444 1631 474 et
1661 439 1836 482 Reliyionis
1866 438 1901 472 S.

1203 495 1341 529 Ioannis
1359 494 1659 537 Hierosolymitani,
1681 494 1767 526 circa
1781 491 1905 535 profes-

1203 550 1326 582 sionem
1353 548 1562 581 emittendam
1579 547 1788 590 habitumque
1805 546 1901 579 susci-

1201 602 1377 646 piendum;
1407 605 1436 635 et
1468 601 1671 643 confirmatio
1694 599 1906 644 eoeemptionis

1204 667 1225 689 a
1243 656 1399 689 solutione
1418 654 1616 688 decimarum
1634 658 1664 687 et
1683 654 1822 688 aliorum
1834 663 1908 686 0ηο-

1205 719 1279 742 rum
1297 718 1564 752 quorumcumque
1583 706 1610 739 ¹.

1161 781 1305 816 Gregorius
1315 781 1386 815 Papa
1396 779 1465 812 xm.
1478 779 1512 808 ad
1520 779 1680 815 perpetuam
1689 777 1730 807 rei
1738 777 1907 807 memoriam.

1204 842 1273 882 Quo
1293 841 1393 886 magis
1413 853 1450 875 ac
1469 841 1594 875 firmius
1613 839 1781 884 hospitalis
1799 839 1907 873 Sancti

1162 895 1288 928 Ioannis
1316 894 1595 939 Hierosolymitani
1619 893 1743 934 ordini,
1773 893 1908 927 Sanctae

1162 948 1234 981 Sedi
1254 949 1454 993 Apostolicae
1470 952 1501 981 et
1514 947 1607 981 nobis
1621 946 1857 991 acceptissimo,
1870 956 1908 979 ac

1163 1002 1202 1034 de
1227 1001 1402 1035 christiano
1420 1000 1551 1035 nomine
1571 1000 1712 1044 fideique
1731 999 1908 1033 catholicae

1164 1055 1346 1088 defensione
1365 1055 1486 1099 optime
1504 1054 1631 1095 merito,
1662 1053 1812 1097 illiusque
1838 1063 1907 1086 ma-

1163 1118 1225 1151 gno
1245 1108 1409 1151 magistro,
1425 1107 1686 1152 praeceptoribus
1699 1113 1729 1140 et
1745 1116 1910 1140 commen-

1163 1161 1294 1195 datariis
1312 1161 1467 1194 hactenus
1486 1171 1544 1204 per
1562 1160 1677 1194 Sedem
1692 1159 1908 1204 Apostolicam

1165 1225 1315 1248 concessa
1350 1214 1517 1259 privilegia
1535 1218 1790 1258 praeserventur,
1807 1223 1844 1246 eo
1860 1213 1908 1246 as-

1165 1269 1260 1309 sectu,
1280 1278 1345 1312 quo
1374 1267 1523 1301 eumdem
1543 1267 1695 1300 Ordinem
1720 1266 1909 1311 complecti-

1165 1332 1248 1363 mur,
1259 1332 1399 1366 aequum
1414 1327 1462 1355 est
1483 1320 1661 1365 providere.

1209 1375 1275 1419 gl.
1297 1375 1425 1408 Dudum
1445 1374 1604 1418 siquidem
1632 1373 1733 1407 felicis
1760 1372 1910 1407 recorda-
1956 1379 1983 1416 ’-

1165 1428 1261 1462 1101113
1282 1428 1357 1462 Pius
1380 1428 1465 1472 Papa
1488 1428 1535 1469 IV,
1550 1412 1994 1471 praedecessornoster,2i2‘'².ii
2030 1436 2031 1439 ¹

1166 1481 1255 1523 dum,
1276 1482 1382 1515 favore
1402 1481 1546 1514 eiusdem
1573 1479 1740 1525 hospitalis
1765 1483 1797 1513 et
1822 1479 1909 1514 Reli·
1920 1471 2014 1525 323,ss

1166 1534 1282 1579 gionis,
1307 1534 1471 1578 privilegia
1501 1533 1606 1567 eidem
1633 1538 1726 1567 antea
1757 1543 1911 1567 concessa
1921 1539 1973 1588 ἔξω
2013 1544 2018 1582 Ι·

1167 1587 1368 1621 confirmavit
1390 1593 1485 1630 atque
1517 1586 1705 1631 approbavit
1733 1586 1783 1620 vel
1814 1586 1910 1620 etiam
1920 1601 1968 1632 pem
1983 1570 2009 1618 ’ζ

1167 1641 1342 1685 ampliavit,
1364 1640 1619 1673 animadvertens
1641 1639 1714 1684 piae
1736 1627 1976 1681 11101110113οζἶῐῖ,1
1991 1631 2013 1649 ⁸⁸

1167 1695 1363 1728 Clementem
1381 1694 1500 1737 Papam
1518 1694 1581 1734 VII,
1603 1693 1698 1726 etiam
1725 1693 1912 1738 praedeces-

1167 1758 1273 1781 sorem
1291 1753 1450 1788 nostrum,
1473 1747 1619 1780 statuisse
1642 1746 1730 1790 quod
1743 1756 1855 1780 omnes
1881 1751 1914 1780 et

1168 1801 1286 1844 singuli
1305 1800 1530 1841 baiulivarum,
1550 1799 1765 1844 prioratuum,
1782 1810 1913 1843 praece-

1169 1854 1359 1898 ptoriarum,
1381 1854 1553 1887 domorum
1573 1858 1604 1887 et
1621 1852 1855 1886 beneficiorum
1878 1853 1912 1886 in

1169 1907 1232 1940 vim
1242 1907 1450 1940 collationum
1467 1906 1512 1939 eis
1527 1906 1685 1939 saetarum
1700 1915 1910 1949 possessores,

1169 1959 1348 1993 saeculares
1367 1964 1423 1992 aut
1440 1958 1572 1991 alterius
1590 1958 1717 1991 Ordinis
1735 1958 1911 2001 regulares,

1169 2023 1225 2046 seu
1253 2012 1424 2056 pensiones
1456 2021 1553 2055 super
1580 2010 1711 2044 illorum
1741 2010 1911 2051 fructibus,

1169 2065 1347 2099 redditibus
1366 2070 1397 2098 et
1415 2064 1621 2109 proventibus
1639 2063 1838 2105 huiusmodi,
1859 2074 1913 2097 03-

1168 2124 1262 2152 tenus
1272 2118 1367 2152 etiam
1373 2129 1432 2162 per
1440 2118 1555 2152 Sedem
1568 2117 1713 2151 eamdem
1724 2123 1912 2159 reservatas,

1168 2171 1394 2216 percipientes,
1415 2171 1486 2204 illas
1506 2176 1537 2204 et
1556 2171 1612 2204 illa
1626 2170 1710 2204 infra
1723 2181 1777 2204 sex
1786 2180 1915 2204 menses

1169 2236 1187 2257 a
1206 2225 1257 2258 die
1276 2224 1486 2257 intimationis
1505 2224 1666 2257 dictarum
1685 2224 1866 2258 litterarum
1880 2223 1915 2256 in

1170 2278 1318 2311 manibus
1338 2277 1480 2320 magistri
1499 2283 1530 2311 et
1550 2283 1723 2311 conventus
1736 2277 1915 2321 praedicto·

1169 2343 1253 2372 rum,
1276 2331 1363 2365 iuxta
1386 2332 1523 2365 formam
1550 2330 1843 2364 stabilimentorum
1869 2329 1917 2363 di-

1170 2390 1238 2418 ctae
1261 2384 1448 2428 Religionis,
1478 2384 1640 2417 dimittere
1668 2389 1700 2417 et
1726 2383 1912 2424 transferre,
1933 2381 1935 2384 ⁴

1169 2449 1225 2472 seu
1245 2439 1373 2472 illarum
1394 2437 1563 2472 cassationi
1578 2436 1758 2471 consentire
1768 2442 1916 2470 teneren-

1206 2512 1216 2538 1
1236 2509 1333 2542 Quoad
1348 2509 1468 2544 primam
1482 2512 1602 2544 partem,
1622 2507 1713 2536 videri
1728 2506 1869 2542 potestPii
1880 2506 1890 2533 l
1896 2507 1918 2533 V

1170 2554 1280 2582 constit.
1293 2561 1332 2587 111,
1345 2554 1552 2589 Circumspecta‚
1565 2556 1633 2580 tom.
1655 2559 1703 2586 vn,
1725 2559 1789 2586 pag.
1813 2551 1863 2584 313
1887 2553 1916 2578 et

1170 2599 1263 2633 quoad
1273 2598 1427 2626 secundam
1438 2601 1558 2633 partem,
1567 2596 1626 2625 vid.
1636 2596 1678 2624 Pii
1686 2596 1706 2623 V
1719 2598 1810 2624 coust.
1822 2599 1908 2623 cxviii

1170 2644 1205 2673 Et
1219 2643 1357 2678 sicuncta,
1378 2642 1530 2678 ibid.,pag.
1549 2641 1607 2669 7⁶26.
