2059 3228
71 0 166 46 'nur

82 45 113 61 '-—,

86 63 88 73 ι

62 229 114 266 n‘.
126 229 157 262 G.
173 231 239 263 15⁸6

254 281 294 318 tis
311 283 468 329 pistorum
496 284 680 318 huiusmodi
711 285 803 318 nobis
833 286 999 319 humiliter

252 336 312 371 suit
336 337 552 382 supplicatum
577 344 613 371 ut
641 338 754 371 litteris
774 338 998 382 praedecesso-

252 400 326 425 rum
345 390 531 424 huiusmodi
560 391 659 424 robur
683 397 811 425 nostrae
838 392 998 435 approba-

251 443 348 477 tionis
367 444 519 484 adiicere,
541 445 666 489 aliaque
689 444 719 477 in
740 445 922 488 praemissis
942 454 998 488 op-

209 539 212 543 ,
252 501 390 542 portune
415 497 582 542 providere
599 499 637 531 de
662 498 857 541 benignitate
873 503 998 542 aposto-

251 549 315 585 lica
330 550 549 594 dignaremur.

294 603 311 648 ξ
334 604 366 639 5.
392 605 454 638 Nos
465 604 572 647 igitur,
590 604 828 637 universitatem
841 604 996 647 pistorum

132 661 171 685 ⁸¹⁰
186 662 235 684 ¹³⁰⁰
249 656 436 692 huiusmodi
456 657 606 702 illiusque
625 657 802 700 singulares
829 667 994 701 personas,

59 694 237 749 rugii-‘iiim
250 721 389 755 quarum
414 711 556 754 quietem
577 716 607 743 et
627 710 834 743 commodum
855 720 919 742 non
937 709 996 741 mi-

59 755 236 818 :fflr‘uif'iiffi
250 763 334 804 nori,
368 774 466 808 quam
494 764 757 808 praedecessores
782 763 882 796 nostri
908 773 997 807 prae-

59 818 181 846 fflfflss
249 815 328 850 dicti
358 821 511 860 paternae
537 816 720 849 dilectionis
743 816 859 849 affectu
884 826 996 860 prose-

249 869 392 915 quimur,
417 881 435 903 a
454 869 619 914 quibusu's
639 869 994 907 excommunicationis,

249 924 467 968 suspensionis
487 928 518 956 et
542 923 703 956 interdicti
731 923 865 966 aliisque
895 923 997 956 eccle-

249 976 384 1010 siasticis
403 976 548 1010 censuris
572 981 603 1010 et
622 976 734 1020 poenis
758 987 776 1009 a
796 976 866 1009 iore
889 977 937 1009 vel
957 976 996 1008 ab

248 1029 391 1071 homine,
413 1030 524 1074 quavis
543 1030 711 1063 occasione
730 1030 778 1063 vel
799 1040 895 1063 eausa
910 1030 994 1069 latis,

248 1085 275 1118 si
293 1084 411 1129 quibus
431 1084 675 1128 quomodolibet
695 1083 838 1116 innodati
849 1082 994 1123 existant,

232 1137 289 1171 ‘ad
318 1137 470 1171 effectum
499 1137 716 1181 praesentium
737 1138 902 1170 dumtaxat
921 1147 996 1169 con-

251 1191 465 1235 sequendum,
486 1191 602 1224 harum
623 1191 715 1231 serie,
746 1190 945 1223 absolventes
965 1195 995 1223 et

248 1244 412 1278 absolutos
431 1244 499 1278 sore
519 1251 696 1284 censentes,
716 1254 841 1277 necnon
856 1243 997 1287 singula-

249 1308 322 1331 rum
341 1298 523 1332 litterarum
542 1297 781 1342 praedictarum
803 1302 929 1330 tenores
946 1308 997 1330 ve-

248 1351 350 1385 riores
373 1351 597 1396 praesentibus
617 1361 676 1395 pro
696 1350 852 1395 expressis
875 1349 997 1383 haben-

250 1410 308 1446 tes,
329 1405 517 1438 huiusmodi
531 1404 821 1449 supplicationibus
836 1403 993 1443 inclinati,

249 1463 367 1492 statuta
386 1463 414 1491 et
438 1458 656 1492 ordinationes
676 1457 778 1490 dictae
806 1457 996 1490 universita-

249 1511 301 1552 tis,
327 1522 364 1545 ac
387 1511 529 1555 singulas
548 1511 642 1544 etiam
668 1510 925 1554 reintegrationis
944 1510 995 1542 iu-

250 1563 476 1598 risdictionum
492 1565 614 1598 litteras
633 1564 917 1607 praedecessorum
938 1564 996 1596 hu-

249 1617 388 1651 iusmodi
407 1628 444 1650 ac
465 1617 497 1649 in
522 1617 566 1650 eis
591 1622 739 1650 contenta
759 1627 995 1659 quaecumque,

248 1664 412 1715 praedicta
453 1670 658 1711 auctoritate,
697 1675 808 1703 tenore
844 1680 994 1713 praesen—

249 1724 343 1765 tium,
362 1729 521 1768 perpetuo
541 1723 757 1768 approbamus
782 1728 813 1756 et
825 1722 996 1756 confirma-

249 1787 333 1810 mus.

292 1831 307 1874 5
332 1830 363 1864 6.
389 1831 434 1865 Ac
454 1831 588 1875 insuper
618 1831 738 1865 eisdem
767 1841 854 1863 nunc
883 1835 914 1863 et
937 1841 995 1874 pro

62 1891 237 1928 hrisdietion'em·
248 1887 394 1929 tempore
414 1884 599 1929 pistoribus,
620 1890 655 1917 ut
674 1884 800 1917 facilius
825 1889 855 1917 et
878 1884 995 1916 minori

57 1923 237 1982 ἴῖ-,αῗιῖῗῖἓιζζξζ
251 1948 325 1971 cum
346 1938 515 1982 dispendio
536 1939 604 1971 iura
625 1949 681 1971 sua
695 1937 849 1981 consequi
861 1938 995 1982 possint,

59 1985 237 2042 3222?ssssss
251 1990 283 2023 in
303 1991 452 2024 omnibus
473 1996 504 2024 et
522 1991 656 2034 singulis
677 2001 789 2024 eorum
819 1990 935 2031 causis,
956 1991 995 2023 li-

59 2045 164 2075 ι’·εῐθῡῑο
174 2052 238 2068 ⁸⁰⁰⁰·
251 2044 348 2085 tibus,
371 2045 595 2078 controversiis
615 2050 643 2077 et
668 2043 868 2084 differentiis,
900 2044 997 2077 ratio-

59 2081 239 2136 ssssgi'inc‘iiiiss
250 2107 291 2131 ne
312 2097 402 2141 panis
421 2106 480 2141 per
498 2108 553 2131 eos
573 2098 684 2131 crediti
710 2103 739 2130 et
764 2108 871 2129 rerum
888 2097 928 2130 ad
948 2108 998 2130 ar-

58 2139 121 2164 ’.Μ
251 2156 315 2184 tem
335 2151 521 2184 huiusmodi
533 2151 747 2195 spectantium
764 2151 802 2183 de
813 2157 918 2184 cetero
930 2162 997 2185 mo-

251 2203 373 2244 vendis,
401 2204 562 2245 videlicet,
592 2216 674 2248 quae
705 2204 834 2247 triginta
865 2204 998 2238 ducatos

252 2257 321 2290 auri
343 2257 382 2290 de
402 2257 534 2291 Camera
554 2268 617 2290 non
648 2257 852 2297 excesserint,
884 2268 999 2291 consu-

252 2311 298 2344 les
323 2321 381 2354 pro
402 2316 547 2354 tempore
581 2311 751 2344 existentes
775 2311 879 2344 dietae
907 2311 996 2352 artis,

254 2369 366 2396 contra
385 2374 608 2406 quoscumque
627 2363 770 2396 eiusdem
792 2363 886 2396 Urbis
906 2364 998 2404 cives,

254 2412 398 2455 opitices,
418 2412 614 2445 habitatores
633 2423 670 2445 ac
685 2412 763 2444 alias
778 2423 999 2456 quascumque

254 2471 406 2504 personas
427 2461 624 2497 saeculares2
647 2461 679 2492 in
701 2460 771 2492 aliis
796 2471 869 2492 xero
898 2471 1000 2505 usque

255 2511 293 2543 ad
326 2520 565 2553 quamcumque
598 2502 998 2552 summam,’praesectum

256 2568 314 2602 pro
332 2564 475 2601 tempore
494 2558 678 2591 existentem
691 2568 849 2597 annonae,
868 2558 999 2597 iudices

256 2613 368 2641 contra
394 2617 616 2651 quoscumque
636 2607 667 2640 S.
691 2607 726 2640 R.
750 2606 782 2639 E.
807 2607 997 2648 cardinales,

911 233 1013 257 8thth
1033 233 1050 256 V
1070 233 1116 256 Pr.

1039 285 1218 329 episcopos,
1247 287 1415 329 praelatos,
1449 291 1602 327 oratores,
1630 295 1782 330 proceres

1039 343 1070 371 et
1089 338 1168 371 alios
1188 340 1401 373 ecclesiastica
1422 341 1467 374 vel
1489 339 1656 385 temporali
1676 338 1782 384 digni-

1038 395 1101 423 tate
1121 391 1300 433 fungentes,
1333 393 1436 426 dictae
1467 393 1560 426 Urbis
1589 392 1783 437 originarios

1037 444 1085 477 vel
1103 449 1238 484 exteros,
1262 446 1448 480 :uictoritate
1469 452 1499 479 et
1519 453 1629 480 tenore
1653 445 1782 491 praedi-

1038 496 1105 537 ctis,
1121 503 1278 541 perpetuo
1290 498 1513 533 constituimus
1524 506 1556 532 et
1570 500 1780 544 deputamus;

1039 549 1223 591 eisdemque
1245 562 1329 584 nunc
1351 557 1380 585 et
1405 563 1462 596 pro
1484 558 1627 597 tempore
1646 553 1784 587 existen-

1038 602 1120 635 tibus
1131 603 1304 646 pistoribus
1317 606 1514 643 facultatem,
1524 617 1646 647 omnes,
1656 607 1709 650 qui
1723 607 1780 648 eis,

1037 655 1206 689 occasione
1226 658 1338 690 crediti
1360 658 1450 702 panis
1467 670 1503 692 ac
1521 660 1655 692 aliarum
1675 671 1782 693 rerum

1036 713 1137 741 artem
1158 708 1259 752 ipsam
1298 713 1580 751 cont-ementitum
1608 713 1781 755 debitores,

1038 762 1169 802 suerint,
1186 773 1244 807 pro
1263 765 1487 808 consequenda
1505 766 1728 807 satisfactione,
1743 767 1783 800 ad

1037 815 1194 848 iudicium
1229 828 1335 850 coram
1363 819 1549 851 consulibus
1575 825 1605 852 ct
1636 830 1784 854 annonae

1036 869 1200 911 praefecto
1221 869 1380 904 iudicibus
1405 872 1589 905 huiusmodi
1611 873 1780 914 evocandi;

1037 921 1130 955 dictis
1154 934 1228 956 vero
1249 925 1436 957 consulibus
1465 931 1494 958 ct
1523 937 1670 960 annonae
1689 937 1783 970 prae-

1036 976 1119 1009 secto
1139 987 1198 1021 pro
1228 982 1373 1021 tempore
1399 979 1620 1019 existentibus,
1642 979 1781 1023 singulas

1037 1040 1148 1063 causas
1168 1031 1354 1064 huiusmodi
1382 1033 1568 1074 summarie,
1597 1032 1786 1077 simpliciter

1037 1089 1066 1115 et
1086 1083 1124 1116 de
1145 1084 1252 1127 plano,
1276 1096 1311 1117 ac
1333 1085 1399 1117 sine
1420 1086 1553 1129 strepitu
1575 1092 1605 1119 et
1619 1086 1721 1129 figura
1735 1086 1784 1119 iu-

1037 1136 1123 1176 dicii,
1144 1147 1307 1181 manuque
1328 1139 1428 1181 regia,
1451 1150 1487 1172 ac
1507 1140 1573 1172 sola
1599 1140 1674 1173 sacti
1702 1139 1785 1174 veri-

1039 1195 1099 1223 tate
1120 1190 1275 1234 inspecta,
1297 1197 1327 1224 et
1348 1198 1444 1235 prout
1464 1192 1496 1225 in
1507 1192 1672 1227 exactione
1687 1204 1786 1237 pecu-

1036 1243 1163 1276 niarum
1193 1244 1286 1287 pretii
1328 1245 1419 1287 grani
1459 1245 1579 1279 eisdem
1612 1246 1787 1290 pistoribus

1036 1296 1076 1329 ab
1096 1296 1290 1330 officialibus
1309 1298 1452 1331 eiusdem
1476 1298 1630 1332 Gamerae
1649 1300 1786 1343 Aposto-

1036 1349 1116 1382 licae
1145 1360 1204 1393 pro
1234 1355 1379 1394 tempore
1405 1352 1487 1391 dati,
1517 1357 1629 1386 contra
1657 1354 1784 1386 eosdem

1035 1403 1171 1446 pistores
1195 1404 1326 1447 procedi
1351 1405 1442 1445 solet,
1470 1405 1637 1447 audiendi,
1668 1417 1786 1450 cogno-

1035 1456 1158 1496 scendi,
1181 1456 1349 1490 decidendi
1380 1459 1509 1502 fineque
1539 1459 1649 1492 debito
1677 1459 1787 1493 termi-

1036 1509 1145 1548 nandi,
1174 1519 1301 1542 necnon
1331 1510 1447 1544 citandi
1468 1516 1499 1544 et
1523 1512 1556 1544 in
1576 1512 1680 1545 forma
1700 1512 1785 1545 inhi-

1035 1561 1144 1601 bendi,
1157 1572 1230 1594 cum
1242 1562 1394 1596 omnibus
1413 1563 1486 1596 aliis
1504 1564 1709 1598 facultatibus
1728 1576 1785 1598 ne-

1036 1615 1181 1648 cessariis
1202 1620 1232 1648 et
1251 1617 1453 1660 opportunis,
1476 1618 1669 1652 auctoritate
1693 1624 1725 1651 et
1738 1625 1784 1652 te-

1035 1679 1115 1701 nore
1139 1668 1312 1710 similibus,
1345 1669 1442 1702 etiam
1470 1676 1648 1714 perpetuo,
1674 1671 1786 1704 tribui-

1035 1733 1119 1755 mus.

1079 1775 1094 1819 ἓ
1119 1775 1150 1809 7.
1178 1775 1335 1820 Quodque
1359 1777 1464 1810 debita
1485 1788 1558 1811 cum
1584 1778 1661 1822 ipsis
1684 1780 1779 1823 pisto-

1035 1829 1137 1870 ribus,
1157 1830 1280 1863 ratione
1300 1831 1391 1874 panis
1405 1832 1519 1864 crediti
1536 1838 1565 1865 et
1582 1832 1719 1865 aliarum
1733 1844 1784 1866 re-

1035 1893 1108 1915 rum
1136 1882 1336 1924 huiusmodi,
1365 1890 1538 1925 contracta,
1564 1886 1603 1918 ad
1623 1886 1784 1919 bonorum

1036 1941 1067 1969 et
1092 1937 1327 1970 haereditatum
1348 1939 1533 1981 quarumvis
1554 1949 1782 1983 personarum,

1036 1989 1133 2022 etiam
1143 1989 1378 2034 cuiuscumque
1398 1991 1572 2034 dignitatis,
1590 1998 1699 2030 status,
1715 2004 1785 2035 gra-

1037 2043 1097 2076 dus
1130 2048 1161 2075 et
1195 2043 1388 2077 conditionis
1422 2044 1637 2086 existentium,
1676 2057 1783 2079 eoram

1036 2095 1202 2139 quibusvis
1222 2097 1384 2130 iudicibus
1405 2097 1509 2130 dictae
1525 2098 1629 2139 Urbis,
1651 2105 1715 2132 tam
1733 2111 1785 2133 or-

1038 2149 1171 2182 dinariis
1189 2160 1286 2193 quam
1318 2150 1471 2193 delegatis
1499 2157 1530 2183 et
1558 2152 1784 2196 subdelegatis‚

1038 2213 1096 2246 pro
1118 2208 1264 2246 tempore
1284 2203 1446 2236 faciendas
1466 2204 1682 2238 discussiones
1697 2208 1787 2240 nullo

1038 2262 1132 2300 pacto
1151 2256 1233 2289 trahi
1253 2256 1388 2300 possint.
1410 2256 1595 2296 Quinimmo
1611 2258 1670 2302 ipsi
1692 2259 1789 2303 pisto-

1039 2320 1102 2349 res,
1128 2320 1187 2353 pro
1208 2310 1435 2353 consequenda
1467 2310 1647 2344 debitorum
1675 2313 1787 2345 liuius-

1041 2362 1126 2394 modi
1144 2362 1369 2403 satisfactione,
1392 2363 1424 2396 in
1444 2364 1596 2397 omnibus
1616 2376 1727 2398 eorum
1751 2367 1787 2398 li-

1041 2411 1126 2444 tibus
1145 2416 1175 2444 et
1195 2412 1312 2452 causis,
1334 2411 1428 2444 etiam
1449 2412 1474 2445 si
1494 2413 1619 2457 priores
1635 2419 1666 2446 et
1686 2415 1788 2457 potio-

1042 2471 1092 2493 res
1112 2460 1288 2494 creditores
1308 2471 1371 2494 non
1387 2461 1460 2501 sint,
1484 2463 1624 2505 primum
1641 2469 1671 2496 et
1684 2464 1788 2507 potio-

1041 2519 1108 2541 rem
1128 2509 1248 2550 locum,
1264 2509 1516 2552 obligationibus
1535 2511 1629 2544 etiam
1645 2512 1676 2544 in
1686 2513 1785 2545 forma

1042 2557 1192 2591 Gamerae
1221 2559 1443 2602 Apostolicae‚
1483 2559 1578 2593 etlam
1608 2560 1787 2593 iuramento

1041 2606 1176 2650 vallatis,
1198 2618 1235 2642 ac
1254 2607 1430 2653 privilegiis
1455 2609 1636 2653 ceterisque
1655 2609 1687 2642 in
1707 2621 1785 2643 con-

1673 222 1737 258 725
1795 233 1847 262 An.
1865 232 1976 261 (21586

1826 1787 1929 1809 pistorum
1938 1794 1984 1809 ere-

1799 1820 1840 1839 dita
1869 1825 1983 1840 «teramnae

1799 1857 1858 1877 pam-
1875 1852 1894 1871 in
1905 1852 1985 1872 discus-

1799 1883 1893 1902 sionibus
1941 1888 1982 1903 nou

1800 1914 1874 1934 venire
1898 1915 1934 1934 sert
1946 1919 1984 1934 co-

1800 1947 1852 1965 leris
1894 1947 1985 1966 credito-

1800 1976 1864 1999 ribus„
1874 1976 1935 1996 etiam
1949 1977 1985 1996 ha-

1801 2007 1899 2026 bentibus
1930 2015 1940 2026 ιι
1959 2009 1983 2027 li-

1800 2040 1895 2062 gationes
1917 2045 1985 2059 rame-

1801 2071 1856 2090 rali·s
1865 2074 1964 2092 antei-uun
1975 2077 1984 2090 ε

1802 2108 1853 2124 esse
1869 2104 1975 2127 dec-:enm
