2059 3228
68 215 98 243 C.
115 216 179 244 ¹5⁷5

43 547 66 563 ,ιι
77 541 178 562 eon-ittu-

45 582 63 600 ιι
75 577 175 599 uena-e.

26 1975 176 2001 unguineun-

25 2011 112 2027 tuunnis
153 2005 176 2026 S.

21 2038 27 2057 i
41 2036 58 2057 V
81 2041 103 2058 et
117 2037 178 2058 iesti-

29 2069 49 2090 io
68 2070 120 2090 iuris
140 2075 179 2096 pa-

23 2100 55 2122 di.
71 2101 179 2122 ecelesiae

44 2131 125 2154 nicolai
153 2132 179 2154 de

25 2162 120 2184 actenus.

804 208 980 235 cancor-ms
1004 209 1058 233 xttt
1083 210 1130 233 ΓΡ.

1616 200 1679 234 ’117

193 265 304 311 quovis
322 264 467 310 quaesito
480 264 589 299 colore
605 263 816 308 impedientes
825 267 855 295 et
866 272 936 295 mo·
979 272 1087 293 rarum
1101 260 1338 304 pratulietarum
1359 267 1486 295 tenores
1503 261 1725 305 praesentibus

193 319 355 359 lestantes,
377 329 414 350 ac
433 318 570 351 irritanti
582 318 717 361 aliisque
729 315 862 349 diversis
880 315 936 348 de-

193 371 288 405 cretis
307 371 446 415 desuper
466 371 611 412 adiectis,
626 375 723 415 prout
740 370 772 402 in
790 368 867 412 ipsis
883 367 935 400 lit-

193 424 269 459 teris
288 424 414 468 plenius
433 424 628 458 continetur.

235 475 291 521 §2
302 476 381 510 Cum
397 483 515 517 autem,
526 476 756 511 sicutexliibita
771 484 863 511 nobis
876 488 935 511 nu-

191 540 250 574 per
265 540 324 574 pro
337 536 427 574 parte
443 531 601 564 dictorum
617 531 693 563 olim
703 531 931 575 parocliianor.

191 582 335 617 eiusdem
356 584 509 617 ecelesiae
530 584 560 617 S.
587 583 708 617 Nicolai
729 583 840 627 petitio
860 596 935 617 con-

190 635 324 677 tinebat,
347 637 489 680 praefata
508 635 643 670 ecclesia
663 635 694 668 S.
721 636 883 669 Laurentii
904 637 935 669 in

189 688 311 724 Lucina
334 689 414 723 adeo
440 700 516 723 suae
540 689 724 733 paroc-hiae,
746 691 933 733 praesertim

189 747 261 786 post
280 743 520 776 translationem
533 742 731 782 huiusmodi,
747 742 864 775 limites
882 755 934 776 ex-

189 795 340 835 tenderit,
362 806 399 828 ac
429 801 475 829 tot
493 794 766 840 parochianorum
787 807 864 829 cura
889 797 934 829 illi

189 847 356 882 immineat
381 848 575 888 animarum,
596 854 630 882 ut
648 849 734 882 illius
752 849 934 894 archipres-

188 900 280 945 byter
298 907 329 935 et
353 901 488 934 ministri
515 912 610 935 curae
631 902 818 936 huiusmodi
844 914 934 936 exer-

189 953 264 988 citio
284 964 332 995 ea,
346 965 410 998 qua
421 955 538 987 vellent
557 965 594 987 ac
608 955 747 996 deceret,
770 956 934 998 diligentia

188 1006 377 1040 incumbere
405 1017 468 1039 non
502 1007 639 1047 valeant,
662 1008 687 1040 si
712 1008 780 1052 ipsa
799 1009 935 1042 ecclesia

187 1059 220 1093 S.
247 1059 381 1101 Nicolai‚
407 1065 504 1104 prout
520 1066 593 1093 ante
612 1061 855 1095 translationem
876 1063 936 1095 hu-

187 1112 327 1146 iusmodi
367 1113 517 1153 habebat,
564 1114 735 1157 proprium
783 1115 935 1159 deinceps

186 1165 321 1208 haberet
336 1172 516 1207 rectorem,
536 1166 591 1210 qui
604 1168 762 1210 populum
779 1179 856 1201 suae
877 1180 934 1201 cu-

187 1229 242 1252 rae
259 1219 467 1253 commissum
488 1220 662 1263 diligenter
680 1222 869 1262 custodiret,
897 1233 934 1255 ex

186 1271 250 1306 hoc
272 1273 417 1316 profecto
433 1284 512 1306 cura
526 1273 712 1307 huiusmodi
734 1276 935 1308 commodius

186 1330 219 1367 et
227 1325 416 1368 diligentius
434 1331 652 1367 exerceretur,
664 1337 791 1360 necnon
807 1328 869 1360 alia
880 1339 935 1371 pa-

186 1378 345 1412 rochialia
368 1383 433 1411 tam
451 1379 557 1413 Sancti
575 1379 738 1412 Laurentii
764 1380 796 1413 in
816 1381 935 1414 Lucina

186 1442 284 1476 quam
304 1432 336 1465 S.
358 1431 479 1465 Nicolai
506 1432 650 1466 ecclesiis
678 1433 864 1466 huiusmodi
885 1434 935 1466 in-

186 1484 373 1518 cumbentia
391 1495 490 1518 onera
504 1486 630 1519 facilius
649 1492 932 1529 supportarentur.

185 1537 291 1577 Quare
301 1548 360 1582 pro
371 1544 462 1582 parte
474 1539 663 1572 eorumdem
676 1539 753 1572 olim
767 1540 936 1583 parochia-

187 1600 304 1623 norum
325 1591 428 1624 dictae
459 1592 612 1625 ecclesiae
634 1592 664 1625 S.
692 1592 813 1625 Nicolai
845 1593 937 1625 nobis

187 1638 247 1677 suit
256 1644 423 1678 humiliter
435 1645 653 1689 supplicatum
671 1652 831 1689 quatenus
852 1646 937 1690 ipsos

187 1696 293 1730 eidem
318 1698 473 1731 ecclesiae
502 1698 609 1731 Sancti
642 1699 764 1731 Nicolai
785 1699 938 1732 adversus

187 1749 310 1783 litteras
334 1751 515 1794 praedictas
538 1752 720 1791 restituere,
749 1763 786 1785 ac
806 1753 884 1785 alias
905 1752 937 1784 in

187 1803 374 1846 praemissis
393 1809 576 1847 opportune
596 1805 766 1848 providere
787 1805 825 1839 de
845 1805 936 1839 beni-

188 1849 309 1898 gnitate
329 1858 505 1901 apostolica
525 1858 745 1901 dignaremur.

235 1909 303 1952 §3.
333 1910 395 1943 Nos
420 1910 537 1953 igitur,
561 1911 616 1954 qui
643 1911 729 1944 circa
756 1915 939 1945 animarum

191 1972 302 1995 curam
320 1973 474 2006 prospere
494 1969 526 1996 et
544 1964 707 1997 fructuose
727 1965 939 1997 exercendam

193 2025 232 2048 eo
250 2015 427 2060 impensius
446 2016 542 2050 officii
559 2016 658 2050 nostri
672 2023 778 2060 partes
797 2018 940 2062 interpo-

194 2067 314 2109 nimus,
333 2075 454 2112 quanto
474 2070 528 2103 illa
545 2075 667 2103 ceteras
687 2081 799 2103 omnes
810 2077 941 2115 superat

195 2125 227 2154 et
238 2122 374 2162 excellit,
387 2123 516 2156 eosdem
528 2123 605 2156 olim
616 2123 829 2167 parochianos
840 2124 941 2157 dictae

196 2173 350 2207 ecclesiae
361 2175 467 2208 Sancti
482 2175 602 2208 Nicolai
621 2182 651 2209 et
673 2187 785 2208 eorum
799 2177 943 2219 singulos

196 2237 215 2259 a
239 2226 404 2269 quibusvis
428 2229 786 2270 excommunicationis,
807 2241 942 2273 suspen-

197 2279 297 2313 sionis
321 2286 352 2312 et
378 2279 540 2314 interdicti
567 2281 701 2325 aliisque
722 2282 944 2315 ecclesiasticis

195 2331 375 2372 sententiis,
402 2334 545 2365 censuris
572 2339 603 2366 et
622 2335 746 2377 poenis,
769 2345 786 2367 a
807 2335 876 2368 iure
896 2336 944 2368 vel

197 2385 238 2418 ab
264 2385 416 2425 homine,
443 2387 554 2428 quavis
579 2387 747 2420 oecasIOne
765 2388 812 2420 vel
834 2399 942 2427 causa,

197 2434 282 2474 latis,
304 2433 328 2466 si
345 2433 464 2476 quibus
476 2434 717 2476 quomodolibet
728 2436 869 2468 innodati
882 2437 945 2469 exi-

198 2488 297 2522 stunt,
320 2482 360 2514 ad
381 2481 530 2514 effectum
545 2483 760 2524 praesentium
781 2484 943 2517 dumtaxat

201 2530 484 2574 consequendum,
506 2530 621 2563 harum
642 2531 723 2564 serie
747 2531 946 2566 absolventes

199 2584 232 2613 et
247 2579 411 2614 absolutos
431 2579 499 2613 sore
520 2584 695 2620 censentes,
717 2590 841 2613 necnon
861 2581 944 2615 litte-

978 326 1036 360 pro
1052 314 1209 358 expressis
1220 314 1385 354 habentes,
1398 314 1586 348 huiusmodi
1602 315 1726 358 suppli-

978 368 1158 402 cationibus
1186 367 1347 405 inclinati,
1368 367 1603 402 abdicationem
1629 379 1725 402 curae

978 421 1249 466 parochianorum
1268 428 1298 452 et
1324 421 1563 454 translationem
1584 422 1725 455 universi

977 475 1056 507 iuris
1077 479 1107 507 et
1131 473 1272 507 exercitii
1293 474 1487 517 parochialis
1515 486 1551 508 ac
1570 486 1723 519 suppres-

977 528 1100 562 sionem
1121 527 1413 569 extinctionemque
1434 528 1574 561 nominis
1592 528 1725 562 rectoris

976 592 1013 614 ac
1025 580 1297 614 denominationis
1317 585 1347 612 et
1366 580 1498 613 effectus
1517 583 1721 624 parochialis,

977 646 1035 668 nec
1050 645 1125 675 non,
1148 634 1255 678 quoad
1278 634 1340 667 hoc
1361 640 1498 673 tantum,
1521 636 1642 668 litteras
1662 636 1724 669 bu-

976 687 1138 727 iusmodi,
1168 688 1345 731 apostolica
1373 689 1583 729 auctoritate,
1612 696 1724 724 tenore

976 742 1206 785 praesentium,
1229 752 1429 779 revocamus,
1455 752 1628 784 cassamus,
1651 744 1723 777 irri-

976 800 1083 827 tamus
1109 800 1139 827 et
1160 795 1366 828 annullamus
1386 795 1570 838 viribusque
1591 798 1723 829 omnino

977 858 1179 887 evacuamus,
1202 859 1239 880 ac
1254 858 1313 891 pro
1334 847 1430 880 nullis
1450 854 1478 880 et
1506 847 1629 882 insertis
1647 850 1724 882 viri—

975 900 1101 944 busque
1130 901 1238 933 racuis
1264 901 1375 933 haberi
1400 906 1431 934 et
1451 901 1592 941 censeri;
1619 908 1725 935 cetera

975 964 1050 986 vcro
1076 953 1108 986 in
1135 965 1193 987 suo
1219 954 1335 987 robore
1361 964 1529 987 remanere
1552 956 1722 997 volumus3

976 1018 1102 1040 necnon
1124 1007 1292 1041 ecclesiam
1317 1007 1423 1040 Sancti
1445 1008 1567 1041 Nicolai
1589 1014 1617 1041 et
1641 1008 1725 1041 illius

976 1066 1134 1093 rectorem
1155 1071 1214 1104 pro
1231 1066 1377 1104 tempore
1398 1061 1584 1094 existentem
1606 1067 1647 1102 et,
1670 1063 1725 1106 qui

977 1119 1070 1146 antea
1081 1114 1222 1150 suerunt,
1236 1113 1657 1157 parocliianoshuiusmodi,
1672 1117 1726 1148 ad-

976 1177 1085 1199 versus
1100 1167 1351 1207 abdicationem,
1369 1167 1626 1207 translationem,
1648 1179 1725 1211 sup-

976 1220 1175 1263 pressionem
1188 1225 1217 1253 et
1230 1220 1456 1253 extinctionem
1470 1231 1505 1253 ac
1515 1221 1636 1253 litteras
1646 1232 1726 1265 pra>-

977 1273 1089 1313 dictas,
1114 1272 1145 1304 in
1166 1273 1338 1316 pristinum
1360 1278 1388 1306 et
1407 1284 1493 1313 eum,
1516 1273 1549 1305 in
1569 1285 1645 1316 quo,
1668 1285 1726 1306 an-

977 1331 1105 1368 tequam
1137 1325 1210 1358 illae
1240 1331 1448 1363 emanarent,
1481 1326 1727 1369 quomodolibet

977 1383 1080 1417 erant,
1102 1383 1233 1418 statum,
1253 1379 1442 1412 auctoritate
1457 1384 1487 1411 et
1505 1385 1616 1412 tenore
1631 1390 1726 1423 prae-

978 1431 1083 1471 dictis,
1097 1431 1308 1471 restituimus,
1327 1432 1516 1475 reponimus
1532 1437 1563 1464 et
1582 1432 1727 1475 plenarie

978 1484 1212 1527 reintegramus
1231 1484 1262 1517 in
1289 1485 1440 1518 omnibus
1468 1491 1495 1518 et
1518 1496 1577 1529 per
1603 1485 1724 1525 omnia,

977 1537 1110 1581 perinde
1136 1549 1172 1570 ac
1192 1538 1216 1571 si
1246 1538 1425 1577 abdicatio,
1447 1538 1625 1579 translatio,
1649 1550 1726 1582 sup-

979 1590 1100 1634 pressio
1120 1596 1150 1624 et
1170 1591 1321 1624 extinctio
1338 1592 1522 1635 praedictae
1547 1602 1725 1635 numquam

979 1643 1080 1677 factae
1101 1644 1288 1677 extitissent.

1022 1698 1036 1740 ξ
1056 1697 1087 1730 4.
1110 1697 1327 1731 Decernentes
1351 1698 1519 1731 eeclesiam
1545 1698 1653 1731 Sancti
1673 1698 1727 1731 ‘Ni-

980 1750 1061 1783 colai
1078 1750 1274 1794 praedictam
1293 1752 1332 1784 de
1356 1757 1475 1791 cetero,
1492 1758 1525 1784 ut
1546 1752 1636 1796 prius
1655 1758 1725 1785 ante

979 1803 1228 1844 abdicationem,
1251 1804 1506 1841 translationem.
1529 1805 1728 1848 suppressio-

981 1867 1054 1889 nem
1076 1863 1105 1889 et
1122 1857 1348 1890 extinctionem
1360 1857 1546 1890 huiusmodi
1562 1857 1724 1897 existebat,

981 1909 1199 1953 parochialem
1221 1910 1390 1943 ecclesiam
1411 1916 1453 1949 et,
1470 1910 1525 1953 qui
1545 1915 1637 1942 antea
1657 1911 1726 1942 sue-

981 1968 1074 2001 runt,
1098 1962 1185 1995 illius
1202 1963 1416 2007 parochianos
1436 1963 1557 2006 pariter
1574 1965 1726 2000 existere,

982 2026 1040 2048 nec
1061 2015 1106 2047 illi
1127 2021 1260 2059 propter
1280 2016 1454 2059 praemissa
1479 2015 1600 2057 aliquid
1625 2015 1729 2048 detra-

983 2073 1068 2101 ctum
1090 2068 1191 2101 souin
1211 2068 1322 2111 aliquo
1337 2067 1577 2110 quomodolibet
1593 2068 1728 2110 deroga-

983 2127 1064 2161 tum,
1087 2127 1140 2153 aut
1160 2121 1262 2154 dictae
1278 2120 1431 2154 ecclesiae.
1451 2120 1729 2154 SanctiLaurentii

984 2174 1017 2206 in
1043 2174 1163 2206 Lucina
1191 2174 1313 2216 aliquid
1340 2178 1508 2217 propterea
1537 2173 1728 2216 acquisitum

984 2226 1108 2259 censeri
1136 2237 1229 2270 posse
1260 2232 1314 2258 aut
1338 2226 1474 2266 ‹tebet-03
1500 2235 1537 2258 ac
1560 2226 1728 2259 ecclesiam

985 2279 1094 2312 Sancti
1115 2279 1235 2312 Nicolai
1256 2278 1454 2321 praedictam
1479 2278 1614 2321 eiusque
1634 2290 1731 2323 paro-

985 2332 1129 2371 chianos,
1152 2332 1207 2375 qui
1227 2337 1299 2364 ante
1318 2331 1571 2371 abdicationem,
1593 2334 1730 2365 transla-

986 2385 1117 2424 tionem,
1129 2384 1400 2428 suppressionem,
1414 2384 1640 2418 extinctionem
1650 2397 1733 2429 prze-

987 2434 1088 2467 dictas
1099 2439 1200 2472 erant,
1216 2432 1282 2474 regi
1300 2438 1329 2465 et
1344 2432 1529 2475 gubernari3
1545 2433 1732 2477 eisdemque

988 2481 1193 2525 parochianis
1213 2486 1412 2513 sacramenta
1432 2481 1556 2519 munia,
1584 2493 1667 2525 quae
1692 2484 1731 2515 ad

989 2537 1160 2569 rectorem,
1179 2530 1235 2572 qui
1255 2535 1347 2562 antea
1363 2535 1442 2570 erat,
1457 2531 1497 2563 de
1514 2531 1582 2564 iure
1594 2533 1641 2564 vel
1657 2543 1731 2564 con-

987 2580 1157 2614 suetudine
1165 2579 1531 2624 spectabant,perunum
1539 2593 1573 2614 ex
1584 2583 1732 2615 tratribus

1743 208 1790 234 An.
1809 207 1839 236 0.
1854 207 1921 234 1575

1767 1699 1843 1720 lunium
1859 1704 1924 1726 paro·-

1742 1731 1839 1751 cluattum
1864 1735 1921 1752 omu,

1742 1763 1761 1782 iu
1814 1761 1924 1788 pristinum

1743 1794 1857 1815 restitutio.
