2059 3228
917 217 1097 243 BULLARH'M
1122 216 1273 240 Romnum

324 279 483 319 examine,
505 277 544 310 ad
565 276 651 320 quod
669 285 781 309 omnes
797 273 853 306 filii
867 272 1074 318 patrimonia·
1092 290 1096 343 1
1115 269 1181 302 rint
1208 272 1264 301 aut
1292 267 1527 302 nominaverint
1553 269 1638 304 iuxta
1666 270 1864 315 praedictam

322 335 370 368 les
386 339 417 368 et
435 334 609 374 naturales,
630 332 685 376 qui
707 344 739 366 so,
760 332 798 365 ad
816 328 1002 362 huiusmodi
1017 327 1074 359 hv-
1094 350 1096 359 .
1116 323 1265 362 sormam,
1306 321 1477 365 episeopus
1514 322 1659 356 instituat
1695 335 1768 359 eum
1809 325 1866 370 qui

322 392 437 427 neficia
464 391 515 425 vel
545 389 711 436 portiones
737 388 899 420 fruetuum
919 394 1073 428 superex-
1094 365 1096 427 i
1115 375 1203 408 iuxta
1223 375 1410 408 huiusmodi
1430 375 1565 408 sormam
1582 381 1865 421 eratpraesentan-

125 229 180 260 An.
192 230 223 261 c.
240 231 309 262 1586
367 216 432 252 75ss

322 446 536 481 crescentium
556 454 721 489 opponere
737 441 907 480 voluerint,
927 450 985 483 per
1004 437 1072 471 edi-

321 507 371 543 cta
389 500 521 545 publica
548 504 706 533 vocentur
730 508 768 531 eo
794 495 891 529 modo
923 505 987 538 quo
1016 502 1071 524 vo-

321 560 436 589 cantur
453 552 773 598 filiipatrimoniales
786 551 818 583 in
833 548 988 591 Burgensi
1015 557 1070 579 seu

319 609 487 643 Palentina
507 607 688 642 civitatibus
701 612 729 640 et
742 605 956 641 dioecesibus,
978 604 1073 638 utin-
1094 616 1095 622 ¹

319 668 369 696 tra
387 668 516 706 tempus
536 662 568 695 in
589 661 701 695 edictis
715 659 959 705 praefigendum
982 669 1072 692 eom-

319 722 456 761 pareant
480 721 511 750 et
535 727 567 750 se
587 719 753 760 opponant
783 723 891 747 eoram
917 711 1072 756 episeopo

318 770 369 804 vel
387 770 509 804 vicario
529 769 671 813 generali
685 780 692 808 ;
708 779 772 811 quo
793 766 930 800 termino
950 766 1072 809 elapso,

1094 442 1096 474 ᾗ
1116 430 1176 463 dus
1195 434 1250 462 aut
1269 424 1486 463 nominandus
1505 430 1554 463 vel
1572 430 1789 474 recipiendus.
1803 433 1865 465 Vo-

1094 494 1096 530 ᾗ
1115 483 1224 516 lumus
1245 488 1354 516 autem
1375 483 1476 526 quod,
1491 483 1606 517 ceteris
1619 485 1762 530 paribus,
1774 497 1866 530 pres-

1094 537 1095 545 *
1116 536 1207 580 byter
1227 536 1375 578 diacono,
1399 537 1554 570 diaeonus
1567 538 1775 579 subdiacono,
1791 540 1866 574 suh-

1094 594 1095 597 ’
1115 589 1271 623 diaconus
1281 590 1460 623 minoribus
1468 590 1635 624 ordinibus
1645 591 1868 636 initiato'prae-

1116 644 1249 683 seratur,
1273 642 1449 686 apostolica
1462 643 1666 685 auctoritate,
1679 645 1867 679 earumdem

1093 710 1096 726 ι
1115 696 1336 740 praesentium
1364 702 1492 738 tenore,
1513 703 1671 742 perpetuo
1696 698 1868 733 statuimus

1115 755 1146 783 et
1166 749 1365 784 ordinamus.

1158 803 1375 837 Decernentes
1412 815 1634 848 quascumque
1669 791 1864 848 electiones,
1905 817 1993 841 ctu
2013 827 2016 832 -

1115 858 1402 901 praesentationes,
1430 858 1676 899 nominationes,
1701 849 1988 904 admissio-³333*
2027 897 2031 900 ,

1115 921 1183 952 nes,
1205 911 1408 954 receptiones
1428 916 1483 944 aut
1502 912 1580 944 alias
1591 912 1866 956 dispositionesde
1877 914 1987 968 ἵζω
2036 903 2037 908 ¹

1115 965 1307 1009 supradictis
1334 965 1478 999 ecclesiis
1508 976 1564 999 seu
1592 966 1770 1008 beneficiis,
1798 971 1866 1000 tam
1877 978 1931 1000 um.
1954 961 1956 963 ¹
2023 959 2025 961 ¹

318 824 378 864 illi,
401 835 482 868 quos
502 823 680 857 constiterit
699 821 859 861 legitimos
883 830 952 853 esse
972 829 1073 863 oppo-

318 878 445 918 sitores‚
471 889 530 921 per
549 883 613 910 tres
634 875 868 910 examinatores
891 873 923 906 in
950 873 1071 917 synodo

318 933 511 966 dioecesana
531 932 713 974 deputatos,
736 934 764 962 et
777 939 836 972 per
850 938 953 960 unum
968 926 1073 959 nomi-

318 992 431 1020 natum
453 998 469 1019 a
489 983 690 1019 beneficiatis
709 981 877 1021 ecelesiae,
899 980 932 1013 in
946 980 1074 1023 quabe-

317 1040 470 1074 neficium
491 1045 582 1072 vacat
601 1039 650 1071 vel
676 1038 839 1070 fructtmm
861 1044 1072 1078 superexcre-

318 1093 476 1127 scentium
498 1092 645 1126 facienda
666 1096 712 1124 est
732 1088 897 1123 admissio,
916 1097 1012 1130 quem
1026 1087 1074 1120 in-

318 1153 366 1181 tra
378 1147 510 1189 sex-dies
520 1158 537 1179 a
548 1146 599 1179 die
611 1141 826 1180 vacationis‚si
840 1141 1009 1174 nominare
1019 1150 1073 1173 vo-
1092 1162 1095 1167 ⁴

317 1200 623 1242 luerint‚nominare
634 1202 815 1234 teneantur,
827 1200 854 1228 et
864 1194 994 1227 interim
1006 1204 1072 1238 quo

319 1255 459 1300 synodus
472 1258 700 1296 congregatur,
720 1261 777 1295 per
798 1249 1033 1281 examinatores
1055 1257 1073 1280 a

318 1309 476 1342 moderno
491 1307 643 1351 episcopo
652 1306 823 1349 deputatos
835 1301 1072 1342 examinentur,

318 1368 349 1396 et
372 1363 544 1396 adnotetur
571 1358 829 1400 uniuscuiusque
855 1354 1069 1394 sufficienti33

318 1427 384 1460 quo
397 1415 542 1449 examine
564 1414 658 1453 sacto,
680 1412 775 1445 detur
794 1408 1010 1450 beneficiatis,
1033 1407 1073 1441 ad

319 1480 401 1513 quos
411 1467 627 1513 praesentatio
636 1466 685 1499 vel
696 1463 839 1507 receptio
851 1462 1005 1507 pertinet,
1017 1469 1076 1494 co-

318 1524 371 1569 pia
383 1523 606 1568 oppositorum
632 1517 892 1554 etadnotationis
909 1515 1075 1550 sufficien-

319 1579 369 1611 tia·
377 1576 682 1619 uniuscuiusque‚ut
691 1584 728 1606 ex
737 1572 801 1605 illis
811 1575 1007 1615 praesentent
1019 1574 1074 1603 aut
1095 1574 1097 1614 ’;

319 1631 478 1675 recipiant
498 1629 714 1673 antiquiorem
735 1625 862 1665 ordine,
885 1624 911 1657 si
932 1622 1076 1666 duoplu—

321 1696 438 1729 resque
463 1684 585 1728 reperti
616 1681 737 1715 suerint
761 1689 864 1722 aeque
897 1671 1026 1717 idortei;
1049 1676 1076 1709 si

320 1745 428 1773 autem
450 1738 559 1771 minus
583 1735 739 1778 antiquus
759 1732 874 1766 ordine
904 1730 1001 1762 fuerit
1025 1739 1076 1762 re-

322 1799 432 1837 pertus
457 1791 558 1835 magis
585 1788 717 1827 habilis,
750 1785 897 1825 scientia,
930 1783 1076 1816 moribus

323 1855 353 1881 et
376 1847 451 1886 vita,
473 1845 545 1878 talis
564 1843 777 1888 praeferatur,
799 1844 897 1884 prout
926 1837 1077 1871 constitu-

323 1901 367 1933 tio
388 1898 548 1944 synodalis
569 1898 607 1931 de
628 1893 884 1929 institutionibus
899 1901 958 1935 per
969 1891 1076 1925 honae

324 1950 500 1988 memoriae
519 1952 671 1984 loannem
689 1948 815 1990 Ortega,
839 1946 917 1979 dum
938 1944 1025 1984 vixit,
1048 1955 1078 1978 e-

323 2008 493 2052 piscopum
528 2003 790 2047 Calaguritanum
810 2026 817 2040 ,
851 1998 935 2031 edita
949 2025 956 2039 ‚
979 2008 1077 2041 quam

324 2059 543 2107 praesentium
568 2064 682 2091 tenore
702 2054 936 2088 confirmamus
966 2056 997 2083 et
1028 2051 1078 2083 in-

324 2125 492 2153 novamus,
518 2123 555 2145 ae
583 2121 640 2155 per
660 2108 790 2144 eosdem
815 2104 1026 2139 beneficiatos
1047 2108 1079 2138 et

326 2169 409 2203 filios
442 2164 703 2211 patrimoniales,
739 2167 804 2194 tam
838 2159 870 2192 in
899 2157 1080 2191 numeratis

327 2232 423 2266 quam
481 2217 651 2262 receptivis

328 2274 488 2309 observari
528 2272 738 2309 mandamus3

329 2327 511 2361 beneficiati
532 2321 807 2370 praesentaverint
823 2324 878 2354 aut
897 2318 1081 2351 nominave-

331 2383 391 2414 rint
404 2382 442 2414 ad
455 2379 610 2414 beneficia
629 2377 674 2410 vel
687 2376 725 2409 ad
738 2373 902 2419 portiones
916 2372 1080 2405 fructuum

331 2427 694 2473 superexcrescentiurn‚
706 2425 792 2457 iuxta
807 2420 1003 2467 praedictam
1017 2420 1081 2452 sor-

333 2490 430 2518 mam,
452 2479 623 2522 episcopus
649 2474 795 2507 instituat
815 2472 859 2505 sic.
878 2469 1080 2503 nominatum

332 2533 386 2560 antv
420 2531 657 2570 praesentatum
683 2523 731 2556 vel
761 2518 984 2564 recipiendum
1018 2522 1081 2549 tam

335 2578 363 2608 in
390 2575 579 2614 numeratis,
610 2582 708 2617 quam
734 2571 766 2604 in
787 2568 958 2612 receptivis
977 2565 1083 2600 eccle-

333 2626 387 2659 siis
407 2623 611 2663 luuiusmodi3
630 2622 655 2655 si
679 2631 754 2654 vero
774 2628 840 2653 non
860 2620 1084 2662 praesentave-

1116 1018 1149 1051 in
1169 1019 1346 1052 numeratis
1367 1017 1467 1063 quam'
1491 1019 1524 1052 in
1553 1020 1723 1064 receptivis
1741 1031 1868 1054 nuncu-

1115 1072 1198 1117 pa'tis
1218 1073 1362 1106 ecclesiis
1384 1073 1557 1117 praedictis
1578 1079 1633 1106 aut
1652 1074 1781 1118 illarum
1797 1074 1867 1108 sru-

1115 1131 1228 1159 ctuum
1253 1127 1469 1171 portionibuS,
1488 1127 1644 1171 aliterque
1668 1133 1791 1161 servata
1801 1128 1868 1162 for-

1093 1406 1097 1438 i

1116 1191 1168 1213 ma
1179 1181 1357 1223 praesentis
1369 1181 1470 1214 nostri
1485 1181 1614 1222 statuti,
1632 1186 1662 1214 et
1684 1181 1870 1215 cuiuscum-

1116 1245 1180 1278 que
1197 1234 1448 1275 constitutionis,
1468 1234 1626 1278 privilegii
1648 1240 1678 1268 et
1698 1240 1869 1269 eonsuetu-

1116 1288 1210 1329 dinis,
1223 1289 1319 1322 etiam
1331 1288 1612 1329 immemorabilis,
1634 1294 1690 1322 ant
1709 1289 1772 1323 alio
1785 1301 1869 1333 quo-

1115 1342 1161 1375 vis
1175 1347 1342 1386 praetextu
1363 1342 1539 1382 faciendas,
1561 1353 1598 1376 ae
1618 1342 1745 1386 reliqua
1759 1343 1869 1377 omnia

1116 1396 1192 1429 inde
1216 1407 1275 1440 pro
1302 1401 1449 1440 tempore
1478 1390 1866 1440 secuta'quaecumque,

1117 1450 1206 1484 nulla
1231 1455 1263 1483 et
1291 1449 1432 1482 invalida
1460 1460 1497 1482 ac
1521 1449 1644 1482 nullius
1669 1449 1797 1483 roboris
1819 1450 1869 1483 vel

1116 1504 1271 1538 momenti
1298 1504 1380 1544 sore,
1403 1508 1499 1548 prout
1519 1514 1556 1536 ea
1583 1503 1692 1536 omnia
1718 1513 1755 1536 ex
1781 1513 1869 1537 nunc

1116 1563 1214 1602 prout
1250 1569 1287 1592 ex
1326 1563 1415 1597 tunc,
1455 1562 1487 1590 et
1528 1568 1545 1590 e
1580 1562 1706 1597 contra,
1740 1567 1870 1590 revoca-

1117 1623 1202 1652 mus,
1229 1612 1406 1651 irritamus,
1433 1611 1652 1651 annullamus,
1681 1610 1868 1655 viribusque

1118 1672 1150 1700 et
1171 1666 1289 1699 effectu
1310 1675 1517 1705 evacuamus,
1543 1675 1579 1698 ac
1606 1663 1709 1705 irrita,
1730 1662 1820 1698 n'ulla
1839 1669 1869 1698 et

1117 1720 1225 1754 inania
1250 1719 1319 1752 sore
1339 1725 1370 1752 et
1398 1729 1470 1752 esse
1492 1719 1686 1751 nunciamus
1711 1724 1741 1752 et
1762 1718 1869 1752 decla-

1117 1782 1241 1811 ramus,
1262 1781 1369 1813 neque
1379 1769 1530 1813 cuiquam
1552 1769 1871 1814 suffragat-iautpro-

1118 1821 1220 1866 desse,
1240 1835 1346 1868 neque
1366 1834 1424 1867 per
1444 1823 1526 1864 illas,
1549 1829 1604 1856 aut
1626 1823 1681 1856 itta
1708 1823 1758 1856 ius
1777 1822 1811 1856 in
1835 1833 1870 1856 re

1118 1880 1167 1913 vel
1184 1879 1222 1912 ad
1236 1889 1386 1919 ren],seu
1403 1877 1434 1910 in
1455 1877 1653 1921 possessorio
1674 1888 1730 1910 seu
1750 1871 1870 1921 petito·
1895 1912 1898 1916 ,

1119 1933 1167 1966 rio
1188 1933 1319 1966 titulum
1346 1932 1459 1965 saltem
1480 1931 1663 1965 coloratum
1684 1930 1867 1974 possidendi

1119 1986 1245 2031 acquiri
1265 1986 1314 2019 vel
1334 1984 1433 2018 tribui
1448 1995 1561 2028 posse3
1578 1995 1686 2028 neque
1703 1984 1791 2028 ipsos
1807 1984 1869 2017 cle·

1120 2041 1204 2074 ricos
1234 2039 1321 2073 tilios
1345 2038 1588 2083 patrimoniales
1620 2044 1675 2071 aut
1695 2038 1869 2076 naturales,

1120 2099 1248 2139 praeter
1267 2099 1299 2127 et
1319 2098 1430 2127 contra
1450 2093 1585 2126 formam
1606 2091 1788 2136 praesentis
1806 2096 1869 2124 sta-

1122 2148 1179 2182 tuti
1209 2158 1266 2191 pro
1296 2153 1443 2191 ternpore
1465 2146 1621 2179 admissos
1647 2151 1675 2179 et
1708 2150 1867 2189 receptos,

706 2213 851 2249 ecelesiis
905 2210 1080 2256 praedictis
1122 2204 1139 2235 s:
1153 2215 1170 2235 u
1180 2208 1244 2235 :tus
1263 2211 1338 2235 suos
1358 2201 1475 2241 faeere,
1498 2206 1553 2233 aut
1575 2198 1744 2242 regulisde
1763 2197 1869 2231 annali

779 2273 811 2301 et
854 2267 879 2300 si
923 2264 1077 2309 praediwti
1123 2257 1169 2289 vet
1191 2254 1550 2298 triennalipossessione
1570 2258 1624 2285 ant
1646 2252 1708 2285 alio
1728 2251 1808 2285 iuris
1822 2261 1872 2284 re·
1916 2295 1918 2297 v

1100 2323 1103 2364 l
1123 2310 1229 2343 medio
1250 2309 1282 2342 in
1302 2309 1441 2341 savorem
1461 2316 1681 2351 possessorum
1702 2305 1787 2338 edito
1808 2305 1869 2338 frui

1123 2375 1179 2398 seu
1199 2363 1352 2407 gaudere,
1376 2355 1621 2405 sed'tamquam
1639 2370 1745 2393 meros
1764 2365 1795 2393 et
1815 2369 1872 2392 nu-

1123 2414 1180 2446 dos
1195 2414 1377 2446 detentores
1397 2416 1427 2444 et
1451 2411 1603 2448 intrusos,
1626 2409 1720 2442 etiam
1741 2419 1806 2442 non
1830 2408 1872 2441 ci-

1125 2468 1205 2495 tatos
1230 2472 1335 2505 neque
1363 2460 1501 2500 auditos,
1523 2459 1643 2501 absque
1666 2457 1742 2491 vitio
1762 2457 1868 2501 spolii,

1124 2511 1224 2544 libere
1245 2516 1275 2544 et
1299 2509 1384 2543 licite
1415 2506 1654 2543 indeamoreri
1687 2517 1724 2539 ae
1756 2505 1870 2550 expelli

1124 2571 1217 2605 posse
1232 2565 1264 2594 et
1283 2560 1410 2599 debere,
1431 2558 1625 2600 eosdemque
1643 2555 1781 2588 intrusos
1790 2552 1870 2587 'nec-

1125 2621 1190 2644 non
1210 2608 1419 2647 beneficiatos
1437 2607 1494 2652 qui
1515 2606 1585 2640 illos
1604 2606 1649 2639 sic
1674 2604 1817 2648 recipere
1841 2610 1872 2636 et
