2059 3228
67 239 80 254 .=
89 225 118 255 G.
137 223 203 255 ¹⁸75

214 328 461 363 ministrabitur.

255 381 271 425 ἓ
289 381 321 415 3.
343 381 544 416 Declarantes
558 382 768 416 nihilominus
784 392 847 415 non
859 381 954 414 modo

52 441 199 464 onir-venin-
212 435 339 469 eosdem
371 435 536 478 religiosos
563 441 593 469 et
631 435 794 478 religiosas
829 439 954 467 contra-

55 477 198 525 ..,.:2''¹¹,'2:ff
210 487 362 520 facientes
377 487 524 521 indictas
540 499 658 533 poenas
673 487 826 527 incidere,
842 497 953 519 verum

61 548 68 561 ·
209 539 304 573 etiam
317 550 428 573 eorum
445 541 690 584 quomodolibet
706 540 826 573 directe
843 540 891 573 vel
908 540 953 572 in-

206 592 327 627 directe
348 593 489 627 fautores
509 599 540 627 et
565 593 764 627 consultores
785 591 854 625 illas
870 603 948 636 quo-

206 654 270 688 que
290 645 468 680 incurrere.
839 654 842 656 '

247 697 313 741 §4-
347 698 515 732 Praeterea
543 698 602 732 sub
623 698 745 742 *poenis
777 698 950 742 praedictis

85 762 189 797 nst-nqn-
202 751 412 794 prohibemus
432 762 471 785 ne
483 752 554 794 quis
569 751 773 794 provincialis
788 756 843 784 aut
857 763 952 794 guar-

47 797 189 846 'ii-,⁰⁰:322
201 802 316 836 dianus
339 805 386 837 vel
412 805 644 847 cuiuscumque
673 804 805 837 alterius
833 805 950 847 gradus

41 853 123 907 n'fflff’
143 854 189 880 ›'¹·
201 856 372 899 religiosus
396 863 451 890 aut
474 857 623 900 religiosa
646 857 787 890 eiusdem
807 857 947 898 Ordinis,

200 909 241 942 ab
261 909 329 953 ipso
349 910 497 953 ministro
517 910 659 953 generali
689 910 794 943 missis
817 921 876 954 pro
901 911 947 943 vi-

199 961 333 995 sitandis
351 962 524 1007 provinciis
540 962 769 995 commissariis
785 963 946 1003 resistere,

199 1024 259 1048 nec
278 1014 324 1048 eis
343 1025 376 1048 se
396 1025 559 1058 opponere
579 1020 634 1048 aut
654 1015 876 1049 contradicere
891 1026 946 1048 seu

198 1077 232 1100 se
245 1067 399 1102 rebellem
416 1067 579 1108 exhibere,
592 1068 678 1112 ipsos
690 1079 896 1112 quacumque
909 1069 948 1101 de

198 1130 295 1154 causa
313 1120 362 1154 vel
379 1121 525 1164 quaesito
541 1121 650 1154 colore
662 1131 727 1154 non
743 1122 944 1166 recipiendo,

198 1173 315 1206 audeat
334 1184 438 1217 neque
458 1173 584 1206 debeat.

241 1225 300 1269 55,
318 1226 466 1259 Volentes
481 1227 631 1260 eumdem
647 1226 832 1260 ministrum
847 1238 945 1270 gene-

30 1288 184 1325 anti-nmini·-
197 1278 310 1319 ralem,
332 1279 602 1323 quotiescumque
616 1279 677 1312 sibi
694 1281 844 1324 expedire
859 1281 945 1313 vide·

171 1363 182 1368 ,
195 1332 295 1372 bitur,
311 1342 392 1375 quos
403 1332 542 1366 voluerit
552 1332 790 1366 commissarios
802 1335 840 1367 ad
851 1345 945 1377 quas-

195 1395 335 1429 cumque
361 1385 411 1418 sui
445 1384 572 1418 Ordinis
605 1385 775 1429 utriusque
804 1386 943 1420 familiae

193 1438 386 1482 provincias,
414 1438 580 1482 quibusvis
600 1439 887 1473 consuetudinibus
907 1451 943 1472 ac

193 1491 320 1525 statutis
340 1503 398 1536 per
417 1493 578 1536 quaslibet
591 1503 744 1536 personas
765 1493 797 1525 in
817 1499 943 1526 contra—

192 1544 278 1577 rium
298 1545 390 1578 sactis
414 1556 479 1579 non
504 1546 719 1586 obstantibus,
746 1546 847 1580 libere
870 1547 942 1579 mit-

179 1602 261 1631 ‘tere
280 1609 385 1642 posse.

236 1651 252 1694 ξ,
270 1651 301 1684 6.
319 1651 465 1696 Insuper,
478 1651 565 1695 quia,
583 1657 618 1684 ut
631 1652 726 1685 etiam
743 1652 939 1696 accepimus,

29 1703 364 1748 ninnium-aliquando
394 1705 541 1737 nonnulli
575 1705 713 1739 ministri
744 1717 779 1738 ex
808 1707 941 1739 visitatis

24 1743 179 1795 fflssssfflffl'}
192 1756 365 1799 provinciis
395 1768 453 1800 per
482 1757 718 1790 connnissarios
747 1760 786 1791 ad
811 1759 871 1792 hoc
901 1760 940 1792 ab

22 1803 180 1856 ὴζξζξζῖηω·
191 1809 260 1853 ipso
280 1810 421 1853 generali
442 1810 588 1843 ministro
609 1811 795 1854 deputatos,
817 1823 899 1854 quae
923 1823 941 1844 a

191 1862 284 1896 dictis
304 1863 533 1896 commissaliis
554 1868 640 1896 recte
660 1869 691 1897 et
703 1865 940 1898 salubriteror-

191 1915 300 1949 dinata
315 1921 346 1948 et
359 1922 447 1958 gesta
459 1917 590 1949 fuerunt
605 1917 799 1957 rescindere,
813 1923 939 1951 mutare

192 1973 248 2001 aut
273 1974 480 2002 contemnere
505 1970 620 2010 solent,
649 1971 709 2003 sub
735 1970 884 2004 omnibus
909 1976 939 2004 et

191 2020 326 2064 singulis
345 2023 457 2066 poenis
477 2024 670 2067 supradictis
691 2035 838 2067 expresse
863 2036 938 2068 pro-

192 2073 341 2108 hibemus
360 2086 400 2108 ne
412 2076 583 2120 quisquam
599 2077 638 2110 ab
655 2077 776 2110 eisdem
790 2078 939 2110 commis—

192 2126 284 2159 sariis
307 2127 389 2161 saeta
412 2134 444 2162 et
467 2129 614 2162 ordinata
638 2135 776 2170 mutare,
802 2131 938 2164 alterare

193 2185 248 2212 aut
273 2186 454 2223 pervertere
479 2182 546 2215 sine
572 2193 719 2226 expressa
746 2183 876 2229 licentia
907 2189 939 2216 et

192 2232 402 2277 permissione
423 2234 521 2278 ipsius
541 2235 678 2268 ministri
694 2237 864 2279 generalis,
881 2237 936 2279 qui

192 2285 280 2318 solus
299 2296 336 2318 ea
356 2291 479 2320 mutare
503 2288 618 2328 valeat,
639 2289 707 2322 ullo
727 2290 822 2322 modo
842 2301 936 2333 prae-

192 2344 330 2373 sumant.
339 2338 550 2373 Decernentes
562 2341 690 2374 irritum
701 2347 732 2375 et
742 2341 835 2375 inane
845 2343 938 2385 quid-

191 2392 271 2435 quid
293 2402 386 2425 secus
404 2403 502 2435 super
520 2393 569 2426 his
589 2405 607 2427 a
625 2405 802 2437 quoquam,
828 2395 936 2439 quavis

192 2441 394 2481 auctoritate,
409 2441 546 2475 scienter
557 2443 605 2476 vel
621 2443 816 2485 ignoranter,
833 2444 936 2477 conti-

192 2489 276 2531 gerit
295 2489 457 2522 attentari.

237 2536 303 2582 57.
329 2536 396 2570 Non
425 2535 626 2569 obstantibus
652 2538 936 2573 constitutionibus

24 2560 133 2584 mmm
146 2561 172 2583 ω
193 2590 224 2619 ct
233 2585 489 2619 ordinationibus
499 2585 695 2630 apostolicis;
712 2597 748 2620 ac
761 2587 935 2630 quibusvis,

2 2595 127 2618 tog-tunae.

813 243 815 245 -
833 224 1009 250 GnEGontUs
1028 225 1081 249 xtlt
1103 226 1148 249 PF.

212 277 365 313 habeant.
395 277 480 312 unde
507 277 570 311 illis
598 277 685 312 brevi
713 287 810 310 manu
837 276 957 310 iustitia
999 276 1094 309 ctiam
1116 277 1310 319 iuramento,
1341 280 1585 315 confirmatione
1614 287 1744 324 aposto-

1639 221 1701 254 lon

998 329 1057 361 lica
1089 331 1135 362 vel
1165 333 1275 374 quavis
1309 333 1459 366 firmitate
1489 334 1550 366 alia
1574 335 1744 370 roboratis,

997 382 1123 414 statutis
1161 388 1192 415 et
1219 387 1507 420 consuettulinibus
1525 398 1532 427 ;
1569 387 1742 430 privilegiis

996 445 1138 477 quoque,
1159 435 1291 468 indultis
1320 443 1348 469 et
1368 438 1481 470 litteris
1506 439 1690 483 apostolicis
1711 440 1743 474 in

995 487 1194 520 contrarium
1212 491 1450 531 quomodolibet
1472 492 1630 524 concessis
1646 498 1677 525 et
1691 493 1744 525 fir-

995 540 1107 580 matis3
1137 541 1256 583 quibus
1286 543 1446 583 omuibus,
1474 555 1585 577 eoruin
1617 550 1743 579 tenores

994 594 1226 635 praesentibus,
1252 606 1288 627 ac
1312 595 1337 627 si
1363 596 1401 627 (le
1425 597 1521 628 verbo
1546 598 1584 630 ad
1609 598 1741 631 verbum

994 645 1224 687 insererentur,
1238 658 1295 690 pro
1311 648 1506 681 sufficienter
1521 651 1676 693 expressis
1688 651 1742 684 lia-

992 698 1123 738 homes,
1146 699 1208 731 illis
1232 700 1310 732 alias
1331 700 1362 732 iu
1383 711 1440 733 suo
1461 702 1575 735 robore
1596 714 1742 745 pennan-

992 751 1088 790 suris,
1102 751 1161 784 bac
1172 751 1239 785 vice
1252 753 1426 793 dumtaxat,
1437 754 1476 786 ad
1487 755 1636 787 effectum
1651 766 1742 798 prae-

992 804 1151 844 sentium,
1175 805 1358 848 specialiter
1382 812 1413 839 et
1436 818 1582 850 expresse
1607 808 1739 849 deroga-

992 867 1075 896 llius,
1090 858 1271 900 ceterisque
1285 860 1454 891 contrariis
1466 860 1737 903 quibuscumque.

1034 909 1150 943 Datum
1176 911 1295 944 Romae
1319 913 1404 955 apud
1430 913 1461 945 S,
1488 913 1641 953 Petrum,
1667 918 1737 951 etc„

990 963 1041 995 die
1058 969 1167 996 octava
1185 965 1297 1008 aprilis
1309 975 1444 1006 MDLxxv,
1459 966 1665 1010 pontificatus
1684 977 1740 998 no-

989 1021 1046 1048 stri
1066 1027 1151 1048 anuo
1172 1026 1217 1049 111.

1027 1072 1090 1103 Dat.
1110 1074 1156 1103 die
1176 1075 1193 1104 8
1211 1075 1316 1114 aprilis
1336 1075 1422 1111 1575,
1438 1075 1543 1115 pontis.
1561 1085 1638 1106 anno
1654 1085 1697 1106 111.

1310 1211 1411 1243 XLIII.

985 1277 1136 1310 Declarat
1161 1277 1385 1316 concessiones,
1406 1278 1543 1320 qralv'as,
1563 1278 1736 1321 privileyia

1030 1334 1086 1363 etc.
1110 1341 1255 1363 concessa
1274 1335 1303 1363 et
1323 1331 1532 1371 concedenda,
1552 1336 1617 1364 tam
1636 1333 1668 1364 in
1686 1343 1736 1375 qe-

1028 1393 1103 1416 nere
1115 1394 1213 1426 quam
1228 1384 1264 1416 in
1276 1385 1388 1427 specie,
1401 1385 1531 1417 militiis
1543 1385 1579 1417 (Ie
1594 1384 1734 1427 Spatlza,

1028 1435 1065 1469 de
1080 1435 1257 1470 Calatrcwa
1277 1441 1305 1469 et
1319 1437 1512 1477 Alcanlara,
1526 1438 1562 1469 in
1578 1437 1735 1470 castellae

1028 1494 1056 1522 el
1067 1490 1216 1532 Leyz‘onis
1227 1491 1347 1533 reqm's,
1357 1491 1402 1522 ad
1411 1491 1550 1523 militias
1560 1491 1597 1523 de
1607 1490 1709 1534 Spatlz
1717 1502 1737 1524 α

1027 1546 1056 1575 et
1071 1543 1108 1575 dc
1126 1543 1204 1575 Avis
1219 1543 1441 1586 Portuyalliae
1456 1545 1599 1583 emendi,
1617 1544 1734 1576 inline-

1026 1596 1124 1628 rcndo
1144 1597 1286 1639 vestt'qiz‘s
1304 1596 1433 1629 Nicolai
1453 1596 1478 1629 V
1495 1601 1523 1629 el
1544 1596 1625 1629 Iulia¹
1640 1597 1681 1629 II
1698 1608 1735 1629 ac

1025 1648 1126 1680 Pauli?
1144 1648 1214 1688 III,
1235 1649 1523 1692 praedecessorum,
1545 1660 1617 1682 cum
1639 1650 1734 1693 depu-

1027 1702 1149 1734 tatione
1169 1703 1314 1735 indicum
1333 1707 1390 1735 etc.
1414 1702 1440 1735 ¹.

982 1777 1127 1812 Gregorius
1135 1778 1206 1813 Papa
1215 1778 1283 1811 xm,
1297 1779 1331 1807 ad
1340 1780 1503 1814 perpetuam
1513 1779 1555 1807 rei
1563 1781 1731 1808 memoriam.

1024 1848 1068 1880 Ex
1091 1848 1294 1892 Apostolicae
1318 1849 1421 1889 Sedis,
1448 1850 1480 1882 in
1505 1861 1580 1893 qna,
1608 1851 1730 1884 meritis

981 1902 1056 1934 licet
1084 1901 1372 1943 insufficientibus,
1406 1903 1513 1936 divina
1542 1903 1730 1946 disponente

981 1955 1161 1995 clementia,
1187 1955 1351 1988 constituti
1377 1966 1504 1995 sumus,
1532 1956 1730 1998 benignitate

980 2008 1126 2051 procedit
1146 2014 1181 2040 ut
1201 2019 1298 2051 super
1318 2009 1375 2049 eis,
1397 2020 1479 2051 quae
1499 2010 1645 2052 personis
1669 2011 1729 2042 sub

980 2061 1120 2104 regulari
1149 2062 1263 2094 habitu
1297 2068 1409 2095 eontra
1437 2062 1554 2095 Christi
1588 2063 1729 2096 nominis

979 2115 1133 2154 aemulos
1155 2126 1212 2158 pro
1233 2116 1405 2148 ortodoxae
1426 2115 1500 2148 fidei
1520 2116 1729 2159 ampliatione

979 2173 1010 2200 et
1039 2168 1296 2207 conservatione,
1333 2168 1485 2200 continue
1514 2168 1727 2203 militantibus

978 2231 1036 2263 per
1051 2221 1194 2253 eiusdem
1209 2221 1297 2253 Sedis
1314 2221 1517 2253 elementiam
1534 2221 1729 2266 circumspe-

978 2279 1061 2306 ctam
1082 2285 1140 2317 pro
1162 2280 1305 2317 tempore
1326 2284 1475 2306 concessa
1500 2275 1723 2318 reperiuntur,

977 2337 1017 2359 an
1047 2327 1085 2359 ad
1115 2327 1192 2358 alias
1217 2327 1358 2359 eiusdem
1385 2328 1591 2370 professionis
1615 2336 1725 2362 exten-

977 2379 1096 2412 dantur
1120 2390 1284 2422 personas,
1310 2378 1529 2422 ambiguitatis
1553 2383 1724 2426 scrupulos

978 2442 1036 2474 pro
1058 2437 1200 2474 tempore
1211 2437 1393 2465 exercentes
1404 2431 1419 2454 2
1431 2433 1656 2467 declarationis
1668 2447 1724 2468 no-

977 2490 1060 2517 strae
1085 2484 1263 2517 ministerio
1287 2484 1529 2527 (lelucidernus,
1556 2498 1593 2520 ac
1617 2487 1648 2520 in
1675 2489 1723 2521 liis

1014 2557 1024 2581 t
1047 2556 1089 2582 Ex
1103 2555 1218 2589 Regest.
1238 2555 1266 2583 in
1278 2555 1383 2587 Secret.
1401 2557 1545 2587 Breviuui.
1585 2560 1600 2586 ⁶2
1617 2560 1723 2588 Fcis-au

977 2600 1125 2626 morientes
1145 2605 1185 2634 tit.
1202 2603 1251 2634 Τ).

1768 232 1817 260 An.
1836 232 1865 261 C.
1885 233 1950 263 ¹575

1772 1864 1904 1888 Promrntum.
