2059 3228
98 231 148 257 Au.
169 227 279 256 c.1574

140 2261 190 2280 Pin:
202 2261 218 2280 V
228 2261 305 2280 andem

117 2294 156 2307 con

113 2315 192 2338 ‹litard⁴

114 2346 171 2359 novo
199 2346 224 2358 (¹0

172 2372 192 2385 re

142 2373 154 2384 ο
198 2367 208 2385 f

121 2399 141 2411 μ’

347 228 388 260 72

305 293 404 324 bonae
428 289 526 322 famae
550 292 580 319 ct
596 286 748 318 virtutum
761 284 856 317 odore
869 282 1044 326 eximioque

305 342 465 385 religionis
489 341 611 379 decore,
635 337 673 370 ad
690 336 939 370 aedificationem
963 335 1046 367 mili-

303 395 398 428 tantis
422 392 596 432 Ecclesiae,
621 389 781 433 quamdiu,
813 389 897 422 iuxta
921 393 1045 421 sancto-

304 459 373 481 runi
410 448 535 478 Pati-um
572 442 786 476 institutiones
819 447 850 475 et
885 440 1043 485 regularia

303 502 384 534 illius
410 498 563 537 instituta,
576 495 723 540 praefatis
740 495 871 538 aliisque
888 497 1044 526 monaste-

303 553 358 585 riis
382 553 419 584 de
444 550 674 583 monachorum
695 549 771 581 dicti
794 547 918 580 Ordinis
936 556 1042 589 perso-

302 606 349 638 nis
374 604 544 648 provisum,
562 602 690 645 eiusque
707 600 874 633 laudabilia
888 599 1042 637 instituta,

301 659 391 694 ritus,
417 655 660 689 consuetudines
684 659 712 687 et
730 652 894 697 privilegia
912 651 1046 683 firmiter

301 710 465 742 observata
477 708 605 749 fuerint,
623 707 755 740 Domino
773 709 972 748 cooperante,
990 702 1044 734 sso-

302 762 425 797 ruisset:
449 760 656 793 nihilominus
673 764 747 791 tunc
760 769 777 791 a
794 757 937 801 pluribus
953 754 1045 787 annis

301 814 391 853 citra,
415 813 600 855 praesertim
625 817 790 855 postquam
808 811 955 853 pleraque
979 818 1044 840 mo-

302 867 514 899 nasteriorum
537 876 574 898 ac
598 864 795 908 prioratuum
823 872 952 894 suorum
977 859 1045 892 aliis

302 929 397 962 quam
421 918 494 950 dieti
518 917 644 951 Ordinis
667 916 807 960 personis
820 912 1044 953 commendari,

303 983 339 1004 ac
363 972 403 1004 ab
416 982 525 1005 eorum
544 969 716 1013 superioris
728 967 908 1001 obedientia
925 977 981 1009 per
997 976 1045 998 ex-

303 1024 501 1068 emptionum
519 1051 526 1064 ,
552 1023 708 1055 unionum
748 1021 885 1063 aliasque
910 1019 1047 1051 diversas

304 1078 370 1110 vias
394 1082 555 1119 tamquam
580 1075 723 1108 membra
747 1084 764 1106 a
781 1083 837 1106 suo
854 1081 985 1114 corpore
1002 1070 1048 1103 di-

306 1130 388 1171 velli,
412 1129 554 1163 abstrahi
578 1134 608 1161 et
633 1125 856 1161 dismembrari
870 1128 1047 1167 coeperant,

307 1183 450 1226 specioso
474 1182 529 1214 ilIo
546 1179 699 1223 regularis
716 1178 898 1221 disciplinae
915 1176 1050 1209 candore

308 1235 460 1279 paulatim
484 1234 645 1273 offuscato,
659 1232 795 1265 universi
814 1230 939 1263 Ordinis
953 1234 1051 1261 status

309 1288 342 1320 in
366 1287 578 1320 miserabilem
596 1285 824 1328 dispersionem
841 1288 868 1316 et
887 1282 1051 1316 desolatio-

309 1351 381 1373 nem
406 1340 570 1382 prolapsus
594 1343 671 1377 erat;
695 1343 726 1370 et.
750 1337 783 1369 in
807 1336 914 1369 eadem
933 1334 1053 1378 exposi-

310 1394 395 1426 tione
421 1391 588 1425 subiuncto
613 1390 696 1433 quod
732 1389 827 1421 tantis
860 1388 954 1420 huius
977 1387 1052 1420 olim

312 1447 373 1479 Deo
397 1443 645 1486 mortalibusque
667 1446 786 1484 gratae
810 1440 982 1482 Religionis
1006 1439 1053 1471 in-

309 1497 483 1532 commodis
518 1497 608 1529 aliter
646 1505 741 1538 quam
765 1505 821 1537 per
849 1494 1052 1536 antiquorum

310 1558 499 1585 statutorum
517 1577 524 1591 ,
563 1547 826 1582 consuetudinum
841 1573 848 1586 ‚
881 1545 1000 1578 rituum
1024 1551 1051 1578 et

310 1603 545 1648 privilegiorum
568 1601 801 1644 praedictorum
825 1599 965 1642 undique
981 1609 1054 1631 con-

309 1659 470 1690 vulsorum
494 1661 524 1689 et
544 1654 752 1687 diversimode
769 1662 991 1696 oppressorum
1005 1662 1054 1684 re-

310 1709 508 1743 stitutionem
532 1707 651 1740 mederi
675 1716 738 1738 non
765 1716 854 1749 posse
878 1705 1053 1741 videbatur,

307 1763 470 1807 praefatus
494 1760 740 1804 praedecessor,
771 1756 1053 1801 supplicationibus

310 1816 410 1860 ipsius
433 1813 580 1847 Ludovici
605 1811 727 1845 abbatis
752 1811 785 1843 in
809 1821 845 1843 ea
868 1815 956 1853 parte
981 1814 1054 1841 tune

312 1869 491 1908 inclinatus,
516 1866 646 1908 antiqua
671 1863 833 1907 privilegia
852 1890 859 1903 ,
884 1873 939 1905 per
963 1872 1054 1904 quos-

312 1931 447 1964 cumque
471 1920 629 1952 Romanos
652 1916 819 1950 Pontifices
836 1919 846 1936 ¹
864 1925 936 1947 suos
952 1915 1053 1947 eidem

311 1972 510 2007 Cisterciensi
534 1970 644 2004 Ordini
668 1974 698 2002 et
723 1969 791 2002 eius
807 1968 944 2011 capitulo
962 1978 1054 2010 gene-

312 2027 369 2059 rali
395 2025 516 2057 indulta
541 2028 570 2056 et
593 2033 750 2062 concessa,
775 2032 832 2064 per
849 2032 920 2053 suas
937 2021 1055 2053 litteras

313 2078 518 2122 approbavit,
543 2075 742 2110 confirmavit
764 2080 793 2107 et
819 2074 1002 2115 innovavit,
1025 2080 1053 2106 et

314 2132 374 2163 alia
399 2131 533 2173 desuper
557 2128 664 2161 statuit
689 2132 720 2160 et
743 2127 908 2160 ordinavit.

359 2185 416 2225 §it
434 2184 467 2215 Et
486 2182 598 2215 deinde
615 2181 685 2223 piae
702 2179 873 2213 memoriae
890 2180 962 2212 Pius
975 2180 1056 2222 Papa

317 2236 456 2279 quintus,
472 2235 568 2268 etiam
581 2234 803 2277 praedecessor
819 2238 933 2273 noster,
948 2233 1056 2265 eodem

162 2288 391 2333 ‘'¹'¹'¹³*j,²mggerga
415 2289 545 2331 praefati
569 2286 783 2321 Cistcrciensis
801 2285 927 2318 Ordinis
941 2286 1057 2318 bonum

227 2340 432 2384 “⁰⁰J.⁵⁵1statum
468 2346 499 2374 et
534 2340 789 2373 reformationem
820 2339 883 2371 zelo
906 2344 936 2371 et
961 2339 1056 2371 animi

192 2321 220 2332 nn

206 2372 263 2384 Ursslfl
277 2372 296 2384 10

156 2394 253 2423 Ῡῑῦὲᾶθω
269 2392 529 2439 0¹·propensione
557 2393 701 2432 affectus,
726 2391 858 2434 antiqua
882 2390 931 2423 illa
957 2391 1057 2423 cidem

120 2421 183 2438 ifnis.

319 2439 439 2477 Ordini,
464 2443 499 2470 ut
522 2437 708 2480 praefertur,
725 2445 871 2468 concessa
896 2434 1059 2477 privilegia

318 2489 347 2516 et
374 2482 493 2514 indulta
518 2491 658 2524 persnas
681 2479 800 2512 litteras
828 2478 922 2511 ctiam
947 2489 1059 2521 appro-

318 2527 400 2560 bavit
426 2531 456 2559 et
480 2524 687 2563 confirmavit,
705 2534 740 2556 ac
754 2522 865 2555 litteris
881 2522 926 2555 Pii
944 2523 1058 2565 quarti,

317 2568 568 2614 praedecessoris
591 2567 764 2608 eiusmodi,
788 2566 883 2600 etiam
907 2577 982 2599 suae
1006 2576 1060 2610 ap-

353 2628 364 2650 1
386 2624 463 2650 Adde
478 2624 690 2655 praedecessores
708 2621 745 2654 (n.
765 2620 802 2653 τ.)

885 229 1065 255 BULLAtutm
1082 227 1235 252 ROMANUM

1074 279 1270 324 probationis
1286 277 1384 311 robur
1397 275 1520 315 adiectu
1534 283 1658 309 necnon
1667 273 1820 308 nonnulla

1074 333 1134 365 alia
1157 337 1346 375 opportuna,
1371 339 1428 373 pro
1454 328 1603 372 temporis
1627 327 1820 367 conditione,

1073 384 1206 428 praefati
1230 381 1443 417 Cisterciensis
1467 380 1595 414 Ordinis
1620 379 1820 413 reformatio-

1074 449 1145 472 nem
1170 435 1402 475 concernentia,
1420 434 1458 466 de
1482 443 1562 467 novo
1588 433 1690 466 eidem
1708 430 1820 464 Ordini

1072 496 1100 523 et
1127 490 1263 534 capitulo
1289 487 1428 531 generali
1453 486 1607 520 concessit
1630 491 1660 519 et
1679 483 1820 524 indulsit,

1073 548 1166 586 prout
1190 542 1223 574 in
1253 541 1385 584 singulis
1402 539 1516 572 litteris
1532 539 1681 582 praefatis
1698 537 1821 582 plenius

1073 594 1262 628 continetur.
1296 594 1371 627 Cum
1396 598 1502 625 autem
1526 592 1668 624 firmiora
1692 591 1756 624 sint
1779 599 1818 623 ea

1074 647 1188 690 quibus
1212 647 1299 679 Sedis
1316 646 1496 689 praedictae
1512 645 1636 689 saepius
1652 642 1820 678 intercedit

1073 699 1244 732 auctoritas
1257 709 1264 731 :

1116 753 1131 795 ἓ
1154 752 1183 786 3.
1208 753 1289 793 Nos,
1314 752 1476 795 cupientes
1499 755 1534 784 ut
1557 750 1630 791 illa,
1655 761 1734 794 quae
1757 751 2035 800 ρι·ο”1ξεῑξὲζῇξῃξξ

1073 805 1147 837 dicti
1172 804 1308 845 Ordinis,
1327 804 1416 839 cuius
1440 804 1534 837 decus
1557 809 1588 836 et
1601 803 1815 846 integritatem
1826 805 1983 851 ξξῑζζξζξξῑξ,
2008 802 2013 839 s
2033 809 2037 838 ἑ

1074 866 1109 889 ac
1124 856 1250 899 pristini
1265 857 1411 890 candoris
1427 856 1660 895 restitutionem
1676 867 1739 889 non
1756 856 1815 889 mi-

1823 858 1922 878 nutiones
1939 859 1961 877 et
1973 858 2018 878 ab·
2033 851 2038 885 ἱ

1074 909 1143 941 nori
1168 919 1262 952 quam
1279 910 1430 953 praedicti
1448 910 1703 954 praedecessores
1715 909 1815 943 nostri
1831 911 1866 929 ¹¹³⁸
1889 910 2038 938 ⁰⁰¹³flfl¹²¹¹2

1831 886 1880 904 tuta
1893 884 1944 903 dieti
1957 882 2017 907 oi-‹lt-

1833 937 1911 956 volens
1919 936 2020 961 quod-tr,-

1074 963 1138 995 zelo
1155 962 1347 1004 affectamus,
1360 963 1477 996 salubri
1494 963 1668 996 directione
1684 968 1749 996 tam
1764 963 1816 1007 pie
1826 963 1876 1008 {³35⁸
1884 961 2019 1013 3122?th
2035 981 2039 993 .

1075 1026 1110 1047 ac
1140 1020 1246 1048 sancte
1277 1020 1392 1048 statuta
1423 1021 1514 1057 sunt,
1538 1015 1724 1049 inconcussa
1746 1015 1917 1066 per-{31:252
1934 1013 2038 1035 ‘²⁶⁰¹‘

1076 1072 1169 1111 petuo
1192 1074 1386 1109 remaneant,
1402 1069 1545 1102 omnium
1568 1074 1598 1102 et
1623 1069 1820 1112 singularum

1080 1121 1332 1162 immunitatum,
1357 1122 1550 1163 libertatum,
1575 1122 1821 1165 exemptionum,

1079 1175 1363 1216 conset-vationum,
1409 1175 1603 1216 facultatum,
1648 1174 1823 1208 ordinatio-

1081 1238 1168 1268 num,
1193 1232 1393 1268 statutorum,
1418 1227 1667 1271 privilegiorum,
1685 1228 1823 1261 indulto-

1080 1291 1152 1313 rum
1174 1284 1204 1313 et
1229 1280 1362 1313 aliarum
1386 1280 1573 1322 gratiarum,
1596 1291 1718 1314 necnon
1741 1281 1826 1315 litte-

1082 1343 1190 1365 rarum
1214 1332 1260 1365 Pii
1286 1334 1389 1376 quarti
1407 1339 1435 1366 et
1449 1334 1495 1366 Pii
1509 1334 1622 1377 quinti,
1640 1334 1825 1377 praedeees-

1083 1395 1190 1418 sorum
1218 1385 1421 1428 huiusmodi,
1446 1392 1569 1420 tenores
1603 1388 1824 1431 praesentibus

1082 1450 1139 1483 pro
1163 1440 1354 1473 sufficienter
1377 1440 1530 1484 expressis
1558 1441 1719 1482 habentes,
1736 1446 1825 1474 motu

1083 1493 1223 1536 proprio,
1236 1503 1301 1526 non
1317 1493 1356 1525 ad
1374 1493 1496 1526 abbatis
1514 1494 1670 1537 generalis
1686 1500 1717 1528 et
1733 1505 1825 1538 supe-

1084 1545 1205 1578 riorum
1229 1545 1355 1578 Ordinis
1379 1546 1561 1579 huiusmodi
1578 1548 1625 1580 vel
1641 1549 1825 1591 quorumvis

1083 1597 1217 1631 aliorum
1246 1598 1439 1640 instantiam,
1458 1600 1512 1632 sed
1535 1600 1573 1633 de
1601 1606 1709 1634 nostra
1737 1611 1826 1635 mera

1083 1651 1268 1684 liberalitate
1285 1657 1314 1684 et
1331 1662 1367 1685 ex
1383 1657 1468 1685 certa
1480 1658 1587 1686 nostra
1604 1654 1745 1695 scientia,
1758 1664 1825 1687 om-

1084 1713 1139 1736 nes
1162 1709 1194 1736 et.
1217 1699 1356 1747 singulas
1380 1706 1420 1738 ab
1445 1706 1556 1739 abbate
1581 1707 1765 1740 monasterii
1777 1707 1825 1740 Ci-

1084 1757 1189 1790 stercii
1224 1757 1356 1801 aliisque
1388 1759 1605 1803 superioribus
1635 1766 1666 1793 et
1688 1762 1825 1804 capitulo

1084 1810 1222 1852 generali
1247 1810 1373 1844 Ordinis
1400 1812 1593 1854 huiusmodi,
1617 1813 1747 1857 eiusque
1771 1814 1826 1847 de-

1084 1863 1212 1906 putatis,
1238 1863 1462 1905 immunitates,
1488 1865 1647 1898 libertates
1671 1871 1698 1898 et
1723 1877 1826 1899 exem-

1085 1915 1207 1958 ptiones
1233 1915 1406 1958 quibusvis,
1430 1921 1494 1950 tam
1519 1918 1659 1951 virorum
1684 1930 1779 1962 quam
1795 1919 1826 1953 S.

1084 1968 1270 2001 Catharinae
1305 1969 1517 2003 Caietanensis
1544 1976 1572 2004 et
1597 1971 1627 2004 S.
1650 1971 1764 2004 Mariae
1788 1971 1827 2005 de

1084 2021 1233 2054 Coelestia
1250 2028 1460 2065 nuncupatae,
1470 2022 1680 2064 Venetiarum‚
1694 2023 1828 2067 aliisque

1085 2074 1270 2106 monialium
1294 2075 1505 2116 monasteriis,
1528 2086 1564 2108 ac
1587 2076 1781 2118 prioratibus
1796 2081 1828 2110 et

1085 2127 1154 2159 aliis
1178 2127 1376 2169 regularibus
1400 2128 1474 2161 loeis
1491 2128 1564 2161 dicti
1575 2128 1713 2171 Ordinis,
1730 2140 1765 2163 ac
1779 2130 1827 2163 di-

1086 2181 1172 2214 lectis
1189 2181 1261 2213 titiis
1279 2180 1445 2214 abbatibus
1462 2186 1494 2214 et.
1508 2182 1679 2225 prioribus,
1692 2183 1829 2216 dilectis-

1087 2246 1147 2278 que
1171 2234 1205 2267 in
1228 2234 1350 2267 Christo
1374 2234 1498 2267 filiabus
1523 2235 1688 2268 abbatissis
1700 2241 1729 2268 et
1744 2235 1828 2278 prio-

1088 2288 1174 2321 rissis
1191 2315 1199 2328 ,
1231 2297 1354 2320 necnon
1378 2288 1583 2321 conventibus
1600 2315 1608 2328 ,
1631 2288 1775 2331 capitulis
1798 2292 1830 2320 et

1089 2341 1232 2385 personis
1255 2339 1448 2381 eorumdem,
1475 2345 1538 2372 tam
1557 2340 1588 2372 in
1605 2339 1711 2381 Gallia,
1730 2338 1828 2381 Italia,

1089 2394 1260 2438 Hispania,
1284 2393 1492 2436 Pei-tugallia‚
1516 2393 1693 2433 Germania,
1716 2383 1829 2435 Anglia

1088 2454 1115 2481 et
1142 2447 1256 2488 Scotia,
1280 2456 1375 2490 quam
1399 2446 1473 2478 alibi
1500 2445 1631 2478 ubilibet.
1656 2444 1830 2477 consisten-

1089 2503 1193 2542 tibus;
1217 2501 1260 2534 ita
1283 2500 1377 2543 quod,
1401 2499 1664 2540 immunitatibus,
1678 2497 1830 2531 libertati-

1088 2557 1146 2588 bus
1169 2560 1199 2588 et
1223 2552 1474 2596 exemptionibus
1494 2551 1676 2584 huiusmodi
1693 2561 1756 2583 non
1773 2550 1829 2583 ob-

1089 2609 1265 2648 stantibus,
1289 2617 1346 2650 pro
1375 2611 1516 2649 tempore
1543 2604 1710 2638 existentes
1733 2604 1829 2637 abbas
