2059 3228
177 285 297 322 delibet
317 287 487 328 concessis,
510 287 694 332 approbatis
711 285 923 326 etinnovatis;

178 340 297 386 quihus
316 341 478 381 omnibus,
500 341 623 375 etiamsi
655 341 694 374 de
715 334 778 373 illi's
794 349 924 373 eorum-

124 409 128 412 ·
177 403 242 439 que
268 393 342 427 totis
370 394 536 428 tenoribus
556 399 586 427 et
613 393 724 427 sormis
762 392 922 436 specialis,

178 446 339 492 specifica,
359 457 507 491 expressa
541 453 570 481 et
607 446 770 481 individua
805 445 925 479 mentio

177 510 235 534 seu
258 500 387 543 quaeris
416 501 478 533 alia
508 510 658 545 eqnesso
689 498 849 538 habenda,
871 503 927 531 aut

178 553 287 598 aliqua
306 554 367 586 alia
395 554 551 597 exquisita
580 555 683 587 forma
705 553 744 586 ad
770 552 832 585 hoc
856 562 924 585 ser-

178 607 281 642 vanda
315 607 561 648 f01·ct,illorum
586 612 726 645 tenores,
762 616 798 638 ac
831 605 856 638 si
887 604 925 637 de

177 660 275 694 verbo
295 660 334 693 ad
358 661 503 700 verbum,
530 660 609 693 nihil
635 659 762 703 penitus
792 658 923 698 omisso,

179 719 212 748 et
229 713 332 747 forma
352 713 383 746 in
405 714 467 746 illis
489 713 603 747 tradita
623 713 798 752 Observata,
815 711 926 745 inserti

177 767 284 802 forent
311 768 544 812 praesentibus,
574 777 637 811 pro
659 766 856 799 sufficienter
875 776 927 798 ex-

59 837 86 871 :
121 818 124 821 ’
176 821 296 866 pressis
314 821 479 862 habentes,
501 821 564 854 illis
584 820 708 854 aliasin
732 830 790 853 suo
810 820 926 852 robore

179 875 410 919 permansuris,
432 875 493 908 hae
511 874 578 907 vice
603 874 780 913 dumtaxat,
802 872 926 917 specia-

177 927 252 962 liter
282 933 313 962 et
344 938 492 972 expresse
525 928 730 970 derogamus,
758 926 927 960 contrariis

178 981 448 1026 quibuscumque.
471 982 534 1015 Seu
554 980 762 1025 sialiquibus,
783 991 928 1013 commu-

178 1034 262 1068 niter
280 1035 329 1068 vel
348 1035 483 1075 divisim,
511 1036 550 1067 ab
571 1034 755 1078 Apostolica
775 1033 815 1066 sit
846 1033 927 1066 Sede

178 1087 339 1122 indultum
359 1089 446 1132 quod
467 1086 791 1130 interdici,suspendi
816 1087 865 1120 rel
878 1097 929 1119 ex-

179 1141 412 1175 communicari
433 1152 499 1174 non
519 1141 642 1185 possint
671 1151 728 1184 per
748 1139 869 1172 litteras
895 1150 928 1171 a-

179 1195 352 1240 postolicas
376 1205 440 1228 non
474 1194 626 1228 facientes
655 1194 783 1237 plenam
821 1198 850 1226 et
879 1203 929 1225 ex-

179 1259 324 1294 pressam
336 1260 372 1283 ac
388 1249 427 1282 de
439 1249 535 1282 verbo
548 1248 587 1281 ad
601 1248 735 1281 verbum
750 1247 788 1280 de
802 1247 929 1280 indulto

180 1302 368 1336 huiusmodi
387 1302 596 1336 mentionem.

182 1367 186 1397 j
225 1356 241 1401 ᾗ
261 1355 291 1389 7.
318 1356 440 1401 thuia
455 1355 587 1389 difficile
599 1355 681 1388 soret
696 1354 826 1387 easdem
839 1363 931 1397 prae-

182 1416 289 1444 sentes
307 1410 348 1443 ad
371 1410 497 1453 singula
526 1419 673 1453 quaeque
693 1408 765 1441 loca
799 1407 929 1446 deferri,

182 1464 330 1504 yolumus
346 1469 377 1497 et
393 1463 596 1497 declaramus
615 1462 702 1506 quod
723 1471 835 1494 earum
848 1466 933 1493 tran-

181 1517 331 1561 sumptis,
357 1517 451 1550 etiam
481 1515 645 1559 impressis
666 1520 696 1548 et
716 1526 813 1548 manu
834 1514 933 1547 alieu-

181 1570 232 1605 ius
263 1570 381 1604 notarii
405 1570 527 1615 publici
555 1568 745 1612 subscriptis
773 1574 805 1602 et
828 1568 932 1610 sigillo

181 1624 319 1658 alieuius
347 1634 503 1668 personae
531 1623 563 1655 in
598 1622 751 1666 dignitate
783 1622 934 1654 ecclesia-

182 1678 262 1712 stica
281 1677 470 1711 constitutae
496 1676 640 1716 munitis,
662 1675 776 1709 eadem
801 1685 934 1718 prorsus

182 1731 263 1766 fides
282 1731 480 1775 ubicumque
495 1731 667 1770 habeatur,
682 1739 766 1774 quae
786 1739 935 1773 praesen-

184 1785 270 1819 tibus
297 1785 482 1826 haberetur,
512 1784 537 1817 si
571 1784 676 1817 forent
704 1783 866 1817 exhibitae
885 1783 934 1816 vel

185 1843 341 1873 ostensae.

229 1891 342 1926 Datum
361 1891 482 1924 Romae
502 1891 588 1935 apud
615 1885 933 1930 Sanctum'Petrum,

187 1944 246 1978 sub
265 1944 386 1978 annulo
404 1944 585 1984 piscatoris,
602 1944 652 1977 die
669 1944 834 1987 trigesima
849 1943 936 1985 maii,

187 1998 358 2042 millesimo
367 1997 626 2042 quingentesimo
642 1997 862 2041 octuagesimo
873 1998 938 2042 pri-

189 2061 253 2093 ¹110,
276 2051 480 2095 pontificatus
500 2051 600 2085 nostri
621 2061 705 2085 anno
724 2061 755 2084 x.

250 2109 312 2141 Dat.
327 2110 374 2141 die
392 2109 431 2140 30
446 2109 515 2139 maii
533 2110 620 2147 1581,
640 2109 744 2149 pontis.
764 2118 840 2140 anno
855 2118 883 2139 x.

509 2324 623 2359 CXXX.

183 2410 240 2444 'Dc
265 2411 458 2444 mwtoritate
489 2409 866 2452 mellicensi-aternitatis
900 2412 938 2445 B.

206 2457 364 2498 ‘Martae
404 2463 547 2506 Viryinis
568 2463 758 2506 Confalonis
791 2465 828 2497 de
863 2465 943 2499 Urbe

237 2527 446 2562 quoscumque
470 2517 694 2559 christifideles
713 2517 747 2550 S.
770 2518 810 2550 R.
834 2519 872 2551 E.
891 2520 943 2552 di-

241 2570 324 2603 tioni
341 2570 506 2610 subiectos,
515 2570 645 2613 pior-um
656 2570 861 2614 eleemosynis
875 2583 945 2615 per-

183 2619 190 2673 ἶ
239 2623 380 2667 qnisitis,
406 2623 445 2656 ab
470 2623 652 2666 infidelium
682 2624 870 2668 captivitate
894 2636 944 2659 re-

762 231 940 258 GREGORWS
962 230 1017 255 UH
1040 228 1088 254 ΪΨ.

1011 282 1168 321 (timendi,
1195 282 1330 326 (tuosque
1347 285 1537 321 carceratos,
1567 280 1603 313 in
1636 280 1716 322 festo

1012 336 1151 369 eiusdem
1172 336 1210 368 B.
1230 336 1354 368 ,llariae
1367 340 1394 367 et
1416 336 1449 367 in
1467 335 1533 367 eius
1549 333 1713 374 honorem,

1010 399 1098 422 anno
1118 389 1255 432 quolibet
1275 389 1436 421 liberandi·
1458 387 1481 420 ¹.

1010 468 1156 504 Gregorius
1175 468 1315 503 episcopus
1335 475 1430 497 servus
1452 474 1591 496 servorum
1613 467 1669 500 Del.

1059 545 1062 550 .
1113 522 1147 550 ad
1163 523 1322 557 perpetuam
1339 522 1379 550 rei
1398 522 1566 550 memoriam.

1011 593 1209 626 Christianae
1226 592 1393 626 nobiscum
1410 592 1573 635 religionis
1585 601 1714 631 consor-

968 651 1024 685 tes,
1049 646 1133 689 gravi
1155 646 1343 691 captivitatis
1363 652 1394 679 et
1414 646 1570 679 servitutis
1598 647 1671 689 iugo
1696 656 1713 678 a

968 700 1133 733 christiani
1154 700 1294 733 nominis
1314 700 1459 733 hostibus
1471 710 1640 744 oppressos
1656 700 1714 732 du-

970 753 1075 798 risque
1088 754 1241 797 operibus
1252 753 1396 798 quotidie
1405 759 1543 794 vexatos,
1560 754 1715 787 imnwnsa

969 808 999 840 S,
1023 807 1129 840 Matris
1144 807 1304 841 Ecclesiae
1326 806 1495 840 clementia
1515 807 1565 850 pie
1583 808 1715 840 misera-

970 868 1032 902 tur,
1055 871 1233 904 eorumque
1254 860 1455 900 afflictiones,
1474 860 1549 893 susis
1570 861 1606 893 ad
1622 860 1716 893 mise-

970 915 1185 947 ricordiarum
1201 915 1325 947 Patrem
1339 919 1369 947 et
1381 914 1476 947 totius
1491 914 1717 947 consolationis

969 968 1081 1009 Deum,
1107 968 1227 1001 devotis
1251 968 1413 1012 precibus,
1437 968 1597 1008 adiurare,
1622 974 1717 1012 atque

971 1021 1002 1053 in
1030 1021 1167 1054 aliorum
1190 1021 1441 1054 christianorum
1463 1021 1662 1060 memoriam,
1686 1021 1717 1053 in

970 1075 1110 1118 mysticis
1130 1075 1266 1108 maxime
1287 1081 1317 1107 et
1337 1075 1376 1107 ad
1398 1075 1614 1118 purificandas
1639 1074 1717 1107 lide-

971 1129 1049 1161 lium
1071 1129 1344 1162 mentessanctius
1365 1129 1518 1161 institutis
1530 1128 1653 1168 dicbus,
1672 1138 1718 1161 re-

971 1192 1083 1215 vocare
1100 1194 1165 1216 non
1182 1183 1373 1216 intermittit.
1392 1179 1482 1221 Quod
1497 1183 1637 1215 clemens
1648 1181 1718 1226 piae

972 1236 1082 1269 matris
1102 1237 1243 1270 osticium
1273 1247 1330 1269 nos
1350 1246 1480 1280 quoque
1501 1236 1648 1268 admonet
1685 1240 1720 1268 ut

973 1289 1164 1323 miserorum
1187 1291 1384 1334 captivorum
1402 1289 1565 1322 aerumnis
1585 1299 1718 1322 succur-

974 1353 1095 1385 ramus,
1118 1344 1319 1387 fratrumque
1349 1343 1536 1376 charitatem
1561 1343 1599 1375 ad
1621 1342 1717 1382 idem,

973 1402 1129 1439 quantum
1150 1398 1182 1430 in
1204 1397 1296 1430 nobis
1312 1402 1368 1438 est,
1387 1397 1573 1437 excitemus,
1586 1406 1638 1435 ne,
1652 1396 1720 1427 lan-

973 1457 1145 1494 guescente
1178 1452 1333 1496 paulatim
1358 1451 1507 1484 extremis
1533 1450 1623 1483 malis
1643 1460 1720 1482 con<

974 1506 1111 1538 llictatae
1123 1506 1227 1538 earnis
1239 1505 1436 1545 infirmitate,
1446 1510 1473 1537 et
1483 1505 1571 1537 hoste
1582 1504 1720 1543 diabolo,

975 1570 1006 1592 sc
1028 1558 1174 1600 infirmis,
1204 1564 1233 1592 et
1266 1559 1353 1592 verbi
1387 1559 1441 1592 Dei
1467 1557 1720 1601 praedicatione,

975 1613 1209 1646 sacrificiorum
1248 1618 1278 1646 et
1302 1618 1577 1646 sacramentorum
1611 1611 1722 1643 solatio

976 1666 1136 1700 destitutis
1164 1677 1278 1700 eorum
1317 1665 1490 1705 mentibus,
1526 1665 1720 1699 insinuante,

976 1720 1192 1763 desperationi
1213 1719 1474 1754 succumbentes.
1497 1719 1534 1751 ad
1558 1724 1723 1761 susceptae

976 1773 1008 1806 in
1028 1774 1187 1817 baptismo
1198 1773 1496 1807 {ideislesertionem
1518 1772 1723 1810 inducantur;

977 1828 1184 1871 tandemque,
1219 1838 1292 1860 cum
1328 1827 1429 1867 nulla,
1470 1826 1593 1868 siquam
1627 1825 1725 1857 habe-

977 1882 1066 1922 bant,
1089 1881 1223 1914 subsidii
1242 1892 1313 1924 spes
1326 1885 1489 1924 appareat,
1508 1880 1547 1912 ad
1563 1885 1724 1911 aeternam

978 1936 1219 1979 redemptarum
1242 1934 1381 1977 pretioso
1408 1933 1532 1966 Domini
1546 1932 1646 1965 nostri
1658 1933 1726 1965 Iesu

978 1988 1095 2022 Christi
1127 1988 1281 2031 sanguine
1302 1987 1484 2020 animarum
1511 1986 1726 2030 perditionem

979 2042 1094 2075 misere
1116 2042 1345 2085 perducantur.

1024 2096 1038 2139 ἓ
1060 2096 1090 2128 t.
1113 2095 1228 2134 Quare,
1252 2105 1292 2127 ne
1322 2093 1521 2133 huiusmodi,
1551 2104 1630 2135 quae
1660 2099 1727 2127 toto

980 2149 1087 2182 animo
1108 2148 1338 2187 horrescimus,
1353 2147 1510 2186 accidant,
1529 2157 1605 2179 nove
1618 2147 1648 2179 in
1665 2159 1727 2191 qua

980 2213 1015 2235 re
1053 2202 1150 2235 saeris
1186 2201 1284 2234 rebus
1308 2206 1338 2234 et
1367 2201 1514 2244 pretiosis
1547 2201 1629 2234 vasis
1663 2212 1726 2234 non

981 2256 1138 2300 parcitur,
1160 2260 1190 2288 et
1208 2255 1241 2287 in
1256 2265 1320 2297 qna
1338 2265 1356 2287 a
1375 2254 1439 2287 Deo
1459 2254 1575 2287 acriter
1594 2254 1729 2288 interro-

981 2320 1096 2352 gamur
1116 2319 1175 2341 cur
1194 2313 1239 2341 tot
1260 2307 1373 2351 captivi
1394 2307 1426 2340 in
1443 2308 1657 2351 captivitatem
1674 2309 1729 2341 du-

983 2363 1024 2396 cti
1045 2367 1117 2395 sunt
1137 2361 1377 2405 necredempti,
1390 2362 1588 2404 negligentes
1608 2362 1730 2395 diutius

984 2416 1091 2455 fuisse,
1117 2422 1170 2448 aut
1191 2415 1365 2459 quicquam
1386 2415 1558 2459 pretiosius
1583 2427 1679 2459 quam
1699 2427 1731 2449 a-

984 2470 1086 2502 nimas
1107 2470 1192 2513 ipsas
1213 2469 1362 2502 habuisse
1391 2480 1578 2512 arguamur,
1601 2471 1730 2513 quando

984 2529 1091 2557 nostra
1119 2531 1147 2555 et
1173 2523 1263 2556 Sedis
1300 2523 1500 2566 Apostolieae
1543 2524 1731 2557 auctoritate

1022 2592 1031 2617 1
1050 2590 1109 2617 Alia
1130 2590 1164 2617 de
1180 2589 1232 2617 hac
1252 2589 1397 2618 sodalitate
1418 2590 1550 2625 superius
1561 2591 1670 2626 dixi2ael
1685 2592 1730 2618 hu-

986 2635 1031 2664 ius
1051 2634 1196 2663 Pontificis
1211 2638 1301 2662 const.
1318 2641 1383 2669 Lvn,
1406 2635 1535 2669 Pastoris,
1555 2643 1616 2672 pag.
1643 2637 1698 2663 145.

1729 224 1782 253 An.
1801 223 1827 253 c.
1843 226 1906 264 ¹⁵8¹

1744 601 1911 624 Christianorum

1727 636 1779 663 flpw]
1816 636 1915 657 infidele.

1729 667 1857 693 eaptivurun»
1873 671 1915 685 m·-

1728 698 1747 719 la
1776 698 1808 718 liic
1841 695 1915 723 Ponttq

1728 729 1762 751 tex
1777 728 1882 756 deplorat,

1768 2109 1792 2130 Et
1806 2109 1831 2130 ad
1846 2108 1926 2131 libora-

1743 2141 1821 2161 tionem
1845 2144 1867 2161 et
1888 2146 1926 2161 re-

1742 2173 1927 2199 demptionenieo-

1743 2211 1786 2224 rum
1799 2204 1888 2231 quisunt
1901 2204 1926 2223 «lo

1742 2235 1800 2256 Statu
1820 2234 1927 2256 Ecclesia-

1743 2269 1796 2289 utico
