2059 3228
171 270 264 304 cuius
278 270 411 304 alterius
430 271 649 314 recognitione
669 276 700 304 et
715 272 920 314 superinten-

171 323 291 362 dentia,
331 329 487 368 perpetuo
518 322 719 363 subiicimus,
756 323 921 368 ipsiusque

171 376 328 410 Mai-chiae.
353 384 383 410 et
414 377 649 420 cuiuscumque
682 377 814 410 alterius
845 387 920 420 pro-

171 430 294 464 vinciae
313 441 369 463 seu
389 430 452 463 loci
473 430 602 473 legatis,
629 430 723 463 etiam
749 429 788 463 de
810 430 919 470 latere,

171 483 493 527 praesidentibusque
517 488 549 516 et
571 482 841 526 gubernatoribus
870 484 922 516 de-

170 546 271 581 super
290 542 484 580 perpetuum
512 535 677 569 silentium
706 536 839 569 omnino
864 536 921 568 im-

172 589 336 633 ponimus.

217 643 234 686 §
253 643 284 676 4.
307 643 438 676 Necnon
459 642 570 686 inipsa
584 641 709 675 civitate
725 642 820 674 Esma
838 643 923 674 eius-

175 706 238 740 que
252 695 413 736 districtu,
436 695 603 736 comitatu,
630 695 736 735 terris,
762 695 874 728 castris
893 700 923 728 et

175 747 253 783 locis
263 748 437 793 praedictis
448 759 548 781 unum
570 748 727 792 amplum,
741 748 922 780 absolutum

174 806 206 836 et
232 801 397 845 peculiare
423 800 629 843 gubernium,
650 801 690 834 ab
719 800 806 833 omni
839 801 924 843 lega-

175 854 263 888 tione
282 859 314 887 et
339 864 548 898 quocumque
577 854 641 886 alio
666 853 824 896 gubernio
845 854 925 886 libe-

176 918 250 942 rum
273 913 307 941 et
326 913 524 951 exemptum,
546 918 605 951 pro
625 918 691 940 uno
711 907 926 949 gubernatore

175 972 195 995 a
215 960 306 994 nobis
325 965 357 994 et
373 960 613 993 successoribus
638 960 756 993 nostris
777 959 927 992 Romanis

177 1013 388 1048 Pontificibus
407 1013 556 1057 eligendo
581 1019 612 1046 et
639 1013 848 1054 nominando,
870 1024 926 1046 seu

178 1068 241 1101 iam
261 1077 321 1112 per
338 1076 397 1100 nos
421 1067 523 1100 electo
541 1072 573 1100 et
589 1066 765 1099 nominato.

30 706 70 725 ‘iu-
86 704 159 730 tuber-

25 738 58 758 ·ris
73 736 159 760 mumi-

23 767 133 789 *muminit-

179 1227 314 1261 alterius
336 1226 562 1270 gubernatoris
582 1225 846 1269 recognitionem,
874 1236 928 1258 su-

816 218 918 244 stx'rus
942 218 959 241 V
983 219 1029 243 ΡΡ.

1603 208 1675 242 975*

962 271 1061 311 vium,
1085 270 1276 310 incolarum,
1303 270 1532 311 habitatorum,
1555 281 1708 315 persona-

963 333 1048 360 rum,
1070 333 1178 355 rerum
1204 330 1235 356 et
1260 323 1431 363 bonorum,
1454 330 1489 356 ut
1513 324 1706 367 praefertur,

962 377 1010 409 vel
1032 376 1110 410 alias
1133 376 1387 419 quomodolibet,
1410 387 1447 410 ac
1480 377 1592 420 quavis
1612 388 1708 411 causa

962 436 993 463 et
1016 429 1184 463 occasione
1210 436 1323 470 motaS,
1350 430 1526 463 dummodo
1551 430 1589 463 ad
1615 441 1708 474 prae-

961 493 1034 516 sens
1066 493 1131 516 non
1169 483 1231 515 sint
1262 483 1337 516 alibi
1373 483 1546 516 instructae
1570 483 1617 516 vel
1653 494 1710 527 per

961 536 1229 580 compromissum
1247 535 1459 575 introductae,
1472 541 1503 569 et
1519 536 1550 568 in
1564 536 1706 569 futurum

963 589 1271 632 quomodocumque
1291 589 1472 621 movendas

1007 641 1022 684 ᾗ
1041 641 1071 674 6.
1095 640 1168 674 Sine
1182 646 1288 674 tamen
1313 641 1469 674 auditoris
1486 641 1655 683 generalis,
1678 648 1708 674 et
1748 649 1812 701 ‹dt-pm.v
1831 650 1903 676 im«.

1723 688 1748 702 au
1767 685 1825 701 llssflfl
1843 684 1863 700 el
1883 685 1907 700 .-

1724 218 1774 244 Αιι.
1794 217 1812 244 e
1840 209 1904 245 1527

950 694 1108 731 ,iudicum
1143 694 1437 727 commissariorum
1469 694 1706 738 praedictorum
1723 713 1802 739 „ww
1815 713 1906 732 omma-

966 747 1173 790 praeiudicio,
1191 752 1221 779 et
1240 748 1323 779 salva
1342 757 1454 779 eorum
1474 747 1706 788 iurisdictione,
1723 743 1787 764 ’Μ’
1802 745 1907 763 “mm‘'

965 811 1001 832 ae
1022 800 1162 843 exeeptis
1181 800 1286 832 causis
1305 799 1528 833 ecclesiasticis
1548 799 1587 832 ad
1604 800 1709 833 sorum
1910 788 1914 792 ”

965 852 1217 886 ecclesiasticum
1260 863 1318 896 pro
1358 858 1503 896 tempore
1549 852 1711 886 existentis

965 906 1107 950 episcopi
1127 905 1213 938 Esini
1230 905 1379 950 illiusque
1393 906 1528 944 curiam,
1546 905 1631 938 iuxta
1648 906 1711 937 sor-

967 969 1049 992 mam
1062 969 1222 991 canonum
1238 970 1274 991 ac
1292 958 1373 991 sacri
1385 958 1514 992 concilii
1533 958 1711 991 Tridentini

966 1013 1169 1045 decretorum
1201 1012 1420 1055 spectantibus
1447 1019 1477 1044 et
1507 1011 1709 1056 spectaturis,

967 1075 1025 1108 per
1041 1075 1074 1097 se
1098 1075 1236 1107 suosque
1257 1064 1418 1097 ministros
1436 1075 1543 1107 agere,
1562 1070 1710 1101 tractare,

223 1121 239 1164 ξ
265 1121 296 1154 5.
317 1119 378 1160 Qui
405 1125 516 1153 nostro
553 1126 585 1153 et
611 1119 643 1153 S.
675 1120 711 1153 R.
735 1119 769 1152 E.
797 1118 927 1152 nomine
946 1112 949 1155 1
967 1118 1092 1156 audire,
1108 1127 1314 1160 cognoscere,
1335 1117 1485 1150 decidere
1506 1118 1632 1160 fineque
1653 1116 1710 1148 de-

149 1193 165 1219 ·—
178 1174 261 1208 eitra
284 1173 423 1207 alicuius
441 1173 535 1216 legati
561 1174 609 1206 vel
633 1172 846 1217 praesidentis
874 1178 929 1205 aut
947 1160 1047 1219 ξὺίῑο,
1067 1171 1184 1203 iustitia
1205 1170 1375 1209 mediante,
1397 1169 1579 1203 terminare.
1599 1165 1603 1168 ’

1012 1224 1027 1267 ἓ
1047 1224 1077 1257 7.
1091 1223 1310 1267 Omnibusque
1322 1229 1351 1256 et
1369 1223 1503 1266 singulis
1522 1222 1711 1261 bonoribus,
1738 1224 1909 1259 ,memmim-

1728 1256 1776 1276 liuru
1803 1256 1910 1275 viru-‘uum

180 1280 472 1326 perintendentiam
493 1285 548 1312 aut
567 1279 812 1323 dependentiam
835 1289 870 1311 ac
890 1279 929 1312 ab
969 1277 1153 1322 privilegiis,
1176 1276 1380 1309 facultatibus
1399 1281 1430 1308 et
1449 1275 1712 1319 praeeminentiis,
1729 1286 1837 1313 prinu-gna
1852 1290 1911 1306 com<

183 1334 246 1367 illis
264 1332 418 1378 privative
437 1333 596 1366 civitatem
617 1333 756 1371 Esinam,
785 1344 820 1364 ac
846 1332 930 1364 illius
946 1332 951 1357 ¹
969 1330 1085 1373 quibus
1105 1329 1266 1363 civitatum
1279 1334 1459 1363 nostrarum
1472 1329 1633 1367 Fanensis,
1652 1329 1715 1361 An-
1729 1323 1829 1338 ¹¹¹⁰¹¹¹“'¹‘'

182 1386 364 1421 districtum
385 1393 416 1419 et
427 1386 629 1426 comitatum,
645 1396 822 1428 eorumque
836 1385 929 1424 cives,
970 1383 1150 1423 conitanae,
1174 1383 1338 1416 Firmanae
1363 1387 1393 1415 et
1412 1382 1601 1421 Asculanae,
1634 1387 1716 1415 cete-

183 1440 318 1481 incolas,
330 1440 537 1479 habitatores,
551 1450 716 1483 personas,
734 1449 784 1471 res
803 1444 832 1470 et
848 1439 929 1471 bona

182 1503 410 1538 quaecumque
430 1499 520 1535 regat
543 1498 573 1525 et
596 1492 763 1535 gubernet,
793 1503 829 1523 ac
854 1491 932 1524 libe-

185 1557 265 1585 ram,
281 1547 421 1590 amplam
446 1551 476 1579 et
495 1546 713 1579 omnimodam
736 1544 931 1577 iurisdictio-

185 1609 274 1640 nem,
299 1605 503 1644 potestatem,
526 1599 748 1632 auctoritatem
774 1604 804 1630 ot
837 1608 931 1641 supe-

186 1652 366 1686 rioritatem
388 1653 421 1685 in
440 1653 528 1685 illam
549 1658 579 1685 et
598 1652 670 1684 illos
689 1651 825 1684 iuridico
846 1662 934 1683 excr-

144 1750 148 1754 Δ
185 1711 268 1747 neat,
290 1716 417 1740 necnon
436 1705 555 1744 civiles,
580 1704 758 1737 ordinarias
782 1704 813 1736 in
831 1704 933 1747 prima

189 1759 337 1792 instantia
367 1769 426 1804 per
458 1759 728 1792 locumtenentom
765 1768 858 1790 suum
886 1757 933 1790 vel

189 1812 330 1846 iudicem
355 1811 557 1846 ordinarium
590 1811 770 1855 praedictae
801 1811 936 1843 civitatis

189 1871 328 1907 tantum,
351 1866 395 1899 ita
409 1871 446 1898 ut
468 1864 687 1909 praeventioni
702 1864 790 1896 locus
819 1863 876 1903 sit,
908 1869 937 1896 ot

189 1919 231 1953 de
250 1929 316 1952 uno
335 1918 375 1952 ad
394 1929 507 1952 eorum
524 1919 673 1958 alterurn,
692 1916 747 1960 qui
767 1927 831 1950 non
852 1917 936 1949 iudi-

191 1972 324 2012 caverit,
345 1976 376 2005 et
394 1970 524 2005 demum
557 1971 597 2003 ad
618 1971 722 2013 ipsum
742 1969 936 2012 gubernato-

193 2035 262 2058 rem
281 2024 437 2069 appellari
449 2024 560 2068 possit;
583 2023 723 2066 reliquas
732 2033 806 2055 vero
817 2022 936 2061 civiles,

193 2077 385 2111 summarias
394 2077 538 2110 videlicet
557 2082 587 2109 et
606 2075 794 2117 executum,
812 2086 938 2108 necnon

195 2130 379 2164 criminales
397 2141 434 2164 ac
454 2131 689 2170 fideiussiones,
713 2140 818 2173 paces,
846 2129 939 2162 etiam

197 2184 343 2217 inducias
364 2184 554 2227 praedictas,
569 2183 664 2216 etiam
684 2188 776 2215 autea
788 2182 847 2214 sub
859 2182 940 2214 dicta

198 2237 288 2270 curia
311 2237 452 2280 generali
477 2238 574 2270 semel
603 2237 650 2270 vel
684 2236 805 2279 pluries
834 2235 940 2273 initas,

198 2292 308 2330 saetas,
321 2290 468 2333 impletas
488 2295 543 2323 aut
560 2290 735 2328 innovatas,
749 2288 827 2322 etde
837 2293 943 2321 cetero

199 2343 259 2375 sub
270 2343 337 2386 ipsa
348 2343 439 2376 curia
452 2343 547 2375 Esina
557 2342 726 2381 ineundas,
741 2340 941 2383 frangendas,

200 2391 380 2435 implendas
399 2398 429 2424 et
455 2391 664 2430 innovandas,
695 2401 732 2422 ac
761 2400 819 2432 pro
843 2388 942 2428 initis,

202 2439 321 2479 ‚sn-actis,
358 2439 500 2483 impletis
530 2446 561 2472 et
589 2438 746 2471 innovatis
770 2437 945 2480 respective

202 2488 366 2520 habendas
384 2487 518 2521 civitatis
533 2488 646 2520 lisinae
666 2497 703 2519 ac
717 2486 803 2518 illius
822 2485 947 2517 distric-

203 2541 264 2576 tus,
289 2535 471 2576 comitatus,
492 2541 652 2568 terrarum
681 2541 735 2567 aut
769 2540 946 2567 castrorum

202 2590 234 2617 et
255 2585 399 2618 locorum
420 2584 658 2629 praedictorum
686 2592 867 2626 eorumque
901 2581 947 2615 ci·
964 2588 972 2629 ῃ

971 1436 1062 1480 rique
1082 1436 1173 1469 liberi
1198 1436 1441 1479 gubernatores,
1468 1441 1610 1468 nostram
1649 1441 1717 1467 tau-

970 1495 1038 1522 tum
1059 1496 1090 1522 et
1115 1490 1219 1522 dictae
1239 1490 1329 1522 Sedis
1356 1488 1592 1528 auctoritatem,
1620 1488 1715 1521 iuris-

972 1543 1143 1576 dietionem
1173 1548 1204 1575 ct
1245 1542 1502 1586 superioritatem
1535 1541 1717 1573 immediate

974 1601 1250 1638 recognoscentes,
1272 1595 1310 1628 de
1331 1595 1399 1627 iure
1420 1595 1465 1626 rel
1487 1594 1719 1627 consuetudine

974 1660 1029 1682 seu
1045 1660 1081 1682 ex
1103 1648 1268 1692 privilegio
1287 1654 1338 1680 aut
1353 1648 1429 1680 alias
1449 1647 1554 1687 vigore
1568 1657 1718 1690 quarum-

975 1712 1114 1745 cumque
1122 1702 1299 1735 litterarum
1310 1701 1570 1744 apostolicarum,
1580 1698 1719 1743 quar'uui

975 1761 1115 1795 tenores,
1137 1756 1268 1794 formas,
1288 1754 1458 1798 compendi
1476 1765 1512 1786 ac
1526 1753 1718 1786 datasetiam

976 1809 1197 1855 praesentibus
1216 1808 1326 1841 haberi
1346 1808 1493 1840 volumus
1517 1817 1575 1850 pro
1595 1816 1720 1849 expres-

975 1862 1030 1902 sis,
1049 1862 1353 1906 quomodocumque
1380 1866 1527 1898 utuntur,
1554 1860 1731 1897 fruuntur,.

977 1915 1145 1959 potiuntur
1158 1920 1188 1947 et
1202 1914 1352 1957 gaudent,
1367 1910 1403 1946 ac
1418 1913 1476 1952 uti,
1492 1913 1566 1951 frui,
1581 1911 1675 1955 potiri
1692 1917 1721 1944 et

979 1968 1118 2011 gaudere
1151 1972 1284 2011 possunt
1308 1973 1339 1999 et
1371 1972 1520 2010 poterunt
1547 1964 1723 2007 quomodo-

979 2021 1058 2053 libet
1082 2020 1115 2053 in
1143 2021 1305 2060 futurum,
1327 2019 1566 2062 parit'ormiter,
1601 2017 1721 2059 absque

980 2074 1045 2106 ulla
1061 2084 1194 2117 prorsus
1213 2071 1403 2110 differentia,
1417 2071 1474 2111 uti,
1492 2070 1566 2111 frui,
1583 2069 1678 2114 potiri
1693 2074 1723 2102 et

981 2126 1120 2170 gaudere
1139 2126 1239 2159 libere
1259 2132 1291 2159 et
1314 2125 1400 2158 licite
1421 2125 1529 2168 possit.

1026 2181 1038 2217 ξ
1058 2179 1089 2211 8.
1111 2179 1190 2211 Cum
1205 2178 1319 2211 salario
1338 2184 1369 2211 et
1393 2177 1551 2221 stipendio
1575 2176 1653 2209 alias
1669 2186 1725 2208 au·
1741 2178 1926 2230 beffffiziffutjlj

982 2241 1033 2265 cto
1057 2232 1289 2275 quinquaginta
1309 2237 1473 2264 scutorum
1499 2234 1724 2272 argenteorum
1742 2244 1797 2266 gna.

984 2291 1131 2318 monetae
1152 2285 1278 2317 illarum
1295 2283 1447 2328 partium,
1469 2284 1494 2315 si
1516 2283 1583 2326 ipse
1610 2282 1725 2324 guber-

984 2345 1077 2370 nator
1099 2337 1193 2370 suerit
1220 2337 1250 2369 in
1275 2337 1383 2379 aliqua
1407 2333 1593 2378 praelatura
1608 2333 1729 2367 consti·

986 2392 1090 2424 tutus;
1116 2385 1259 2428 alioquin
1288 2384 1416 2424 triginta
1440 2389 1604 2416 scutorum
1637 2382 1727 2415 simi-

986 2435 1065 2467 lium
1085 2434 1248 2466 dumtaxat
1272 2443 1331 2476 pro
1351 2432 1491 2475 quolibet
1505 2442 1622 2471 mense,
1643 2432 1729 2464 iuxta

987 2484 1089 2515 dictae
1103 2482 1238 2515 civitatis
1257 2482 1370 2514 Esinae
1385 2480 1535 2524 illiusque
1551 2480 1732 2513 communi-

989 2531 1060 2564 tatis
1079 2537 1107 2563 et
1129 2531 1296 2563 bominum
1314 2529 1449 2563 concilia
1465 2529 1540 2562 olim
1556 2529 1727 2562 celebrata.

1032 2578 1096 2623 {9-
1120 2579 1155 2612 Et
1176 2589 1248 2612 cum
1274 2589 1334 2612 usu
1359 2584 1389 2611 et
1413 2577 1657 2611 manutentione
1677 2588 1731 2611 ca-
