<?xml version="1.0" encoding="UTF-8"?>
<!DOCTYPE html PUBLIC "-//W3C//DTD XHTML 1.0 Transitional//EN"
    "http://www.w3.org/TR/xhtml1/DTD/xhtml1-transitional.dtd">
<html xmlns="http://www.w3.org/1999/xhtml" xml:lang="en" lang="en">
 <head>
  <title>
</title>
<meta http-equiv="Content-Type" content="text/html;charset=utf-8" />
  <meta name='ocr-system' content='tesseract 3.04.00' />
  <meta name='ocr-capabilities' content='ocr_page ocr_carea ocr_par ocr_line ocrx_word'/>
</head>
<body>
  <div class='ocr_page' id='page_1' title='image "./bullarumdiplomat08cath_0884.png"; bbox 0 0 2059 3228; ppageno 0'>
   <div class='ocr_carea' id='block_1_1' title="bbox 85 202 266 232">
    <p class='ocr_par' dir='ltr' id='par_1_1' title="bbox 85 202 266 232">
     <span class='ocr_line' id='line_1_1' title="bbox 85 202 266 232; baseline 0 -1"><span class='ocrx_word' id='word_1_1' title='bbox 85 203 138 231; x_wconf 81' lang='lat' dir='ltr'>An.</span> <span class='ocrx_word' id='word_1_2' title='bbox 158 202 185 231; x_wconf 87' lang='lat' dir='ltr'>C.</span> <span class='ocrx_word' id='word_1_3' title='bbox 201 202 266 232; x_wconf 81' lang='lat'>1587</span> 
     </span>
    </p>
   </div>
   <div class='ocr_carea' id='block_1_2' title="bbox 328 181 390 229">
    <p class='ocr_par' dir='ltr' id='par_1_2' title="bbox 328 181 390 229">
     <span class='ocr_line' id='line_1_2' title="bbox 328 181 390 229; baseline 0 -1"><span class='ocrx_word' id='word_1_4' title='bbox 328 181 390 229; x_wconf 64' lang='lat' dir='ltr'>aas</span> 
     </span>
    </p>
   </div>
   <div class='ocr_carea' id='block_1_3' title="bbox 280 246 1053 2621">
    <p class='ocr_par' dir='ltr' id='par_1_3' title="bbox 280 246 1053 2621">
     <span class='ocr_line' id='line_1_3' title="bbox 282 246 1053 301; baseline -0.008 -13"><span class='ocrx_word' id='word_1_5' title='bbox 282 257 464 301; x_wconf 84' lang='lat' dir='ltr'>primaevae</span> <span class='ocrx_word' id='word_1_6' title='bbox 477 261 508 289; x_wconf 88' lang='lat' dir='ltr'>et</span> <span class='ocrx_word' id='word_1_7' title='bbox 524 255 667 297; x_wconf 66' lang='lat' dir='ltr'>integrao</span> <span class='ocrx_word' id='word_1_8' title='bbox 683 250 880 286; x_wconf 76' lang='lat' dir='ltr'>fundationis</span> <span class='ocrx_word' id='word_1_9' title='bbox 899 261 936 284; x_wconf 89' lang='lat' dir='ltr'>ac</span> <span class='ocrx_word' id='word_1_10' title='bbox 957 260 1031 293; x_wconf 87' lang='lat' dir='ltr'>per·</span> <span class='ocrx_word' id='word_1_11' title='bbox 1050 246 1053 248; x_wconf 78' lang='grc'><strong>’</strong></span> 
     </span>
     <span class='ocr_line' id='line_1_4' title="bbox 282 303 1032 353; baseline -0.009 -11"><span class='ocrx_word' id='word_1_12' title='bbox 282 315 397 353; x_wconf 76' lang='lat' dir='ltr'>petuac</span> <span class='ocrx_word' id='word_1_13' title='bbox 417 308 586 342; x_wconf 77' lang='lat' dir='ltr'>dotationis</span> <span class='ocrx_word' id='word_1_14' title='bbox 597 317 635 340; x_wconf 84' lang='lat' dir='ltr'>ex</span> <span class='ocrx_word' id='word_1_15' title='bbox 648 305 742 339; x_wconf 90' lang='lat' dir='ltr'>bonis</span> <span class='ocrx_word' id='word_1_16' title='bbox 756 315 846 338; x_wconf 88' lang='lat' dir='ltr'>mere</span> <span class='ocrx_word' id='word_1_17' title='bbox 864 303 1032 337; x_wconf 71' lang='lat' dir='ltr'>laicalibus</span> 
     </span>
     <span class='ocr_line' id='line_1_5' title="bbox 282 357 1028 406; baseline -0.008 -11"><span class='ocrx_word' id='word_1_18' title='bbox 282 368 312 395; x_wconf 81' lang='lat' dir='ltr'>et</span> <span class='ocrx_word' id='word_1_19' title='bbox 342 361 622 406; x_wconf 77' lang='lat' dir='ltr'>patrimonialibus</span> <span class='ocrx_word' id='word_1_20' title='bbox 656 359 822 392; x_wconf 79' lang='lat' dir='ltr'>dumtaxat</span> <span class='ocrx_word' id='word_1_21' title='bbox 853 357 1028 397; x_wconf 84' lang='lat' dir='ltr'>existentia;</span> 
     </span>
     <span class='ocr_line' id='line_1_6' title="bbox 282 411 1032 458; baseline -0.008 -10"><span class='ocrx_word' id='word_1_22' title='bbox 282 425 407 448; x_wconf 83' lang='lat' dir='ltr'>necnon</span> <span class='ocrx_word' id='word_1_23' title='bbox 438 413 710 458; x_wconf 64' lang='lat' dir='ltr'>praeposituram,</span> <span class='ocrx_word' id='word_1_24' title='bbox 737 411 928 450; x_wconf 79' lang='lat' dir='ltr'>sacristiam,</span> <span class='ocrx_word' id='word_1_25' title='bbox 960 420 1032 453; x_wconf 87' lang='lat' dir='ltr'>cap-</span> 
     </span>
     <span class='ocr_line' id='line_1_7' title="bbox 282 463 1031 512; baseline -0.003 -15"><span class='ocrx_word' id='word_1_26' title='bbox 282 468 450 512; x_wconf 68' lang='lat' dir='ltr'>pellanias,</span> <span class='ocrx_word' id='word_1_27' title='bbox 473 467 599 510; x_wconf 89' lang='lat' dir='ltr'>aliaque</span> <span class='ocrx_word' id='word_1_28' title='bbox 635 465 813 505; x_wconf 82' lang='lat' dir='ltr'>beneficia,</span> <span class='ocrx_word' id='word_1_29' title='bbox 861 463 1031 497; x_wconf 72' lang='lat' dir='ltr'>clericatus</span> 
     </span>
     <span class='ocr_line' id='line_1_8' title="bbox 282 517 1032 564; baseline -0.005 -11"><span class='ocrx_word' id='word_1_30' title='bbox 282 525 468 564; x_wconf 77' lang='lat' dir='ltr'>nuncupata</span> <span class='ocrx_word' id='word_1_31' title='bbox 482 519 682 559; x_wconf 88' lang='lat' dir='ltr'>huiusmodi,</span> <span class='ocrx_word' id='word_1_32' title='bbox 701 519 759 551; x_wconf 87' lang='lat' dir='ltr'>sub</span> <span class='ocrx_word' id='word_1_33' title='bbox 779 517 945 562; x_wconf 82' lang='lat' dir='ltr'>quibusvis</span> <span class='ocrx_word' id='word_1_34' title='bbox 961 527 1032 560; x_wconf 86' lang='lat' dir='ltr'>spe-</span> 
     </span>
     <span class='ocr_line' id='line_1_9' title="bbox 282 570 1029 617; baseline -0.008 -9"><span class='ocrx_word' id='word_1_35' title='bbox 282 574 415 608; x_wconf 80' lang='lat' dir='ltr'>cialibus</span> <span class='ocrx_word' id='word_1_36' title='bbox 439 574 487 607; x_wconf 88' lang='lat' dir='ltr'>vel</span> <span class='ocrx_word' id='word_1_37' title='bbox 513 572 718 617; x_wconf 78' lang='lat' dir='ltr'>generalibus</span> <span class='ocrx_word' id='word_1_38' title='bbox 746 570 1029 610; x_wconf 88' lang='lat' dir='ltr'>reservationibus,</span> 
     </span>
     <span class='ocr_line' id='line_1_10' title="bbox 282 622 1032 669; baseline -0.005 -10"><span class='ocrx_word' id='word_1_39' title='bbox 282 627 471 667; x_wconf 82' lang='lat' dir='ltr'>unionibus,</span> <span class='ocrx_word' id='word_1_40' title='bbox 492 626 740 668; x_wconf 77' lang='lat' dir='ltr'>annexionibus,</span> <span class='ocrx_word' id='word_1_41' title='bbox 762 622 1032 669; x_wconf 88' lang='lat' dir='ltr'>incorporationi-</span> 
     </span>
     <span class='ocr_line' id='line_1_11' title="bbox 281 677 1031 724; baseline -0.007 -11"><span class='ocrx_word' id='word_1_42' title='bbox 281 681 350 721; x_wconf 78' lang='lat' dir='ltr'>bus,</span> <span class='ocrx_word' id='word_1_43' title='bbox 363 679 655 724; x_wconf 89' lang='lat' dir='ltr'>suppressionibus,</span> <span class='ocrx_word' id='word_1_44' title='bbox 667 677 923 717; x_wconf 80' lang='lat' dir='ltr'>extinctiouibuS,</span> <span class='ocrx_word' id='word_1_45' title='bbox 936 677 1031 710; x_wconf 88' lang='lat' dir='ltr'>etiam</span> 
     </span>
     <span class='ocr_line' id='line_1_12' title="bbox 282 729 1031 777; baseline -0.005 -11"><span class='ocrx_word' id='word_1_46' title='bbox 282 733 460 777; x_wconf 84' lang='lat' dir='ltr'>perpetuis,</span> <span class='ocrx_word' id='word_1_47' title='bbox 481 733 531 766; x_wconf 83' lang='lat' dir='ltr'>vel</span> <span class='ocrx_word' id='word_1_48' title='bbox 555 732 788 777; x_wconf 81' lang='lat' dir='ltr'>temporalibus</span> <span class='ocrx_word' id='word_1_49' title='bbox 816 729 1031 774; x_wconf 85' lang='lat' dir='ltr'>expectativis,</span> 
     </span>
     <span class='ocr_line' id='line_1_13' title="bbox 281 783 1031 830; baseline -0.004 -11"><span class='ocrx_word' id='word_1_50' title='bbox 281 792 311 820; x_wconf 83' lang='lat' dir='ltr'>et</span> <span class='ocrx_word' id='word_1_51' title='bbox 349 786 420 820; x_wconf 87' lang='lat' dir='ltr'>aliis</span> <span class='ocrx_word' id='word_1_52' title='bbox 458 786 554 820; x_wconf 90' lang='lat' dir='ltr'>etiam</span> <span class='ocrx_word' id='word_1_53' title='bbox 592 785 802 830; x_wconf 82' lang='lat' dir='ltr'>praeventivis</span> <span class='ocrx_word' id='word_1_54' title='bbox 839 783 961 828; x_wconf 81' lang='lat' dir='ltr'>gratiis,</span> <span class='ocrx_word' id='word_1_55' title='bbox 994 793 1031 816; x_wconf 90' lang='lat' dir='ltr'>ac</span> 
     </span>
     <span class='ocr_line' id='line_1_14' title="bbox 280 837 1032 882; baseline -0.005 -9"><span class='ocrx_word' id='word_1_56' title='bbox 280 840 426 881; x_wconf 87' lang='lat' dir='ltr'>uniendi,</span> <span class='ocrx_word' id='word_1_57' title='bbox 444 840 636 873; x_wconf 85' lang='lat' dir='ltr'>annectendi</span> <span class='ocrx_word' id='word_1_58' title='bbox 653 845 684 873; x_wconf 89' lang='lat' dir='ltr'>et</span> <span class='ocrx_word' id='word_1_59' title='bbox 703 837 947 882; x_wconf 85' lang='lat' dir='ltr'>incorporandi,</span> <span class='ocrx_word' id='word_1_60' title='bbox 959 846 1032 869; x_wconf 88' lang='lat' dir='ltr'>nec-</span> 
     </span>
     <span class='ocr_line' id='line_1_15' title="bbox 281 890 1032 937; baseline -0.007 -11"><span class='ocrx_word' id='word_1_61' title='bbox 281 904 347 926; x_wconf 89' lang='lat' dir='ltr'>non</span> <span class='ocrx_word' id='word_1_62' title='bbox 367 893 566 935; x_wconf 85' lang='lat' dir='ltr'>conferendi,</span> <span class='ocrx_word' id='word_1_63' title='bbox 584 892 772 937; x_wconf 86' lang='lat' dir='ltr'>providendi</span> <span class='ocrx_word' id='word_1_64' title='bbox 793 896 824 924; x_wconf 89' lang='lat' dir='ltr'>et</span> <span class='ocrx_word' id='word_1_65' title='bbox 839 890 909 924; x_wconf 89' lang='lat' dir='ltr'>aliis</span> <span class='ocrx_word' id='word_1_66' title='bbox 928 890 1032 922; x_wconf 88' lang='lat' dir='ltr'>sacul-</span> 
     </span>
     <span class='ocr_line' id='line_1_16' title="bbox 280 942 1031 988; baseline -0.005 -9"><span class='ocrx_word' id='word_1_67' title='bbox 280 946 412 988; x_wconf 88' lang='lat' dir='ltr'>tatibus,</span> <span class='ocrx_word' id='word_1_68' title='bbox 430 946 703 986; x_wconf 84' lang='lat' dir='ltr'>concessionibus,</span> <span class='ocrx_word' id='word_1_69' title='bbox 716 945 843 985; x_wconf 87' lang='lat' dir='ltr'>litteris,</span> <span class='ocrx_word' id='word_1_70' title='bbox 863 942 1031 982; x_wconf 86' lang='lat' dir='ltr'>mandatis,</span> 
     </span>
     <span class='ocr_line' id='line_1_17' title="bbox 282 997 1031 1044; baseline -0.005 -11"><span class='ocrx_word' id='word_1_71' title='bbox 282 1000 378 1033; x_wconf 87' lang='lat' dir='ltr'>etiam</span> <span class='ocrx_word' id='word_1_72' title='bbox 398 1001 437 1034; x_wconf 92' lang='lat' dir='ltr'>de</span> <span class='ocrx_word' id='word_1_73' title='bbox 458 1000 668 1044; x_wconf 80' lang='lat' dir='ltr'>providendo,</span> <span class='ocrx_word' id='word_1_74' title='bbox 691 1005 722 1033; x_wconf 86' lang='lat' dir='ltr'>et</span> <span class='ocrx_word' id='word_1_75' title='bbox 742 999 875 1032; x_wconf 87' lang='lat' dir='ltr'>indultis</span> <span class='ocrx_word' id='word_1_76' title='bbox 898 997 1031 1040; x_wconf 87' lang='lat' dir='ltr'>quibus-</span> 
     </span>
     <span class='ocr_line' id='line_1_18' title="bbox 282 1050 1032 1097; baseline -0.005 -11"><span class='ocrx_word' id='word_1_77' title='bbox 282 1064 434 1097; x_wconf 86' lang='lat' dir='ltr'>cumque,</span> <span class='ocrx_word' id='word_1_78' title='bbox 456 1054 653 1097; x_wconf 86' lang='lat' dir='ltr'>illorumque</span> <span class='ocrx_word' id='word_1_79' title='bbox 674 1059 705 1086; x_wconf 90' lang='lat' dir='ltr'>et</span> <span class='ocrx_word' id='word_1_80' title='bbox 724 1053 853 1085; x_wconf 87' lang='lat' dir='ltr'>illarum</span> <span class='ocrx_word' id='word_1_81' title='bbox 879 1050 1032 1085; x_wconf 88' lang='lat' dir='ltr'>revalida-</span> 
     </span>
     <span class='ocr_line' id='line_1_19' title="bbox 283 1106 1031 1151; baseline -0.005 -11"><span class='ocrx_word' id='word_1_82' title='bbox 283 1107 435 1147; x_wconf 82' lang='lat' dir='ltr'>tionibus,</span> <span class='ocrx_word' id='word_1_83' title='bbox 457 1107 622 1151; x_wconf 83' lang='lat' dir='ltr'>quibusvis</span> <span class='ocrx_word' id='word_1_84' title='bbox 642 1106 801 1151; x_wconf 88' lang='lat' dir='ltr'>personis,</span> <span class='ocrx_word' id='word_1_85' title='bbox 825 1106 919 1138; x_wconf 90' lang='lat' dir='ltr'>etiam</span> <span class='ocrx_word' id='word_1_86' title='bbox 938 1115 1031 1148; x_wconf 88' lang='lat' dir='ltr'>prae-</span> 
     </span>
     <span class='ocr_line' id='line_1_20' title="bbox 281 1158 1029 1198; baseline -0.007 -4"><span class='ocrx_word' id='word_1_87' title='bbox 281 1161 386 1194; x_wconf 85' lang='lat' dir='ltr'>dictae</span> <span class='ocrx_word' id='word_1_88' title='bbox 419 1161 582 1194; x_wconf 82' lang='lat' dir='ltr'>Romanae</span> <span class='ocrx_word' id='word_1_89' title='bbox 615 1160 776 1194; x_wconf 84' lang='lat' dir='ltr'>Ecclesiae</span> <span class='ocrx_word' id='word_1_90' title='bbox 801 1158 1029 1198; x_wconf 81' lang='lat' dir='ltr'>cardinalibus,</span> 
     </span>
     <span class='ocr_line' id='line_1_21' title="bbox 282 1210 1032 1257; baseline -0.005 -10"><span class='ocrx_word' id='word_1_91' title='bbox 282 1214 377 1247; x_wconf 88' lang='lat' dir='ltr'>etiam</span> <span class='ocrx_word' id='word_1_92' title='bbox 398 1219 500 1255; x_wconf 87' lang='lat' dir='ltr'>motu,</span> <span class='ocrx_word' id='word_1_93' title='bbox 522 1214 655 1248; x_wconf 88' lang='lat' dir='ltr'>scientia</span> <span class='ocrx_word' id='word_1_94' title='bbox 685 1219 714 1247; x_wconf 86' lang='lat' dir='ltr'>et</span> <span class='ocrx_word' id='word_1_95' title='bbox 744 1212 911 1257; x_wconf 84' lang='lat' dir='ltr'>potestatis</span> <span class='ocrx_word' id='word_1_96' title='bbox 930 1210 1032 1256; x_wconf 90' lang='lat' dir='ltr'>pleni-</span> 
     </span>
     <span class='ocr_line' id='line_1_22' title="bbox 281 1266 1033 1310; baseline -0.005 -9"><span class='ocrx_word' id='word_1_97' title='bbox 281 1269 394 1301; x_wconf 86' lang='lat' dir='ltr'>tudine</span> <span class='ocrx_word' id='word_1_98' title='bbox 413 1268 583 1309; x_wconf 90' lang='lat' dir='ltr'>similibus,</span> <span class='ocrx_word' id='word_1_99' title='bbox 609 1279 645 1301; x_wconf 89' lang='lat' dir='ltr'>ac</span> <span class='ocrx_word' id='word_1_100' title='bbox 679 1279 753 1301; x_wconf 88' lang='lat' dir='ltr'>cum</span> <span class='ocrx_word' id='word_1_101' title='bbox 783 1266 948 1310; x_wconf 84' lang='lat' dir='ltr'>quibusvis</span> <span class='ocrx_word' id='word_1_102' title='bbox 981 1276 1033 1298; x_wconf 93' lang='lat' dir='ltr'>su-</span> 
     </span>
     <span class='ocr_line' id='line_1_23' title="bbox 283 1321 1032 1366; baseline -0.004 -11"><span class='ocrx_word' id='word_1_103' title='bbox 283 1322 449 1366; x_wconf 76' lang='lat' dir='ltr'>spensivis,</span> <span class='ocrx_word' id='word_1_104' title='bbox 471 1322 659 1356; x_wconf 84' lang='lat' dir='ltr'>restitutivis</span> <span class='ocrx_word' id='word_1_105' title='bbox 678 1333 715 1355; x_wconf 93' lang='lat' dir='ltr'>ac</span> <span class='ocrx_word' id='word_1_106' title='bbox 735 1321 830 1355; x_wconf 85' lang='lat' dir='ltr'>etiam</span> <span class='ocrx_word' id='word_1_107' title='bbox 864 1321 1032 1363; x_wconf 78' lang='lat' dir='ltr'>derogato-</span> 
     </span>
     <span class='ocr_line' id='line_1_24' title="bbox 282 1373 1032 1419; baseline -0.004 -11"><span class='ocrx_word' id='word_1_108' title='bbox 282 1376 406 1408; x_wconf 84' lang='lat' dir='ltr'>riarum</span> <span class='ocrx_word' id='word_1_109' title='bbox 440 1375 651 1419; x_wconf 79' lang='lat' dir='ltr'>derogatoriis</span> <span class='ocrx_word' id='word_1_110' title='bbox 679 1375 843 1415; x_wconf 84' lang='lat' dir='ltr'>clausulis,</span> <span class='ocrx_word' id='word_1_111' title='bbox 875 1373 1032 1406; x_wconf 85' lang='lat' dir='ltr'>irritanti-</span> 
     </span>
     <span class='ocr_line' id='line_1_25' title="bbox 282 1427 1032 1473; baseline -0.003 -11"><span class='ocrx_word' id='word_1_112' title='bbox 282 1430 408 1473; x_wconf 84' lang='lat' dir='ltr'>busque</span> <span class='ocrx_word' id='word_1_113' title='bbox 428 1435 459 1463; x_wconf 85' lang='lat' dir='ltr'>et</span> <span class='ocrx_word' id='word_1_114' title='bbox 477 1430 547 1463; x_wconf 86' lang='lat' dir='ltr'>aliis</span> <span class='ocrx_word' id='word_1_115' title='bbox 572 1430 668 1463; x_wconf 87' lang='lat' dir='ltr'>etiam</span> <span class='ocrx_word' id='word_1_116' title='bbox 688 1430 751 1462; x_wconf 76' lang='lat' dir='ltr'>vim</span> <span class='ocrx_word' id='word_1_117' title='bbox 771 1433 955 1462; x_wconf 85' lang='lat' dir='ltr'>contractus</span> <span class='ocrx_word' id='word_1_118' title='bbox 982 1427 1032 1460; x_wconf 92' lang='lat' dir='ltr'>in-</span> 
     </span>
     <span class='ocr_line' id='line_1_26' title="bbox 282 1482 1032 1527; baseline -0.003 -12"><span class='ocrx_word' id='word_1_119' title='bbox 282 1483 475 1516; x_wconf 85' lang='lat' dir='ltr'>ducentibus</span> <span class='ocrx_word' id='word_1_120' title='bbox 503 1483 651 1523; x_wconf 76' lang='lat' dir='ltr'>decretiS,</span> <span class='ocrx_word' id='word_1_121' title='bbox 673 1489 768 1527; x_wconf 87' lang='lat' dir='ltr'>atque</span> <span class='ocrx_word' id='word_1_122' title='bbox 797 1482 875 1519; x_wconf 82' lang='lat' dir='ltr'>alias</span> <span class='ocrx_word' id='word_1_123' title='bbox 895 1491 1032 1525; x_wconf 89' lang='lat' dir='ltr'>quomo-</span> 
     </span>
     <span class='ocr_line' id='line_1_27' title="bbox 283 1535 1033 1581; baseline -0.003 -12"><span class='ocrx_word' id='word_1_124' title='bbox 283 1536 404 1570; x_wconf 88' lang='lat' dir='ltr'>dolibet</span> <span class='ocrx_word' id='word_1_125' title='bbox 427 1547 514 1570; x_wconf 88' lang='lat' dir='ltr'>nunc</span> <span class='ocrx_word' id='word_1_126' title='bbox 540 1543 571 1570; x_wconf 88' lang='lat' dir='ltr'>et</span> <span class='ocrx_word' id='word_1_127' title='bbox 598 1547 658 1581; x_wconf 92' lang='lat' dir='ltr'>pro</span> <span class='ocrx_word' id='word_1_128' title='bbox 689 1542 833 1580; x_wconf 87' lang='lat' dir='ltr'>tempore</span> <span class='ocrx_word' id='word_1_129' title='bbox 863 1535 1033 1575; x_wconf 88' lang='lat' dir='ltr'>concessis,</span> 
     </span>
     <span class='ocr_line' id='line_1_28' title="bbox 283 1590 1033 1634; baseline -0.003 -11"><span class='ocrx_word' id='word_1_130' title='bbox 283 1600 412 1624; x_wconf 83' lang='lat' dir='ltr'>necnon</span> <span class='ocrx_word' id='word_1_131' title='bbox 435 1590 599 1634; x_wconf 84' lang='lat' dir='ltr'>quibusvis</span> <span class='ocrx_word' id='word_1_132' title='bbox 619 1590 904 1624; x_wconf 88' lang='lat' dir='ltr'>constitutionibus</span> <span class='ocrx_word' id='word_1_133' title='bbox 925 1595 955 1622; x_wconf 86' lang='lat' dir='ltr'>et</span> <span class='ocrx_word' id='word_1_134' title='bbox 979 1599 1033 1622; x_wconf 92' lang='lat' dir='ltr'>or-</span> 
     </span>
     <span class='ocr_line' id='line_1_29' title="bbox 283 1643 1035 1688; baseline -0.003 -11"><span class='ocrx_word' id='word_1_135' title='bbox 283 1644 502 1678; x_wconf 86' lang='lat' dir='ltr'>dinationibus</span> <span class='ocrx_word' id='word_1_136' title='bbox 532 1645 727 1688; x_wconf 87' lang='lat' dir='ltr'>apostolicis,</span> <span class='ocrx_word' id='word_1_137' title='bbox 761 1655 797 1676; x_wconf 90' lang='lat' dir='ltr'>ae</span> <span class='ocrx_word' id='word_1_138' title='bbox 826 1644 931 1676; x_wconf 90' lang='lat' dir='ltr'>dictae</span> <span class='ocrx_word' id='word_1_139' title='bbox 955 1643 1035 1676; x_wconf 86' lang='lat' dir='ltr'>Can-</span> 
     </span>
     <span class='ocr_line' id='line_1_30' title="bbox 284 1697 1034 1742; baseline -0.001 -12"><span class='ocrx_word' id='word_1_140' title='bbox 284 1697 434 1731; x_wconf 84' lang='lat' dir='ltr'>cellariae</span> <span class='ocrx_word' id='word_1_141' title='bbox 472 1698 592 1741; x_wconf 78' lang='lat' dir='ltr'>regulis</span> <span class='ocrx_word' id='word_1_142' title='bbox 624 1697 870 1742; x_wconf 84' lang='lat' dir='ltr'>quomodolibet</span> <span class='ocrx_word' id='word_1_143' title='bbox 898 1702 929 1730; x_wconf 74' lang='lat' dir='ltr'>et</span> <span class='ocrx_word' id='word_1_144' title='bbox 960 1707 1034 1729; x_wconf 86' lang='lat' dir='ltr'>cum</span> 
     </span>
     <span class='ocr_line' id='line_1_31' title="bbox 283 1751 1034 1795; baseline 0 -12"><span class='ocrx_word' id='word_1_145' title='bbox 283 1751 448 1795; x_wconf 89' lang='lat' dir='ltr'>quibusvis</span> <span class='ocrx_word' id='word_1_146' title='bbox 469 1752 622 1785; x_wconf 88' lang='lat' dir='ltr'>clausulis</span> <span class='ocrx_word' id='word_1_147' title='bbox 643 1757 673 1785; x_wconf 90' lang='lat' dir='ltr'>et</span> <span class='ocrx_word' id='word_1_148' title='bbox 692 1751 842 1792; x_wconf 89' lang='lat' dir='ltr'>decretis,</span> <span class='ocrx_word' id='word_1_149' title='bbox 859 1755 1034 1794; x_wconf 81' lang='lat' dir='ltr'>quantum-</span> 
     </span>
     <span class='ocr_line' id='line_1_32' title="bbox 284 1804 1034 1849; baseline -0.001 -12"><span class='ocrx_word' id='word_1_150' title='bbox 284 1805 331 1838; x_wconf 71' lang='lat' dir='ltr'>vis</span> <span class='ocrx_word' id='word_1_151' title='bbox 346 1805 551 1849; x_wconf 89' lang='lat' dir='ltr'>amplissimis</span> <span class='ocrx_word' id='word_1_152' title='bbox 565 1817 600 1839; x_wconf 87' lang='lat' dir='ltr'>ac</span> <span class='ocrx_word' id='word_1_153' title='bbox 613 1804 923 1849; x_wconf 77' lang='lat' dir='ltr'>praegnantissimis‚</span> <span class='ocrx_word' id='word_1_154' title='bbox 939 1804 1034 1838; x_wconf 89' lang='lat' dir='ltr'>etiam</span> 
     </span>
     <span class='ocr_line' id='line_1_33' title="bbox 286 1858 1036 1899; baseline 0 -8"><span class='ocrx_word' id='word_1_155' title='bbox 286 1869 360 1891; x_wconf 69' lang='lat' dir='ltr'>[zum</span> <span class='ocrx_word' id='word_1_156' title='bbox 381 1859 526 1892; x_wconf 83' lang='lat' dir='ltr'>clausula</span> <span class='ocrx_word' id='word_1_157' title='bbox 558 1859 699 1899; x_wconf 69' lang='lat' dir='ltr'>Quorum</span> <span class='ocrx_word' id='word_1_158' title='bbox 721 1864 861 1899; x_wconf 74' lang='lat' dir='ltr'>tenores,</span> <span class='ocrx_word' id='word_1_159' title='bbox 885 1858 978 1892; x_wconf 89' lang='lat' dir='ltr'>editis</span> <span class='ocrx_word' id='word_1_160' title='bbox 1006 1864 1036 1891; x_wconf 90' lang='lat' dir='ltr'>et</span> 
     </span>
     <span class='ocr_line' id='line_1_34' title="bbox 286 1912 1037 1956; baseline 0 -13"><span class='ocrx_word' id='word_1_161' title='bbox 286 1912 429 1953; x_wconf 79' lang='lat' dir='ltr'>edendis,</span> <span class='ocrx_word' id='word_1_162' title='bbox 444 1913 630 1946; x_wconf 89' lang='lat' dir='ltr'>nullatenus</span> <span class='ocrx_word' id='word_1_163' title='bbox 650 1913 884 1956; x_wconf 84' lang='lat' dir='ltr'>comprehensa</span> <span class='ocrx_word' id='word_1_164' title='bbox 900 1923 966 1946; x_wconf 87' lang='lat' dir='ltr'>esse</span> <span class='ocrx_word' id='word_1_165' title='bbox 982 1918 1037 1945; x_wconf 88' lang='lat' dir='ltr'>aut</span> 
     </span>
     <span class='ocr_line' id='line_1_35' title="bbox 288 1966 1037 2011; baseline 0.003 -14"><span class='ocrx_word' id='word_1_166' title='bbox 288 1966 366 2006; x_wconf 84' lang='lat' dir='ltr'>sore,</span> <span class='ocrx_word' id='word_1_167' title='bbox 386 1966 585 2011; x_wconf 88' lang='lat' dir='ltr'>minimeque</span> <span class='ocrx_word' id='word_1_168' title='bbox 611 1967 844 2010; x_wconf 84' lang='lat' dir='ltr'>comprehendi</span> <span class='ocrx_word' id='word_1_169' title='bbox 864 1977 957 2010; x_wconf 91' lang='lat' dir='ltr'>posse</span> <span class='ocrx_word' id='word_1_170' title='bbox 983 1972 1037 1999; x_wconf 85' lang='lat' dir='ltr'>aut</span> 
     </span>
     <span class='ocr_line' id='line_1_36' title="bbox 289 2019 1038 2064; baseline 0.003 -14"><span class='ocrx_word' id='word_1_171' title='bbox 289 2019 419 2061; x_wconf 80' lang='lat' dir='ltr'>debere,</span> <span class='ocrx_word' id='word_1_172' title='bbox 446 2021 501 2053; x_wconf 88' lang='lat' dir='ltr'>sed</span> <span class='ocrx_word' id='word_1_173' title='bbox 539 2031 667 2064; x_wconf 88' lang='lat' dir='ltr'>semper</span> <span class='ocrx_word' id='word_1_174' title='bbox 701 2020 740 2053; x_wconf 89' lang='lat' dir='ltr'>ab</span> <span class='ocrx_word' id='word_1_175' title='bbox 760 2020 824 2053; x_wconf 87' lang='lat' dir='ltr'>illis</span> <span class='ocrx_word' id='word_1_176' title='bbox 844 2026 975 2064; x_wconf 82' lang='lat' dir='ltr'>excepta</span> <span class='ocrx_word' id='word_1_177' title='bbox 1007 2026 1038 2053; x_wconf 88' lang='lat' dir='ltr'>et</span> 
     </span>
     <span class='ocr_line' id='line_1_37' title="bbox 290 2073 1039 2116; baseline 0.003 -12"><span class='ocrx_word' id='word_1_178' title='bbox 290 2073 417 2106; x_wconf 77' lang='lat' dir='ltr'>exclusa</span> <span class='ocrx_word' id='word_1_179' title='bbox 438 2084 506 2107; x_wconf 87' lang='lat' dir='ltr'>esse</span> <span class='ocrx_word' id='word_1_180' title='bbox 525 2079 557 2107; x_wconf 92' lang='lat' dir='ltr'>et</span> <span class='ocrx_word' id='word_1_181' title='bbox 577 2074 701 2107; x_wconf 88' lang='lat' dir='ltr'>censeri</span> <span class='ocrx_word' id='word_1_182' title='bbox 721 2074 856 2116; x_wconf 88' lang='lat' dir='ltr'>deberc;</span> <span class='ocrx_word' id='word_1_183' title='bbox 877 2085 913 2107; x_wconf 87' lang='lat' dir='ltr'>ac</span> <span class='ocrx_word' id='word_1_184' title='bbox 930 2074 1039 2107; x_wconf 85' lang='lat' dir='ltr'>onmia</span> 
     </span>
     <span class='ocr_line' id='line_1_38' title="bbox 291 2126 1039 2171; baseline 0.005 -14"><span class='ocrx_word' id='word_1_185' title='bbox 291 2131 316 2157; x_wconf 66' lang='grc' dir='ltr'>οι</span> <span class='ocrx_word' id='word_1_186' title='bbox 346 2126 471 2169; x_wconf 77' lang='lat' dir='ltr'>singula</span> <span class='ocrx_word' id='word_1_187' title='bbox 491 2127 678 2171; x_wconf 87' lang='lat' dir='ltr'>praemissa,</span> <span class='ocrx_word' id='word_1_188' title='bbox 701 2138 827 2161; x_wconf 88' lang='lat' dir='ltr'>necnon</span> <span class='ocrx_word' id='word_1_189' title='bbox 853 2134 1039 2171; x_wconf 85' lang='lat' dir='ltr'>praesentes</span> 
     </span>
     <span class='ocr_line' id='line_1_39' title="bbox 290 2178 1038 2225; baseline 0.007 -16"><span class='ocrx_word' id='word_1_190' title='bbox 290 2178 422 2221; x_wconf 84' lang='lat' dir='ltr'>litteras,</span> <span class='ocrx_word' id='word_1_191' title='bbox 444 2182 534 2213; x_wconf 87' lang='lat' dir='ltr'>nullo</span> <span class='ocrx_word' id='word_1_192' title='bbox 554 2192 709 2224; x_wconf 84' lang='lat' dir='ltr'>umquam</span> <span class='ocrx_word' id='word_1_193' title='bbox 737 2187 892 2225; x_wconf 87' lang='lat' dir='ltr'>tempore,</span> <span class='ocrx_word' id='word_1_194' title='bbox 916 2182 955 2214; x_wconf 90' lang='lat' dir='ltr'>de</span> <span class='ocrx_word' id='word_1_195' title='bbox 984 2192 1038 2214; x_wconf 82' lang='lat' dir='ltr'>su-</span> 
     </span>
     <span class='ocr_line' id='line_1_40' title="bbox 291 2232 1039 2278; baseline 0.007 -16"><span class='ocrx_word' id='word_1_196' title='bbox 291 2232 468 2276; x_wconf 79' lang='lat' dir='ltr'>breptionis</span> <span class='ocrx_word' id='word_1_197' title='bbox 496 2234 545 2267; x_wconf 78' lang='lat' dir='ltr'>vel</span> <span class='ocrx_word' id='word_1_198' title='bbox 578 2235 780 2278; x_wconf 83' lang='lat' dir='ltr'>obreptionis</span> <span class='ocrx_word' id='word_1_199' title='bbox 807 2245 863 2267; x_wconf 90' lang='lat' dir='ltr'>seu</span> <span class='ocrx_word' id='word_1_200' title='bbox 884 2235 1039 2268; x_wconf 89' lang='lat' dir='ltr'>nullitatis</span> 
     </span>
     <span class='ocr_line' id='line_1_41' title="bbox 293 2285 1040 2326; baseline 0.007 -10"><span class='ocrx_word' id='word_1_201' title='bbox 293 2285 396 2326; x_wconf 55' lang='lat' dir='ltr'>vities</span> <span class='ocrx_word' id='word_1_202' title='bbox 416 2292 471 2319; x_wconf 88' lang='lat' dir='ltr'>aut</span> <span class='ocrx_word' id='word_1_203' title='bbox 508 2287 695 2321; x_wconf 88' lang='lat' dir='ltr'>intentionis</span> <span class='ocrx_word' id='word_1_204' title='bbox 733 2294 861 2321; x_wconf 86' lang='lat' dir='ltr'>nostrae</span> <span class='ocrx_word' id='word_1_205' title='bbox 895 2289 942 2321; x_wconf 84' lang='lat' dir='ltr'>vel</span> <span class='ocrx_word' id='word_1_206' title='bbox 976 2288 1040 2321; x_wconf 84' lang='lat' dir='ltr'>alio</span> 
     </span>
     <span class='ocr_line' id='line_1_42' title="bbox 293 2340 1041 2385; baseline 0.005 -15"><span class='ocrx_word' id='word_1_207' title='bbox 293 2340 403 2381; x_wconf 85' lang='lat' dir='ltr'>quovis</span> <span class='ocrx_word' id='word_1_208' title='bbox 424 2341 561 2382; x_wconf 80' lang='lat' dir='ltr'>defectu,</span> <span class='ocrx_word' id='word_1_209' title='bbox 585 2342 680 2374; x_wconf 90' lang='lat' dir='ltr'>etiam</span> <span class='ocrx_word' id='word_1_210' title='bbox 702 2353 739 2375; x_wconf 86' lang='lat' dir='ltr'>ex</span> <span class='ocrx_word' id='word_1_211' title='bbox 759 2353 796 2375; x_wconf 92' lang='lat' dir='ltr'>eo</span> <span class='ocrx_word' id='word_1_212' title='bbox 818 2342 904 2385; x_wconf 86' lang='lat' dir='ltr'>quod</span> <span class='ocrx_word' id='word_1_213' title='bbox 926 2352 1041 2375; x_wconf 88' lang='lat' dir='ltr'>causae</span> 
     </span>
     <span class='ocr_line' id='line_1_43' title="bbox 293 2391 1039 2434; baseline 0.007 -16"><span class='ocrx_word' id='word_1_214' title='bbox 293 2394 426 2431; x_wconf 88' lang='lat' dir='ltr'>propter</span> <span class='ocrx_word' id='word_1_215' title='bbox 438 2400 517 2432; x_wconf 83' lang='lat' dir='ltr'>quas</span> <span class='ocrx_word' id='word_1_216' title='bbox 532 2391 643 2423; x_wconf 86' lang='lat' dir='ltr'>eadem</span> <span class='ocrx_word' id='word_1_217' title='bbox 665 2391 840 2434; x_wconf 85' lang='lat' dir='ltr'>praemissa</span> <span class='ocrx_word' id='word_1_218' title='bbox 862 2391 941 2423; x_wconf 86' lang='lat' dir='ltr'>sacta</span> <span class='ocrx_word' id='word_1_219' title='bbox 954 2396 1039 2431; x_wconf 89' lang='lat' dir='ltr'>sunt,</span> 
     </span>
     <span class='ocr_line' id='line_1_44' title="bbox 295 2438 1042 2482; baseline 0.007 -15"><span class='ocrx_word' id='word_1_220' title='bbox 295 2446 401 2469; x_wconf 81' lang='lat' dir='ltr'>coram</span> <span class='ocrx_word' id='word_1_221' title='bbox 415 2438 560 2471; x_wconf 80' lang='lat' dir='ltr'>locorum</span> <span class='ocrx_word' id='word_1_222' title='bbox 573 2439 757 2480; x_wconf 87' lang='lat' dir='ltr'>ordinariis,</span> <span class='ocrx_word' id='word_1_223' title='bbox 770 2439 862 2472; x_wconf 85' lang='lat' dir='ltr'>etiarn</span> <span class='ocrx_word' id='word_1_224' title='bbox 879 2444 1042 2482; x_wconf 82' lang='lat' dir='ltr'>tamquam</span> 
     </span>
     <span class='ocr_line' id='line_1_45' title="bbox 295 2486 1040 2532; baseline 0.005 -15"><span class='ocrx_word' id='word_1_225' title='bbox 295 2486 384 2518; x_wconf 83' lang='lat' dir='ltr'>Sedis</span> <span class='ocrx_word' id='word_1_226' title='bbox 420 2488 602 2530; x_wconf 85' lang='lat' dir='ltr'>praedictae</span> <span class='ocrx_word' id='word_1_227' title='bbox 632 2489 796 2532; x_wconf 76' lang='lat' dir='ltr'>delegatis,</span> <span class='ocrx_word' id='word_1_228' title='bbox 830 2489 1040 2530; x_wconf 83' lang='lat' dir='ltr'>examinatae,</span> 
     </span>
     <span class='ocr_line' id='line_1_46' title="bbox 295 2535 1042 2581; baseline 0.008 -16"><span class='ocrx_word' id='word_1_229' title='bbox 295 2535 475 2569; x_wconf 77' lang='lat' dir='ltr'>verificatae</span> <span class='ocrx_word' id='word_1_230' title='bbox 495 2542 524 2570; x_wconf 90' lang='lat' dir='ltr'>et</span> <span class='ocrx_word' id='word_1_231' title='bbox 543 2538 583 2570; x_wconf 88' lang='lat' dir='ltr'>ab</span> <span class='ocrx_word' id='word_1_232' title='bbox 599 2538 644 2570; x_wconf 89' lang='lat' dir='ltr'>eis</span> <span class='ocrx_word' id='word_1_233' title='bbox 667 2537 876 2581; x_wconf 83' lang='lat' dir='ltr'>approbatae,</span> <span class='ocrx_word' id='word_1_234' title='bbox 899 2548 935 2570; x_wconf 92' lang='lat' dir='ltr'>ac</span> <span class='ocrx_word' id='word_1_235' title='bbox 960 2538 1042 2571; x_wconf 86' lang='lat' dir='ltr'>inte-</span> 
     </span>
     <span class='ocr_line' id='line_1_47' title="bbox 296 2585 1044 2621; baseline 0.005 -5"><span class='ocrx_word' id='word_1_236' title='bbox 296 2592 381 2617; x_wconf 83' lang='lat' dir='ltr'>resse</span> <span class='ocrx_word' id='word_1_237' title='bbox 401 2585 507 2618; x_wconf 83' lang='lat' dir='ltr'>l&#39;orsan</span> <span class='ocrx_word' id='word_1_238' title='bbox 526 2586 679 2620; x_wconf 87' lang='lat' dir='ltr'>habentes</span> <span class='ocrx_word' id='word_1_239' title='bbox 707 2586 747 2620; x_wconf 92' lang='lat' dir='ltr'>ad</span> <span class='ocrx_word' id='word_1_240' title='bbox 784 2586 816 2620; x_wconf 89' lang='lat' dir='ltr'>id</span> <span class='ocrx_word' id='word_1_241' title='bbox 846 2587 947 2620; x_wconf 83' lang='lat' dir='ltr'>vocati</span> <span class='ocrx_word' id='word_1_242' title='bbox 978 2597 1044 2621; x_wconf 88' lang='lat' dir='ltr'>non</span> 
     </span>
    </p>
   </div>
   <div class='ocr_carea' id='block_1_4' title="bbox 885 196 1239 222">
    <p class='ocr_par' dir='ltr' id='par_1_4' title="bbox 885 196 1239 222">
     <span class='ocr_line' id='line_1_48' title="bbox 885 196 1239 222; baseline -0.006 0"><span class='ocrx_word' id='word_1_243' title='bbox 885 197 1065 222; x_wconf 73' lang='lat' dir='ltr'>BULLARIUM</span> <span class='ocrx_word' id='word_1_244' title='bbox 1087 196 1239 221; x_wconf 68' lang='lat' dir='ltr'>Romnum</span> 
     </span>
    </p>
   </div>
   <div class='ocr_carea' id='block_1_5' title="bbox 1072 247 1833 2530">
    <p class='ocr_par' dir='ltr' id='par_1_5' title="bbox 1072 247 1823 1310">
     <span class='ocr_line' id='line_1_49' title="bbox 1072 247 1821 292; baseline -0.001 -11"><span class='ocrx_word' id='word_1_245' title='bbox 1072 247 1203 288; x_wconf 87' lang='lat' dir='ltr'>fuerint,</span> <span class='ocrx_word' id='word_1_246' title='bbox 1231 258 1291 281; x_wconf 87' lang='lat' dir='ltr'>nec</span> <span class='ocrx_word' id='word_1_247' title='bbox 1328 247 1468 292; x_wconf 87' lang='lat' dir='ltr'>desuper</span> <span class='ocrx_word' id='word_1_248' title='bbox 1495 258 1591 282; x_wconf 87' lang='lat' dir='ltr'>suum</span> <span class='ocrx_word' id='word_1_249' title='bbox 1628 257 1821 283; x_wconf 87' lang='lat' dir='ltr'>consensum</span> 
     </span>
     <span class='ocr_line' id='line_1_50' title="bbox 1072 300 1820 345; baseline 0.001 -11"><span class='ocrx_word' id='word_1_250' title='bbox 1072 300 1301 345; x_wconf 81' lang='lat' dir='ltr'>praestiterint,</span> <span class='ocrx_word' id='word_1_251' title='bbox 1324 311 1380 334; x_wconf 90' lang='lat' dir='ltr'>seu</span> <span class='ocrx_word' id='word_1_252' title='bbox 1401 311 1438 334; x_wconf 79' lang='lat' dir='ltr'>ex</span> <span class='ocrx_word' id='word_1_253' title='bbox 1457 301 1566 344; x_wconf 83' lang='lat' dir='ltr'>quavis</span> <span class='ocrx_word' id='word_1_254' title='bbox 1581 301 1643 335; x_wconf 88' lang='lat' dir='ltr'>alia</span> <span class='ocrx_word' id='word_1_255' title='bbox 1657 313 1753 335; x_wconf 83' lang='lat' dir='ltr'>causa</span> <span class='ocrx_word' id='word_1_256' title='bbox 1771 301 1820 335; x_wconf 90' lang='lat' dir='ltr'>vel</span> 
     </span>
     <span class='ocr_line' id='line_1_51' title="bbox 1073 354 1820 398; baseline 0.001 -11"><span class='ocrx_word' id='word_1_257' title='bbox 1073 364 1281 398; x_wconf 86' lang='lat' dir='ltr'>quocumque</span> <span class='ocrx_word' id='word_1_258' title='bbox 1318 358 1499 398; x_wconf 85' lang='lat' dir='ltr'>praetextu,</span> <span class='ocrx_word' id='word_1_259' title='bbox 1539 354 1682 398; x_wconf 85' lang='lat' dir='ltr'>quaesito</span> <span class='ocrx_word' id='word_1_260' title='bbox 1711 355 1820 388; x_wconf 89' lang='lat' dir='ltr'>colore</span> 
     </span>
     <span class='ocr_line' id='line_1_52' title="bbox 1072 407 1817 451; baseline 0 -11"><span class='ocrx_word' id='word_1_261' title='bbox 1072 408 1120 441; x_wconf 88' lang='lat' dir='ltr'>vel</span> <span class='ocrx_word' id='word_1_262' title='bbox 1140 407 1269 451; x_wconf 81' lang='lat' dir='ltr'>ingenio</span> <span class='ocrx_word' id='word_1_263' title='bbox 1286 408 1404 448; x_wconf 88' lang='lat' dir='ltr'>notari,</span> <span class='ocrx_word' id='word_1_264' title='bbox 1423 407 1620 451; x_wconf 82' lang='lat' dir='ltr'>impugnari,</span> <span class='ocrx_word' id='word_1_265' title='bbox 1641 407 1817 449; x_wconf 78' lang='lat' dir='ltr'>invabdari,</span> 
     </span>
     <span class='ocr_line' id='line_1_53' title="bbox 1073 461 1820 502; baseline 0.001 -8"><span class='ocrx_word' id='word_1_266' title='bbox 1073 462 1253 502; x_wconf 87' lang='lat' dir='ltr'>retractari,</span> <span class='ocrx_word' id='word_1_267' title='bbox 1273 462 1312 494; x_wconf 89' lang='lat' dir='ltr'>ad</span> <span class='ocrx_word' id='word_1_268' title='bbox 1331 461 1485 495; x_wconf 89' lang='lat' dir='ltr'>terminos</span> <span class='ocrx_word' id='word_1_269' title='bbox 1513 461 1593 494; x_wconf 90' lang='lat' dir='ltr'>iuris</span> <span class='ocrx_word' id='word_1_270' title='bbox 1612 461 1735 502; x_wconf 88' lang='lat' dir='ltr'>reduci,</span> <span class='ocrx_word' id='word_1_271' title='bbox 1764 472 1820 495; x_wconf 90' lang='lat' dir='ltr'>seu</span> 
     </span>
     <span class='ocr_line' id='line_1_54' title="bbox 1073 515 1820 555; baseline -0.001 -7"><span class='ocrx_word' id='word_1_272' title='bbox 1073 515 1106 548; x_wconf 91' lang='lat' dir='ltr'>in</span> <span class='ocrx_word' id='word_1_273' title='bbox 1124 515 1176 548; x_wconf 86' lang='lat' dir='ltr'>ius</span> <span class='ocrx_word' id='word_1_274' title='bbox 1195 516 1242 548; x_wconf 81' lang='lat' dir='ltr'>vel</span> <span class='ocrx_word' id='word_1_275' title='bbox 1263 515 1513 549; x_wconf 85' lang='lat' dir='ltr'>controversiam</span> <span class='ocrx_word' id='word_1_276' title='bbox 1528 515 1651 555; x_wconf 88' lang='lat' dir='ltr'>vocari;</span> <span class='ocrx_word' id='word_1_277' title='bbox 1684 520 1740 548; x_wconf 89' lang='lat' dir='ltr'>aut</span> <span class='ocrx_word' id='word_1_278' title='bbox 1764 515 1820 548; x_wconf 88' lang='lat' dir='ltr'>ad-</span> 
     </span>
     <span class='ocr_line' id='line_1_55' title="bbox 1072 567 1820 612; baseline 0.003 -12"><span class='ocrx_word' id='word_1_279' title='bbox 1072 578 1181 601; x_wconf 88' lang='lat' dir='ltr'>versus</span> <span class='ocrx_word' id='word_1_280' title='bbox 1191 569 1246 602; x_wconf 88' lang='lat' dir='ltr'>illa</span> <span class='ocrx_word' id='word_1_281' title='bbox 1256 569 1486 612; x_wconf 84' lang='lat' dir='ltr'>quodcumque</span> <span class='ocrx_word' id='word_1_282' title='bbox 1504 568 1595 609; x_wconf 82' lang='lat' dir='ltr'>iuris,</span> <span class='ocrx_word' id='word_1_283' title='bbox 1607 567 1680 601; x_wconf 83' lang='lat' dir='ltr'>sacti</span> <span class='ocrx_word' id='word_1_284' title='bbox 1690 568 1738 601; x_wconf 91' lang='lat' dir='ltr'>vel</span> <span class='ocrx_word' id='word_1_285' title='bbox 1748 579 1820 612; x_wconf 80' lang='lat' dir='ltr'>gra-</span> 
     </span>
     <span class='ocr_line' id='line_1_56' title="bbox 1073 621 1821 666; baseline 0 -12"><span class='ocrx_word' id='word_1_286' title='bbox 1073 621 1135 654; x_wconf 88' lang='lat' dir='ltr'>tiae</span> <span class='ocrx_word' id='word_1_287' title='bbox 1154 622 1337 655; x_wconf 83' lang='lat' dir='ltr'>remedium</span> <span class='ocrx_word' id='word_1_288' title='bbox 1362 621 1528 666; x_wconf 87' lang='lat' dir='ltr'>impetrari</span> <span class='ocrx_word' id='word_1_289' title='bbox 1548 632 1653 665; x_wconf 87' lang='lat' dir='ltr'>posse;</span> <span class='ocrx_word' id='word_1_290' title='bbox 1678 631 1739 654; x_wconf 90' lang='lat' dir='ltr'>nec</span> <span class='ocrx_word' id='word_1_291' title='bbox 1762 622 1821 655; x_wconf 91' lang='lat' dir='ltr'>sub</span> 
     </span>
     <span class='ocr_line' id='line_1_57' title="bbox 1072 675 1821 722; baseline -0.001 -13"><span class='ocrx_word' id='word_1_292' title='bbox 1072 675 1148 709; x_wconf 88' lang='lat' dir='ltr'>ullis</span> <span class='ocrx_word' id='word_1_293' title='bbox 1172 675 1327 722; x_wconf 87' lang='lat' dir='ltr'>similium</span> <span class='ocrx_word' id='word_1_294' title='bbox 1347 676 1395 709; x_wconf 90' lang='lat' dir='ltr'>vel</span> <span class='ocrx_word' id='word_1_295' title='bbox 1421 675 1626 708; x_wconf 87' lang='lat' dir='ltr'>dissimilium</span> <span class='ocrx_word' id='word_1_296' title='bbox 1645 675 1821 719; x_wconf 83' lang='lat' dir='ltr'>gratiarum</span> 
     </span>
     <span class='ocr_line' id='line_1_58' title="bbox 1072 729 1822 770; baseline 0.003 -9"><span class='ocrx_word' id='word_1_297' title='bbox 1072 729 1343 770; x_wconf 85' lang='lat' dir='ltr'>revocationibus,</span> <span class='ocrx_word' id='word_1_298' title='bbox 1381 729 1629 762; x_wconf 89' lang='lat' dir='ltr'>limitationibus</span> <span class='ocrx_word' id='word_1_299' title='bbox 1661 733 1715 762; x_wconf 86' lang='lat' dir='ltr'>aut</span> <span class='ocrx_word' id='word_1_300' title='bbox 1752 729 1822 763; x_wconf 87' lang='lat' dir='ltr'>aliis</span> 
     </span>
     <span class='ocr_line' id='line_1_59' title="bbox 1074 782 1818 826; baseline -0.001 -10"><span class='ocrx_word' id='word_1_301' title='bbox 1074 783 1242 816; x_wconf 86' lang='lat' dir='ltr'>contrariis</span> <span class='ocrx_word' id='word_1_302' title='bbox 1273 782 1540 826; x_wconf 89' lang='lat' dir='ltr'>dispositionibus</span> <span class='ocrx_word' id='word_1_303' title='bbox 1575 783 1818 826; x_wconf 89' lang='lat' dir='ltr'>comprehendi,</span> 
     </span>
     <span class='ocr_line' id='line_1_60' title="bbox 1073 837 1822 881; baseline 0 -11"><span class='ocrx_word' id='word_1_304' title='bbox 1073 837 1128 870; x_wconf 86' lang='lat' dir='ltr'>sed</span> <span class='ocrx_word' id='word_1_305' title='bbox 1151 847 1278 881; x_wconf 85' lang='lat' dir='ltr'>semper</span> <span class='ocrx_word' id='word_1_306' title='bbox 1298 837 1336 870; x_wconf 90' lang='lat' dir='ltr'>ab</span> <span class='ocrx_word' id='word_1_307' title='bbox 1366 837 1430 869; x_wconf 91' lang='lat' dir='ltr'>illis</span> <span class='ocrx_word' id='word_1_308' title='bbox 1455 841 1615 881; x_wconf 86' lang='lat' dir='ltr'>exceptas,</span> <span class='ocrx_word' id='word_1_309' title='bbox 1641 841 1672 869; x_wconf 83' lang='lat' dir='ltr'>et</span> <span class='ocrx_word' id='word_1_310' title='bbox 1695 837 1822 880; x_wconf 84' lang='lat' dir='ltr'>quoties</span> 
     </span>
     <span class='ocr_line' id='line_1_61' title="bbox 1074 889 1823 933; baseline 0.001 -10"><span class='ocrx_word' id='word_1_311' title='bbox 1074 890 1147 924; x_wconf 88' lang='lat' dir='ltr'>illae</span> <span class='ocrx_word' id='word_1_312' title='bbox 1167 890 1375 930; x_wconf 80' lang='lat' dir='ltr'>emanabant,</span> <span class='ocrx_word' id='word_1_313' title='bbox 1405 889 1498 923; x_wconf 89' lang='lat' dir='ltr'>toties</span> <span class='ocrx_word' id='word_1_314' title='bbox 1524 890 1556 922; x_wconf 90' lang='lat' dir='ltr'>in</span> <span class='ocrx_word' id='word_1_315' title='bbox 1585 889 1768 933; x_wconf 85' lang='lat' dir='ltr'>pristinum,</span> <span class='ocrx_word' id='word_1_316' title='bbox 1791 896 1823 924; x_wconf 86' lang='lat' dir='ltr'>et</span> 
     </span>
     <span class='ocr_line' id='line_1_62' title="bbox 1073 943 1822 991; baseline 0 -14"><span class='ocrx_word' id='word_1_317' title='bbox 1073 955 1159 991; x_wconf 88' lang='lat' dir='ltr'>eum,</span> <span class='ocrx_word' id='word_1_318' title='bbox 1175 944 1207 977; x_wconf 91' lang='lat' dir='ltr'>in</span> <span class='ocrx_word' id='word_1_319' title='bbox 1228 955 1292 988; x_wconf 89' lang='lat' dir='ltr'>quo</span> <span class='ocrx_word' id='word_1_320' title='bbox 1308 949 1402 978; x_wconf 89' lang='lat' dir='ltr'>antea</span> <span class='ocrx_word' id='word_1_321' title='bbox 1414 948 1505 977; x_wconf 86' lang='lat' dir='ltr'>erant</span> <span class='ocrx_word' id='word_1_322' title='bbox 1519 948 1650 985; x_wconf 87' lang='lat' dir='ltr'>statum,</span> <span class='ocrx_word' id='word_1_323' title='bbox 1665 943 1822 985; x_wconf 83' lang='lat' dir='ltr'>restituta,</span> 
     </span>
     <span class='ocr_line' id='line_1_63' title="bbox 1073 997 1822 1042; baseline 0 -11"><span class='ocrx_word' id='word_1_324' title='bbox 1073 998 1214 1041; x_wconf 88' lang='lat' dir='ltr'>reposita</span> <span class='ocrx_word' id='word_1_325' title='bbox 1234 1002 1265 1031; x_wconf 88' lang='lat' dir='ltr'>et</span> <span class='ocrx_word' id='word_1_326' title='bbox 1292 998 1437 1042; x_wconf 85' lang='lat' dir='ltr'>plenarie</span> <span class='ocrx_word' id='word_1_327' title='bbox 1466 997 1673 1040; x_wconf 79' lang='lat' dir='ltr'>reintegrata,</span> <span class='ocrx_word' id='word_1_328' title='bbox 1712 1007 1749 1031; x_wconf 87' lang='lat' dir='ltr'>ac</span> <span class='ocrx_word' id='word_1_329' title='bbox 1782 997 1822 1031; x_wconf 88' lang='lat' dir='ltr'>de</span> 
     </span>
     <span class='ocr_line' id='line_1_64' title="bbox 1074 1051 1823 1094; baseline 0 -9"><span class='ocrx_word' id='word_1_330' title='bbox 1074 1062 1168 1093; x_wconf 85' lang='lat' dir='ltr'>novo,</span> <span class='ocrx_word' id='word_1_331' title='bbox 1206 1052 1301 1085; x_wconf 86' lang='lat' dir='ltr'>etiam</span> <span class='ocrx_word' id='word_1_332' title='bbox 1321 1052 1380 1085; x_wconf 87' lang='lat' dir='ltr'>sub</span> <span class='ocrx_word' id='word_1_333' title='bbox 1401 1052 1472 1084; x_wconf 89' lang='lat' dir='ltr'>data</span> <span class='ocrx_word' id='word_1_334' title='bbox 1497 1061 1554 1094; x_wconf 90' lang='lat' dir='ltr'>per</span> <span class='ocrx_word' id='word_1_335' title='bbox 1578 1051 1765 1085; x_wconf 87' lang='lat' dir='ltr'>Michaelem</span> <span class='ocrx_word' id='word_1_336' title='bbox 1790 1056 1823 1085; x_wconf 88' lang='lat' dir='ltr'>et</span> 
     </span>
     <span class='ocr_line' id='line_1_65' title="bbox 1074 1104 1823 1149; baseline 0 -11"><span class='ocrx_word' id='word_1_337' title='bbox 1074 1107 1199 1139; x_wconf 89' lang='lat' dir='ltr'>futuros</span> <span class='ocrx_word' id='word_1_338' title='bbox 1218 1111 1370 1149; x_wconf 86' lang='lat' dir='ltr'>patronos</span> <span class='ocrx_word' id='word_1_339' title='bbox 1394 1104 1577 1149; x_wconf 88' lang='lat' dir='ltr'>praedictos</span> <span class='ocrx_word' id='word_1_340' title='bbox 1601 1105 1823 1148; x_wconf 88' lang='lat' dir='ltr'>quandocum-</span> 
     </span>
     <span class='ocr_line' id='line_1_66' title="bbox 1073 1158 1823 1204; baseline 0 -12"><span class='ocrx_word' id='word_1_341' title='bbox 1073 1170 1135 1204; x_wconf 89' lang='lat' dir='ltr'>que</span> <span class='ocrx_word' id='word_1_342' title='bbox 1156 1159 1314 1203; x_wconf 81' lang='lat' dir='ltr'>eligenda,</span> <span class='ocrx_word' id='word_1_343' title='bbox 1342 1169 1505 1199; x_wconf 83' lang='lat' dir='ltr'>concessa,</span> <span class='ocrx_word' id='word_1_344' title='bbox 1535 1158 1639 1192; x_wconf 84' lang='lat' dir='ltr'>valida</span> <span class='ocrx_word' id='word_1_345' title='bbox 1668 1163 1699 1191; x_wconf 89' lang='lat' dir='ltr'>et</span> <span class='ocrx_word' id='word_1_346' title='bbox 1718 1158 1823 1192; x_wconf 87' lang='lat' dir='ltr'>effica-</span> 
     </span>
     <span class='ocr_line' id='line_1_67' title="bbox 1074 1212 1823 1257; baseline -0.001 -10"><span class='ocrx_word' id='word_1_347' title='bbox 1074 1214 1123 1247; x_wconf 86' lang='lat' dir='ltr'>cia</span> <span class='ocrx_word' id='word_1_348' title='bbox 1157 1213 1238 1254; x_wconf 85' lang='lat' dir='ltr'>sore,</span> <span class='ocrx_word' id='word_1_349' title='bbox 1270 1223 1410 1257; x_wconf 88' lang='lat' dir='ltr'>suosque</span> <span class='ocrx_word' id='word_1_350' title='bbox 1445 1212 1608 1256; x_wconf 90' lang='lat' dir='ltr'>plenarios</span> <span class='ocrx_word' id='word_1_351' title='bbox 1628 1216 1659 1245; x_wconf 88' lang='lat' dir='ltr'>et</span> <span class='ocrx_word' id='word_1_352' title='bbox 1682 1212 1823 1255; x_wconf 84' lang='lat' dir='ltr'>integros</span> 
     </span>
     <span class='ocr_line' id='line_1_68' title="bbox 1074 1265 1789 1310; baseline -0.003 -10"><span class='ocrx_word' id='word_1_353' title='bbox 1074 1267 1207 1301; x_wconf 80' lang='lat' dir='ltr'>effectus</span> <span class='ocrx_word' id='word_1_354' title='bbox 1226 1266 1346 1307; x_wconf 89' lang='lat' dir='ltr'>sortiri,</span> <span class='ocrx_word' id='word_1_355' title='bbox 1367 1277 1404 1299; x_wconf 86' lang='lat' dir='ltr'>ac</span> <span class='ocrx_word' id='word_1_356' title='bbox 1425 1271 1581 1310; x_wconf 86' lang='lat' dir='ltr'>perpetuo</span> <span class='ocrx_word' id='word_1_357' title='bbox 1609 1265 1789 1308; x_wconf 81' lang='lat' dir='ltr'>suffragari.</span> 
     </span>
    </p>

    <p class='ocr_par' dir='ltr' id='par_1_6' title="bbox 1073 1318 1825 1953">
     <span class='ocr_line' id='line_1_69' title="bbox 1118 1318 1825 1365; baseline -0.001 -11"><span class='ocrx_word' id='word_1_358' title='bbox 1118 1322 1132 1365; x_wconf 63' lang='grc' dir='ltr'>ἓ</span> <span class='ocrx_word' id='word_1_359' title='bbox 1149 1320 1202 1354; x_wconf 66' lang='lat'>28.</span> <span class='ocrx_word' id='word_1_360' title='bbox 1225 1320 1341 1364; x_wconf 85' lang='lat' dir='ltr'>Sicque</span> <span class='ocrx_word' id='word_1_361' title='bbox 1361 1319 1394 1352; x_wconf 93' lang='lat' dir='ltr'>in</span> <span class='ocrx_word' id='word_1_362' title='bbox 1410 1318 1594 1363; x_wconf 87' lang='lat' dir='ltr'>praemissis</span> <span class='ocrx_word' id='word_1_363' title='bbox 1613 1319 1771 1353; x_wconf 86' lang='lat' dir='ltr'>universis</span> <span class='ocrx_word' id='word_1_364' title='bbox 1793 1324 1825 1354; x_wconf 80' lang='lat' dir='ltr'>et</span> 
     </span>
     <span class='ocr_line' id='line_1_70' title="bbox 1074 1366 1823 1417; baseline -0.003 -9"><span class='ocrx_word' id='word_1_365' title='bbox 1074 1374 1208 1417; x_wconf 81' lang='lat' dir='ltr'>singulis</span> <span class='ocrx_word' id='word_1_366' title='bbox 1233 1384 1292 1417; x_wconf 90' lang='lat' dir='ltr'>per</span> <span class='ocrx_word' id='word_1_367' title='bbox 1321 1383 1545 1417; x_wconf 89' lang='lat' dir='ltr'>quoscumque</span> <span class='ocrx_word' id='word_1_368' title='bbox 1580 1371 1715 1414; x_wconf 88' lang='lat' dir='ltr'>iudices,</span> <span class='ocrx_word' id='word_1_369' title='bbox 1732 1366 1823 1406; x_wconf 79' lang='lat' dir='ltr'>&#39;ordi-</span> 
     </span>
     <span class='ocr_line' id='line_1_71' title="bbox 1073 1426 1822 1470; baseline -0.001 -9"><span class='ocrx_word' id='word_1_370' title='bbox 1073 1429 1182 1461; x_wconf 87' lang='lat' dir='ltr'>narios</span> <span class='ocrx_word' id='word_1_371' title='bbox 1203 1433 1233 1461; x_wconf 87' lang='lat' dir='ltr'>et</span> <span class='ocrx_word' id='word_1_372' title='bbox 1253 1427 1426 1470; x_wconf 82' lang='lat' dir='ltr'>delegatos,</span> <span class='ocrx_word' id='word_1_373' title='bbox 1448 1426 1543 1459; x_wconf 89' lang='lat' dir='ltr'>etiam</span> <span class='ocrx_word' id='word_1_374' title='bbox 1565 1437 1734 1460; x_wconf 89' lang='lat' dir='ltr'>causarum</span> <span class='ocrx_word' id='word_1_375' title='bbox 1763 1427 1822 1460; x_wconf 87' lang='lat' dir='ltr'>Pa-</span> 
     </span>
     <span class='ocr_line' id='line_1_72' title="bbox 1074 1479 1823 1525; baseline -0.003 -10"><span class='ocrx_word' id='word_1_376' title='bbox 1074 1482 1140 1515; x_wconf 86' lang='lat' dir='ltr'>latii</span> <span class='ocrx_word' id='word_1_377' title='bbox 1177 1480 1353 1525; x_wconf 87' lang='lat' dir='ltr'>Apostolici</span> <span class='ocrx_word' id='word_1_378' title='bbox 1391 1479 1564 1521; x_wconf 87' lang='lat' dir='ltr'>auditores,</span> <span class='ocrx_word' id='word_1_379' title='bbox 1604 1490 1641 1513; x_wconf 87' lang='lat' dir='ltr'>ac</span> <span class='ocrx_word' id='word_1_380' title='bbox 1679 1479 1823 1513; x_wconf 85' lang='lat' dir='ltr'>eiusdem</span> 
     </span>
     <span class='ocr_line' id='line_1_73' title="bbox 1074 1533 1821 1575; baseline -0.004 -6"><span class='ocrx_word' id='word_1_381' title='bbox 1074 1541 1203 1569; x_wconf 89' lang='lat' dir='ltr'>sanctae</span> <span class='ocrx_word' id='word_1_382' title='bbox 1241 1535 1404 1568; x_wconf 87' lang='lat' dir='ltr'>Romanae</span> <span class='ocrx_word' id='word_1_383' title='bbox 1441 1533 1602 1567; x_wconf 85' lang='lat' dir='ltr'>Ecclesiae</span> <span class='ocrx_word' id='word_1_384' title='bbox 1623 1533 1821 1575; x_wconf 85' lang='lat' dir='ltr'>cardinales,</span> 
     </span>
     <span class='ocr_line' id='line_1_74' title="bbox 1075 1586 1824 1631; baseline -0.001 -9"><span class='ocrx_word' id='word_1_385' title='bbox 1075 1590 1201 1623; x_wconf 86' lang='lat' dir='ltr'>sublata</span> <span class='ocrx_word' id='word_1_386' title='bbox 1217 1589 1261 1622; x_wconf 90' lang='lat' dir='ltr'>eis</span> <span class='ocrx_word' id='word_1_387' title='bbox 1279 1594 1309 1622; x_wconf 91' lang='lat' dir='ltr'>et</span> <span class='ocrx_word' id='word_1_388' title='bbox 1328 1599 1440 1621; x_wconf 87' lang='lat' dir='ltr'>eorum</span> <span class='ocrx_word' id='word_1_389' title='bbox 1462 1586 1594 1621; x_wconf 88' lang='lat' dir='ltr'>cuilibet</span> <span class='ocrx_word' id='word_1_390' title='bbox 1604 1587 1715 1631; x_wconf 89' lang='lat' dir='ltr'>quavis</span> <span class='ocrx_word' id='word_1_391' title='bbox 1730 1587 1824 1621; x_wconf 87' lang='lat' dir='ltr'>aliter</span> 
     </span>
     <span class='ocr_line' id='line_1_75' title="bbox 1075 1641 1825 1685; baseline -0.004 -9"><span class='ocrx_word' id='word_1_392' title='bbox 1075 1643 1241 1676; x_wconf 83' lang='lat' dir='ltr'>iudicandi</span> <span class='ocrx_word' id='word_1_393' title='bbox 1275 1653 1312 1676; x_wconf 86' lang='lat' dir='ltr'>ac</span> <span class='ocrx_word' id='word_1_394' title='bbox 1350 1641 1583 1685; x_wconf 87' lang='lat' dir='ltr'>interpretandi</span> <span class='ocrx_word' id='word_1_395' title='bbox 1610 1641 1761 1674; x_wconf 84' lang='lat' dir='ltr'>facultate</span> <span class='ocrx_word' id='word_1_396' title='bbox 1793 1646 1825 1674; x_wconf 87' lang='lat' dir='ltr'>et</span> 
     </span>
     <span class='ocr_line' id='line_1_76' title="bbox 1076 1694 1824 1740; baseline -0.003 -10"><span class='ocrx_word' id='word_1_397' title='bbox 1076 1696 1278 1737; x_wconf 87' lang='lat' dir='ltr'>auctoritate,</span> <span class='ocrx_word' id='word_1_398' title='bbox 1297 1696 1330 1729; x_wconf 90' lang='lat' dir='ltr'>in</span> <span class='ocrx_word' id='word_1_399' title='bbox 1350 1694 1460 1740; x_wconf 85' lang='lat' dir='ltr'>quavis</span> <span class='ocrx_word' id='word_1_400' title='bbox 1480 1705 1577 1728; x_wconf 86' lang='lat' dir='ltr'>causa</span> <span class='ocrx_word' id='word_1_401' title='bbox 1608 1700 1640 1728; x_wconf 92' lang='lat' dir='ltr'>et</span> <span class='ocrx_word' id='word_1_402' title='bbox 1662 1694 1824 1735; x_wconf 88' lang='lat' dir='ltr'>instantia,</span> 
     </span>
     <span class='ocr_line' id='line_1_77' title="bbox 1075 1747 1825 1792; baseline -0.004 -9"><span class='ocrx_word' id='word_1_403' title='bbox 1075 1749 1212 1783; x_wconf 89' lang='lat' dir='ltr'>iudicari</span> <span class='ocrx_word' id='word_1_404' title='bbox 1226 1754 1256 1783; x_wconf 88' lang='lat' dir='ltr'>et</span> <span class='ocrx_word' id='word_1_405' title='bbox 1267 1748 1393 1782; x_wconf 76' lang='lat' dir='ltr'>deliniri</span> <span class='ocrx_word' id='word_1_406' title='bbox 1407 1748 1537 1788; x_wconf 88' lang='lat' dir='ltr'>debere;</span> <span class='ocrx_word' id='word_1_407' title='bbox 1552 1747 1679 1780; x_wconf 85' lang='lat' dir='ltr'>irritum</span> <span class='ocrx_word' id='word_1_408' title='bbox 1694 1758 1825 1792; x_wconf 87' lang='lat' dir='ltr'>quoque</span> 
     </span>
     <span class='ocr_line' id='line_1_78' title="bbox 1077 1801 1822 1846; baseline -0.004 -10"><span class='ocrx_word' id='word_1_409' title='bbox 1077 1810 1108 1837; x_wconf 89' lang='lat' dir='ltr'>et</span> <span class='ocrx_word' id='word_1_410' title='bbox 1126 1803 1222 1836; x_wconf 87' lang='lat' dir='ltr'>inane</span> <span class='ocrx_word' id='word_1_411' title='bbox 1246 1802 1271 1836; x_wconf 87' lang='lat' dir='ltr'>si</span> <span class='ocrx_word' id='word_1_412' title='bbox 1292 1813 1385 1836; x_wconf 89' lang='lat' dir='ltr'>secus</span> <span class='ocrx_word' id='word_1_413' title='bbox 1413 1812 1511 1846; x_wconf 86' lang='lat' dir='ltr'>super</span> <span class='ocrx_word' id='word_1_414' title='bbox 1529 1801 1579 1834; x_wconf 89' lang='lat' dir='ltr'>his</span> <span class='ocrx_word' id='word_1_415' title='bbox 1608 1812 1626 1834; x_wconf 88' lang='lat' dir='ltr'>a</span> <span class='ocrx_word' id='word_1_416' title='bbox 1646 1811 1822 1845; x_wconf 88' lang='lat' dir='ltr'>quoquam,</span> 
     </span>
     <span class='ocr_line' id='line_1_79' title="bbox 1077 1855 1824 1901; baseline -0.003 -11"><span class='ocrx_word' id='word_1_417' title='bbox 1077 1857 1185 1901; x_wconf 87' lang='lat' dir='ltr'>quavis</span> <span class='ocrx_word' id='word_1_418' title='bbox 1201 1857 1404 1898; x_wconf 85' lang='lat' dir='ltr'>auctoritate,</span> <span class='ocrx_word' id='word_1_419' title='bbox 1418 1856 1557 1889; x_wconf 84' lang='lat' dir='ltr'>scienter</span> <span class='ocrx_word' id='word_1_420' title='bbox 1567 1855 1615 1888; x_wconf 91' lang='lat' dir='ltr'>vel</span> <span class='ocrx_word' id='word_1_421' title='bbox 1626 1855 1824 1898; x_wconf 80' lang='lat' dir='ltr'>ignoranter,</span> 
     </span>
     <span class='ocr_line' id='line_1_80' title="bbox 1078 1910 1427 1953; baseline -0.006 -9"><span class='ocrx_word' id='word_1_422' title='bbox 1078 1910 1259 1953; x_wconf 50' lang='lat' dir='ltr'>contigerit*</span> <span class='ocrx_word' id='word_1_423' title='bbox 1268 1910 1427 1944; x_wconf 87' lang='lat' dir='ltr'>attentari.</span> 
     </span>
    </p>

    <p class='ocr_par' dir='ltr' id='par_1_7' title="bbox 1078 1961 1833 2530">
     <span class='ocr_line' id='line_1_81' title="bbox 1122 1961 1827 2008; baseline -0.003 -10"><span class='ocrx_word' id='word_1_424' title='bbox 1122 1965 1137 2008; x_wconf 62' lang='lat' dir='ltr'>g</span> <span class='ocrx_word' id='word_1_425' title='bbox 1157 1964 1211 1998; x_wconf 74' lang='lat'>⁶29.</span> <span class='ocrx_word' id='word_1_426' title='bbox 1233 1964 1389 2004; x_wconf 65' lang='lat' dir='ltr'>roirca</span> <span class='ocrx_word' id='word_1_427' title='bbox 1414 1962 1651 1997; x_wconf 88' lang='lat' dir='ltr'>venerabilibus</span> <span class='ocrx_word' id='word_1_428' title='bbox 1675 1961 1827 1996; x_wconf 85' lang='lat' dir='ltr'>fratribus</span> 
     </span>
     <span class='ocr_line' id='line_1_82' title="bbox 1078 2016 1827 2059; baseline -0.005 -6"><span class='ocrx_word' id='word_1_429' title='bbox 1078 2019 1195 2053; x_wconf 89' lang='lat' dir='ltr'>nostris</span> <span class='ocrx_word' id='word_1_430' title='bbox 1219 2018 1367 2059; x_wconf 87' lang='lat' dir='ltr'>Ostiensi,</span> <span class='ocrx_word' id='word_1_431' title='bbox 1394 2017 1564 2051; x_wconf 87' lang='lat' dir='ltr'>Sabinensi</span> <span class='ocrx_word' id='word_1_432' title='bbox 1592 2023 1623 2050; x_wconf 89' lang='lat' dir='ltr'>et</span> <span class='ocrx_word' id='word_1_433' title='bbox 1646 2016 1827 2050; x_wconf 89' lang='lat' dir='ltr'>Tusculano</span> 
     </span>
     <span class='ocr_line' id='line_1_83' title="bbox 1079 2070 1829 2118; baseline -0.001 -12"><span class='ocrx_word' id='word_1_434' title='bbox 1079 2072 1251 2118; x_wconf 82' lang='lat' dir='ltr'>episeopis,</span> <span class='ocrx_word' id='word_1_435' title='bbox 1262 2078 1351 2105; x_wconf 92' lang='lat' dir='ltr'>motu</span> <span class='ocrx_word' id='word_1_436' title='bbox 1361 2071 1458 2104; x_wconf 90' lang='lat' dir='ltr'>simili</span> <span class='ocrx_word' id='word_1_437' title='bbox 1470 2070 1660 2104; x_wconf 83' lang='lat' dir='ltr'>mandamus</span> <span class='ocrx_word' id='word_1_438' title='bbox 1670 2075 1829 2114; x_wconf 87' lang='lat' dir='ltr'>quatenus</span> 
     </span>
     <span class='ocr_line' id='line_1_84' title="bbox 1080 2123 1830 2170; baseline -0.004 -11"><span class='ocrx_word' id='word_1_439' title='bbox 1080 2126 1154 2170; x_wconf 91' lang='lat' dir='ltr'>ipsi,</span> <span class='ocrx_word' id='word_1_440' title='bbox 1174 2126 1223 2159; x_wconf 91' lang='lat' dir='ltr'>vel</span> <span class='ocrx_word' id='word_1_441' title='bbox 1243 2126 1307 2159; x_wconf 91' lang='lat' dir='ltr'>duo</span> <span class='ocrx_word' id='word_1_442' title='bbox 1327 2129 1382 2158; x_wconf 92' lang='lat' dir='ltr'>aut</span> <span class='ocrx_word' id='word_1_443' title='bbox 1401 2135 1484 2157; x_wconf 90' lang='lat' dir='ltr'>unus</span> <span class='ocrx_word' id='word_1_444' title='bbox 1505 2134 1631 2164; x_wconf 82' lang='lat' dir='ltr'>eorum,</span> <span class='ocrx_word' id='word_1_445' title='bbox 1648 2134 1707 2168; x_wconf 81' lang='lat' dir='ltr'>per</span> <span class='ocrx_word' id='word_1_446' title='bbox 1725 2134 1758 2157; x_wconf 89' lang='lat' dir='ltr'>se</span> <span class='ocrx_word' id='word_1_447' title='bbox 1779 2123 1830 2157; x_wconf 90' lang='lat' dir='ltr'>vel</span> 
     </span>
     <span class='ocr_line' id='line_1_85' title="bbox 1081 2177 1831 2222; baseline -0.004 -9"><span class='ocrx_word' id='word_1_448' title='bbox 1081 2180 1181 2213; x_wconf 89' lang='lat' dir='ltr'>alium</span> <span class='ocrx_word' id='word_1_449' title='bbox 1201 2190 1257 2213; x_wconf 91' lang='lat' dir='ltr'>seu</span> <span class='ocrx_word' id='word_1_450' title='bbox 1277 2179 1366 2219; x_wconf 84' lang='lat' dir='ltr'>alios,</span> <span class='ocrx_word' id='word_1_451' title='bbox 1388 2183 1574 2222; x_wconf 88' lang='lat' dir='ltr'>praesentes</span> <span class='ocrx_word' id='word_1_452' title='bbox 1603 2177 1724 2211; x_wconf 87' lang='lat' dir='ltr'>litteras</span> <span class='ocrx_word' id='word_1_453' title='bbox 1743 2182 1774 2211; x_wconf 87' lang='lat' dir='ltr'>et</span> <span class='ocrx_word' id='word_1_454' title='bbox 1796 2177 1831 2210; x_wconf 91' lang='lat' dir='ltr'>in</span> 
     </span>
     <span class='ocr_line' id='line_1_86' title="bbox 1081 2231 1829 2276; baseline -0.003 -10"><span class='ocrx_word' id='word_1_455' title='bbox 1081 2234 1126 2266; x_wconf 88' lang='lat' dir='ltr'>eis</span> <span class='ocrx_word' id='word_1_456' title='bbox 1143 2238 1292 2266; x_wconf 88' lang='lat' dir='ltr'>contenta</span> <span class='ocrx_word' id='word_1_457' title='bbox 1312 2242 1548 2276; x_wconf 86' lang='lat' dir='ltr'>quaecumque,</span> <span class='ocrx_word' id='word_1_458' title='bbox 1570 2231 1625 2264; x_wconf 91' lang='lat' dir='ltr'>ubi</span> <span class='ocrx_word' id='word_1_459' title='bbox 1646 2237 1678 2264; x_wconf 89' lang='lat' dir='ltr'>et</span> <span class='ocrx_word' id='word_1_460' title='bbox 1701 2231 1829 2274; x_wconf 88' lang='lat' dir='ltr'>quando</span> 
     </span>
     <span class='ocr_line' id='line_1_87' title="bbox 1081 2285 1830 2331; baseline -0.003 -12"><span class='ocrx_word' id='word_1_461' title='bbox 1081 2297 1163 2331; x_wconf 88' lang='lat' dir='ltr'>opus</span> <span class='ocrx_word' id='word_1_462' title='bbox 1183 2286 1292 2326; x_wconf 85' lang='lat' dir='ltr'>suerit,</span> <span class='ocrx_word' id='word_1_463' title='bbox 1309 2296 1346 2319; x_wconf 87' lang='lat' dir='ltr'>ac</span> <span class='ocrx_word' id='word_1_464' title='bbox 1356 2285 1482 2328; x_wconf 86' lang='lat' dir='ltr'>quoties</span> <span class='ocrx_word' id='word_1_465' title='bbox 1495 2295 1553 2328; x_wconf 86' lang='lat' dir='ltr'>pro</span> <span class='ocrx_word' id='word_1_466' title='bbox 1573 2289 1665 2328; x_wconf 89' lang='lat' dir='ltr'>parte</span> <span class='ocrx_word' id='word_1_467' title='bbox 1675 2295 1735 2328; x_wconf 91' lang='lat' dir='ltr'>pro</span> <span class='ocrx_word' id='word_1_468' title='bbox 1748 2289 1830 2318; x_wconf 83' lang='lat' dir='ltr'>tem-</span> 
     </span>
     <span class='ocr_line' id='line_1_88' title="bbox 1082 2337 1828 2385; baseline -0.004 -12"><span class='ocrx_word' id='word_1_469' title='bbox 1082 2350 1160 2385; x_wconf 90' lang='lat' dir='ltr'>pore</span> <span class='ocrx_word' id='word_1_470' title='bbox 1184 2339 1388 2373; x_wconf 82' lang='lat' dir='ltr'>existentium</span> <span class='ocrx_word' id='word_1_471' title='bbox 1413 2337 1606 2382; x_wconf 88' lang='lat' dir='ltr'>protectoris</span> <span class='ocrx_word' id='word_1_472' title='bbox 1634 2343 1666 2371; x_wconf 89' lang='lat' dir='ltr'>et</span> <span class='ocrx_word' id='word_1_473' title='bbox 1689 2337 1828 2381; x_wconf 85' lang='lat' dir='ltr'>patroni,</span> 
     </span>
     <span class='ocr_line' id='line_1_89' title="bbox 1082 2387 1831 2433; baseline -0.004 -11"><span class='ocrx_word' id='word_1_474' title='bbox 1082 2400 1208 2422; x_wconf 84' lang='lat' dir='ltr'>necnon</span> <span class='ocrx_word' id='word_1_475' title='bbox 1229 2388 1415 2433; x_wconf 88' lang='lat' dir='ltr'>praepositi,</span> <span class='ocrx_word' id='word_1_476' title='bbox 1438 2388 1600 2428; x_wconf 85' lang='lat' dir='ltr'>sacristae,</span> <span class='ocrx_word' id='word_1_477' title='bbox 1623 2387 1831 2431; x_wconf 87' lang='lat' dir='ltr'>cappellano-</span> 
     </span>
     <span class='ocr_line' id='line_1_90' title="bbox 1084 2435 1833 2480; baseline -0.003 -10"><span class='ocrx_word' id='word_1_478' title='bbox 1084 2449 1156 2471; x_wconf 89' lang='lat' dir='ltr'>rum</span> <span class='ocrx_word' id='word_1_479' title='bbox 1177 2443 1207 2471; x_wconf 87' lang='lat' dir='ltr'>et</span> <span class='ocrx_word' id='word_1_480' title='bbox 1239 2438 1380 2471; x_wconf 86' lang='lat' dir='ltr'>aliorum</span> <span class='ocrx_word' id='word_1_481' title='bbox 1399 2436 1667 2470; x_wconf 73' lang='lat' dir='ltr'>beneficiatorum</span> <span class='ocrx_word' id='word_1_482' title='bbox 1687 2435 1833 2480; x_wconf 86' lang='lat' dir='ltr'>praedic-</span> 
     </span>
     <span class='ocr_line' id='line_1_91' title="bbox 1083 2484 1829 2530; baseline -0.005 -9"><span class='ocrx_word' id='word_1_483' title='bbox 1083 2493 1202 2529; x_wconf 89' lang='lat' dir='ltr'>torum,</span> <span class='ocrx_word' id='word_1_484' title='bbox 1211 2498 1266 2521; x_wconf 87' lang='lat' dir='ltr'>seu</span> <span class='ocrx_word' id='word_1_485' title='bbox 1279 2487 1416 2520; x_wconf 88' lang='lat' dir='ltr'>alicuius</span> <span class='ocrx_word' id='word_1_486' title='bbox 1427 2497 1539 2520; x_wconf 87' lang='lat' dir='ltr'>eorum</span> <span class='ocrx_word' id='word_1_487' title='bbox 1548 2484 1829 2530; x_wconf 85' lang='lat' dir='ltr'>suerintrequisiti,</span> 
     </span>
    </p>
   </div>
   <div class='ocr_carea' id='block_1_6' title="bbox 1085 2534 1843 2580">
    <p class='ocr_par' dir='ltr' id='par_1_8' title="bbox 1085 2534 1843 2580">
     <span class='ocr_line' id='line_1_92' title="bbox 1085 2534 1843 2580; baseline -0.007 -10"><span class='ocrx_word' id='word_1_488' title='bbox 1085 2537 1273 2570; x_wconf 88' lang='lat' dir='ltr'>solemniter</span> <span class='ocrx_word' id='word_1_489' title='bbox 1292 2536 1504 2580; x_wconf 85' lang='lat' dir='ltr'>publicantes,</span> <span class='ocrx_word' id='word_1_490' title='bbox 1535 2534 1645 2578; x_wconf 85' lang='lat' dir='ltr'>eisque</span> <span class='ocrx_word' id='word_1_491' title='bbox 1680 2535 1713 2567; x_wconf 90' lang='lat' dir='ltr'>in</span> <span class='ocrx_word' id='word_1_492' title='bbox 1736 2541 1843 2577; x_wconf 75' lang='lat' dir='ltr'>prae-‘</span> 
     </span>
    </p>
   </div>
   <div class='ocr_carea' id='block_1_7' title="bbox 1085 2581 1831 2628">
    <p class='ocr_par' dir='ltr' id='par_1_9' title="bbox 1085 2581 1831 2628">
     <span class='ocr_line' id='line_1_93' title="bbox 1085 2581 1831 2628; baseline -0.007 -8"><span class='ocrx_word' id='word_1_493' title='bbox 1085 2587 1189 2621; x_wconf 75' lang='lat' dir='ltr'>missis</span> <span class='ocrx_word' id='word_1_494' title='bbox 1209 2585 1349 2620; x_wconf 80' lang='lat' dir='ltr'>efficacis</span> <span class='ocrx_word' id='word_1_495' title='bbox 1367 2584 1562 2619; x_wconf 84' lang='lat' dir='ltr'>defensionis</span> <span class='ocrx_word' id='word_1_496' title='bbox 1580 2583 1739 2628; x_wconf 88' lang='lat' dir='ltr'>praesidio</span> <span class='ocrx_word' id='word_1_497' title='bbox 1756 2581 1831 2616; x_wconf 82' lang='lat' dir='ltr'>assi-</span> 
     </span>
    </p>
   </div>
   <div class='ocr_carea' id='block_1_8' title="bbox 1975 0 2059 3228">
    <p class='ocr_par' dir='ltr' id='par_1_10' title="bbox 1975 0 2059 3228">
     <span class='ocr_line' id='line_1_94' title="bbox 1975 0 2059 3228; baseline 0.595 -1268"><span class='ocrx_word' id='word_1_498' title='bbox 1975 0 2059 3228; x_wconf 95' lang='lat' dir='ltr'>     </span> 
     </span>
    </p>
   </div>
   <div class='ocr_carea' id='block_1_9' title="bbox 1836 1317 1984 1378">
    <p class='ocr_par' dir='ltr' id='par_1_11' title="bbox 1836 1317 1984 1378">
     <span class='ocr_line' id='line_1_95' title="bbox 1863 1317 1975 1350; baseline 0.009 -4"><span class='ocrx_word' id='word_1_499' title='bbox 1863 1317 1975 1350; x_wconf 70' lang='lat' dir='ltr'>Deci-atui»</span> 
     </span>
     <span class='ocr_line' id='line_1_96' title="bbox 1836 1356 1984 1378; baseline -0.027 0"><span class='ocrx_word' id='word_1_500' title='bbox 1836 1358 1902 1378; x_wconf 68' lang='lat' dir='ltr'>ritaus</span> <span class='ocrx_word' id='word_1_501' title='bbox 1916 1356 1984 1377; x_wconf 61' lang='lat' dir='ltr'>atum.&gt;</span> 
     </span>
    </p>
   </div>
   <div class='ocr_carea' id='block_1_10' title="bbox 1988 1969 2004 1977">
    <p class='ocr_par' dir='ltr' id='par_1_12' title="bbox 1988 1969 2004 1977">
     <span class='ocr_line' id='line_1_97' title="bbox 1988 1969 2004 1977; baseline 0 0"><span class='ocrx_word' id='word_1_502' title='bbox 1988 1969 2004 1977; x_wconf 70' lang='lat' dir='ltr'>n</span> 
     </span>
    </p>
   </div>
   <div class='ocr_carea' id='block_1_11' title="bbox 1840 1974 1992 2034">
    <p class='ocr_par' dir='ltr' id='par_1_13' title="bbox 1840 1974 1992 2034">
     <span class='ocr_line' id='line_1_98' title="bbox 1892 1974 1992 1996; baseline 0 0"><span class='ocrx_word' id='word_1_503' title='bbox 1892 1974 1992 1996; x_wconf 72' lang='lat' dir='ltr'>Emeum</span> 
     </span>
     <span class='ocr_line' id='line_1_99' title="bbox 1840 2007 1936 2034; baseline -0.021 -6"><span class='ocrx_word' id='word_1_504' title='bbox 1840 2007 1936 2034; x_wconf 46' lang='lat' dir='ltr'>deputata</span> 
     </span>
    </p>
   </div>
  </div>
 </body>
</html>
