2059 3228
93 1109 212 1131 matt-tem

49 1139 81 1167 ἡ
92 1140 211 1162 custoditius

109 1179 119 1192 r
129 1172 210 1198 praeta-

70 1211 78 1220 ·v
93 1205 211 1226 nominandi

104 1235 131 1256 ali
160 1241 212 1262 pro—

90 1266 116 1292 ιΙ,
135 1267 169 1294 qul
185 1271 211 1288 ex

100 1303 134 1319 ιι
147 1297 211 1324 eligat

101 1334 120 1350 ι
135 1334 212 1350 eausa-

87 1358 154 1380 dieue
174 1365 210 1380 u·-

75 1387 86 1418 ¹,
105 1389 204 1412 fraisni-

102 1425 148 1443 enn
169 1427 211 1450 po-

95 1457 210 1474 seuum-

130 1489 210 1511 cogno-

899 213 1002 239 six‘rtls
1021 214 1040 237 V
1058 214 1107 238 PP-

237 278 317 314 pore
335 269 505 302 existentes
521 267 679 310 custodes,
701 268 910 309 camerarius,
937 268 982 302 os·
1024 267 1062 299 ad
1083 266 1231 300 effectum
1252 274 1287 301 ut
1306 279 1342 301 ex
1363 268 1425 302 illis
1443 275 1583 313 quatuor
1615 280 1700 304 unus
1714 281 1773 315 per

237 322 358 357 ficiales
381 328 412 357 et
436 323 584 363 ministri,
607 324 647 356 ob
668 323 750 363 lites,
777 323 982 367 quaestiones

222 372 268 410 'et
286 377 517 410 controversias
546 378 665 417 civiles,
698 378 858 421 profanas,
887 377 981 420 spiri-

226 431 349 471 tuales,
370 441 473 464 meras
492 437 521 464 et
544 432 667 470 mixtas,
682 441 738 474 per
751 431 873 463 diversa
888 430 980 463 Urbis

220 482 422 524 tribunalia,
454 484 621 517 occasione
659 484 867 524 locationum,
908 494 981 517 ccn-

233 546 340 577 suum,
361 537 584 578 donationum,
617 537 863 576 haereditatum,
892 537 978 579 lega-

234 594 358 631 torum,
376 591 498 624 dotium
515 595 545 624 et
564 591 760 624 diversarum
780 590 914 622 aliarum
932 600 979 621 re-

233 653 305 676 rum
319 643 550 685 eiusdem‚tam
562 644 686 686 agendo
707 653 765 687 pro
787 643 852 686 ipsa
869 643 977 694 arciri.-

232 697 490 730 cont'raternitate
509 707 606 740 quam
626 707 696 729 eam
716 695 914 729 defendendo
931 697 977 728 vei

230 749 310 783 alias
342 750 459 793 iugiter
489 750 644 794 implicati
678 749 822 790 existant,
850 759 887 782 ex
913 760 977 793 quo

229 803 415 847 saepissime
434 804 628 848 quamplura
643 803 759 836 damna
777 808 807 836 et
823 802 977 836 interesse

228 856 409 900 patiuntur,
439 867 477 890 ac
496 856 640 901 impensa
667 856 730 889 litis
753 857 894 889 valorem
915 856 973 896 rei,

229 909 269 943 dc
283 920 349 954 qua
368 921 406 944 ex
424 915 570 955 tempore
590 910 707 954 agitur,
742 920 975 954 saepenumero

220 973 266 997 vsu
291 969 370 997 eret.

220 1029 222 1031 ’
269 974 288 1061 ξ
311 1017 343 1051 1.
364 1017 441 1058 Nos,
469 1017 856 1051 archiconfraternitatem
882 1027 975 1061 prae-

108 1076 223 1105 '’o-titus

226 1071 339 1113 fatam,
364 1082 462 1116 quam
487 1071 643 1115 singulari
669 1071 842 1105 dilectione
866 1082 975 1115 prose-

225 1124 369 1169 quimur,
388 1129 420 1160 et
437 1125 470 1159 in
489 1136 554 1169 qua
582 1125 705 1159 diversa
725 1125 863 1169 pietatis,
890 1125 972 1159 cari-

220 1177 297 1212 tatis
317 1184 348 1212 et
373 1179 614 1213 misericordiae
634 1189 745 1223 opera,
772 1178 866 1212 etiam
887 1179 972 1212 elee-

223 1241 373 1276 mosynas
392 1233 590 1277 pauperibus
606 1233 782 1276 erogando,
813 1243 850 1265 ac
876 1233 971 1267 mise-

225 1285 380 1320 rabilibus
399 1287 516 1331 puellis
536 1287 625 1320 dotes
636 1286 832 1330 elargiendo,
846 1297 971 1320 necnon

225 1338 366 1383 captivos
386 1350 404 1373 a
423 1340 593 1373 durissima
613 1339 793 1372 infidelium
805 1339 969 1380 servitute,

225 1393 363 1426 maxima
387 1403 461 1427 cum
482 1388 631 1433 caritate,
644 1393 843 1433 redimendo,
869 1394 971 1426 conti-

223 1456 289 1480 nuo
304 1445 449 1491 impendi
471 1453 668 1491 spectantur,
691 1457 817 1480 necnon
838 1447 970 1480 dilectos

223 1498 307 1533 finos
335 1500 524 1544 magistrum
555 1500 783 1544 Hieronymum
815 1501 854 1534 de
881 1500 971 1534 Avila

223 1552 259 1586 U.
281 1552 306 1586 I.
327 1551 377 1595 D.,
392 1554 571 1588 litterarum
590 1553 838 1598 apostolicarum
861 1564 969 1587 corre-

223 1612 345 1640 ctorem
372 1613 404 1641 et
429 1607 695 1648 abbreviatorem,
723 1618 759 1640 ac
779 1607 811 1640 in
835 1613 969 1650 utraque

222 1659 393 1704 Signatura
420 1667 528 1695 nostra
556 1661 823 1701 referendarium,
845 1663 970 1705 praela-

221 1718 291 1748 tum
301 1720 448 1748 nostrum
458 1714 681 1754 domesticum,
696 1714 830 1747 Paulum
846 1715 885 1747 de
895 1715 969 1747 Mat-

220 1767 334 1809 thaeis‚
353 1767 503 1802 Carolum
528 1769 567 1802 de
594 1767 746 1808 Maximis,
773 1778 810 1800 ac
834 1767 968 1801 Ulissem

220 1821 459 1862 Lanceriniurn,
486 1821 631 1866 patritios
651 1821 822 1860 Romanos,
844 1831 968 1854 necnon

219 1873 426 1909 Franciscum
445 1876 666 1915 Covamcium,
678 1874 778 1919 ipsius
791 1875 967 1907 confrater-

219 1927 329 1962 nitatis
364 1929 537 1963 modernos
575 1935 606 1963 et
644 1939 703 1972 pro
727 1934 871 1971 tempore
901 1928 967 1961 exi-

220 1987 338 2016 stentes
361 1983 511 2017 custodes
535 1988 566 2016 et
591 1981 816 2022 camerarium,
846 1981 886 2014 ab
906 1981 967 2014 hu-

220 2035 359 2070 iusmodi
375 2036 563 2081 dispendiis,
577 2041 733 2080 quantum
746 2045 818 2068 cum
826 2034 890 2068 Deo
897 2045 970 2078 pos-

221 2099 344 2131 sumus,
367 2090 533 2123 sublevare
548 2091 700 2130 volentes,
723 2094 812 2122 motu
826 2087 921 2121 simili
938 2094 968 2122 et

221 2153 258 2176 ex
288 2150 376 2177 certa
400 2149 511 2177 nostra
531 2142 676 2183 scientia,
696 2153 733 2176 ac
753 2142 791 2175 de
813 2141 966 2185 apostoli-

221 2206 279 2230 cae
297 2197 463 2241 potestatis
487 2196 699 2240 plenitudine,
721 2194 807 2239 quod
827 2195 866 2228 de
886 2200 969 2228 cete-

220 2259 270 2290 r0,
292 2250 456 2294 perpetuis
477 2249 593 2283 suturis
615 2248 825 2292 temporibus,
839 2248 967 2281 moder-

221 2301 255 2335 ni
283 2308 316 2335 et
344 2313 402 2346 pro
427 2308 571 2347 tempore
597 2302 765 2335 existentes
789 2300 891 2334 dictae
919 2311 969 2333 ar-

221 2355 544 2390 chiconfraternitatis
564 2355 728 2395 custodes,
760 2359 917 2398 quatuor·
932 2365 968 2387 ex

220 2405 446 2438 referendariis
457 2406 623 2449 utriusque
642 2405 830 2447 sig-naturae
841 2408 968 2436 nostrae

222 2459 253 2487 et
271 2465 331 2498 pro
349 2459 493 2498 tempore
514 2453 674 2487 existentis
701 2451 835 2485 Romani
863 2451 969 2485 Ponti-

223 2501 304 2544 ficis,
329 2502 483 2535 moderno
512 2508 542 2535 et
568 2513 625 2546 pro
652 2508 796 2548 tempore
823 2501 967 2534 existenti

224 2550 324 2594 ipsius
342 2550 704 2585 archiconfraternitatis
725 2549 897 2593 protectori
910 2559 967 2582 no-

1023 321 1171 353 eumdem
1195 322 1386 355 modernum
1407 328 1435 356 et
1463 334 1521 367 pro
1539 329 1684 368 tempore
1705 324 1771 357 exi-

1023 379 1156 407 stentem
1189 381 1404 418 protectorem
1439 377 1511 419 eligi
1537 387 1592 410 seu
1622 377 1770 421 deputari

1021 427 1145 467 debeat,
1159 429 1333 471 apostolica
1344 430 1663 470 auctoritate‚tenore
1675 441 1769 474 prae-

1021 481 1159 513 sentium
1193 488 1348 525 perpetuo
1382 483 1551 516 statuimus
1579 490 1610 517 et
1638 485 1768 518 ordina-

1022 543 1102 568 mus.
1121 535 1166 568 Ac
1185 535 1286 568 eidem
1305 537 1523 570 referendario
1544 537 1588 571 sic
1608 548 1666 581 pro
1687 543 1768 571 tem-

1021 597 1098 631 pore
1117 589 1219 622 electo
1244 595 1274 622 et
1307 590 1469 633 deputato,
1492 602 1528 623 cx
1549 601 1648 632 nunc,
1672 597 1768 635 prout

1020 651 1056 673 cx
1076 647 1164 682 tunc,
1192 647 1222 675 et
1245 654 1261 675 e
1282 648 1404 685 contra,
1427 649 1500 687 post
1519 644 1711 678 electionem
1735 650 1768 682 et

1018 693 1259 738 deputationem
1285 697 1483 737 huiusmodi,
1510 709 1621 732 omnes
1645 704 1676 732 et
1699 699 1766 732 sin-

1017 749 1107 790 gulas
1127 759 1251 790 causas,
1273 750 1354 791 lites,
1376 751 1577 794 quaestiones
1591 758 1621 785 et
1637 759 1767 786 contro-

1017 801 1132 835 versias
1165 802 1249 836 inter
1278 803 1395 836 dictam
1429 805 1766 840 archiconsraternita-

1018 859 1080 887 tem
1100 855 1163 888 sive
1184 856 1269 889 illius
1294 857 1453 898 custodes,
1473 860 1698 900 camerarium,
1719 860 1766 893 of-

1016 907 1137 941 ficiales
1156 915 1186 942 et
1206 909 1369 943 ministros
1390 921 1475 944 nunc
1503 918 1602 956 etpro
1619 917 1765 957 tempore

1015 961 1193 1013 existentes,
1214 974 1251 997 ac
1271 975 1492 1009 quascumque
1509 966 1599 1006 alias,
1621 972 1684 1000 tam
1703 967 1763 1001 lai-

1015 1025 1067 1048 cas
1086 1027 1182 1059 quam
1202 1017 1446 1059 ecclesiasticas,
1475 1030 1640 1062 personas,
1658 1021 1765 1054 cuius-

1015 1079 1154 1113 cumque
1173 1070 1302 1112 gradus,
1326 1077 1437 1112 status,
1469 1073 1602 1114 ordinis,
1625 1073 1762 1116 dignita-

1014 1118 1064 1159 tis,
1087 1119 1280 1153 conditionis
1299 1121 1346 1153 vel
1359 1122 1619 1164 praeeminentiae
1629 1123 1763 1157 existen-

1014 1171 1069 1207 tes,
1097 1168 1189 1201 etiam
1227 1169 1443 1203 cardinalatus
1467 1170 1590 1204 honore
1618 1173 1761 1215 praeful-

1012 1222 1135 1259 gentes,
1158 1217 1392 1260 universitates,
1419 1220 1597 1261 societates,
1624 1231 1761 1264 congre-

1012 1266 1168 1308 gationes,
1191 1267 1338 1310 collegia,
1358 1273 1474 1302 actam
1495 1269 1638 1303 virorum
1663 1281 1760 1315 quam

1013 1315 1188 1348 mulierum
1222 1317 1427 1358 monasteria,
1448 1317 1622 1362 hospitalia
1647 1325 1701 1353 aut
1728 1331 1763 1356 a—,

1012 1362 1054 1396 lia
1073 1364 1144 1397 loca
1165 1364 1228 1409 pia,
1249 1366 1373 1398 etiamsi
1411 1377 1520 1400 coram
1541 1378 1627 1402 nunc
1647 1374 1679 1402 et
1700 1379 1759 1413 pro

1013 1418 1158 1456 tempore
1178 1414 1386 1448 existentibus
1406 1415 1436 1449 S.
1457 1415 1493 1448 R.
1516 1416 1550 1449 E.
1570 1417 1759 1458 camerario,

1012 1462 1137 1496 clericis
1163 1469 1194 1496 et
1226 1464 1482 1508 praesidentibus
1502 1465 1654 1500 Gamerae
1673 1466 1758 1510 Apo-

1011 1511 1154 1552 stolicae,
1187 1518 1218 1545 et
1241 1513 1385 1546 eiusdem
1409 1513 1562 1547 Gamerae
1587 1525 1758 1549 causarum

1010 1559 1150 1593 auditori
1170 1562 1324 1604 generali,
1341 1572 1469 1596 necnon
1484 1563 1616 1604 vicario,
1638 1565 1756 1606 guber-

1010 1614 1121 1642 natore
1137 1615 1167 1642 et
1187 1616 1333 1644 senatore
1354 1610 1456 1644 dictae
1478 1611 1585 1652 Urbis,
1611 1612 1758 1646 illorum-

1009 1668 1072 1701 que
1091 1657 1358 1701 locatenentibus,
1387 1661 1624 1694 collateralibus
1644 1661 1757 1695 iudici-

1010 1707 1069 1740 bus
1084 1718 1120 1740 ac
1140 1709 1393 1752 appellationum
1420 1720 1590 1743 causarum
1611 1709 1625 1733 1
1646 1710 1758 1744 Palatii

1009 1757 1181 1799 Apostolici
1199 1757 1412 1799 auditoribus,
1435 1769 1471 1791 ac
1483 1759 1626 1792 eiusdem
1638 1759 1754 1794 S.R.E.

1010 1805 1228 1839 cardinalibus
1248 1813 1278 1840 et
1297 1807 1368 1840 aliis
1387 1807 1647 1851 quibuscumque
1675 1809 1758 1842 iudi-

1010 1853 1099 1887 cibus
1118 1855 1290 1888 ordinariis
1317 1867 1354 1889 ac
1378 1867 1395 1889 a
1415 1857 1508 1890 nobis
1527 1863 1559 1890 et
1582 1858 1756 1891 sucessori-

1009 1903 1068 1936 bus
1087 1904 1203 1937 nostris
1222 1905 1374 1939 Romanis
1398 1906 1607 1940 Pontificibus
1631 1907 1756 1951 specia-

1010 1952 1081 1985 liter
1104 1953 1408 1998 quomodocumque
1438 1955 1665 1989 commissariis
1699 1956 1755 1990 de-

1009 2001 1127 2044 putatis
1143 2008 1174 2034 et
1193 2002 1355 2045 delefftis,
1377 2013 1414 2036 ac
1434 2003 1626 2047 deputandis
1646 2009 1676 2038 et
1699 2005 1755 2039 de-

1009 2050 1165 2092 legandis,
1186 2061 1273 2084 nunc
1293 2057 1324 2084 ct
1352 2062 1410 2095 pro
1435 2058 1580 2096 tempore
1605 2059 1709 2087 motas
1724 2060 1755 2087 et

1010 2099 1197 2141 pendentes,
1219 2111 1255 2132 ac
1275 2101 1518 2143 quomodolibet
1536 2102 1708 2136 movendas
1724 2108 1756 2137 et

1010 2147 1205 2190 pendendas,
1238 2149 1278 2182 de
1311 2154 1342 2182 et
1370 2159 1467 2192 super
1493 2150 1754 2195 quibuscumque

1010 2196 1232 2238 locationibus,
1246 2197 1493 2239 venditionibus,
1511 2199 1752 2241 donationibus,

1009 2246 1131 2289 legatis,
1149 2246 1222 2279 fidei
1244 2247 1433 2287 commissis,
1454 2249 1664 2289 testamentiS,
1680 2249 1740 2283 hae

1011 2295 1195 2328 reditatibus
1215 2301 1245 2328 et
1265 2296 1394 2329 illarum
1418 2296 1681 2338 discussionibus,
1717 2308 1754 2331 ac

1009 2343 1174 2386 quibusvis
1192 2344 1262 2377 aliis
1282 2344 1558 2388 dispositionibuS,
1593 2346 1633 2379 ad
1665 2347 1753 2380 savo-

1010 2403 1077 2425 rem
1104 2398 1167 2425 tam
1210 2393 1354 2426 eiusdem
1392 2394 1754 2429 archiconsraternitatis

1009 2452 1105 2484 quam
1125 2442 1352 2486 redemptionis
1371 2442 1695 2487 captivorum,dictae
1704 2456 1754 2478 ar·

1009 2490 1315 2533 cbiconsraternitati
1330 2501 1387 2535 per
1406 2491 1520 2526 Sedem
1536 2493 1751 2537 Apostolicam

1045 2563 1056 2589 1
1074 2561 1195 2590 Cherub.
1211 2562 1300 2591 addit:
1318 2562 1417 2591 Curiae
1431 2563 1556 2599 Capitolii
1569 2564 1687 2593 eiusdem
1702 2565 1752 2593 Ur-

225 2599 346 2635 minare
365 2606 396 2634 et
419 2610 600 2645 proponere
626 2599 746 2643 possint
774 2605 805 2632 et
833 2599 965 2639 valeant,
1011 2605 1048 2634 bis
1058 2607 1207 2641 capitaneo,
1223 2614 1270 2635 nec
1287 2615 1340 2635 non
1356 2612 1409 2636 etc.
1431 2609 1470 2644 (n.
1491 2608 1542 2644 ¹12).

1667 207 1729 242 7⁹27
1787 216 1840 245 An.
1853 216 1882 247 c.
1899 218 1968 247 ¹586
