2059 3228
116 234 166 262 An.
185 233 214 262 c.
232 233 298 262 ¹587
357 221 420 256 940

143 295 179 316 ιη.-
202 295 297 316 Ροηιετω
315 291 484 316 nummum
510 289 685 314 aureorum
709 278 742 312 in
762 277 929 312 Pontificia
952 277 1060 311 Sancti

117 333 171 348 ''¹¹¹‘'
187 328 254 354 ''⁸⁰¹‘'
266 331 299 346 '⁰‘
315 334 427 377 Angeli
443 344 517 367 arce
537 340 569 367 et
588 339 677 366 certo
698 332 850 366 sanctiori
869 333 994 366 aerario
1014 343 1061 365 re-

116 359 187 384 posuit
205 359 225 378 in
250 362 298 377 arce

116 390 137 409 ⁵=
154 388 229 411 ΛΜΗ
245 394 299 409 ‘2⁵¹¹-
315 388 481 432 posuimus
509 393 540 420 et
571 386 820 426 collocavimus,
855 397 893 419 ac
925 387 965 419 de
999 385 1062 418 illis

118 423 167 439 tem
189 420 262 442 millia,
278 423 299 439 ut

117 440 537 485 memorationeasservandis,
571 450 609 472 ac
637 450 830 482 numquam,
865 439 926 472 nisi
966 439 1062 472 certis

117 481 150 502 ¹³⁵⁰
166 483 265 506 ¹⁰⁶¹⁰³¹⁴¹¹
315 493 521 538 praescriptis
550 493 698 533 casibus,
731 492 920 537 promendis
939 498 969 525 et
989 502 1061 525 ero-

313 547 443 591 gandis,
472 547 734 581 constitutionem
761 552 918 591 perpetuo
947 547 1061 579 valitu-

313 611 381 634 ram
401 600 572 641 edidimus,
602 600 695 633 cuius
719 607 813 634 tenor
839 600 921 634 infra
941 599 1062 633 descri-

312 658 386 698 ptus
406 658 453 687 est
473 653 500 686 1.

357 707 372 750 ἓ
397 706 427 739 1.
454 707 586 747 Verum,
613 717 687 740 cum
715 707 756 741 ob
781 708 894 751 culpas
913 713 1062 751 peccata-

141 773 164 795 Et
181 774 257 795 deinde
273 781 297 794 a<
312 771 375 804 que
400 766 511 794 nostra
539 760 750 804 multiplicia,
778 761 894 803 quibus
922 761 1062 793 divinam

115 805 297 862 {ssfffffiss'ssfflmsst
312 813 506 848 Maiestatem
528 814 563 847 in
582 814 650 848 dies
670 815 772 857 magis
797 815 837 847 ad
863 814 1062 848 iracundiam

115 868 176 888 ¹⁰⁰¹¹⁰
189 868 208 887 ³¹¹
223 869 297 888 ‘mm
313 878 537 911 provocamus,
560 879 663 912 usque
683 879 721 902 eo
741 867 947 902 necessitates
966 879 1062 912 supe-

116 904 165 918 arce
199 899 297 920 similiter

115 931 207 964 monii,
222 936 298 965 cuin-e-
312 921 381 954 rius
409 927 577 956 enarratae
607 923 880 968 multiplicentur,
902 923 1063 967 pericula-

115 960 298 1017 {igffi'uffl'ss'fiiss}
313 985 376 1018 que
405 975 494 1018 gregi
525 975 694 1009 Dominico
720 976 940 1020 impendentia
964 977 1063 1010 adau-

115 1023 298 1074 ξξιζῗᾞωζὲξιζ
312 1034 460 1070 geantur,
477 1028 584 1062 utillis
603 1040 662 1062 nec
677 1030 755 1062 dum
774 1030 893 1073 prioris
906 1030 1062 1074 pecuniae

115 1085 224 1135 ῖὲᾯτιςῐῡιω
239 1090 298 1105 ⁰⁰¹¹-
314 1082 505 1116 collectione
525 1083 599 1116 satis
619 1083 782 1127 provisum
807 1095 874 1117 esse
898 1084 1061 1125 videatur3

183 1131 189 1139 '
313 1145 384 1174 nos,
407 1136 552 1178 quamvis
576 1136 609 1169 in
641 1137 792 1170 omnibus
821 1137 1064 1171 difficultatibus

313 1189 467 1233 curisque
485 1191 604 1224 nostris
627 1191 659 1223 in
678 1191 733 1224 Dei
759 1191 991 1235 omnipotentis
1010 1203 1064 1225 au-

313 1241 388 1275 xilio
410 1253 500 1286 spem
525 1249 667 1277 nostram
698 1244 793 1277 fixam
814 1245 1004 1286 habeamus,
1024 1246 1063 1279 ad

313 1295 467 1340 illiusque
488 1308 582 1341 opem
599 1299 668 1342 (qui
689 1298 751 1331 nisi
784 1299 971 1333 custodierit
990 1300 1064 1333 eivi-

313 1355 422 1391 tatem‚
448 1351 567 1385 frustra
577 1351 685 1395 vigilat
701 1352 757 1396 qui
770 1353 908 1386 custodit
927 1354 1012 1397 eam)
1027 1365 1065 1387 ex

312 1403 427 1437 intimo
447 1405 555 1438 cordis
570 1406 687 1440 affectu
707 1407 945 1450 confugiamus,
958 1413 1064 1442 tamen

313 1456 352 1489 ab
369 1467 406 1490 eo
422 1457 492 1501 ipso
512 1464 678 1506 pastorum
697 1460 846 1504 principe
866 1460 991 1495 Christo
1003 1461 1065 1495 fre-

313 1516 451 1553 quenter
474 1512 641 1553 admoniti,
661 1519 698 1547 ut
720 1513 780 1558 prb
800 1515 912 1548 ovibus
935 1523 1064 1549 nostrae

314 1560 389 1594 fidei
415 1561 558 1604 creditis,
585 1574 763 1608 earumque
788 1565 889 1598 salute
920 1572 951 1599 et
975 1567 1064 1600 utili-

315 1615 391 1650 tate,
403 1611 506 1644 modis
521 1612 672 1646 omnib'us
687 1613 864 1656 vigilemus,
877 1615 982 1649 facere
998 1627 1064 1650 non

317 1669 500 1702 possumus,
527 1671 587 1705 pro
613 1667 724 1695 nostro
750 1664 903 1705 pastorali
927 1676 1065 1700 munere

314 1707 347 1740 in
365 1710 423 1742 liae
442 1716 573 1753 quoque
599 1717 690 1754 parte
713 1711 876 1754 obeundo,
902 1714 981 1757 quin
1001 1715 1064 1748 hu-

314 1757 418 1791 manis
439 1763 533 1791 etiam
565 1760 709 1793 consiliis
731 1772 767 1794 ac
792 1762 912 1796 viribus
935 1764 983 1806 (ut
1003 1775 1063 1808 pro

315 1816 353 1839 eo
391 1818 426 1840 ac
465 1809 557 1841 nobis
589 1811 628 1841 ab
659 1809 771 1843 eodem
812 1812 1064 1848 clementissimo

314 1855 449 1889 Domino
475 1858 645 1900 elargitum
667 1860 725 1902 est)
747 1860 786 1893 ad
807 1866 853 1894 tot
873 1862 956 1895 mala
980 1863 1065 1906 peri-

314 1905 453 1948 culaque
469 1907 705 1950 propulsanda,
723 1919 805 1942 nova
823 1910 967 1953 quotidie
984 1922 1065 1955 prze-

313 1953 393 1986 sidia
414 1964 651 1999 comparemus.
674 1957 890 1996 Quamobrem
915 1960 977 1993 alia
1007 1960 1064 1993 de-

314 2002 379 2035 cies
405 2010 540 2038 centena
562 2005 663 2039 millia
683 2015 858 2040 aureorum
877 2018 1061 2049 nummum,

313 2062 379 2085 non
408 2053 448 2086 a'd
477 2061 587 2088 nostra
615 2061 671 2088 aut.
694 2056 851 2100 cuiusque
876 2063 1063 2091 nostrorum

314 2101 434 2144 privata
460 2105 648 2145 commoda,
675 2105 740 2152 sed·
756 2106 795 2139 ad
821 2106 988 2150 publicum
1008 2108 1064 2141 bo-

317 2161 412 2190 num,
435 2152 472 2183 ad
492 2152 621 2191 SRE„
642 2155 694 2187 cui
725 2154 790 2187 Deo
814 2161 948 2188 auctore
971 2167 1065 2200 prae-

314 2199 466 2240 sidemus,
488 2201 717 2241 defensionem.
739 2204 777 2236 ad
795 2203 868 2236 fidei
886 2205 1064 2239 catholicae

315 2250 590 2283 conservationem
622 2262 658 2284 ac
684 2253 972 2295 propagationem,
1003 2265 1064 2288 no-

315 2302 378 2329 stra
399 2298 569 2332 sedulitate
593 2311 630 2333 ac
657 2301 839 2343 frugalitate
859 2303 1062 2346 collegimus,

316 2356 397 2387 quae
418 2347 529 2380 eadem
550 2348 581 2381 in
603 2360 688 2387 arce,
711 2357 745 2382 ut
768 2351 874 2393 priora
894 2352 995 2385 altera
1008 2353 1064 2386 de-

316 2395 379 2427 cies
400 2397 653 2435 centenamillia„
675 2400 801 2443 reponi,
819 2401 986 2441 asservari,
1004 2412 1064 2435 nec

316 2444 388 2476 inde
409 2446 549 2478 amoveri
571 2448 747 2490 erogat-ive,
775 2449 835 2481 nisi
865 2450 896 2482 in
917 2450 1064 2494 supradi-

316 2492 374 2524 ctis
393 2495 549 2536 expressis
564 2496 819 2537 necessitatibus,
843 2499 954 2531 eodem
969 2499 1063 2542 plane

906 224 1086 249 attulimus!
1105 223 1255 248 ROMANUM

1081 2535 1085 2549 ,
1105 2508 1234 2541 decreto
1255 2514 1285 2541 et
1308 2508 1545 2552 subscriptione
1565 2507 1729 2546 adhibitis,
1755 2517 1791 2539 ex
1805 2506 1853 2538 hi-

317 2542 412 2574 mOdO
444 2544 601 2577 ‘'omnus‘'
632 2545 716 2579 ΜΟῙΠ
742 2547 876 2590 P1'01‘1'30
909 2547 1008 2591 igilur
1033 2553 1153 2600 elinis
1185 2556 1291 2591 decies
1322 2558 1465 2590 centenis
1500 2556 1642 2589 millibus
1676 2565 1848 2588 aureorum

354 2609 815 2647 tomittiturtenorquiahabetur
828 2603 1274 2655 suprapng.693.lnummum
1303 2617 1321 2638 a
1350 2605 1442 2639 110th
1474 2604 1642 2649 1·eposit55‚
1673 2613 1737 2637 110ss
1768 2603 1851 2635 Ullt'a

1861 225 1998 256 Aac:
2021 236 2027 254 .·

1103 286 1139 308 ex
1159 280 1245 308 certa
1265 279 1374 308 nostra
1390 274 1535 314 scientia,
1556 286 1594 309 ac
1615 274 1725 309 habita
1749 285 1847 318 super
1960 270 1965 280 ”

1102 328 1164 361 hoc
1194 338 1266 361 cum
1296 327 1533 361 venerabilibus
1557 328 1709 363 fratribus
1728 328 1846 362 nostris

1103 381 1177 414 SR.
1189 381 1222 414 E.
1241 381 1461 415 cardinalibus
1480 381 1513 413 in
1532 381 1721 415 consistorio
1737 387 1847 415 nostro

1103 441 1228 468 secreto
1248 440 1375 468 matura
1399 434 1644 475 deliberatione,
1670 435 1709 468 de
1735 446 1847 469 eorum

1104 488 1239 522 consilio
1263 494 1293 521 et
1317 487 1462 521 unanimi
1483 498 1654 527 consensu,
1674 488 1735 521 hac
1758 499 1850 532 prae-

1104 542 1184 574 senti
1212 548 1322 575 nostra
1349 546 1506 586 perpetuo
1536 541 1674 574 valitura
1697 541 1850 575 constitu-

1105 594 1205 635 tione,
1241 594 1325 627 dicta
1354 594 1415 628 alia
1448 593 1555 627 decies
1585 599 1721 627 centena
1748 594 1851 627 millia

1103 658 1278 681 aureorum
1299 658 1472 680 nummum
1491 647 1524 680 in
1555 647 1666 681 eadem
1691 657 1765 681 arce
1792 658 1851 682 no-

1104 706 1168 734 stra
1187 701 1354 734 Pontificia
1379 701 1486 734 Sancti
1515 701 1628 744 Angeli
1648 706 1681 734 et
1699 700 1851 734 sanctiori

1104 754 1229 787 aerario
1254 765 1341 787 nune
1368 754 1588 796 recondimus,
1615 754 1804 798 reponimus
1822 759 1854 788 et

1105 807 1315 848 collocamus,
1344 819 1381 841 ac
1409 808 1536 842 Christo
1562 807 1699 841 Domino
1726 814 1851 847 nostro,

1104 861 1219 894 Beatae
1244 861 1359 895 Mariae
1384 871 1513 906 semper
1540 861 1685 904 Virgini,
1715 866 1748 894 et
1779 872 1852 895 san-

1105 915 1164 947 etis
1197 915 1349 958 apostolis
1380 915 1475 948 Petro
1503 919 1535 948 et
1567 914 1668 948 Paulo
1686 914 1854 948 offerimus

1105 973 1135 1001 et
1166 967 1332 1009 dicamus,
1366 969 1476 1002 iisdem
1503 967 1636 1002 omnino
1668 968 1794 1011 legibus
1822 973 1854 1001 et

1105 1021 1357 1062 conditionibus,
1373 1033 1454 1065 quae
1471 1021 1503 1054 in
1514 1027 1624 1055 nostra
1636 1021 1786 1065 superius
1800 1021 1854 1055 de-

1105 1074 1224 1118 scripta
1238 1075 1465 1108 constitutione
1476 1074 1693 1119 praescriptae
1713 1081 1745 1108 et
1763 1085 1855 1119 prae-

1106 1128 1214 1161 finitae
1235 1135 1320 1162 sunt.
1931 1153 1938 1157 «
1981 1171 1986 1173 μ

1150 1183 1165 1225 {³
1194 1182 1224 1215 ⁶2.
1265 1183 1470 1217 Declarantes
1512 1188 1641 1216 nostrae
1683 1182 1855 1216 voluntatis
1869 1168 1977 1228 ειθζξῗῃ

1106 1236 1287 1279 mentisque
1303 1247 1371 1270 esse
1391 1242 1425 1270 ut
1445 1237 1531 1280 quod
1556 1236 1588 1269 in
1608 1236 1677 1281 ipsa
1696 1237 1852 1270 constitu·
1867 1235 1980 1260 ‘'m''

1106 1289 1192 1323 tione
1213 1290 1251 1322 de
1272 1290 1516 1334 recuperatione
1537 1290 1653 1323 Terrae
1672 1290 1806 1324 Sanc-tae
1823 1294 1855 1323 et
1867 1264 1982 1328 2:¹15:er

1105 1343 1248 1386 generali
1283 1343 1482 1387 expeditione
1516 1349 1629 1377 contra
1657 1343 1776 1377 Turcas
1806 1343 1853 1377 di·
1866 1331 1978 1409 ξὲἷῖξιῖῖιι
2022 1381 2028 1393 ¹

1866 1393 1920 1415 expe
1935 1394 1942 1408 ι
1966 1398 1967 1405 1

1106 1402 1193 1430 ctum
1214 1397 1285 1438 suit,
1318 1397 1402 1431 idem
1433 1397 1528 1431 etiam
1559 1398 1666 1431 locum
1695 1398 1850 1439 obtineat,
1867 1422 1902 1440 ,η
1915 1409 1981 1441 535

1106 1451 1213 1494 quoad
1243 1457 1414 1495 utramque
1443 1452 1508 1485 Deo
1533 1451 1671 1484 dicatam
1695 1451 1854 1495 pecuniae
1867 1453 1939 1497 ’κ’-ι

1105 1515 1285 1545 summam,
1313 1505 1345 1537 in
1370 1505 1617 1548 recuperatione
1637 1515 1812 1548 regnorum
1836 1516 1855 1538 a

1105 1558 1367 1603 quibuscumque
1380 1559 1558 1592 catholicae
1574 1551 1727 1592 Romanae
1742 1559 1854 1593 Eccle-

1106 1612 1170 1645 siae
1192 1611 1338 1645 hostibus
1372 1618 1622 1656 oceupatorum‚
1642 1618 1673 1646 et
1699 1613 1731 1646 in
1747 1623 1855 1658 ‘expc-

1106 1665 1240 1706 ditione,
1263 1677 1360 1709 quam
1381 1672 1493 1700 contra
1513 1666 1642 1700 eosdem
1667 1666 1797 1700 decerni
1817 1677 1854 1700 ac

1105 1718 1174 1752 fieffi
1193 1719 1375 1762 contigerit.
1722 1747 1724 1749 .

1150 1772 1165 1816 ξ
1189 1772 1220 1805 3.
1246 1772 1306 1805 Ubi
1326 1783 1401 1805 vero
1426 1772 1459 1805 in
1486 1772 1695 1817 praescriptis
1725 1773 1854 1807 casibus
1911 1781 1971 1819 roy
2021 1764 2025 1780 ''

1105 1826 1317 1870 pecuniarum
1338 1826 1461 1870 aliquid
1486 1826 1568 1859 sumi
1596 1826 1770 1860 necessitas
1797 1837 1854 1870 po·
1866 1820 1987 1868 ἕξξ“ἒ;ε”
2018 1834 2023 1849 ²
2054 1826 2056 1862 ἶ

1105 1879 1284 1919 stularerit,
1312 1880 1461 1913 volumus
1489 1886 1524 1913 ut
1554 1880 1592 1913 de
1618 1885 1685 1913 tota
1712 1883 1969 1934 stttnnia,g¹:gffi¹¹
2054 1923 2056 1926 Ι

1104 1938 1168 1965 tam
1186 1933 1346 1976 superiori
1363 1943 1447 1966 anno
1467 1944 1562 1976 quam
1585 1934 1680 1966 etiam
1701 1944 1787 1966 nunc
1803 1944 1852 1966 re·
1865 1941 1909 1961 vui
1923 1944 1949 1967 ιιι·
1972 1942 1983 1979 ῥ’
2019 1935 2021 1978 ἶ]
2054 1947 2059 1958 ⁷

1105 1985 1220 2029 posita,
1238 1986 1299 2018 hoc
1319 1996 1451 2030 prorsus
1471 1991 1501 2019 et
1520 1997 1585 2019 non
1605 1986 1668 2020 alio
1686 1987 1782 2020 modo
1798 1997 1852 2030 pe-

1106 2039 1221 2072 cuniae
1236 2046 1407 2072 sumantur
1426 2045 1456 2073 et
1476 2046 1662 2081 erogentur:
1680 2040 1848 2080 nimirum,

1105 2099 1141 2125 ut.
1166 2093 1197 2125 iu
1219 2093 1408 2126 consistorio
1433 2100 1557 2127 secreto
1576 2094 1848 2138 praescriptarum

1105 2146 1333 2179 necessitatum
1352 2146 1506 2190 qualitate
1527 2158 1564 2180 ac
1589 2157 1697 2180 rerum
1721 2152 1752 2180 et
1773 2152 1850 2180 tem-

1106 2210 1222 2243 porum
1249 2199 1379 2245 ratione
1407 2199 1579 2243 diligenter
1605 2210 1783 2244 perpensa,
1803 2204 1851 2232 at-

1104 2264 1167 2297 que
1188 2253 1230 2286 ita
1256 2259 1410 2296 cogente,
1432 2264 1497 2286 non
1526 2254 1664 2286 ‹luarmn
1685 2264 1722 2286 ex
1749 2253 1852 2286 tribus

1104 2307 1249 2350 partibus
1269 2307 1494 2346 cardinalium,
1509 2306 1600 2339 sicuti
1616 2306 1646 2338 in
1661 2306 1759 2350 priori
1773 2316 1851 2339 con-

1105 2360 1269 2393 stitutione
1286 2366 1391 2393 nostra
1408 2361 1565 2393 sancitum
1587 2366 1668 2400 erat,
1686 2359 1740 2393 sed
1754 2360 1851 2392 trium

1105 2411 1216 2444 saltem
1242 2422 1278 2444 ex
1296 2417 1435 2454 quatuor
1461 2410 1604 2454 partibus
1624 2409 1851 2449 cardinalitium

1104 2459 1160 2502 qui
1199 2459 1391 2492 consistorio
1417 2459 1637 2497 interfuerint,
1675 2468 1849 2498 consensu,
