2059 3228
151 254 205 279 An.
225 253 253 279 C.
272 254 338 280 1573
398 255 460 289 5242

182 312 298 334 Liuiizatio,

923 268 1106 293 BULLARIUM
1130 268 1291 293 ROMANUM

355 318 498 351 ellectum
524 319 604 351 dotis
638 319 873 363 consequendae
904 326 974 364 post
1005 321 1088 354 dicta
1122 329 1347 363 quaecumque,
1372 318 1456 352 licita
1481 324 1587 353 tarnen-
1615 324 1646 352 et
1670 319 1814 361 honesta,
1837 325 1872 359 et

357 377 507 413 tempora,
522 371 622 403 audiri
637 372 743 414 possit,
757 378 785 405 et
803 373 827 406 si
841 373 898 406 fuit
911 374 1026 414 dotata,
1039 374 1094 407 do-
1123 378 1342 416 praeterquam
1359 372 1462 415 quoad
1489 373 1575 405 dotes
1594 372 1773 413 viduarum,
1791 383 1866 416 apo·

358 430 417 455 tetii
433 424 525 465 possit
545 424 581 456 dc
599 424 665 456 iure
682 426 839 468 consequi;
857 426 882 458 si
899 436 971 459 vero
990 428 1095 458 dotata
1124 426 1230 459 stolica
1265 425 1460 464 auctoritate,
1496 430 1603 458 tenore
1641 424 1865 468 praesentium,

357 487 418 508 non
444 483 601 519 appareat,
627 487 689 509 non
707 479 803 520 possit
826 483 930 521 petere
955 479 1093 521 aliquam
1125 479 1335 522 approbamus
1359 483 1390 511 et
1413 477 1645 517 confirmamus;
1658 476 1782 520 illisque
1797 486 1873 519 per-

355 535 476 572 partein
502 530 548 561 vul
572 529 798 563 haereditatem
815 531 969 564 bonorum
992 541 1096 573 perso·
1125 539 1236 576 petuae
1252 537 1279 565 et
1297 531 1484 564 inviolabilis
1503 530 1661 563 firmitatis
1677 530 1775 563 robur
1791 528 1871 562 adii-

356 593 469 614 narum
483 582 513 614 in
532 588 648 616 statuto
665 594 890 626 expressarum,
916 583 989 626 quia
1007 593 1095 625 prae·
1126 585 1236 624 cimus;
1260 595 1296 617 ac
1320 595 1428 617 omnes
1450 589 1482 616 et
1520 583 1660 625 singulos
1698 587 1765 614 tam
1788 581 1871 614 iuris

357 635 455 667 scindi
481 636 644 667 voluerunt
669 635 707 667 ad
732 635 815 668 hunc
850 636 995 668 effectum
1019 644 1098 677 prze-
1127 647 1222 680 quam
1245 636 1316 669 sacti
1342 636 1487 675 desectus,
1511 635 1536 667 si
1568 634 1621 678 qui
1638 635 1748 667 forsan
1771 634 1872 674 inter-

358 687 453 719 seniis
477 687 685 720 ordinationis
703 687 828 720 decreto
842 698 911 720 eam
929 687 1023 720 fuisse
1042 687 1096 719 do·
1128 689 1269 722 venerint
1294 689 1326 721 in
1349 689 1478 729 eisdem,
1503 688 1694 731 supplemus;
1718 686 1874 730 praemis-

360 746 465 779 tatam,
492 739 662 772 dummodo
692 749 756 772 non
791 740 918 772 excedat
942 749 1098 771 summam
1129 751 1224 784 saque
1248 743 1353 774 omnia
1377 746 1407 774 et
1423 741 1546 783 singula
1563 741 1603 773 ab
1618 740 1777 781 omnibus,
1794 749 1874 782 quos

359 793 502 835 superius
525 803 703 835 expressam
727 792 910 835 respective,
932 791 985 824 sed
1002 790 1099 834 possit
1130 793 1180 833 issa
1203 798 1398 826 concernunt
1431 794 1478 826 vel
1511 798 1704 826 congel-nent
1739 801 1872 835 quomo-

359 846 438 877 b13ne
463 850 569 887 petere
592 850 623 878 et
639 855 732 887 agere
749 850 783 877 ut
800 854 939 886 congrue
965 843 1101 881 dotetur;
1131 845 1247 878 dolibet
1280 846 1313 878 in
1351 846 1504 886 futurum,
1542 846 1638 878 etiam
1676 845 1798 878 clericis
1835 854 1873 878 ae

361 904 388 930 et
415 899 439 930 si
464 904 535 930 ante
559 898 735 941 praedictos
769 907 868 930 annos
891 896 999 928 decem
1022 895 1104 927 inter
1132 898 1341 931 ecclesiastiea
1373 899 1421 931 vel
1454 898 1514 931 alia
1552 898 1662 941 quavis
1700 897 1875 940 dignitate,

362 957 551 994 praesentes,
568 951 678 993 viginti
703 950 787 982 inter
811 949 956 981 absentes
979 948 1104 980 mulieri
1133 950 1235 984 officio
1270 956 1324 983 aut
1357 951 1547 994 magistratu
1579 951 1794 994 fungentibus,
1827 950 1877 984 vel

362 1010 523 1037 remaneat
540 1009 662 1036 tantum
679 1003 760 1035 actio
777 1001 902 1045 petendi
920 1001 1025 1034 dotem
1041 1000 1106 1033 sibi
1134 1003 1302 1046 praedictis
1318 1031 1326 1045 ‚
1361 1009 1392 1037 et
1429 1010 1493 1037 tam
1528 1004 1742 1037 saecularibus
1775 1013 1876 1047 quam

362 1058 504 1090 relictam
528 1057 575 1089 vel
598 1056 673 1089 alias
696 1055 892 1099 promissam,
919 1054 964 1086 vel
980 1054 1107 1087 demum
1135 1055 1271 1089 cuiusvis
1309 1056 1435 1090 Ordinis
1471 1057 1683 1099 regularibus,
1722 1061 1877 1100 perpetuo

364 1121 394 1144 se
420 1121 556 1152 congri-ue
582 1109 683 1142 dotari
707 1109 792 1142 iuxta
820 1114 961 1142 tenorem
990 1107 1108 1149 statuti,
1136 1108 1357 1141 inviolabiliter
1380 1109 1543 1143 observari
1577 1109 1701 1150 debere,
1736 1119 1794 1142 nec
1817 1108 1879 1143 illis

365 1170 396 1196 et
420 1170 510 1206 prout
537 1163 654 1195 iustum
678 1162 782 1203 suerit,
799 1162 923 1195 statutis
939 1161 1108 1204 praedictis
1137 1162 1358 1203 contrafacere,
1381 1162 1485 1195 dicere
1508 1162 1555 1195 vel
1576 1162 1685 1195 venire
1698 1161 1802 1203 ficere,
1819 1172 1880 1195 nec

366 1222 396 1248 et
420 1216 489 1248 aliis
512 1216 678 1248 contrariis
702 1226 766 1248 non
793 1215 1002 1256 obstantibus,
1026 1214 1109 1248 dicto
1137 1214 1177 1246 ab
1211 1214 1271 1247 illis
1304 1213 1425 1247 resilire
1462 1215 1524 1247 ullo
1562 1224 1703 1257 unquam
1737 1218 1882 1257 tempore

367 1274 483 1302 statuto
508 1269 540 1300 in
564 1269 694 1311 reliquis
718 1270 801 1302 salvo
817 1273 1000 1302 remanente
1023 1273 1054 1301 et
1076 1267 1110 1300 in
1137 1277 1237 1310 posse,
1261 1276 1382 1299 necnon
1406 1271 1516 1299 cont-ra
1538 1266 1712 1310 praemissa
1727 1265 1881 1310 disposita

367 1333 423 1355 suo
447 1322 560 1354 robore
583 1322 780 1365 persistente.
1137 1326 1168 1353 et
1195 1320 1228 1353 in
1262 1325 1424 1363 posterum
1462 1319 1666 1362 disponenda,
1705 1318 1801 1352 etiam
1823 1328 1882 1362 per

412 1376 426 1418 ξ
449 1375 500 1408 32.
526 1376 584 1407 Pro
609 1380 698 1418 parte
715 1375 813 1418 igitur
825 1375 1008 1408 eorumdem
1025 1385 1111 1408 com·
1138 1372 1219 1405 viam
1243 1372 1320 1415 legis
1342 1372 1390 1404 vel
1426 1371 1576 1405 similium
1614 1376 1818 1412 statutorum,
1842 1371 1879 1404 in

217 1423 358 1474 θ’ᾛξζζᾜξζῖ
370 1428 532 1461 munitatis
555 1433 585 1461 et
608 1427 773 1460 hominum
801 1438 858 1470 per
885 1427 985 1461 dictos
1008 1433 1110 1461 orato·
1139 1427 1254 1469 quibus
1284 1425 1379 1459 etiam
1410 1424 1624 1457 iuramentum
1658 1423 1882 1465 intercesserit,

208 1484 269 1498 '¹¹¹⁸'
368 1493 418 1515 res
462 1481 554 1514 nobis
600 1481 658 1514 suit
696 1481 859 1514 humiliter
901 1481 1110 1524 supplicatum
1139 1486 1193 1514 aut
1216 1481 1277 1513 alio
1311 1479 1421 1523 quovis
1454 1478 1580 1511 vinculo
1619 1476 1881 1513 11311313111611111,

370 1541 524 1579 quatenns
537 1534 792 1568 ordinationibus
804 1539 833 1566 et
846 1533 969 1566 statutis
982 1532 1113 1576 aliisque
1139 1536 1202 1568 vim
1226 1544 1353 1568 omnem
1377 1534 1556 1566 iuramento
1579 1532 1741 1575 praedicto
1765 1538 1795 1565 et
1812 1531 1883 1565 aliis

369 1588 550 1633 praemissis
574 1588 672 1620 robur
691 1586 880 1630 apostolicae
902 1585 1113 1618 confirmatio-
1141 1587 1282 1620 articulis
1304 1586 1489 1627 adimentes,
1512 1586 1596 1618 nulla
1609 1591 1640 1619 et
1656 1585 1792 1618 invalida
1807 1585 1884 1625 fore;

371 1644 420 1675 nis
444 1642 589 1681 adiicere,
624 1640 763 1682 aliasque
789 1639 824 1671 in
857 1638 1037 1682 praemissis
1059 1648 1114 1681 op·
1142 1641 1331 1684 irritumque
1343 1644 1374 1673 et
1391 1639 1484 1672 inane
1507 1637 1659 1682 quicquid
1674 1648 1764 1671 secus
1786 1646 1882 1680 super

370 1703 504 1741 portune
528 1694 693 1738 providere
718 1693 756 1726 de
779 1693 974 1734 benignitate
991 1698 1115 1735 aposto·
1142 1693 1192 1727 his
1215 1704 1232 1726 a
1257 1702 1427 1736 quoquam,
1443 1691 1553 1734 quavis
1569 1691 1768 1732 auctoritate,
1782 1690 1884 1723 scien-

370 1751 430 1784 lica
455 1750 669 1792 dignaremur.
693 1746 754 1779 Nos
788 1745 895 1788 igitur,
930 1750 1116 1778 cunctarum
1143 1754 1191 1781 ter
1205 1748 1255 1780 vel
1269 1747 1462 1789 ignoranter,
1479 1743 1647 1788 contigerit
1663 1742 1811 1777 attentari
1829 1742 1883 1776 de-

371 1803 544 1841 civitatum,
582 1799 768 1843 praesertim
803 1809 938 1842 quarum
973 1798 1049 1831 fides
1087 1803 1117 1831 et
1144 1800 1314 1834 cernimus.
1992 1839 1998 1843 .
2036 1838 2039 1842 ⁴

371 1854 552 1889 obedientia
575 1853 608 1886 in
631 1863 688 1885 nos
712 1852 886 1894 Sedemque
909 1851 1117 1894 Apostolicam
1188 1856 1203 1899 ᾗ
1225 1854 1276 1888 33,
1301 1852 1454 1892 Quocirca
1475 1851 1647 1886 venerabili
1664 1850 1754 1884 fratri
1777 1855 1887 1884 nostro
1930 1871 1943 1884 2,
1961 1868 1985 1883 μ
2018 1859 2039 1882 .’

373 1913 504 1951 apparet
527 1905 706 1949 singularis,
730 1905 850 1937 felicem
876 1909 992 1937 statum
1016 1915 1117 1938 smce-
1146 1911 1291 1952 episcopo
1308 1905 1521 1940 camerinensi
1545 1910 1576 1938 et
1599 1904 1719 1938 dilectis
1742 1903 1815 1937 filiis
1830 1903 1889 1937 Cu-

373 1962 417 1994 ris
441 1959 605 1993 affectibus
639 1962 832 2000 exoptantes,
863 1958 1051 2000 eosdemque
1074 1957 1118 1990 ci·
1147 1961 1213 1994 riae
1237 1969 1402 1993 causarum
1418 1958 1566 1991 Gamerae
1583 1957 1777 2001 Apostolicae
1795 1967 1890 2000 gene-

375 2014 503 2046 vitatem
527 2018 557 2045 et
592 2011 736 2044 homines
759 2021 778 2043 a
812 2011 974 2054 quibusvis
997 2021 1119 2044 excom·
1150 2015 1204 2048 rati
1229 2011 1378 2052 auditori,
1403 2022 1439 2044 ac
1462 2011 1563 2044 dictae
1581 2010 1717 2043 civitatis
1733 2010 1893 2053 guberna-

375 2066 610 2106 municationis‚
646 2064 858 2108 suspensionis
892 2069 923 2096 et
961 2064 1120 2098 interdicti
1149 2067 1209 2101 tori
1234 2076 1290 2110 per
1312 2068 1493 2108 praesentes
1509 2062 1738 2095 committimus
1754 2067 1787 2095 et
1803 2073 1892 2096 man-

377 2120 509 2163 aliisque
525 2118 741 2152 ecelesiasticis
764 2119 938 2159 sententiis,
968 2119 1119 2159 censuris,
1149 2121 1260 2153 damus
1291 2123 1446 2161 quatenus
1474 2116 1534 2160 ipsi
1563 2116 1612 2150 vel
1642 2116 1704 2149 duo
1732 2122 1786 2149 aut
1809 2126 1893 2150 unus

377 2178 406 2205 et
430 2173 550 2215 poenis,
574 2183 592 2205 a
616 2172 684 2205 iure
707 2172 755 2204 vel
778 2171 818 2204 ab
836 2171 975 2212 homine,
1010 2172 1121 2214 quavis
1149 2182 1271 2212 eorum,
1294 2180 1350 2214 per
1372 2180 1405 2202 se
1428 2170 1475 2202 vel
1499 2169 1595 2202 alium
1619 2180 1674 2202 seu
1698 2170 1785 2210 alios,
1803 2180 1895 2213 prae-

378 2226 541 2259 occasione
565 2226 612 2257 vel
635 2235 737 2264 causa,
762 2224 842 2264 latis,
860 2223 885 2256 si
902 2223 1018 2266 quibus
1043 2235 1121 2267 quo·
1151 2231 1252 2258 sentes
1269 2224 1388 2256 litteras
1403 2228 1434 2255 et
1450 2222 1484 2255 in
1500 2222 1544 2255 eis
1561 2227 1708 2256 contenta
1725 2231 1894 2265 quaecum-

378 2279 547 2311 modolibet
572 2278 715 2311 innodati
739 2278 886 2317 existunt,
910 2277 950 2310 ad
973 2277 1120 2310 effectum
1150 2288 1220 2321 que,
1245 2277 1299 2309 ubi
1324 2281 1352 2308 et
1378 2275 1504 2319 quando
1529 2286 1608 2318 opus
1631 2275 1736 2315 suerit,
1754 2286 1790 2308 ac
1815 2284 1896 2318 quo-
1948 2283 1955 2290 ·

378 2332 590 2373 praesentium
639 2332 800 2365 dumtaxat
844 2333 1121 2375 consequendum,
1152 2334 1208 2366 ties
1231 2341 1288 2375 pro
1313 2335 1401 2373 parte
1425 2328 1662 2362 communitatis
1679 2333 1710 2360 et
1727 2326 1894 2360 hominum

381 2385 493 2416 harum
519 2385 597 2418 serie
621 2385 814 2418 absolventes
837 2390 867 2417 et
883 2385 1040 2418 absolutos
1056 2386 1122 2419 fore
1152 2385 1386 2429 praedictorum
1402 2382 1518 2414 suerint
1534 2380 1690 2424 requisiti,
1708 2379 1895 2413 solemniter

381 2446 548 2480 censentes,
574 2440 755 2473 huiusmodi
779 2439 1060 2482 supplicationibus
1076 2440 1123 2472 in·
1151 2437 1356 2482 publicantes,
1373 2435 1495 2477 illisque
1511 2434 1544 2467 in
1560 2434 1741 2477 praemissis
1759 2432 1895 2465 efficacis

382 2493 499 2533 clinati⁷
523 2494 630 2526 omnia
653 2500 684 2526 et
708 2493 830 2536 singula
854 2496 969 2525 statuta
992 2497 1023 2524 et
1038 2492 1122 2524 ordi·
1151 2491 1341 2525 defensionis
1370 2487 1529 2532 praesidio
1557 2487 1752 2526 assistentes,
1781 2485 1897 2517 saciant

383 2546 524 2578 nationes
548 2547 740 2586 huiusmodi,
776 2556 822 2586 ac,
853 2549 947 2588 prout
974 2544 1026 2576 illa
1049 2554 1122 2576 con-
1151 2544 1337 2578 auctoritate
1371 2546 1483 2575 nostra
1516 2539 1688 2584 praemissa
1722 2537 1830 2570 omnia
1866 2541 1898 2569 et

382 2605 525 2638 cernunt,
550 2599 582 2630 in
607 2599 698 2631 dictis
722 2598 846 2631 statutis
861 2602 890 2630 et
915 2597 1122 2630 ordinationi·
1152 2598 1274 2640 singula
1306 2594 1526 2628 inviolabiliter
1560 2590 1728 2626 observari.
1765 2590 1894 2623 Contra-

383 2654 440 2687 bus
465 2659 609 2686 contenta
634 2659 663 2686 et
679 2654 752 2686 inde
768 2657 900 2697 sequuta
913 2658 943 2686 et
967 2651 1288 2698 sequenda²dictoi·es
1312 2648 1467 2693 quoslibet
1490 2657 1526 2680 ac
1548 2645 1678 2679 rebelles
1701 2649 1731 2677 et
1744 2642 1898 2687 praeniis-
