2059 3228
69 214 121 239 An.
139 211 167 239 (ἶ.
185 213 252 241 1595

94 797 203 818 ctanzntne
214 796 250 818 de·

68 832 196 854 ῐυμὶυιιωῦ·
237 847 242 850 .

127 2217 187 2240 rides
202 2221 265 2239 trau-

80 2254 220 2278 sumptorum.

310 203 375 238 602

265 266 376 299 Palatii
403 263 578 308 Apostolici
600 262 776 302 auditores,
809 266 840 294 et
863 260 895 294 S.
917 261 954 293 R.
977 260 1011 292 E.

859 180 1039 231 animumn
1053 203 1206 230 ROMANUM

1393 258 1456 292 XV.

267 323 456 363 cardinales,
483 321 608 354 sublata
627 320 672 352 eis
693 324 724 352 et
745 329 859 352 eorum
883 318 1016 352 cuilibet
1058 333 1272 376 Confirmatio
1296 333 1544 376 privileqiomm
1565 330 1688 365 -οοῃρηὺ-
1706 333 1803 362 advo-

265 381 375 425 quavis
402 381 495 413 aliter
520 378 686 412 iudicandi
716 383 748 412 et
780 376 1014 420 interpretandi

264 439 414 472 facultate
434 443 464 471 et
483 435 686 476 auctoritate,
698 435 834 469 iudicari
849 433 1014 468 etdesiniri

264 496 393 537 debere;
415 495 609 539 irritumque
621 501 651 528 et
661 495 770 535 inane,
792 493 906 538 siquid
922 502 1015 526 secus

264 565 362 598 super
380 554 430 587 his
446 564 464 586 a
483 564 658 597 quoquam,
679 552 789 597 quavis
808 551 1013 591 auctoritate,

264 613 404 645 scienter
418 612 466 644 vel
486 612 685 655 ignoranter,
714 610 885 654 contigerit
910 615 1014 642 atten-

264 670 335 710 tari,
356 669 574 703 decernimus.
597 687 606 691 -

309 729 323 771 ξ
349 729 380 762 7.
395 728 465 762 Non
476 728 678 762 obstantibus
689 727 873 772 praemissis
887 737 924 760 ac
938 737 1015 760 con-

265 786 486 820 stitutionibus
501 792 531 820 et
543 786 802 820 ordinationibus
817 785 1014 830 apostolicis,

264 854 392 877 necnon
423 844 563 885 Ordinis,
598 843 870 888 congregationis,
904 853 1017 876 mona-

264 902 436 936 steriorum
456 902 721 947 regulariumque
740 903 888 936 locorum
905 900 1018 934 huius-

264 961 352 994 modi
373 961 510 1002 statutis,
533 961 663 1002 usibus,
685 961 809 994 naturis
833 966 863 994 et
882 970 1017 993 consue-

263 1078 441 1121 apostolica
459 1078 509 1111 vel
531 1077 643 1122 quavis
667 1077 820 1110 firmitate
841 1077 903 1109 alia
923 1077 1017 1109 robo-

264 1135 341 1168 ratis
358 1146 366 1176 3
396 1134 571 1179 privilegiis
600 1145 742 1179 quoque,
763 1135 899 1168 indultis
918 1140 947 1167 et
968 1135 1019 1167 lit-

263 1194 341 1227 teris
359 1193 544 1238 apostolicis
564 1194 598 1226 in
618 1193 819 1227 contrarium
839 1193 1019 1237 quomodo-

264 1252 354 1293 litet,
377 1252 474 1285 etiarn
485 1256 575 1285 motu
586 1251 733 1296 proprio,
755 1261 792 1283 ac
809 1249 1018 1283 iteratisvici-

263 1310 336 1347 buz,
373 1315 404 1343 et
428 1309 488 1343 sub
509 1308 773 1353 quibuscumque
793 1309 961 1342 tenoribus
989 1314 1017 1342 et

263 1369 306 1401 fo·
318 1368 388 1410 mis,
406 1379 466 1412 per
478 1378 702 1412 quoscumque
716 1367 877 1400 Romanos
890 1367 1020 1400 Pontifi-

267 1437 317 1459 ces
329 1426 597 1470 praedecessores
609 1432 737 1460 nostros
751 1436 788 1459 ac
804 1425 900 1459 etiam
914 1435 972 1458 nos
990 1429 1020 1457 et

267 1484 295 1518 S*
309 1484 381 1518 dem
402 1485 621 1529 Apostolicam
642 1483 814 1525 concessis,
833 1483 1020 1528 approbatis

269 1550 295 1576 et
318 1543 488 1584 innovatis;
512 1542 631 1586 quibus
655 1541 807 1575 omnibus
827 1547 857 1575 et
871 1541 1017 1585 singulis,

270 1607 308 1634 et<
323 1601 394 1634 imsi
413 1601 454 1635 de
476 1601 538 1634 illis
558 1611 738 1644 eorumque
757 1601 833 1634 totis
852 1600 1022 1634 tenoribus

269 1659 429 1703 monialis,
448 1659 612 1703 specifica,
635 1669 785 1704 expressa
805 1664 835 1692 et
854 1658 1022 1692 individua

270 1718 391 1751 montio
410 1717 572 1759 habenda,
594 1722 649 1751 aut
668 1717 731 1750 alia
750 1716 1023 1760 aliquaexquisita

270 1776 373 1809 forma
392 1776 433 1809 ad
453 1776 516 1809 hoc
536 1776 692 1810 servanda
712 1776 806 1815 foret,
815 1780 944 1808 tenores
963 1774 1025 1806 hu-

271 1833 422 1874 iusmodi,
444 1844 481 1866 ac
501 1833 526 1866 si
547 1833 586 1866 de
604 1833 703 1866 verbo
724 1832 763 1864 ad
781 1832 917 1865 verbum
937 1832 1024 1865 inse-

272 1897 422 1925 rerentur
441 1891 675 1935 praesentibus,
695 1900 754 1934 pro
773 1891 869 1933 plene
888 1895 920 1922 et
938 1890 1025 1922 suffi-

273 1950 396 1984 cienter
419 1950 577 1994 expressis
601 1950 769 1989 habentes,
800 1948 863 1981 illis
892 1949 971 1981 alias
993 1948 1024 1980 in

273 2019 331 2042 suo
350 2008 468 2042 robore
489 2007 721 2052 permansuris,
741 2007 802 2039 hac
821 2006 889 2039 vice
900 2007 1026 2039 dumta-

273 2073 337 2108 xat,
360 2067 544 2112 specialiter
563 2072 751 2110 etexpresse
763 2065 1027 2108 derogatnus,cc-

275 2125 417 2169 terisque
438 2124 608 2158 contrariis
629 2123 902 2166 quibuscumque.

322 2183 337 2226 ἓ
361 2181 393 2215 8.
421 2182 575 2216 Volumus
599 2187 707 2214 autem
728 2186 764 2214 ut
783 2181 900 2214 harum
921 2190 1029 2213 exem-

278 2240 341 2285 plis
360 2245 419 2274 etc.

324 2299 438 2332 Datum
455 2299 574 2332 Roma‘*
595 2299 680 2343 apud
702 2298 855 2332 Sanctum
874 2297 1029 2337 Marcum,

281 2356 340 2389 sub
365 2357 485 2390 annulo
510 2356 692 2396 piscatoris,
727 2356 778 2389 die
805 2365 865 2389 xxv
896 2361 1034 2399 septem-

284 2413 351 2446 bris
370 2424 528 2454 ManxxV,
551 2414 758 2458 pontificatus
778 2413 878 2447 nostri
899 2424 983 2446 anno
1007 2423 1030 2446 1.

332 2472 396 2502 Dat.
420 2472 466 2503 die
485 2472 523 2503 25
541 2477 614 2512 sept.
635 2472 729 2511 1585,
753 2471 858 2512 pontif.
882 2481 930 2502 an.
955 2479 974 2501 1.

1101 390 1246 419 catorum
1283 390 1313 419 et
1339 390 1587 429 procuralomcm
1616 395 1804 428 juvenalae

1100 439 1282 481 Murchiae,
1303 450 1359 472 seu
1381 439 1563 472 eorumdem
1578 449 1663 472 nova
1680 448 1804 471 conces-

1101 494 1148 526 sio
1167 492 1197 526 1.

1164 582 1279 611 Dilectis
1296 582 1362 611 tiliis
1379 581 1520 618 prioribus
1537 582 1568 610 et
1586 580 1701 616 collegio

1057 636 1256 665 advocatorum
1274 643 1306 665 ac
1323 636 1534 672 procuratorum
1558 635 1650 664 euriae
1669 634 1808 670 generalis

1212 690 1369 727 provinciae
1386 691 1500 719 nostrae
1519 689 1654 718 marchiae
1687 713 1691 717 .

1320 744 1417 772 sixtus
1434 743 1505 779 Papa
1523 743 1554 772 V.

1067 797 1229 832 Dilectitilii,
1240 798 1361 826 salutem
1372 799 1402 827 et
1417 797 1560 834 apostolic.
1568 795 1794 825 benedictionem.

1102 879 1190 912 Fidei
1212 878 1391 912 constantia
1411 884 1442 912 et
1461 878 1606 912 sincerae
1630 876 1809 911 devotionis

1036 959 1040 970 ,
1058 932 1204 972 affectus,
1226 943 1323 976 quem
1341 943 1418 976 erga
1435 942 1493 965 nos
1508 938 1539 965 et
1559 931 1737 964 Romanam
1751 930 1809 963 Ee-

263 1019 443 1060 tudinibuS,
456 1018 1016 1059 etiamiurament0‚confirmatione
1037 1013 1040 1047 Ι
1059 986 1189 1019 Clfflam
1210 997 1322 1029 gemm
1347 986 1618 1029 compmbamlm’
1639 984 1808 1017 nosmdu-

1059 1044 1137 1072 cunt
1156 1044 1191 1071 ut
1208 1039 1321 1072 vestris
1335 1038 1632 1078 commoditatibus,
1650 1042 1810 1081 quantum

1059 1103 1135 1125 cum
1157 1092 1222 1125 Deo
1242 1103 1426 1136 possumus,
1448 1090 1666 1124 favorabiliter
1685 1101 1810 1123 annua·
1844 1089 1847 1090 ⁷

1061 1156 1145 1185 mus,
1172 1156 1209 1178 ac
1242 1155 1291 1185 ea,
1323 1155 1406 1188 quae
1431 1144 1521 1177 vobis
1540 1150 1715 1188 propterea
1734 1154 1811 1176 con-

1060 1208 1148 1231 cessa
1180 1198 1374 1242 reperimus,
1408 1202 1537 1231 nostrae
1568 1195 1811 1241 approbationis

1059 1252 1178 1285 robore
1199 1251 1443 1285 confirmemus.

1104 1306 1119 1349 ξ
1144 1305 1175 1338 t.
1202 1305 1312 1349 Nuper
1331 1303 1591 1349 siquidemnohis
1606 1303 1723 1347 exponi
1735 1303 1812 1337 feci·
1835 1303 1965 1347 pmmm'

1825 1356 1916 1383 collegio
1929 1361 1956 1378 eo
1969 1356 1978 1380 ζ,

1825 1389 1889 1409 mavit
1902 1387 1934 1408 ius
1961 1406 1980 1410 ,

1061 1413 1198 1446 Paulum
1214 1413 1333 1457 Papam
1357 1411 1410 1453 ΠΙ,
1440 1412 1721 1456 praedecessorem
1750 1421 1810 1444 no-
1825 1418 1997 1470 ἓῗᾶιέῗιιωζ,.

1948 1461 1964 1474 κ

1060 1359 1116 1392 stis
1141 1360 1229 1402 quod
1248 1359 1327 1392 alias
1357 1369 1417 1402 per
1445 1358 1549 1392 felicis
1576 1356 1811 1391 recordationis

1062 1472 1176 1507 strum,
1198 1471 1330 1509 accepto
1350 1466 1449 1509 quod,
1471 1465 1547 1498 licet
1566 1464 1739 1508 collegium
1756 1475 1810 1498 ve-

1063 1525 1177 1559 strum,
1201 1530 1238 1553 ex
1258 1518 1510 1553 immemorabili
1534 1523 1565 1552 et
1583 1523 1716 1552 eatenus
1725 1517 1813 1562 paci-

1062 1573 1123 1606 fice
1143 1574 1310 1606 observata
1330 1572 1577 1612 consuetudine,
1600 1572 1682 1605 foret
1695 1577 1727 1605 et
1745 1571 1812 1605 exi-

1063 1632 1161 1661 steret
1184 1627 1217 1659 in
1240 1626 1442 1670 possessione
1471 1636 1527 1659 seu
1553 1625 1645 1669 quasi
1672 1624 1753 1658 iuris
1782 1629 1815 1658 et

1064 1680 1223 1714 facultatis
1243 1680 1433 1713 conferendi
1456 1678 1595 1722 insignia
1627 1679 1814 1711 doctoratus

1064 1735 1096 1767 in
1116 1741 1256 1778 utroque
1284 1734 1355 1767 iure
1375 1733 1507 1766 illorum
1531 1731 1767 1777 professoribus
1785 1735 1817 1764 et

1064 1788 1288 1828 benemeritis;
1321 1786 1550 1826 nihilominus,
1579 1795 1664 1825 cum,
1684 1789 1818 1828 propter

1066 1841 1220 1885 temporis
1239 1840 1510 1884 longinquitatem
1530 1849 1568 1872 ac
1595 1837 1674 1871 alias
1685 1847 1745 1881 per
1754 1837 1817 1870 im-

1067 1894 1309 1928 memorabilem
1330 1891 1597 1926 consuetudinem
1617 1889 1816 1931 huiusmodi,

1068 1949 1106 1981 de
1127 1947 1295 1992 privilegio
1313 1945 1473 1979 facultatis
1492 1944 1680 1989 praedictae
1701 1943 1818 1976 docere

1068 2013 1131 2035 non
1153 2001 1317 2041 valebatis,
1341 2006 1371 2033 et
1390 2000 1462 2032 ideo
1486 2009 1546 2043 pro
1576 1997 1691 2031 maiori
1712 2001 1820 2030 ‘vestra

1069 2055 1240 2089 securitate
1265 2053 1444 2098 cupiebatis
1468 2052 1500 2084 id
1515 2051 1606 2085 vobis
1626 2061 1684 2095 per
1697 2047 1819 2084 ‘Sedem

1069 2109 1287 2152 Apostolicam
1313 2105 1458 2140 concedi.
1479 2105 1584 2144 Quare
1604 2104 1709 2137 eidem
1724 2113 1820 2148 prae-

1071 2159 1428 2202 decessori-humiliter
1460 2157 1636 2202 supplicari
1673 2155 1822 2193 feceratis

1071 2222 1232 2258 quatenus
1251 2213 1340 2247 vobis
1364 2212 1397 2245 in
1426 2211 1611 2256 praemissis
1639 2215 1822 2254 opportune

1074 2269 1243 2312 providere
1262 2268 1302 2300 de
1314 2265 1511 2309 benignitate
1525 2262 1823 2308 apostolicadigna-

1074 2327 1174 2354 retur.
1198 2321 1285 2354 Idem
1301 2319 1540 2363 praedecessor,
1551 2315 1739 2349 huiusmodi
1749 2325 1824 2359 sup-

1075 2374 1304 2419 plicationibus
1324 2372 1508 2410 inclinatus,
1536 2369 1687 2403 vobis-et
1717 2373 1824 2402 vestro

1076 2428 1213 2471 collegio
1232 2426 1408 2471 praedicto,
1422 2430 1469 2463 ut,
1482 2424 1568 2456 iuxta
1583 2420 1824 2455 immemorabi-
1840 2429 1845 2433 ·

1077 2483 1141 2514 lem
1163 2479 1430 2514 consuetudinem
1440 2476 1638 2517 huiusmodi,
1657 2475 1775 2519 gradus
1793 2478 1824 2506 et

1079 2533 1217 2578 insignia
1247 2534 1434 2567 doctoratus
1466 2530 1614 2575 personis
1641 2527 1765 2562 idoneis
1792 2531 1826 2560 et

1118 2604 1128 2629 t
1147 2601 1190 2630 Ex
1207 2601 1320 2634 aegest.
1341 2599 1370 2628 in
1388 2599 1494 2628 Secret.
1513 2596 1656 2631 Brevium.

1817 201 1870 228 An.
1887 197 1916 227 C.
1943 206 1959 230 μ’

1850 898 1952 922 fromunt·
1965 922 1969 923 ⁷
