2059 3228
118 230 171 257 An.
188 230 217 258 C.
233 231 301 260 ¹575

130 451 215 472 Militiae
235 457 298 478 regu-

116 481 171 500 lares
187 481 206 502 in
222 481 298 503 Portu-

115 512 184 536 gaura.

360 224 422 257 tto

903 231 1082 257 mmmmm!
1101 231 1251 256 notitANUM

313 284 405 318 officii
439 285 537 317 nostri
567 290 672 328 partes
697 283 912 318 favorabiliter
936 285 1056 328 impar·
1100 285 1245 317 iudicum
1272 283 1304 316 in
1323 282 1438 316 litteris
1458 284 1642 328 apostolicis
1666 293 1841 326 regnorum

314 344 322 369 t
329 349 354 370 ia
361 348 388 370 m
396 349 442 370 ur.

355 391 369 431 ξ
390 390 419 422 Ἰ.
444 390 525 423 Sane
545 390 752 423 charissimus
773 390 805 423 in
824 390 950 424 Christo
970 391 1056 423 filius

311 448 419 475 nostor
438 443 643 475 Sebastianus
663 443 877 486 Portugalliae
897 449 928 477 et
947 444 1056 486 Aigai·-

310 495 436 527 biorum
452 506 503 528 rex
519 495 664 536 illustris,
677 496 731 539 qui
743 496 931 529 militiarum
948 497 1054 530 Sancti

309 549 413 581 lacobi
435 549 473 581 de
485 548 615 591 Spatha,
630 549 736 583 Sancti
749 550 918 593 Augustini
935 551 973 583 de
985 550 1054 582 Avis

307 601 567 634 Cistcrciensium
581 601 736 636 Ordinum
748 603 837 645 regni
850 603 1055 644 Portugalliae

307 665 441 695 magnus
466 655 618 697 magister
641 666 698 689 seu
722 662 897 700 perpetuus
917 657 1054 689 admini-

305 712 424 739 strator
439 718 497 750 per
512 708 626 741 Sedem
649 708 863 752 Apostolicam
882 710 1053 753 deputatus

306 759 422 801 existit,
437 765 501 793 tam
516 772 574 794 suo
590 772 686 804 quani
703 762 894 795 dilectorum
911 762 1053 796 filiorum

305 812 534 854 magistrorum
560 820 747 854 conventus,
777 815 936 858 priorum,
963 826 1052 848 com-

305 866 544 908 mendatorum,
556 873 815 912 praeceptorum,
833 868 978 908 fratrum,
996 868 1054 900 mi-

305 918 399 951 litum
420 924 450 952 et
469 920 606 953 aliorum
632 921 858 963 religiosorum
883 932 919 954 ac
944 932 1052 965 perso-

304 982 420 1004 narum
441 973 630 1006 militiarum
655 974 892 1017 praedictarum
913 974 1052 1007 nomini-

303 1024 376 1065 hus,
391 1026 482 1058 nobis
497 1037 601 1070 nuper
611 1027 724 1071 exponi
738 1027 810 1060 fecit
824 1028 1003 1070 quod,licet
1017 1039 1052 1060 ex

303 1078 435 1111 diversis
451 1079 670 1113 Romanorum
688 1080 898 1121 Pontificum,
915 1086 943 1113 et
963 1092 1054 1124 prae-

302 1131 412 1164 sertim
454 1132 554 1165 selicis
598 1134 830 1166 recordationis
873 1134 995 1166 Nicolai
1030 1134 1053 1166 V

303 1189 334 1216 et.
358 1184 429 1217 Iulii
454 1185 479 1217 ll
503 1191 533 1218 et
556 1186 644 1218 Pauli
672 1186 728 1226 Ill,
768 1187 1052 1230 praedecessorum

302 1243 507 1278 nostrorum,
534 1239 709 1282 privilegiis
734 1244 765 1272 et
789 1240 1052 1273 concessionibus

302 1290 486 1334 praedictae
510 1291 654 1332 militiae,
681 1292 712 1324 in
739 1293 853 1325 eodem
877 1303 976 1335 regno
1001 1294 1053 1326 ad-

301 1354 410 1376 versus
440 1344 565 1377 Mauros
595 1345 739 1388 aliosque
774 1346 846 1379 fidei
876 1346 1052 1379 catholicae

302 1395 409 1429 hostes
433 1397 611 1440 antiquitus
637 1409 695 1442 per
718 1398 833 1431 Sedem
854 1399 1050 1442 praedictam

301 1449 479 1482 sulubriter
498 1450 676 1491 institutae,
698 1450 895 1495 illarumque
919 1457 997 1485 tunc
1021 1458 1050 1485 et

302 1513 361 1552 prp
373 1508 470 1546 temp.
485 1503 655 1537 existentes
676 1504 833 1547 magistri,
862 1510 1052 1545 conventus,

302 1555 426 1600 priores
447 1562 478 1589 et
497 1557 787 1598 commendatores,
812 1564 1050 1602 praeceptores,

301 1608 415 1642 fratres
435 1620 491 1642 seu
512 1609 787 1643 administratores
808 1615 839 1643 et
863 1611 981 1643 milites
1001 1622 1053 1644 eo-

302 1673 441 1706 rumque
461 1662 591 1705 singuli,
610 1674 735 1696 necnon
751 1674 907 1707 personae
923 1670 954 1697 et
966 1665 1049 1705 loca,

302 1715 417 1748 domus
430 1720 461 1748 et
475 1716 628 1749 ecclesiae
641 1716 830 1749 militiarum
851 1718 1050 1759 earumdem,

303 1769 469 1812 perpetuis
490 1769 608 1802 futuris
627 1770 828 1813 temporibus
848 1770 998 1803 omnibus
1022 1777 1053 1804 et

304 1821 438 1864 singulis
454 1822 642 1865 privilegiis,
662 1823 903 1865 praerogativis,
920 1834 1052 1857 conces-

304 1874 462 1915 sionibus,
485 1875 630 1915 indultis,
653 1875 868 1917 libertatibus,
885 1887 1053 1910 conserva-

304 1927 408 1968 toriis,
430 1928 650 1970 indulgentiis,
665 1928 932 1971 exemptionibus,
950 1929 1052 1962 hono-

304 1981 407 2021 ribus,
429 1981 544 2014 litteris
571 1982 756 2025 apostolicis
785 1986 816 2014 et
844 1982 913 2014 aliis
942 1983 1053 2025 gratiis

305 2034 465 2077 magistris
486 2045 542 2067 seu
562 2034 889 2075 administratoribus,
913 2046 1052 2069 conven—

306 2087 403 2127 tibus,
419 2088 594 2131 prioribus,
612 2087 940 2128 commendatoribus
960 2100 1053 2132 prae-

306 2140 502 2183 ceptoribus,
524 2141 677 2174 fratribus
692 2146 723 2174 et
737 2141 893 2174 militibus
909 2141 1052 2174 eiusdem

306 2192 413 2225 Sancti
434 2194 539 2226 lacobi
561 2200 591 2227 et
611 2195 650 2227 de
669 2194 839 2227 Alcantara
862 2194 1052 2227 militiarum

306 2246 339 2277 in
351 2244 496 2279 Castellze
506 2253 535 2279 et
544 2247 691 2289 Legionis
703 2247 810 2290 regnis
821 2246 1053 2288 institutarum,

307 2303 338 2331 et
357 2298 467 2341 quovis
489 2301 583 2332 modo
603 2300 642 2333 ab
663 2299 740 2344 ipsis
768 2299 919 2333 Romanis
944 2300 1053 2333 Ponti-

307 2351 423 2383 ficibus
448 2357 478 2384 ct
503 2352 582 2385 Sede
608 2353 771 2396 praedicta
791 2353 950 2387 concessis
970 2358 1001 2386 et
1021 2353 1053 2386 in

308 2409 473 2446 posterum
495 2406 718 2446 concedendis,
739 2411 770 2439 et
789 2405 905 2449 quibus
921 2405 967 2438 illi
983 2411 1054 2439 ute-

308 2452 437 2491 bantur,
460 2454 666 2496 potiebantur
686 2460 716 2488 et
735 2454 928 2498 gaudebant,
943 2465 980 2487 ac
993 2454 1053 2496 uti,

308 2501 405 2543 potiri
430 2506 460 2533 et
484 2502 624 2543 gaudere
653 2508 782 2546 possent
809 2503 1074 2547 quomodolibet¹

309 2549 512 2589 infuturum,
535 2550 594 2590 uti,
616 2551 711 2593 potiri
732 2557 764 2585 et
787 2552 943 2594 gaudere,
968 2562 1005 2584 ac
1029 2551 1054 2584 si

309 2597 366 2639 eis,
386 2597 417 2630 iu
432 2609 529 2642 quem
556 2610 724 2634 concessae
753 2600 908 2642 fuissent3
931 2605 961 2634 ct
983 2600 1055 2634 loco
1073 2630 1076 2641 ,

1097 337 1250 370 Castellae
1277 342 1308 370 et
1337 337 1483 379 Legionis
1510 338 1632 370 militiis
1657 337 1843 371 huiusmodi

1098 401 1156 433 pro
1177 396 1321 434 tempore
1341 390 1499 423 concessis
1511 391 1750 434 deputatorum,
1763 390 1843 424 alios

1099 443 1231 483 iudices,
1259 443 1291 475 in
1315 443 1469 485 (lignitate
1493 449 1600 476 tamen
1626 443 1843 477 ecclesiastica

1096 497 1245 529 similiter
1264 497 1467 536 constitutos,
1489 496 1521 529 in
1541 495 1626 530 dicto
1645 507 1744 540 regno
1763 496 1843 530 Por-

1098 550 1260 592 tugalliae,
1287 549 1343 593 qui
1368 550 1514 583 eamdem
1533 555 1722 593 potestaten:
1742 550 1841 584 'nabo-

1098 608 1169 635 rent
1188 614 1285 646 quam
1310 603 1433 636 iudices
1458 602 1489 635 in
1514 602 1633 636 eisdem
1651 603 1767 636 litteris
1784 602 1840 636 dc-

1097 655 1199 699 putati
1218 656 1379 689 habebant
1398 667 1454 689 seu
1474 656 1593 689 habere
1619 662 1748 700 possent
1762 667 1842 701 quo-

1096 709 1271 743 modolibet
1285 710 1317 742 in
1335 710 1492 750 futurum,
1515 710 1670 753 deputare
1689 709 1789 744 libere
1809 716 1841 744 et

1095 761 1182 795 licite
1203 768 1332 806 possent
1352 767 1383 796 et
1401 763 1557 796 valerent.

1090 820 1110 841 ⁴-
1139 815 1153 858 §
1169 814 1200 848 2.
1221 815 1436 848 Nihilominus
1449 827 1466 848 a
1477 815 1614 848 nimium
1626 816 1733 849 forsan
1748 826 1839 850 scru-

1094 868 1216 910 pulosis
1235 869 1380 901 locorum
1402 868 1572 902 ordinariis
1590 868 1733 902 eiusdem
1750 870 1840 913 regni

1095 921 1308 963 Portugalliae
1332 921 1428 954 certis
1448 921 1726 966 praetensionibus
1746 922 1840 955 dubi-

1095 974 1154 1006 tari
1181 974 1337 1017 contingit
1370 975 1490 1008 eaedem
1509 974 1654 1015 litterae,
1679 986 1738 1019 per
1767 976 1841 1020 piae

1096 1027 1270 1060 memoriae
1295 1027 1385 1060 Pium
1410 1027 1528 1071 Papam
1553 1027 1716 1070 quintum,
1743 1028 1840 1062 etiam

1094 1081 1372 1123 praedecessorem
1405 1086 1551 1114 nostrum
1571 1108 1578 1121 ‚
1627 1082 1687 1114 sub
1729 1082 1840 1115 datum

1094 1133 1207 1176 quinto
1223 1132 1293 1166 idus
1310 1134 1456 1174 ianuarii,
1470 1135 1677 1178 pontificatus
1692 1134 1741 1167 sui
1755 1145 1840 1168 anno

1094 1186 1211 1228 primo,
1234 1193 1428 1230 procurante
1449 1188 1636 1221 charissimo
1661 1188 1694 1221 in
1713 1187 1839 1221 Christo

1094 1238 1159 1271 filio
1179 1239 1326 1283 Philippo
1346 1250 1420 1283 rege
1440 1241 1611 1281 catholico,
1633 1240 1688 1285 qui
1708 1240 1840 1274 militia-

1094 1291 1165 1324 rum
1186 1292 1218 1324 in
1238 1292 1392 1326 Castellae
1412 1299 1443 1326 et
1463 1294 1610 1336 Legionis
1629 1294 1736 1337 regnis
1752 1293 1841 1326 insti—

1095 1350 1236 1379 tutarum
1273 1346 1460 1380 huiusmodi
1492 1352 1669 1391 perpetuus
1702 1346 1840 1381 admini-

1093 1403 1212 1432 strator
1230 1410 1288 1442 per
1301 1400 1446 1433 eamdem
1461 1400 1576 1434 Sedem
1591 1401 1763 1445 deputatus
1776 1402 1842 1436 exi-

1094 1451 1159 1492 stit,
1173 1462 1352 1493 concessae,
1361 1452 1616 1496 privilegiorum,
1628 1453 1840 1496 indultorum,

1094 1505 1403 1538 conservatoriarum
1435 1510 1467 1538 et
1496 1506 1633 1539 aliarum
1662 1507 1841 1549 gratiarum

1094 1556 1170 1601 ipsis
1198 1558 1321 1591 militiis
1350 1569 1522 1601 regnorum
1548 1559 1702 1593 Castellae
1722 1565 1754 1594 et
1781 1560 1842 1594 Le—

1093 1610 1197 1653 gionis
1226 1622 1453 1645 concessorum
1482 1612 1721 1656 praedictorum
1746 1624 1840 1658 prae-

1094 1663 1272 1698 servatione
1301 1670 1332 1698 et
1359 1664 1576 1706 innovatione,
1606 1665 1728 1700 militiis
1748 1666 1838 1710 regni

1094 1717 1307 1760 portugalliae
1340 1723 1371 1751 et
1400 1717 1586 1752 Sebastiano
1611 1718 1680 1762 regi
1715 1725 1744 1752 et
1779 1729 1839 1763 pro

1094 1774 1238 1813 tempore
1262 1771 1471 1804 existentibus
1501 1772 1624 1814 magnis
1656 1772 1836 1815 magistris,

1094 1823 1320 1863 conventibus,
1353 1824 1534 1867 prioribus,
1567 1825 1839 1858 commendatori-

1095 1871 1166 1911 buS,
1188 1873 1466 1916 praeceptoribus,
1488 1873 1653 1913 fratribus,
1669 1872 1838 1914 militibus,

1094 1921 1252 1964 personis,
1274 1921 1429 1962 ecclesiis,
1451 1921 1612 1962 domibus,
1628 1921 1718 1961 locis,
1730 1921 1838 1963 bonis,

1095 1969 1361 2011 possessionibus,
1376 1969 1502 2003 iuribus
1515 1975 1546 2003 et
1560 1970 1839 2003 iurisdictionibus

1094 2017 1282 2050 militiarum
1307 2018 1398 2060 regni
1417 2019 1632 2062 Portugalliae
1651 2017 1839 2052 huiusmodi

1094 2066 1276 2109 suffragari,
1299 2073 1330 2100 et
1348 2067 1412 2100 illis
1430 2068 1570 2110 gaudere
1586 2067 1709 2111 possint
1724 2067 1771 2101 vel
1786 2067 1841 2100 de-

1094 2114 1208 2148 beant:
1231 2121 1263 2149 et
1290 2116 1402 2150 exinde
1429 2117 1562 2150 effectus
1588 2116 1772 2150 litterarum
1790 2115 1839 2148 Pii

1094 2164 1348 2206 praedecessoris
1378 2164 1580 2205 huiusmodi,
1611 2165 1717 2208 quoad
1749 2163 1840 2207 regni

1094 2212 1309 2256 Portugalliae
1329 2213 1459 2247 militias
1480 2214 1675 2258 illarumque
1695 2213 1838 2256 singulas

1094 2271 1246 2304 personas
1262 2262 1453 2306 praedictas,
1467 2264 1651 2306 frequenter
1664 2261 1841 2306 impeditur

1095 2315 1125 2341 et
1150 2311 1351 2352 retardatum
1384 2311 1582 2355 militiaeque
1610 2311 1700 2354 regni
1727 2311 1840 2343 Portu-

1095 2358 1208 2400 galliae
1235 2365 1266 2392 et
1300 2359 1430 2393 illarum
1465 2370 1621 2404 personae
1652 2358 1839 2392 huiusmodi

1096 2417 1329 2450 saepenumero
1353 2408 1554 2451 gravamina,
1580 2407 1715 2441 iniurias
1738 2412 1770 2440 et
1789 2407 1839 2440 in-

1096 2457 1266 2489 commoda
1285 2457 1475 2497 substinent,
1488 2457 1521 2490 in
1539 2467 1651 2490 earum
1665 2456 1841 2489 detrimen-

1097 2508 1177 2543 tum,
1199 2515 1236 2536 ac
1256 2505 1512 2549 privilegiorum,
1528 2505 1726 2538 indultorum
1743 2509 1774 2537 et
1792 2504 1841 2536 fa·

1097 2551 1253 2585 cultatum
1274 2553 1334 2586 sibi
1354 2564 1580 2588 concessorum
1597 2551 1841 2599 praedictorum

1097 2598 1284 2634 laeisonem.

1857 224 1951 260 AnJGJ
1959 224 1994 262 >l>

1853 828 1922 851 Genu·
1930 829 2024 852 conum„-

1854 861 1918 882 uoni-
1931 859 2024 897 edendi·
