2059 3228
38 277 53 294 ι.
69 264 98 296 c.
114 265 183 293 157⁷
781 270 957 297 altecomus
972 270 1096 296 x111pr.
1584 263 1647 297 189
1691 265 1744 294 An.
1767 266 1795 294 C-
1814 267 1879 295 157⁸.

32 1578 111 1604 strumo
117 1581 164 1603 ted-

32 1964 104 1992 vssfld·
111 1973 158 1988 cou-

23 1997 37 2012 ι
53 1992 159 2015 tamum-1-

36 2017 121 2044 alu-qne
135 2027 158 2042 e·

25 2048 58 2067 m
68 2046 157 2074 collegii.

950 334 1156 367 rumcumquc
1181 325 1320 358 iudicum
1359 332 1390 360 ct
1427 326 1606 360 officialium
1623 354 1630 368 ‚
1656 327 1689 360 in

950 376 1017 418 ipsa
1033 377 1116 409 Urbe
1132 378 1178 409 vcl
1191 378 1266 410 alias
1283 379 1416 412 ubilibet
1432 380 1686 419 constitutorum;

951 428 1115 472 ipsumque
1153 429 1316 471 collegium
1350 436 1376 463 ct
1401 432 1510 465 cosin
1547 432 1686 475 propriis

949 490 1058 513 eorum
1083 481 1175 513 rebus
1198 487 1228 513 et
1253 482 1342 513 bonis
1366 494 1436 515 cum
1461 483 1536 526 ipsis
1559 489 1684 516 contra-

950 533 1059 565 hentes
1082 544 1099 565 a
1123 533 1276 566 solutione
1300 539 1330 567 ct
1354 536 1511 569 exactione
1535 547 1684 579 quorum-

949 595 1082 627 cumque
1107 586 1167 629 (ut
1194 587 1334 628 vocant)
1358 589 1492 629 pedagii,
1518 589 1656 631 gabellae
1674 616 1683 630 ,

950 637 1112 678 bollettiui,
1140 638 1334 671 decimarum
1353 644 1380 671 et
1396 641 1531 673 cuiusvis
1548 642 1684 682 alterius,

949 694 1010 721 tam
1025 690 1179 723 ordinarii
1197 702 1291 734 quam
1305 693 1544 725 extraordinarii
1569 695 1684 735 oneris,

948 751 983 773 ex
1006 752 1204 786 quacumque
1227 754 1321 776 causa
1345 744 1560 786 impositorum
1578 752 1608 779 ct
1627 747 1684 779 im-

948 795 1164 837 ponendorum
1179 823 1186 834 ,
1211 796 1377 829 eximimus
1401 808 1436 830 ac
1459 808 1586 840 prorsus
1610 799 1684 832 libe-

949 858 1063 888 ramus,
1089 860 1124 881 ac
1148 849 1206 881 sub
1219 849 1303 882 Beati
1318 849 1399 882 Petri
1413 854 1442 882 et
1456 850 1542 882 Sedis
1555 852 1683 893 Aposto-

948 900 1023 933 licae
1048 906 1141 944 atque
1158 907 1265 935 nostra
1283 902 1477 945 protectione
1496 904 1682 946 suscipimus

946 957 976 985 et
1000 954 1187 987 collocamus
1205 982 1212 995 ‚
1237 955 1390 998 nobisque
1420 960 1450 988 et
1484 955 1584 988 dictae
1609 955 1680 987 Scdi

947 1005 1126 1039 immediate
1150 1007 1346 1048 subiicimus,
1370 1019 1406 1040 ac
1423 1008 1548 1049 liberos,
1566 1008 1682 1040 immu*

946 1067 1000 1090 nes
1024 1063 1053 1090 et
1078 1064 1238 1102 exemptos
1262 1060 1466 1092 declaramus.

945 1107 950 1115 ’
988 1111 1002 1153 g
1024 1110 1055 1144 4.
1080 1111 1186 1144 Eidem
1211 1122 1335 1155 quoque
1358 1112 1509 1155 collegio,
1535 1112 1684 1145 scholari-

945 1163 1012 1203 bus,
1036 1164 1212 1197 rectoribus
1235 1169 1266 1198 et
1283 1165 1474 1206 oeconomis,
1498 1170 1531 1197 ut
1548 1166 1681 1208 quibus-

944 1227 1077 1260 cumque
1101 1218 1284 1260 privilegiis,
1309 1218 1569 1261 exemptionibus,
1587 1218 1682 1250 liber-

946 1269 1059 1302 tatibus
1077 1297 1084 1311 ,
1108 1270 1307 1303 facultatibus
1330 1275 1361 1302 et
1385 1270 1514 1302 indultis
1532 1297 1539 1311 ,
1568 1270 1685 1313 quibus

943 1321 1086 1354 Studium
1110 1323 1253 1365 generale
1289 1323 1388 1356 almae
1420 1323 1510 1355 Urbis
1533 1328 1564 1356 et
1598 1323 1682 1356 illius

942 1379 1044 1407 rector
1067 1375 1272 1418 doctoresque
1296 1376 1327 1408 in
1365 1386 1402 1408 eo
1425 1376 1519 1409 etiam
1544 1381 1616 1409 actu
1640 1377 1682 1409 le-

941 1432 1049 1469 gentes
1073 1428 1182 1471 quovis
1206 1428 1299 1461 modo
1334 1434 1491 1470 utuntur,
1515 1430 1683 1473 potiuntur

940 1485 969 1512 et
993 1481 1143 1523 gaudent,
1168 1492 1204 1514 ac
1228 1482 1284 1522 uti,
1309 1482 1403 1525 potiri
1421 1488 1451 1515 et
1475 1483 1612 1525 gaudere
1626 1494 1681 1527 po-

941 1537 1044 1565 terunt
1059 1535 1289 1576 quemodolibet
1305 1534 1337 1566 in
1354 1535 1504 1575 futurum,
1518 1536 1556 1568 ad
1570 1547 1681 1570 eorum

940 1584 1038 1618 instar
1060 1592 1090 1619 et
1114 1587 1181 1630 pari
1199 1588 1291 1620 modo
1305 1588 1360 1627 uti,
1378 1588 1472 1631 potiri
1489 1595 1520 1621 et
1536 1590 1676 1632 gaudere

938 1639 1059 1671 valeant
1083 1639 1115 1672 in
1138 1640 1286 1672 omnibus
1308 1645 1339 1673 et
1362 1651 1419 1684 per
1435 1641 1550 1682 omnia,
1569 1653 1680 1675 conce-

937 1690 1040 1724 dimus
1078 1696 1107 1724 ct
1132 1692 1329 1735 indulgemus
1346 1721 1354 1735 ,
1386 1694 1500 1738 illaque
1524 1695 1569 1728 eis
1594 1706 1680 1728 com-

938 1753 1143 1777 municamus.

979 1796 994 1839 g
1017 1796 1046 1829 5.
1071 1797 1195 1830 Necnon
1219 1799 1367 1840 senatori,
1392 1801 1678 1842 conservatoribus,

937 1849 1195 1883 reformatoribus
1219 1851 1398 1894 rectorique
1422 1858 1452 1885 ct
1471 1853 1539 1885 aliis
1564 1853 1676 1885 iudici—

936 1902 1003 1943 bus,
1028 1903 1213 1936 officialibus
1237 1908 1267 1936 ct
1290 1904 1433 1947 personis
1445 1905 1625 1947 praedictis,
1643 1916 1679 1937 ac

936 1965 992 1997 pro
1018 1960 1157 1999 tempore
1182 1956 1326 1989 existenti
1345 1958 1374 1991 S.
1393 1959 1427 1991 R.
1446 1958 1477 1990 E.
1493 1958 1680 2010 camerario,

936 2007 1187 2049 praesidentibus
1211 2015 1240 2042 et
1264 2011 1385 2043 clericis
1424 2011 1570 2044 Gamerae
1595 2012 1676 2054 Apo-

935 2061 1070 2099 stolicae,
1103 2072 1138 2094 ac
1175 2062 1335 2104 quibusvis
1373 2064 1598 2096 commissariis
1636 2065 1676 2097 ad

932 2113 1125 2146 exactionem
1151 2115 1344 2148 decimarum
1380 2122 1409 2149 ct
1443 2117 1576 2149 aliorum
1600 2127 1679 2150 one-

933 2177 1003 2199 rum
1027 2167 1240 2209 praesatorum
1265 2179 1321 2211 pro
1346 2174 1485 2210 tempore
1503 2170 1671 2211 deputatis,

932 2230 980 2260 ne,
995 2231 1268 2263 quarumcumqpe
1282 2222 1455 2253 litterarum
1473 2221 1518 2253 eis
1535 2222 1593 2253 sub
1606 2222 1677 2264 qui-

931 2272 1126 2315 buscumque
1152 2274 1314 2306 tenoribus
1338 2279 1365 2305 et
1385 2273 1493 2305 formis
1510 2284 1673 2307 concessa-

931 2335 1001 2357 rum
1026 2329 1205 2367 praetextu,
1230 2325 1404 2367 collegium,
1429 2326 1595 2367 scholares,
1621 2339 1671 2361 re-

929 2384 1040 2418 ctores,
1065 2389 1260 2417 oeconomos,
1286 2378 1432 2410 officiales
1456 2383 1486 2410 ct.
1511 2379 1673 2413 ministros

929 2432 1106 2475 praedictos
1139 2443 1192 2464 scu
1217 2442 1325 2463 corum
1362 2432 1498 2474 aliquem
1522 2432 1554 2464 in
1580 2443 1669 2475 prae-

930 2485 1032 2517 missis
1056 2484 1165 2527 quovis
1190 2484 1281 2515 modo
1306 2484 1469 2516 molestent
1493 2495 1547 2517 seu
1571 2486 1667 2517 mole-

926 2539 1000 2571 stari
1026 2537 1219 2580 permittant,
1244 2536 1417 2569 districtius
1433 2536 1621 2569 inhibemus.

192 325 274 360 Urbe
297 324 469 368 ceterisque
493 324 590 358 ltaliae
614 325 705 367 locis,
728 330 822 369 atque
845 324 922 358 adeo

189 379 222 413 in
246 378 392 412 omnibus
415 382 570 411 terrarum
601 379 687 411 orbis
711 378 864 422 partibus,
888 377 920 409 in

188 430 302 474 quibus
336 429 427 462 iudaei
452 435 479 462 et
518 430 655 464 infideles
680 431 811 474 degunt,
835 429 920 463 chri-

187 483 286 517 stinae
310 481 382 515 fidei
407 482 562 525 mysteria,
582 483 675 516 ctiam
703 481 831 525 propria
854 481 920 515 illo-

187 545 258 568 rum
280 533 397 576 lingua,
422 534 485 567 sive
510 535 637 567 lIebraea
677 535 739 567 sive
770 534 920 574 Arabica,

186 587 349 631 explicare,
375 587 485 619 docere
509 592 539 619 et
563 587 743 630 praedicare
756 586 875 629 possint
891 591 921 618 et

184 640 315 680 valeant,
339 639 419 672 nibil
441 639 646 683 opportunius
659 649 725 672 esse
741 639 920 672 censuimus

184 701 277 734 quam
301 691 465 735 proprium
490 692 652 735 collegium
675 692 715 724 ad
730 692 855 725 eosdem
872 691 920 724 in-

184 742 356 777 stituendos
379 744 510 787 erigere3
534 745 572 778 ad
596 744 647 777 Dei
666 744 763 787 igitur
778 744 920 787 omnipo-

183 796 277 830 tentis
293 798 436 840 gloriam,
450 804 635 841 sanctaeque
652 798 723 831 fidei
737 799 919 832 christianae

182 850 410 891 exaltationem,
424 850 455 883 in
469 851 577 884 eadem
594 851 674 883 alma
698 851 781 884 Urbe
805 856 835 885 et
851 853 918 885 loco

181 901 220 934 ad
244 901 275 934 id
300 902 452 945 eligendo,
487 913 585 935 unum
621 903 785 946 collegium
822 904 918 937 eccle-

180 953 350 996 siasticum,
363 955 599 988 Adolescentum
616 956 851 999 Neophytorum
866 967 918 989 vo-

179 1005 324 1047 candum,
347 1012 435 1040 motu
458 1007 596 1050 proprio,
620 1019 657 1041 ex
680 1014 763 1041 certa
787 1008 916 1041 scicntia

178 1068 215 1091 ac
237 1058 275 1091 de
299 1060 487 1102 apostolicae
512 1061 675 1102 potestatis
698 1061 894 1104 plenitudine
908 1088 915 1101 ,

178 1116 285 1145 tenore
308 1112 521 1155 praesentium
540 1139 547 1153 ‚
583 1113 735 1156 erigimus
772 1119 801 1146 et
827 1113 916 1145 insti-

177 1164 304 1206 tuimus,
329 1165 412 1209 quod
436 1165 563 1208 quidem
588 1176 644 1208 pro
676 1166 797 1199 duabus
820 1166 915 1209 parti-

175 1216 233 1250 bus
256 1222 376 1251 constet
399 1228 434 1250 ex
458 1217 505 1259 iis,
531 1218 584 1262 qui
609 1229 627 1251 a
651 1219 829 1259 iudaismo;
855 1230 911 1263 pro

175 1270 268 1305 tertia
291 1281 374 1312 vero,
399 1282 435 1304 ex
459 1271 519 1304 illis
543 1272 596 1315 qui
620 1283 637 1304 a
669 1272 912 1305 mahumetismo

175 1323 366 1365 recedentes,
390 1324 454 1356 sive
477 1324 595 1356 Turcae
627 1324 690 1357 sive
728 1324 826 1357 Mauri
851 1324 913 1357 sive

175 1375 302 1410 alterius
326 1376 462 1409 cuiusvis
486 1376 633 1418 nationis,
647 1376 853 1410 christianam
877 1377 912 1409 fi-

175 1429 246 1463 dem
269 1434 413 1462 recenter
437 1429 570 1472 amplexi
596 1434 687 1471 sunt,
710 1430 758 1462 vel
781 1430 889 1462 saltem
904 1456 911 1470 ,

174 1481 218 1515 eis
241 1492 305 1514 non
329 1482 542 1521 existentibus,
574 1493 610 1516 ex
633 1483 816 1525 parentibus
839 1493 912 1516 nco-

173 1532 276 1577 pbytis
299 1534 456 1577 procreati
473 1535 545 1575 sint;
563 1535 685 1580 ipsique
699 1536 839 1578 collegio,
857 1536 912 1569 do-

173 1596 230 1620 nec
252 1587 289 1620 de
303 1587 371 1620 aliis
388 1586 562 1621 redditibus
579 1599 596 1621 a
613 1589 703 1621 nohis
720 1589 911 1622 sufficienter

173 1638 268 1673 fuerit
291 1639 452 1682 provisum
472 1667 478 1680 ,
503 1641 738 1674 sustentationis
762 1651 855 1674 causa
879 1646 908 1673 et

171 1692 251 1726 dotis
274 1692 413 1732 nomine,
438 1697 563 1725 centum
588 1704 700 1727 aureos
735 1705 770 1726 ex
794 1695 909 1727 nostris

169 1749 200 1778 et.
221 1744 368 1778 Gamerae
391 1745 584 1788 Apostolicae
609 1757 663 1779 seu
688 1757 795 1780 mensa
818 1748 908 1780 Data-

168 1796 266 1831 riatus
289 1798 431 1842 pecuniis
457 1798 489 1830 in
529 1798 668 1842 singulos
702 1809 823 1832 menses
849 1800 908 1832 sol-

167 1851 282 1884 vendos
307 1851 514 1894 assignamus.

210 1902 226 1946 5
248 1903 277 1937 3.
302 1904 450 1937 Volumus
476 1910 579 1938 autem
620 1906 702 1938 idem
740 1907 903 1949 collegium

168 1953 313 1999 illiusque
336 1962 484 1998 rectores,
510 1968 701 2000 oeconomos,
727 1960 905 2002 magistros,

168 2014 388 2053 praeceptores
411 2016 504 2054 atquc
523 2011 679 2044 scholares
691 2022 748 2056 pro
765 2017 905 2056 tempore

167 2058 200 2093 in
222 2070 259 2094 eo
282 2061 468 2103 existentes,
492 2068 522 2096 et
545 2073 655 2096 eorum
695 2065 882 2098 domesticos
896 2093 903 2106 ‚

163 2112 310 2147 officiales
335 2125 372 2147 ac
397 2114 570 2156 ministros,
596 2115 756 2160 ipsiusque
780 2118 902 2160 collegii

161 2176 198 2200 ac
220 2166 345 2200 illorum
368 2167 452 2201 bona
475 2168 603 2201 mobilia
638 2174 666 2202 et
703 2170 878 2204 immobilia
895 2199 902 2213 ‚

161 2219 388 2263 cuiuscumque
412 2221 571 2263 qualitatis
606 2227 635 2255 et
661 2223 846 2266 quantitatis
870 2224 902 2257 in

163 2271 244 2305 dicta
266 2273 349 2305 Urbe
374 2277 403 2306 et
426 2278 512 2306 extra
536 2285 572 2307 ac
596 2275 671 2308 alias
685 2276 803 2319 ubique
820 2277 901 2309 loco-

161 2335 231 2358 rum
255 2324 466 2367 consistentia,
491 2331 633 2370 exempta
657 2338 723 2360 esse
747 2328 787 2360 ab
813 2329 899 2361 omni

160 2376 387 2418 iurisdictione,
406 2378 613 2420 correctione,
626 2379 815 2422 visitatione,
843 2382 897 2414 do-

160 2429 269 2472 minio,
293 2429 513 2472 superioritate
530 2437 560 2464 et
573 2437 725 2475 potestate
742 2445 800 2477 pro
816 2439 897 2467 tem-

159 2492 235 2525 pore
258 2482 418 2516 existentis
441 2484 608 2524 senatoris,
640 2491 897 2518 conservatorum

159 2534 462 2578 reformatorumque
501 2535 601 2568 dictae
639 2537 751 2578 Urbis,
776 2548 897 2571 necnon

158 2587 288 2621 rectoris
312 2588 411 2622 Studii
437 2589 600 2631 generalis,
624 2589 732 2622 vicarii
758 2590 850 2623 Urbis
867 2596 894 2623 et

968 2591 982 2633 ᾗ
1006 2590 1035 2623 6.
1060 2591 1093 2622 Et
1120 2594 1280 2632 praetcrea
1306 2589 1488 2631 regentibus
1519 2595 1550 2622 et
1574 2601 1683 2633 szupc-¹
1702 2597 1802 2617 Paeonas
1818 2603 1869 2617 cou-

1673 2625 1757 2643 terendi
1799 2625 1870 2644 selen-

159 2640 293 2675 cuiusvis
306 2641 458 2676 ordinarii
476 2642 614 2675 locorum
633 2643 804 2677 aliorumve
818 2618 1062 2688 quo-irioribus
1086 2642 1160 2677 dicti
1200 2642 1320 2684 collegii
1341 2670 1347 2682 ‚
1372 2653 1443 2675 cum
1484 2643 1753 2676 assistentiauarum
1787 2652 1868 2676 gradus
