2059 3228
135 246 188 274 An·
205 245 224 273 C
247 243 323 273 1586

373 240 436 273 (580
917 249 1095 274 numanum

327 311 384 344 per
414 301 596 344 praemissis
626 301 869 345 quomodolibet
898 301 1071 341 molestari,

328 354 508 396 perturbari
529 355 576 386 vel
598 354 782 397 inquietari.
800 355 1069 397 Contradictores‚

327 406 543 440 molestatores
564 412 594 440 et
611 409 854 452 perturbatores
865 411 1024 454 quoslibet
1035 422 1071 444 ac

326 459 508 500 praemissis
539 471 603 494 non
625 467 782 505 parentes,
804 474 861 507 per
884 465 1068 505 sententias,

325 522 477 545 censuras
496 514 737 556 ecclesiasticas,
758 527 794 550 ac
814 517 908 550 etiam
922 519 1072 562 pecunia-

327 564 389 596 rias
403 591 410 605 ,
442 576 555 600 eorum
582 574 612 601 et
632 569 804 603 cuiuslibet
825 571 969 615 ipsorum
990 572 1072 605 arbi-

326 617 386 649 trio
407 617 628 662 imponendas,
653 633 691 655 ac
715 623 819 657 eidem
840 625 1071 669 redemptionis

324 671 414 713 operi
434 673 654 716 applicandas,
671 686 803 720 poenas,
816 678 941 722 aliaque
954 689 1073 723 oppor-

324 722 401 756 tuna
431 724 511 759 iuris
543 733 573 760 et
592 727 666 762 facti
689 731 843 772 remedia,
866 743 1071 776 quacumque

325 777 542 820 appellatione
583 783 772 826 postposita,
821 786 1067 828 compescendo,

324 829 385 862 Nos
406 831 491 865 enim
519 833 582 867 illis
603 841 633 868 et
652 846 764 870 eorum
795 838 938 879 cuilibet,
961 850 1071 872 omnes

325 889 355 916 et
374 884 518 928 singulos
537 898 595 921 sua
612 888 644 921 in
664 892 848 934 praemissis
867 894 1071 936 quomodoli—

324 936 376 970 bet
396 938 549 974 interesse
570 947 731 986 putantes,
750 944 843 978 etiam
862 956 918 989 per
931 946 1071 979 edictum

325 990 513 1035 publicum,
537 996 675 1029 constito
696 998 869 1031 summarie
890 1001 1071 1033 etextraiu-

324 1044 483 1080 dicialiter
512 1048 551 1082 de
571 1059 636 1082 non
663 1056 730 1084 tuto
750 1062 880 1085 accessu
897 1079 904 1092 ,
927 1053 1068 1089 citandi:

323 1097 508 1142 eisdemque
527 1113 564 1135 ac
588 1103 706 1146 quibus
726 1110 756 1137 et
773 1105 898 1147 quoties
910 1117 991 1150 opus
1002 1107 1070 1140 fue-

323 1150 373 1191 rit,
394 1152 452 1185 sub
477 1153 636 1189 similibus
652 1157 700 1189 vel
717 1157 923 1191 dissimilibus
944 1165 1070 1193 senten-

325 1204 387 1245 tiis,
403 1208 548 1241 censuris
569 1213 599 1241 et
618 1209 731 1252 poenis
751 1210 935 1253 inhibendi;
957 1224 1005 1252 ac,
1025 1214 1070 1247 le-

323 1257 442 1300 gitimis
469 1271 568 1304 super
592 1261 641 1296 his
664 1263 822 1297 habendis
842 1266 971 1299 servatis
995 1278 1070 1310 pro-

323 1312 475 1354 cessibus,
493 1314 579 1358 ipsos
589 1317 774 1358 sententias,
789 1329 940 1352 censuras
952 1325 981 1353 et
993 1331 1070 1364 poe-

323 1375 380 1399 nas
395 1367 575 1411 praedictas
585 1369 757 1404 incurrisse
774 1371 971 1413 declarandi,
987 1374 1072 1408 illas-

323 1430 386 1463 que
406 1420 502 1454 etiam
524 1422 651 1466 saepius
679 1425 892 1466 aggravandi,
915 1432 946 1459 et
970 1427 1070 1461 inter-

323 1473 444 1507 dictum
470 1475 724 1510 ecclesiasticum
754 1479 950 1521 apponendi,
980 1481 1069 1514 invo-

323 1531 393 1560 cato
414 1528 508 1561 etiam
529 1530 569 1562 ad
589 1530 663 1571 hoc,
681 1530 706 1563 si
727 1542 808 1575 opus
827 1533 933 1574 suerit,
951 1536 1069 1567 auxilio

322 1579 644 1624 brachiisaecularis,
661 1584 787 1627 plenam
809 1591 840 1618 et
854 1586 1000 1627 liberam,
1015 1599 1070 1621 au-

323 1634 468 1668 ctoritate
486 1641 517 1669 et
527 1640 638 1670 tenore
652 1638 847 1682 praemissis,
862 1642 1070 1675 concedimus

323 1687 519 1722 facultatem.
546 1691 589 1723 Ac
615 1696 649 1724 ut
678 1696 741 1724 tam
768 1693 905 1726 salutare
932 1705 1011 1738 opus
1037 1696 1069 1729 in

322 1740 393 1774 dies
407 1748 575 1786 augeatur,
589 1744 755 1778 universos
767 1752 797 1778 et
812 1746 956 1789 singulos
968 1759 1068 1792 reges,

322 1793 433 1836 duces,
463 1796 678 1838 marchiones,
701 1799 833 1832 comites
858 1805 888 1832 et
908 1801 1070 1846 principes

322 1848 514 1890 saeculares,
537 1855 568 1883 et
586 1850 666 1884 alios
681 1851 829 1885 dominos
849 1863 886 1885 ac
906 1854 1070 1897 magistra·
1088 1813 1091 1885 i

322 1904 372 1933 tus
392 1903 586 1946 temporales
607 1904 782 1945 civitatum,
814 1911 985 1948 terrarum,
1013 1919 1070 1952 op-

322 1953 485 1997 pidorum,
500 1961 677 1990 castrorum
698 1963 729 1990 et
747 1959 893 1992 locorum
911 1971 1068 2004 quorum-

322 2007 412 2048 libet,
423 2008 620 2053 illorumque
641 2011 900 2054 communitates,
914 2014 1068 2047 universi-

323 2066 402 2094 tates
421 2067 452 2095 et
471 2062 620 2096 homines
631 2074 794 2107 rogamus,
817 2067 1014 2110 requirimus
1039 2075 1069 2101 et

322 2125 381 2158 per
399 2115 522 2149 viscera
541 2117 781 2152 misericordiae
802 2119 1068 2155 Deinostriobse-

323 2178 463 2211 cramus,
485 2169 605 2204 eisdem
623 2171 655 2204 in
677 2172 897 2206 remissionem
923 2181 1069 2217 peccato-

324 2232 396 2254 rum
409 2222 611 2266 iniungentes
627 2226 726 2268 quod,
744 2226 776 2259 in
797 2227 996 2270 praemissis,
1016 2240 1070 2261 cu-

324 2275 480 2318 stodibus,
514 2278 741 2319 confratribus,
781 2281 1005 2323 quaestoribus
1039 2287 1069 2315 et

324 2328 484 2371 deputatis
506 2330 680 2374 praedictis
708 2343 744 2365 ac
764 2333 895 2366 cuilibet
923 2333 1066 2377 ipsorum

325 2381 482 2424 assistant,
507 2393 667 2428 suumque
692 2374 831 2419 savorem
857 2392 886 2419 et
911 2387 1066 2420 auxilium

324 2437 497 2473 praestent,
519 2443 556 2465 ac
576 2433 648 2466 illos
672 2439 704 2466 et
723 2444 835 2468 eorum
856 2436 1032 2479 quemlibet
1052 2448 1069 2470 a

325 2479 539 2521 malignorum
560 2482 691 2515 incursu
712 2483 894 2525 defendant,
908 2485 1069 2528 nullisque

325 2527 488 2570 molestiis,
506 2530 611 2571 datiis,
641 2531 774 2574 gabellis
802 2538 833 2566 et
851 2534 1070 2568 exactionibus

323 2574 582 2622 quibuscumque
608 2579 705 2622 affligi
732 2591 788 2614 seu
808 2584 1009 2626 praegravari
1034 2595 1068 2616 a—

324 2622 412 2668 liquo
433 2626 529 2662 modo
550 2627 655 2662 sinant
674 2634 770 2674 atque
786 2631 984 2676 permittant,
1006 2632 1067 2666 im-

1119 248 1270 274 Romnum

1113 300 1280 343 pedientes
1303 300 1399 334 etiam
1424 303 1654 346 temporalibus
1673 304 1785 348 poenis
1813 303 1857 336 as-

1113 353 1233 388 ficiant.

1157 409 1171 450 g
1195 407 1247 441 48.
1275 407 1343 441 Non
1368 408 1579 450 obstantibus,
1600 417 1757 453 quatenus
1776 421 1856 454 opus
1896 424 2023 450 causatum

1113 460 1162 500 sit,
1185 472 1248 493 una
1264 462 1302 494 de
1323 462 1393 495 iure
1414 463 1558 505 quaesito
1576 473 1639 495 non
1660 464 1812 503 tollendo,
1827 459 1995 497 et¹⁰²³⁸⁰f¹²ffl

1113 514 1212 546 altera
1236 514 1451 549 Cancellariae
1481 522 1608 549 nostrae
1637 517 1768 557 regulis,
1799 529 1857 561 per

1112 578 1208 610 quam
1230 568 1390 601 voluimus
1411 569 1497 612 quod
1517 569 1548 601 in
1566 569 1858 613 litterisindulgen-

1112 620 1229 653 tiarum
1251 628 1432 665 apponatur
1451 623 1593 655 clausula
1614 623 1700 665 quod
1721 622 1858 657 sleccle-

1111 673 1175 706 siae
1196 680 1251 707 aut
1271 675 1414 709 ecclesiis
1433 676 1481 708 vel
1502 676 1660 719 personis,
1682 676 1857 719 quibusin-

1112 728 1296 770 dulgentiae
1310 729 1543 770 conceduntur,
1561 729 1669 772 aliqua
1679 730 1856 763 aliaindnl-

1113 781 1218 823 figentia
1233 782 1315 815 foret
1332 793 1494 823 concessa,
1518 783 1557 816 de
1569 793 1632 825 qua
1645 782 1722 815 inibi
1734 784 1856 827 specia-

1112 835 1150 866 lis
1169 835 1289 868 mentio
1314 836 1396 868 facta
1416 846 1481 869 non
1499 842 1589 876 esset,
1602 836 1788 869 huiusmodi
1804 837 1856 870 lit-

1114 893 1199 921 terae
1219 895 1324 922 essent
1344 890 1468 930 nullae;
1483 900 1518 922 ac
1530 890 1600 933 piae
1613 890 1786 923 memoriae
1799 891 1858 923 Bo-

1112 941 1219 974 nifacii
1241 942 1344 986 Papae
1373 943 1493 984 octavi,
1532 944 1626 975 etiam
1667 943 1855 987 praedeces-

1112 995 1192 1027 soris
1220 996 1332 1036 nostri,
1363 1007 1425 1040 qna
1455 1002 1582 1030 cavetur
1611 1007 1650 1029 ne
1675 997 1745 1040 quis
1770 1002 1856 1030 extra

1112 1059 1202 1081 suam
1223 1049 1381 1083 civitatem
1400 1050 1448 1083 vel
1460 1050 1631 1083 dioecesim
1650 1050 1856 1083 adiudicium

1112 1107 1273 1143 evocetur,
1305 1114 1361 1136 seu
1391 1114 1431 1136 ne
1451 1103 1573 1137 iudices
1592 1115 1609 1136 a
1629 1104 1709 1137 Sede
1732 1104 1857 1148 praedi-

1112 1161 1161 1188 cta
1186 1156 1330 1200 deputati
1360 1164 1446 1190 extra
1470 1157 1626 1191 civitatem
1655 1158 1702 1190 vel
1733 1157 1856 1191 dioece-

1111 1208 1183 1249 sim,
1209 1209 1240 1242 in
1269 1210 1386 1253 quibus
1415 1211 1558 1254 deputati
1587 1211 1717 1251 suerint,
1744 1217 1855 1245 contra

1111 1272 1334 1307 quoscumque
1353 1265 1540 1308 procedere,
1562 1270 1617 1297 aut
1637 1264 1690 1297 alii
1713 1264 1761 1297 vel
1786 1265 1855 1297 aliis

1112 1315 1194 1349 vices
1213 1328 1287 1349 suas
1307 1318 1507 1351 committere
1531 1318 1669 1351 audeant
1693 1318 1740 1350 vel
1765 1329 1855 1362 prae-

1111 1376 1254 1411 sumant,
1284 1375 1313 1403 et
1338 1371 1369 1403 in
1390 1371 1528 1404 concilio
1548 1371 1690 1414 generali
1711 1371 1795 1404 edita
1815 1372 1855 1405 de

1110 1423 1234 1456 duabus
1249 1424 1554 1465 diaetis,dummodo
1566 1425 1651 1458 ultra
1662 1430 1726 1458 tres
1735 1425 1854 1458 diaetas

1111 1476 1227 1519 aliquis
1246 1478 1438 1511 auctoritate
1463 1478 1683 1522 praesentium
1703 1478 1743 1511 ad
1768 1478 1852 1511 iudi-

1110 1530 1194 1562 ciuin
1214 1541 1279 1564 non
1300 1531 1459 1572 trahatur,
1487 1531 1620 1575 aliisque
1651 1532 1852 1564 constitutio-

1110 1583 1203 1616 nibus
1224 1589 1254 1617 et
1273 1584 1531 1617 ordinationibus
1551 1584 1745 1628 apostolicis3
1775 1595 1853 1618 con-

1110 1637 1191 1671 ciliis
1211 1648 1340 1682 quoque
1360 1638 1605 1679 universalibus,
1632 1639 1726 1671 etiam
1752 1639 1853 1671 facul·

1112 1696 1209 1723 tatum
1238 1692 1450 1735 quaestuandi
1482 1692 1699 1733 revocatoriis,
1726 1702 1853 1725 necnon

1110 1744 1381 1787 prohibitionibus
1401 1745 1541 1788 desuper
1559 1745 1662 1785 factis;
1684 1756 1721 1779 ac
1747 1746 1852 1779 eccle-

1108 1797 1240 1839 siarum,
1260 1798 1541 1839 monasteriorum,
1555 1799 1774 1842 hospitalium,
1784 1799 1852 1843 pio-

1110 1861 1179 1883 rum
1214 1852 1381 1892 locorum,
1421 1852 1633 1895 collegiorum
1662 1858 1693 1886 et
1715 1852 1850 1886 aliarum

1110 1905 1430 1945 confraternitatum,
1452 1916 1578 1939 necnon
1598 1906 1651 1939 SS.
1675 1907 1848 1948 Trinitatis,

1108 1964 1135 1990 et
1154 1958 1266 1992 Beatae
1283 1958 1398 1992 Mariae
1416 1959 1603 1993 delllercede
1611 1960 1851 2005 Redemptionis

1108 2012 1331 2055 Captivorum,
1363 2012 1565 2057 aliorumque
1589 2013 1745 2047 Ordinum
1769 2024 1850 2058 quo-

1110 2076 1335 2109 rumcumque,
1358 2066 1453 2099 etiam
1474 2065 1667 2108 iuramento,
1681 2067 1852 2101 confirma-

1110 2119 1194 2151 tione
1214 2119 1389 2162 apostolica
1414 2120 1461 2152 vel
1482 2121 1591 2163 quavis
1615 2121 1765 2154 firmitate
1789 2121 1852 2154 alia

1110 2171 1278 2212 roboratis,
1300 2173 1423 2205 statutis
1432 2178 1462 2205 ct
1474 2173 1772 2215 consuetudinibus,
1785 2173 1851 2217 pri-

1110 2226 1228 2268 vilegiis
1252 2236 1393 2269 quoque,
1423 2227 1557 2260 indultis
1586 2234 1613 2260 et
1640 2227 1754 2260 litteris
1773 2238 1851 2271 apo-

1109 2278 1307 2320 stolicis‚illis
1318 2290 1496 2323 eorumque
1507 2280 1727 2324 superioribus
1738 2285 1769 2313 et
1779 2291 1851 2324 per—

1110 2333 1194 2365 <onis
1204 2343 1240 2365 ac
1250 2333 1565 2376 legatis,vicelegatis,
1573 2333 1850 2377 gubernatoribus,

1111 2387 1319 2429 potestatibus
1331 2393 1361 2419 et
1370 2387 1441 2419 aliis
1450 2387 1638 2420 officialibus
1648 2387 1848 2428 etministris,

1112 2446 1234 2468 necnon
1255 2435 1394 2468 fabricae
1414 2436 1564 2469 basilicae
1589 2436 1744 2480 Principis
1769 2446 1849 2480 apo-

1114 2485 1265 2518 dotorum
1283 2485 1322 2517 de
1342 2485 1427 2518 dicta
1437 2485 1537 2525 Urbe,
1557 2485 1616 2517 sub
1638 2485 1848 2528 quibuscum-

1110 2544 1172 2576 que
1184 2534 1350 2566 tenoribus
1363 2541 1393 2567 et
1417 2534 1528 2567 formis
1537 2544 1573 2566 ac
1588 2544 1662 2566 cum
1673 2533 1847 2576 quibusvis,

1110 2583 1205 2615 etiam
1213 2582 1487 2624 derogatoriarum
1497 2582 1705 2625 derogatoriis
1715 2581 1850 2625 aliisque

1110 2631 1343 2667 efficacioribus
1353 2638 1384 2666 et
1393 2631 1537 2674 insolitis,
1549 2631 1710 2672 clausulis,
1723 2640 1850 2664 necnon
