2059 3228
95 252 147 280 An.
165 252 193 281 C.
211 253 279 282 1586
338 261 401 295 7'10

293 321 374 354 tium
396 327 511 355 statuta
533 328 559 355 et
583 321 728 354 ordinata
750 320 845 353 fuisse
866 318 1035 363 comperit,

293 380 324 407 ut
346 374 438 407 firma
459 381 489 408 et
511 375 632 408 illibata
649 375 830 418 persistant,
843 375 1036 419 apostolicae

290 426 379 460 Sedis
399 428 578 461 munimine
599 428 764 461 roborare.

331 480 346 523 ἓ
371 481 400 513 i.
424 481 505 514 Saue
522 481 658 514 dilectus
676 482 762 514 tilius
778 487 887 516 noster
904 483 1035 515 Franci-

88 522 271 576 ηξξῗῗῐξξζζζζ
287 543 359 566 scus
388 533 496 567 Sancti
519 535 639 567 Nicolai
668 535 700 567 in
720 534 855 568 Carcere
879 536 1035 569 diaconus

88 587 268 629 ”³¹⁶⁵¹¹f⁰¹¹'⁶¹j¹‘·
285 586 457 620 cardinalis
477 587 592 620 Ssortia
613 581 831 631 nuncupatus,
851 588 980 621 Ordinis
1005 594 1031 622 et

86 621 269 675 ,iiiiifissss'iss‘m‘iiss
284 640 543 682 congregationis
562 641 697 673 fratrum
722 641 829 675 Sancti
851 642 1032 675 Ambrosini

85 679 201 700 reformant
219 686 268 700 con·
357 692 379 702 ,v
844 695 850 701 .
1014 696 1031 701 ..

84 712 213 735 sanun-mes.
283 691 323 724 ad
353 692 474 726 bemus
501 694 560 726 sub
591 694 714 737 Regula
744 694 852 728 Sancti
887 696 1032 738 Angustu

282 751 458 789 protector,
480 747 573 779 nobis
591 748 738 792 exposuit
756 749 841 792 quod
863 760 968 792 nuper
983 750 1031 782 di-

283 798 357 831 lecti
383 799 441 832 filii
472 800 632 841 moderni,
666 807 788 837 rector,
802 803 961 845 generalis
995 814 1030 836 ac

280 852 372 895 prior
389 854 573 887 monasterii
596 854 702 888 Sancti
722 854 892 889 Clementis
913 857 951 889 de
977 857 1030 889 [ffr-

280 905 330 944 be,
351 905 480 939 Ordinis
500 898 808 951 &congregationis
828 910 1027 950 huiusmodi,

278 968 296 990 a
325 959 466 1002 capitulo
497 961 639 1003 generali
667 961 834 995 Mediolani
865 969 957 996 autea
980 974 1028 997 ce-

277 1011 413 1049 lebrato,
431 1014 654 1047 auctoritatem
669 1014 866 1048 reformandi
877 1017 1027 1049 constitu

277 1064 380 1098 tiones
407 1065 534 1099 Ordinis
565 1073 593 1100 et
621 1069 881 1111 congregationis
916 1071 1026 1103 huius-

276 1118 363 1151 modi
383 1119 538 1153 habentes
551 1147 558 1160 ,
587 1132 650 1153 una
673 1132 746 1154 cum
768 1122 836 1165 ipso
856 1123 1027 1157 Francisco

274 1172 431 1205 cardinali
465 1180 646 1217 protectore
680 1175 803 1218 pluries
828 1177 1024 1219 congregati,

273 1227 445 1259 nonnullas
454 1228 710 1269 constitutiones,
725 1239 862 1262 numero
874 1240 943 1265 ΧΗ,
955 1242 1027 1275 par-

272 1278 330 1311 tim
351 1290 388 1312 ex
404 1281 576 1319 veteribus,
598 1282 716 1324 partim
738 1293 775 1315 ex
795 1282 855 1323 his,
874 1294 953 1326 quas
970 1285 1025 1318 bo-

272 1341 332 1364 nae
343 1333 518 1366 memoriae
530 1334 703 1368 cardinalis
719 1335 1024 1378 Borromaeus,tune

271 1384 304 1417 in
323 1385 474 1419 humanis
494 1398 593 1431 agens
613 1394 644 1421 et
663 1388 749 1421 dicto
769 1389 911 1433 capitulo
930 1402 1024 1434 prae-

271 1437 389 1479 sidens,
411 1440 566 1479 ediderat,
589 1441 710 1485 partim
727 1453 804 1476 vero
825 1443 967 1484 aliunde,
989 1451 1025 1478 ut

273 1491 390 1525 melius
405 1493 506 1526 visum
529 1494 598 1535 fuit,
613 1495 775 1536 collectas,
798 1496 902 1530 eidem
922 1497 1023 1531 Fran-

271 1544 358 1578 cisco
370 1547 525 1579 cardinali
536 1547 712 1590 protectori
721 1549 871 1592 legendas
886 1556 916 1583 et
928 1551 969 1584 ab
984 1562 1022 1585 eo

270 1599 496 1642 approbandas
516 1601 724 1642 obtulerunt;
747 1603 901 1646 quodque
919 1604 1022 1638 dictus

269 1651 460 1686 Franciscus
480 1654 652 1687 cardinalis
672 1660 848 1698 protector,
871 1657 932 1690 iliis
947 1658 1019 1691 dili-

268 1711 381 1747 genter
404 1706 477 1739 visis
506 1718 543 1740 ac
573 1713 698 1742 mature
723 1709 944 1752 consideratis,
965 1711 1020 1745 illa

269 1764 334 1791 tam
354 1759 544 1793 Franciscus
554 1761 729 1795 cardinalis
748 1769 913 1806 protector
922 1775 1017 1808 quam

268 1813 428 1855 generalis
454 1820 484 1847 et
504 1815 594 1858 prior
617 1816 773 1859 praedicti
799 1818 1020 1862 approbarunt

269 1870 302 1899 et
320 1877 381 1910 pro
399 1868 584 1910 approbatis
603 1869 799 1911 habuerunt,
822 1871 959 1915 illasque
979 1874 1018 1906 ab

269 1919 420 1953 omnibus
440 1927 471 1953 et
490 1921 626 1965 singulis
645 1921 772 1956 Ordinis
790 1930 821 1957 et
841 1935 1017 1969 congrega-

269 1972 366 2006 tionis
385 1974 627 2016 praedictorum
647 1976 799 2010 fratribus
816 1982 848 2010 et
871 1976 1017 2021 personis

269 2026 483 2060 observandas
503 2039 571 2062 esse
596 2029 781 2063 iudicarunt
809 2037 904 2075 atque
930 2044 1018 2066 man-

269 2079 396 2120 darunt,
416 2087 516 2124 prout
535 2082 568 2115 in
579 2082 655 2127 ipsis
672 2083 833 2127 capitulis,
845 2096 904 2129 per
916 2086 1015 2120 Fran-

269 2132 389 2165 ciscum
402 2135 599 2168 cardinalem
612 2142 828 2180 protectorem
836 2149 873 2172 ac
885 2150 1016 2182 genera-

269 2186 329 2217 lem
342 2192 373 2219 et
388 2187 528 2230 priorem
543 2189 724 2233 praedictos
739 2191 790 2224 die
800 2202 840 2224 xv
855 2193 974 2226 mensis
985 2204 1017 2226 a·

269 2238 359 2281 prilis
376 2241 520 2283 proxime
540 2243 706 2286 praeteriti
724 2245 926 2289 subscriptis,
946 2248 1015 2291 ple-

269 2291 340 2324 nius
361 2293 479 2327 dicitur
493 2296 662 2329 contineri.

311 2345 326 2387 ξ
351 2345 381 2378 2.
400 2346 504 2386 Quare
516 2349 698 2392 praedictus
707 2350 898 2385 Franciscus
910 2353 1014 2386 cardi-

68 2393 254 2445 lffiffissjstsscfgrni:
268 2398 348 2431 nalis
368 2407 544 2442 protector,
566 2408 630 2436 tam
652 2414 711 2437 suo
731 2416 828 2449 quam
853 2408 1014 2448 generalis

69 2458 114 2475 me
130 2454 206 2475 mmm
219 2459 255 2481 pe·
268 2456 304 2478 ac
316 2448 433 2490 prioris
444 2451 682 2493 praedictorum
701 2454 898 2495 nominihus,
921 2457 1014 2490 nobis

70 2488 124 2507 ²⁰⁰⁸*
267 2494 433 2547 humiliter
461 2500 650 2542 supplicavit
675 2508 833 2545 quatenus
858 2504 1013 2538 constitu-

268 2548 370 2597 tiones
391 2548 568 2587 praedictas
592 2550 765 2594 omniaque
790 2557 821 2584 et
839 2552 965 2595 singula
979 2554 1012 2586 in

268 2602 313 2625 eis
341 2600 488 2628 contenta
514 2599 653 2641 capitula
682 2601 876 2635 confirmare
901 2608 932 2636 et
958 2614 1012 2648 ap-

267 2641 414 2684 probare,
436 2643 562 2689 illisque
583 2655 758 2692 perpetuae
779 2650 938 2685 firmitatis
958 2662 1012 2687 ro-

887 265 1065 290 BttLLAnlt'M
1086 265 1235 289 Romamn!

1838 262 1892 291 An.
1908 263 1939 293 C.
1955 265 1996 309 1,,

1078 316 1141 349 bur
1160 316 1311 355 adiicere,
1343 316 1487 360 aliasque
1506 316 1539 350 in
1558 318 1740 362 praemissis
1764 330 1823 364 op·
1975 330 1977 334 ’

1078 375 1216 412 portune
1236 370 1405 413 providere
1424 370 1464 403 de
1482 371 1678 414 benignitate
1697 378 1824 417 aposto-
1871 370 1879 377 '

1077 423 1139 456 lica
1158 423 1376 466 dignaremur.
1441 422 1446 428 ’

1119 477 1134 519 ἓ
1153 476 1184 510 3.
1211 477 1284 517 Nos,
1309 477 1348 510 de
1377 478 1528 510 omnibus
1551 477 1584 510 in
1605 478 1724 513 eisdem
1743 490 1821 514 con-

1075 529 1296 563 stitutionibus
1325 531 1482 563 contentis
1506 530 1682 573 informati,
1708 532 1822 577 huius-

1075 584 1161 616 modi
1180 576 1472 628 supplicationibus
1486 584 1646 625 inclinafi,
1663 585 1821 620 constitu-

1073 637 1176 673 tiones
1195 637 1388 680 praedictas‚
1409 637 1494 670 dicta
1505 638 1718 681 quadraginta
1728 639 1822 682 quin-

1074 701 1136 733 que
1168 690 1320 733 capitula,
1348 696 1383 722 ut
1415 690 1598 733 praefertur
1627 691 1819 736 subscripta,

1072 745 1286 781 continentes,
1309 743 1821 787 apostolicaauctoritate,tenore

1072 798 1308 843 praesentium,
1339 804 1497 842 perpetuo
1531 798 1762 833 confirmamus
1790 794 1827 833 et‘

1070 853 1300 895 approbamus,
1322 852 1450 895 illisque
1466 857 1641 896 perpetuae
1657 852 1820 888 firmitatis

1070 906 1170 938 robur
1203 905 1373 939 adiicimus
1403 915 1580 949 omnesque
1614 911 1649 939 et‘
1673 905 1820 950 singulos

1069 960 1149 993 iuris
1174 966 1206 993 et
1231 959 1306 993 facti
1335 970 1371 993 ac
1400 959 1639 992 solemnitatum
1660 957 1818 1004 quarum-

1069 1024 1210 1057 cumque
1240 1013 1484 1056 quomodolibet
1507 1013 1700 1058 emissarum
1731 1013 1818 1048 defe-
1863 1028 1872 1037 ·

1069 1073 1148 1105 ctus,
1169 1067 1194 1099 si
1206 1067 1261 1110 qui
1274 1066 1381 1099 forsan
1393 1066 1669 1100 intervenerintin
1680 1067 1813 1108 eisdem,
1850 1112 1853 1114 ‚

1067 1121 1270 1165 supplemus:

1111 1176 1126 1217 g·
1152 1173 1184 1206 4.
1210 1174 1412 1217 Easdemquc
1432 1173 1678 1207 constitutiones
1695 1185 1817 1219 perge·
1861 1191 2004 1225 Perpetuoq

1066 1229 1210 1261 neralem
1229 1238 1266 1260 ac
1286 1227 1428 1271 priorem
1454 1232 1486 1261 et
1511 1227 1624 1261 fratres
1653 1227 1813 1276 dictorum
1826 1225 1910 1282 {3¹⁸¹
1923 1230 2004 1262 ΠΜ

1066 1281 1191 1315 Ordinis
1207 1287 1239 1314 et
1254 1281 1514 1324 congregationis
1528 1286 1606 1314 tunc
1615 1286 1646 1314 et
1661 1293 1720 1326 pro
1730 1287 1814 1316 tem-

1065 1346 1144 1379 pore
1177 1335 1348 1368 existentes
1372 1340 1531 1378 perpetuo
1564 1335 1727 1369 observari
1754 1337 1813 1370 de·
1855 1350 1859 1353 “

1065 1390 1153 1429 bere,
1172 1393 1204 1421 et
1222 1388 1261 1421 ad
1282 1388 1314 1421 id
1335 1388 1405 1432 cogi
1421 1393 1454 1421 et
1473 1388 1624 1432 compelli
1634 1399 1739 1433 posse,
1750 1400 1813 1424 nec

1063 1443 1103 1475 ab
1131 1442 1195 1475 illis
1225 1443 1292 1476 ullo
1327 1453 1482 1486 umquam
1516 1447 1664 1486 tempore
1697 1443 1812 1486 quovis

1063 1501 1230 1540 praetextu
1250 1495 1374 1529 resilire
1394 1506 1500 1540 posse3
1525 1496 1654 1529 irritum
1678 1507 1811 1540 quoque

1063 1556 1094 1583 et
1112 1550 1208 1583 inane
1227 1550 1384 1594 quidquid
1405 1560 1497 1583 secus
1516 1560 1614 1594 super
1630 1549 1680 1583 his
1699 1561 1716 1583 a
1729 1549 1810 1595 quo-

1061 1614 1171 1647 quam,
1194 1604 1306 1646 quavis
1327 1603 1531 1645 auctoritate,
1553 1603 1694 1637 scienter
1711 1604 1761 1638 vel
1780 1603 1807 1637 i-

1060 1663 1246 1700 gnoranter,
1282 1657 1453 1701 contigerit
1475 1657 1641 1698 attentari,
1663 1657 1810 1692 decerni-

1061 1721 1143 1744 mus.

1103 1765 1118 1808 §
1143 1764 1174 1798 5.
1201 1764 1386 1798 Mandantes
1410 1763 1515 1798 eidem
1534 1764 1706 1798 Francisco
1734 1775 1805 1798 car·
1871 1759 1982 1803 cami-‚aies

1059 1817 1172 1859 dinali,
1194 1818 1350 1851 moderno
1371 1823 1401 1851 et
1417 1829 1476 1862 pro
1492 1823 1638 1862 tempore
1658 1817 1804 1852 existenti
1815 1811 1969 1867 {23²2}ss

1060 1871 1245 1914 protectori,
1272 1882 1308 1904 ac
1331 1870 1591 1916 vice-protectori
1617 1871 1744 1906 Ordinis
1771 1878 1805 1906 et
1815 1870 1998 1923 Jffiffimst,

1058 1925 1315 1969 congregationis
1337 1925 1524 1959 huiusmodi
1541 1952 1548 1966 ‚
1579 1931 1614 1958 ut
1641 1926 1751 1959 omnia
1772 1931 1805 1959 et
1817 1933 1860 1953 ‘¹⁵²³
1874 1933 1902 1975 ’ἢ
1921 1917 1946 1954 id'

1058 1980 1183 2022 >iugula
1199 1979 1232 2012 in
1241 1979 1335 2013 dictis
1346 1978 1497 2023 capitulis
1506 1985 1667 2021 contenta,
1682 1990 1741 2024 per
1752 1991 1806 2013 su·
1816 1965 1902 1990 ‘mm'

1059 2033 1216 2076 pradictos
1242 2044 1278 2066 ac
1302 2043 1413 2066 omnes
1440 2032 1531 2073 alios,
1558 2043 1640 2077 quos
1664 2044 1701 2066 ea
1725 2044 1803 2067 con-

1057 2091 1443 2120 ‹ernuntetconce1'nent
1462 2086 1495 2119 in
1511 2086 1666 2127 futurum,
1679 2087 1738 2120 sub
1749 2097 1802 2120 ex-

1057 2141 1361 2174 communicationis
1376 2146 1407 2173 et
1416 2140 1486 2174 aliis
1497 2140 1722 2175 ecclesiasticis
1731 2151 1802 2175 sen-

1059 2194 1176 2234 tentiis,
1209 2200 1240 2227 et
1273 2194 1458 2238 privationis
1477 2194 1659 2227 officiorum
1684 2201 1714 2228 et
1732 2195 1803 2228 aliis

1056 2248 1170 2292 poenis
1193 2258 1251 2281 suo
1272 2247 1405 2280 arbitrio
1429 2247 1647 2291 imponendis,
1668 2247 1801 2281 inviola-

1056 2301 1163 2334 biliter
1180 2296 1340 2335 observari
1360 2301 1494 2341 faciant,
1508 2301 1759 2334 contradictores
1772 2307 1802 2334 et

1057 2354 1264 2398 impeditores
1288 2354 1398 2398 eisque
1428 2354 1581 2387 auxilium
1606 2359 1638 2388 et
1660 2354 1800 2388 savorem

1055 2408 1299 2450 quomodolibet
1330 2413 1541 2451 praestantes,
1577 2418 1636 2452 per
1671 2408 1800 2441 easdem

1055 2469 1208 2491 censuras
1235 2463 1266 2491 et
1291 2468 1410 2501 poenas
1429 2457 1556 2501 aliaque
1578 2457 1637 2490 sibi
1663 2457 1729 2491 visa
1747 2469 1800 2491 re-

1055 2507 1170 2548 media,
1198 2507 1414 2550 appellatione
1443 2506 1633 2551 postposita,
1669 2517 1799 2550 compe-

1054 2556 1191 2597 scendo,
1222 2556 1378 2596 invocato,
1403 2555 1428 2588 si
1448 2566 1529 2599 opus
1551 2554 1659 2597 suerit,
1681 2555 1798 2589 auxilio

1053 2603 1177 2638 brachii
1197 2604 1383 2638 saecularis.

1097 2653 1112 2696 ξ
1136 2652 1166 2687 6.
1193 2653 1263 2687 Non
1291 2652 1492 2687 obstantibus
1526 2651 1729 2697 praemissis,
1758 2662 1797 2686 ac

1862 496 1950 518 Easdem
1976 509 1983 515 ‚.
1999 498 2004 505 ³

1837 529 1904 549 tii-mu
1914 527 1993 550 voum
2015 555 2020 559 ¹
