2059 3228
161 246 213 273 An.
235 245 262 273 (¹.
282 246 350 274 1579

403 245 464 278 ⁶288

361 308 494 341 invicem
522 311 673 350 perpetuo
697 305 796 346 unita,
821 316 857 338 ac
880 316 990 339 eorum
1008 305 1103 338 abba-

360 362 467 393 tissam
492 366 520 392 et
535 364 735 398 conventum,
751 364 827 391 tunc
842 364 872 391 et
889 369 946 401 pro
960 363 1103 401 tempore

360 415 533 453 existentes,
559 413 598 445 ab
621 412 776 445 ordinarii
801 412 859 445 loci
884 417 912 444 et
939 411 1106 444 cuiuslibet

361 465 488 498 alterius
512 464 700 505 visitatione,
729 465 937 505 correctione,
968 463 1106 506 punitio-

361 531 410 560 ne,
428 518 646 551 iurisdictione
664 523 695 551 et
710 517 942 561 superioritatc,
961 517 1005 548 ita
1023 515 1105 558 quod

359 572 514 607 ordinarii
548 582 584 604 ac.
608 571 660 603 alii
700 571 892 615 quicumque
929 569 1049 601 nullum
1075 568 1107 600 in

361 625 555 660 monasteria
579 635 616 657 ac
638 624 830 656 abbatissam
866 628 897 655 et
921 625 1108 654 conventum

362 678 546 714 huiusmodi
571 688 607 710 ac
634 677 760 709 illarum
797 675 964 709 servitores
981 702 989 714 ,
1013 670 1109 704 servi—

362 732 458 765 trices
473 758 480 772 ‚
506 741 555 763 res
579 735 608 763 et
633 729 716 762 bona
741 736 960 772 quaecumque
983 727 1107 768 possent

364 784 617 818 iurisdietionem
631 794 686 816 seu
702 781 958 826 superioritatem
972 779 1110 821 aliquam

364 836 600 881 quomodolibet
623 847 776 876 exercerc,
800 835 895 868 etiam
912 832 1035 865 ratione
1059 831 1112 863 de-

365 892 443 931 licti,
467 895 650 923 contractus
666 895 720 922 aut
733 890 778 922 rei
797 889 834 922 de
863 898 925 931 qua
953 888 1110 928 ageretur,

365 946 561 989 ubicumque
585 944 835 977 committeretur
867 941 1026 980 delictum,
1051 938 1111 971 ini-

367 1003 457 1031 retur
481 1002 670 1037 contractus,
689 1000 741 1028 aut
765 1006 816 1027 res
833 995 900 1038 ipsa
916 993 1110 1032 consisteret,

366 1051 421 1084 sed
444 1051 617 1090 deberent,
642 1059 748 1081 coram
780 1047 858 1081 Sede
882 1046 1058 1090 Apostolica
1082 1051 1112 1078 et

365 1103 433 1136 eius
457 1102 607 1145 delegatis
631 1113 686 1135 seu
710 1101 857 1145 praelatis
872 1128 879 1141 ‚
904 1099 1112 1143 praesidenti-

364 1156 423 1188 bus
446 1161 475 1188 et
501 1156 645 1199 patribus
661 1166 719 1198 pro
736 1161 878 1197 tempore
894 1152 1113 1196 congregatio-

363 1209 414 1241 nis
438 1209 668 1241 monachorum
693 1208 826 1241 Sanctae
841 1207 979 1240 Iustinae
992 1205 1115 1239 Padua-

365 1271 425 1293 nae
449 1261 525 1293 dicti
550 1261 675 1294 Ordinis
708 1261 894 1301 dumtaxat,
919 1269 1114 1303 conqueren-

366 1314 450 1346 tibus
475 1315 512 1346 de
537 1315 581 1347 eis
605 1315 642 1347 de
673 1314 795 1347 iustitia
818 1313 1021 1356 respondere,
1046 1321 1117 1344 exe-

366 1368 424 1400 mit
455 1374 482 1400 et
502 1368 655 1408 liberavit;
670 1378 794 1400 necnon
810 1378 915 1408 curae,
933 1364 1116 1404 visitationi,

366 1421 556 1454 correctioni
595 1426 623 1454 et
666 1421 833 1454 directioni
878 1421 1092 1463 praelatorum
1109 1445 1117 1459 ,

369 1475 619 1519 praesidentium
654 1479 684 1506 et
716 1475 850 1506 aliorum
882 1472 1116 1517 praedictorum

370 1541 428 1573 pro
454 1534 594 1570 tempore
611 1527 867 1570 congregationis
885 1525 1117 1559 monachorum

371 1583 503 1615 Sanctae
526 1580 663 1614 Iustinae
687 1580 725 1612 de
756 1580 862 1612 Padua
893 1578 969 1611 dicti
992 1577 1117 1610 Ordinis

372 1635 554 1668 huiusmodi
579 1634 738 1675 subiecit,
766 1633 921 1665 mandans
945 1631 1092 1675 praelatis
1109 1657 1117 1671 ‚

371 1688 626 1732 praesidentibus
654 1697 690 1719 ac
724 1686 868 1730 patribus
891 1684 1061 1728 praedictis
1085 1689 1117 1716 ut

371 1741 562 1774 monasteria
587 1739 747 1783 praedicta
763 1739 821 1772 sub
846 1737 1027 1771 huiusmodi
1045 1746 1117 1769 cura

372 1794 559 1836 reciperent,
585 1793 699 1835 illaque
723 1802 758 1824 ac
782 1791 975 1824 abbatissam
999 1796 1030 1823 et
1045 1800 1119 1823 con-

371 1853 500 1881 ventum
526 1845 710 1879 huiusmodi
735 1844 898 1877 visitarent
915 1849 946 1877 et
968 1843 1120 1877 reforma-

372 1906 444 1935 rent
466 1900 639 1934 secundum
667 1899 747 1931 ritus
763 1904 794 1930 et
811 1908 914 1930 mores
931 1897 1033 1930 dictae
1046 1907 1121 1929 con-

373 1954 592 1999 gregationis;
640 1963 676 1986 ac
713 1952 832 1985 eisdem
878 1951 1054 1984 abbatissae
1092 1956 1118 1983 et

373 2007 554 2047 conventui,
580 2011 612 2038 nt
637 2005 786 2038 omnibus
802 2009 832 2037 et
849 2004 982 2047 singulis
999 2003 1120 2046 gratiis,

373 2060 550 2100 favoribus,
576 2058 750 2102 privilegiis
766 2086 774 2099 ‚
815 2058 1067 2101 exemptionibus
1091 2063 1121 2091 et

374 2112 507 2146 indultis
525 2139 532 2153 ,
558 2112 777 2155 spiritualibus
811 2117 842 2145 et
863 2112 1096 2155 temporalibus
1114 2140 1121 2153 ,

373 2167 478 2200 dictae
494 2166 733 2209 congregationi
750 2176 787 2199 ac
803 2165 886 2198 1111115
910 2165 1121 2206 monasteriis,

375 2220 531 2253 membris
555 2230 590 2252 ac
608 2219 810 2253 monasteriis
833 2218 1021 2252 monialium
1039 2218 1122 2250 eius-

374 2273 446 2306 dem
471 2273 741 2316 congregationis,
766 2272 834 2305 eius
858 2281 954 2305 curae
977 2271 1123 2304 similiter

377 2327 563 2367 commissis,
589 2326 622 2358 in
646 2336 761 2368 genere
785 2324 941 2359 concessis
961 2330 992 2357 et
1014 2335 1125 2357 concc-

379 2379 501 2419 dendis‚
525 2384 556 2411 et
572 2379 687 2421 quibus
710 2379 778 2422 ipsa
802 2378 992 2411 monasteria
1016 2378 1049 2410 in
1074 2389 1124 2420 gc-

382 2442 457 2464 nerc
481 2432 647 2474 potiuntur
671 2436 701 2464 et
725 2431 874 2473 gaudent,
898 2441 934 2463 ac
950 2429 1007 2471 uti,
1031 2430 1124 2473 poliri

383 2491 413 2517 et
438 2486 574 2528 gaudere
599 2490 725 2528 possent
765 2483 998 2527 quomodolibet
1024 2483 1057 2515 in
1080 2484 1127 2515 su-

384 2546 492 2572 turum
510 2567 517 2579 ,
542 2539 609 2579 uti,
634 2539 729 2582 potiri
753 2545 784 2571 et
816 2538 954 2582 gaudere
976 2536 1074 2569 libere
1098 2543 1127 2569 et

384 2592 467 2624 licite
491 2593 650 2629 valerent,
675 2591 830 2631 indulsit,
859 2596 887 2624 et
920 2590 1033 2623 deinde
1057 2590 1127 2634 piae

387 2645 558 2678 memoriae
582 2646 755 2679 Alexander
776 2647 859 2689 Papa
888 2645 933 2683 Vl,
946 2645 1129 2689 praedeces-

914 252 1116 277 BULLLARIUM
1140 250 1320 275 ROMANUUM

1133 314 1184 336 sor
1208 309 1324 343 noster,
1343 303 1418 347 ipsis
1442 303 1619 336 abbatissae
1641 308 1674 337 01.
1696 301 1884 345 conventui,

1134 357 1218 400 quod
1244 357 1275 389 in
1300 357 1563 400 quadragesimae
1578 362 1609 390 et
1626 358 1696 390 aliis
1711 358 1789 390 anni
1805 363 1884 391 tem-

1135 409 1275 451 poribus,
1301 410 1334 442 in
1359 410 1475 453 quibus
1506 411 1657 445 stationes
1691 411 1828 446 maiores
1850 411 1885 447 in
1920 451 1922 453 r

1136 462 1276 495 ecclesiis
1301 462 1394 495 Urbis
1419 468 1448 495 et
1473 468 1560 496 extra
1584 475 1695 497 muros
1730 464 1813 498 illius
1835 475 1886 499 ce-

1137 516 1311 556 lebrantur,
1335 526 1433 548 unum
1458 516 1505 549 vel
1529 516 1591 549 duo
1604 516 1715 549 altaria
1739 527 1794 550 seu
1816 517 1910 551 loca·

1139 568 1169 600 in
1193 569 1321 601 ecclesia
1347 569 1504 601 dictorum
1528 570 1795 602 monasteriorum
1811 570 1886 603 visi-

1140 621 1243 661 tando,
1268 627 1298 653 et
1311 621 1480 664 quinquies
1496 621 1676 655 Orationem
1689 622 1887 656 Dominicam

1139 678 1168 704 et
1192 673 1419 707 Salutationem
1444 675 1626 718 Angelicam
1650 676 1794 718 dicendo,
1818 687 1887 711 eas-

1139 725 1209 758 dem
1227 726 1446 770 indulgentias
1463 733 1708 772 consequantur,
1721 740 1800 773 quas
1812 739 1888 762 eon-
1937 720 1950 747 ’ἶ

1140 785 1351 822 sequerentur
1375 780 1539 814 visitantes
1553 781 1653 814 dictas
1666 782 1813 815 ecclesias
1829 782 1890 815 Ur-

1140 832 1188 865 bis
1211 839 1242 866 et
1279 840 1365 866 extra
1400 834 1485 867 illius
1525 845 1633 867 muros
1650 862 1658 876 ,
1690 827 1888 878 temporibus

1140 886 1256 928 quibus
1272 887 1422 919 stationes
1438 887 1621 920 huiusmodi
1639 888 1888 929 celebrarentur,

1140 945 1234 982 prout
1252 940 1284 972 in
1302 940 1414 973 litteris
1432 940 1590 974 dictorum
1608 941 1888 983 praedecessorum

1141 992 1276 1036 desuper
1293 993 1444 1026 consectis
1460 993 1583 1037 plenius
1607 993 1798 1027 continetur.

1184 1047 1199 1090 ἓ
1224 1046 1254 1079 2.
1278 1047 1354 1080 Cum
1386 1052 1491 1080 autem
1531 1047 1661 1080 dilectae
1700 1047 1734 1079 in
1764 1046 1888 1080 Christo

1143 1154 1299 1186 dictorum
1317 1154 1582 1187 monasteriorum
1598 1154 1800 1188 laudabiliter
1815 1155 1890 1188 hac-

1145 1213 1234 1240 tenus
1258 1207 1317 1240 sub
1330 1207 1485 1250 gubernio
1509 1212 1539 1240 et
1555 1207 1711 1250 regimine
1731 1206 1890 1240 dictorum

1144 1259 1394 1304 praesidentium
1417 1265 1448 1292 et
1463 1265 1591 1304 patrum
1604 1260 1748 1300 vixerint,
1765 1270 1802 1293 ac
1817 1269 1891 1292 cum

1147 1312 1281 1346 maxima
1317 1312 1413 1345 totius
1451 1312 1559 1356 populi
1598 1313 1742 1346 Perusini
1770 1312 1893 1346 satissa-

1145 1366 1260 1408 ctione,
1284 1372 1314 1399 et
1337 1366 1516 1399 desiderent
1540 1365 1734 1409 praemissa,
1758 1375 1816 1408 pro
1840 1375 1892 1398 eo—

1147 1429 1218 1451 rum
1242 1419 1377 1452 firmiori
1403 1419 1617 1460 subsistentia,
1633 1429 1692 1463 per
1703 1429 1761 1452 nos
1777 1429 1893 1462 appro-

1147 1472 1226 1512 bari,
1250 1482 1308 1515 pro
1332 1476 1421 1514 parte
1446 1472 1629 1504 earumdem
1653 1471 1745 1504 nobis
1760 1471 1893 1504 suithu-

1147 1524 1263 1557 militer
1286 1525 1495 1568 supplicatum
1523 1530 1678 1568 quatenus
1705 1535 1815 1558 eorum
1839 1525 1892 1558 de-

1147 1577 1266 1610 siderio
1290 1577 1322 1609 in
1340 1577 1522 1621 praemissis
1536 1587 1677 1611 annuere
1694 1577 1731 1610 de
1748 1577 1893 1621 benigni-

1149 1636 1210 1663 tate
1234 1631 1405 1673 apostolica
1429 1630 1645 1673 dignaremur.

1190 1683 1205 1727 g
1228 1682 1259 1716 3.
1282 1684 1343 1716 Nos
1367 1683 1476 1726 igitur,
1493 1683 1686 1717 abbatissam
1709 1689 1740 1717 et
1756 1683 1895 1728 singula-

1940 346 1992 407 'a

1941 410 1993 462 '2

1935 470 1995 523 ξ

1950 526 1965 575 2·

1941 582 1971 662 ’1

1895 1071 1925 1092 fi,
2020 1063 2023 1087 l

1143 1099 1223 1133 filiae
1255 1101 1424 1133 modernae
1454 1101 1613 1133 abbatissa
1647 1105 1678 1133 et
1716 1098 1939 1134 conventusffi*
2021 1101 2023 1108 ’

1150 1747 1198 1770 105
1220 1747 1371 1779 personas
1395 1742 1566 1770 conventus
1590 1737 1773 1771 huiusmodi
1791 1749 1809 1771 a
1825 1720 1921 1782 qui-3²

1149 1790 1255 1822 busvis
1293 1790 1630 1823 excommunicationis
1647 1818 1654 1832 ‚
1679 1792 1895 1834 suspensionis

1149 1848 1179 1875 et
1202 1843 1361 1876 interdicti
1386 1843 1517 1886 aliisque
1541 1844 1758 1878 ecelesiasticis
1774 1850 1900 1878 senten-

1150 1896 1212 1934 tiis,
1237 1896 1379 1929 censuris
1402 1902 1431 1929 et
1455 1897 1574 1940 poenis,
1592 1908 1610 1930 a
1634 1898 1703 1931 iure
1719 1899 1767 1931 vel
1783 1899 1824 1931 ab
1840 1899 1898 1932 ho-

1152 1952 1246 1991 mine,
1272 1950 1382 1993 quavis
1406 1950 1571 1983 occasione
1603 1951 1651 1983 vel
1673 1962 1790 1993 causa,
1814 1951 1898 1994 latis,

1151 2004 1316 2047 siquibus
1348 2003 1582 2046 quomodolibet
1623 2003 1792 2038 innodatae
1831 2005 1899 2039 exi-

1151 2062 1259 2097 stunt,
1299 2057 1337 2089 ad
1362 2056 1507 2089 effectum
1533 2058 1749 2100 praesentium
1788 2069 1900 2092 conse-

1151 2110 1322 2154 quendum,
1346 2109 1459 2142 harum
1484 2110 1564 2142 serie
1582 2111 1778 2145 absolventes
1801 2117 1832 2145 et
1844 2112 1900 2145 ab-

1151 2166 1267 2197 solutas
1291 2163 1356 2196 sore
1379 2169 1568 2202 censentes3
1593 2174 1718 2196 necnon
1741 2164 1900 2197 dictarum

1152 2217 1330 2250 litterarum
1372 2221 1495 2249 tenores
1524 2217 1744 2259 praesentibus
1767 2228 1826 2261 pro
1848 2228 1902 2251 ex-

1154 2271 1268 2313 pressis
1292 2269 1456 2310 habentes,
1481 2269 1663 2302 huiusmodi
1698 2270 1902 2313 supplicatio-

1155 2324 1248 2356 nibus
1273 2323 1426 2363 inclinati,
1450 2323 1562 2355 titteris
1578 2323 1754 2355 Innocentii
1770 2322 1902 2366 praede-

1155 2376 1288 2409 cessoris
1312 2376 1466 2419 praedicti
1491 2376 1590 2408 robur
1613 2375 1804 2419 apostolicae
1827 2385 1903 2408 con-

1157 2428 1347 2461 firmationis
1372 2439 1407 2460 ae
1446 2433 1618 2471 perpetuae
1646 2433 1678 2461 et
1711 2427 1903 2461 inviolabilis

1157 2482 1326 2522 firmitatis,
1351 2481 1522 2525 apostoliea
1560 2481 1768 2522 auctoritate,
1792 2486 1904 2515 tenore

1158 2537 1383 2581 praesentium,
1407 2535 1586 2576 adiicimus,
1609 2540 1640 2568 et
1655 2540 1810 2578 quatenus
1822 2544 1904 2577 opus

1158 2591 1206 2631 sit,
1232 2589 1406 2633 praemissa
1435 2588 1542 2621 omnia
1566 2594 1595 2621 et
1619 2588 1742 2630 singula
1765 2587 1804 2620 de
1819 2596 1902 2620 novo

1158 2643 1360 2677 concedimus
1375 2669 1382 2679 .
1407 2647 1436 2675 et
1461 2641 1673 2684 indulgentias
1697 2636 1874 2684 praedictas
1889 2666 1899 2681 ,
