2059 3228
44 262 96 289 An.
113 261 142 289 C.
162 261 228 290 1587

70 591 136 616 Atque
152 589 226 610 obser-

42 623 119 642 untia.

95 1024 223 1045 t-zxecutnros

40 1055 142 1082 deputat.

286 249 350 284 984

242 313 372 356 legiales
396 318 424 344 et
452 321 606 354 personas
629 309 816 343 huiusmodi
847 310 992 354 quando-

243 376 381 409 cumque
401 364 548 408 eligenda
569 364 607 397 de
628 374 708 396 novo
729 374 881 397 concessa
911 375 990 404 esse,

241 430 380 462 suosque
401 419 542 461 integros
558 423 588 451 et
604 417 765 461 plenarios
781 417 913 451 effectus
926 429 994 452 sor-

241 473 303 506 tii-i.

284 528 298 569 ᾗ
319 526 372 559 10.
396 525 515 568 Sicquc
540 536 598 568 per
621 536 847 569 quoscumque
870 526 993 559 iudices

241 586 268 613 et
291 579 540 619 commissarios,
565 579 746 612 ordinarios
764 585 790 613 et
814 580 989 623 delegatos,

240 634 336 667 etiam
358 633 528 666 causarum
550 633 662 666 Palatii
693 633 868 676 Apostolici
903 634 993 666 audi-

239 693 336 727 tores,
359 698 396 720 ac
417 687 447 720 S,
471 687 508 720 R.
531 687 565 719 E.
591 686 783 728 cardinales,
802 688 927 720 sublata
948 688 992 721 eis

239 747 269 774 et
290 752 403 774 eorum
428 740 562 774 cuilibet
583 741 694 784 quavis
714 741 808 775 aliter
828 741 991 774 iudicandi

239 801 269 829 et
290 794 524 839 interpretandi
550 795 701 828 facultate
731 800 761 828 et
786 795 988 836 auctoritate,

239 849 271 881 in
292 849 404 892 quavis
425 859 521 882 causa
542 854 572 881 et
600 847 762 889 instantia,
797 849 933 882 iudicari
962 854 992 882 et

239 902 379 936 deffiniri
399 902 529 936 debere.

283 959 297 1001 g
318 957 371 990 ll.
394 957 552 996 Quocirca
572 956 812 990 venerabilibus
839 957 992 990 fratribus

238 1011 355 1044 nostris
376 1010 617 1051 Cameranensi‚
646 1015 675 1043 et
704 1010 819 1043 Montis
843 1010 903 1043 Atti
925 1011 990 1055 epi-

238 1065 356 1109 scopis,
379 1076 415 1098 ac
437 1065 555 1098 dilecto
584 1064 651 1097 silio
678 1064 792 1098 Curiae
820 1075 990 1097 causarum

236 1119 391 1163 Gamerae
427 1118 628 1162 Apostolicac
667 1118 808 1161 generali
835 1118 988 1159 auditori,

237 1184 295 1217 pei·
315 1173 493 1218 apostolica
513 1172 645 1216 scripta,
665 1178 754 1205 motu
771 1172 881 1212 simili,
905 1183 991 1205 man-

237 1228 352 1260 damus
372 1233 531 1272 quatenus
551 1226 624 1270 ipsi,
652 1226 701 1259 vel
726 1227 790 1260 duo
820 1233 875 1259 aut.
906 1238 990 1260 unus

237 1292 361 1322 eorum,
383 1292 442 1326 per
471 1292 503 1314 se
525 1281 571 1313 vel
596 1280 697 1313 alium
726 1291 783 1313 seu
810 1280 900 1321 alios,
924 1291 990 1314 eas-

236 1336 309 1369 dem
330 1341 517 1380 praesentes
532 1334 655 1368 litteras
675 1340 705 1368 et
725 1334 756 1367 in
778 1334 824 1367 eis
840 1340 990 1368 contenta

235 1400 462 1434 quaecumque
488 1389 543 1422 ubi
572 1394 603 1422 et
627 1389 756 1433 quando
778 1399 860 1432 opus
880 1389 986 1429 suerit,

236 1455 273 1477 ac
297 1443 425 1487 quoties
449 1454 508 1488 pro
539 1449 630 1487 parte
660 1443 865 1487 protectoris,
892 1443 991 1476 lecto-

236 1498 280 1532 ris
299 1508 356 1531 seu
382 1497 521 1541 regentis
542 1502 572 1530 et
592 1496 809 1540 collegialium
841 1497 989 1540 praedic-

239 1559 359 1592 torum,
382 1562 438 1585 seu
459 1551 599 1584 alicuius
623 1561 735 1584 eorum
757 1551 898 1595 desuper
918 1552 988 1585 sue-

237 1607 301 1639 rint
321 1605 478 1650 requisiti,
491 1605 680 1638 solemniter
699 1604 911 1648 publicantes,
927 1605 988 1638 eis-

237 1671 300 1703 que
333 1660 364 1692 in
400 1659 585 1703 praemissis
620 1658 760 1691 efficacis
793 1659 989 1692 defensionis

236 1714 401 1758 praesidio
427 1713 618 1754 assistentes,
649 1713 766 1746 faciant
796 1713 988 1746 auctoritate

236 1774 347 1801 nostra
376 1773 562 1812 praesentes
589 1767 712 1799 litteras
733 1772 763 1800 et
783 1767 815 1800 in
847 1767 891 1800 eis
911 1778 988 1800 con-

238 1827 324 1854 tenta
357 1821 543 1855 huiusmodi
576 1821 616 1854 ab
646 1820 809 1861 omnibus,
841 1821 879 1853 ad
908 1833 989 1865 quos

236 1882 360 1919 spectat
381 1881 409 1909 et
433 1886 491 1919 pro
517 1880 664 1918 tempore
694 1874 861 1918 spectabit,
890 1875 988 1908 invio—

237 1929 377 1963 labiliter
397 1929 572 1970 observari,
608 1939 645 1962 ac
674 1933 902 1972 protectorem,
923 1929 988 1963 lec-

237 1988 339 2016 torem
369 1994 425 2016 seu
451 1988 628 2026 regentem,
657 1981 841 2024 collegiales
861 1988 891 2016 et
911 1983 990 2016 alios

236 2042 421 2080 praesentes
441 2047 623 2080 eorumque
645 2036 790 2078 singulos
817 2036 880 2069 illis
900 2037 988 2081 paci-

236 2091 296 2124 fice
330 2090 393 2124 frui
427 2096 457 2124 et
480 2091 634 2134 gaudere,
668 2100 734 2123 non
767 2090 989 2134 permittentes

236 2145 321 2188 ipsos
341 2145 390 2178 vel
412 2156 526 2179 eorum
556 2144 744 2189 quempiam
772 2145 913 2188 desuper
932 2156 990 2189 per

235 2209 460 2242 quoscumque
489 2198 735 2243 quomodolibet
755 2199 899 2232 indebite
919 2210 989 2233 mo-

236 2253 355 2293 lestari,
383 2253 566 2297 perturbari
588 2258 617 2286 et
640 2252 832 2295 inquietari,
864 2258 990 2286 contra-

236 2306 375 2340 dictores
392 2306 553 2351 quoslibet
573 2311 604 2339 et
623 2307 761 2339 rebelles
781 2318 816 2339 ac
838 2307 990 2350 praemis-

236 2360 278 2392 sis
298 2370 363 2392 non
384 2366 533 2403 parentes
561 2371 620 2404 pei·
645 2371 799 2393 censuras
819 2366 850 2393 et
870 2371 990 2404 poenas

237 2413 469 2446 ecclesiasticas
489 2413 617 2457 aliaque
639 2419 823 2457 opportuna
855 2413 935 2447 iuris
959 2419 990 2447 et

238 2465 310 2497 sacti
346 2467 500 2507 remedia,
543 2467 759 2510 appellatione
798 2467 986 2511 postposita,

237 2516 489 2557 compescend03
512 2526 639 2549 necnon
661 2516 814 2558 legitimis
826 2527 924 2560 super
938 2516 989 2550 his

237 2564 392 2597 habendis
422 2565 552 2597 servatis
582 2566 801 2608 processibus,
835 2576 989 2599 censuras

237 2618 267 2645 et
278 2624 397 2656 poenas
415 2614 497 2657 ipsas
512 2614 684 2646 incurrisse
697 2615 904 2655 declarando,
919 2625 988 2648 eas-

235 2668 299 2701 que
319 2657 415 2691 etiam
437 2657 557 2691 iteratis
570 2658 694 2692 vicibus
710 2659 925 2702 aggravando,
941 2659 989 2692 in-

838 255 1017 282 BULLARtUM
1041 256 1192 282 ROMANUM

1035 315 1147 343 vocato
1173 309 1268 343 etiam
1290 310 1328 343 ad
1350 310 1423 351 hoc,
1446 310 1472 344 si
1494 321 1575 355 opus
1599 313 1706 354 suerit,
1730 325 1788 348 au-

1035 363 1110 397 xilio
1130 364 1255 397 brachii
1276 364 1462 398 saecularis.

1079 418 1166 461 5102.
1189 418 1258 451 Non
1293 419 1494 451 obstantibus
1524 419 1722 462 praemissis,
1757 427 1986 480 &demutatam-mu

1816 464 1918 485 erogatio.

1035 476 1194 514 quatenus
1213 482 1295 516 opus
1315 472 1354 504 sit
1374 472 1492 505 nostris
1503 472 1541 505 de
1562 483 1628 506 non
1646 473 1787 507 tollendo

1036 524 1105 557 iure.
1131 525 1288 568 quaesito,
1316 536 1353 559 ac
1381 525 1492 568 gratiis
1526 526 1563 559 ad
1594 526 1695 559 instar
1722 537 1788 560 non

1035 579 1264 620 concedendis,
1292 584 1323 612 et
1352 578 1528 613 unionibus
1548 579 1789 613 committendis

1034 632 1072 664 ad
1093 639 1213 675 pat‘lCS‚
1251 635 1372 667 voeatis
1401 633 1555 666 interesse
1583 634 1788 673 habentibus,

1035 697 1173 731 veroque
1199 688 1307 721 valore
1336 687 1431 720 etiam
1458 687 1607 721 beneficii
1628 688 1680 721 cui
1701 688 1787 721 aliud

1034 741 1148 775 unitur
1168 742 1395 786 exprimendo,
1418 752 1545 775 necnon
1566 742 1789 776 Lateranensis

1034 795 1203 830 novissime
1229 796 1382 830 celebrati
1405 802 1435 830 et
1456 797 1593 830 aliorum
1616 796 1711 830 etiam
1732 807 1788 841 ge-

1033 850 1193 883 neralium
1215 851 1429 884 conciliorum
1446 851 1584 884 uniones
1600 857 1786 895 perpetuas,

1034 903 1094 936 nisi
1122 903 1153 937 in
1179 903 1306 938 casibus
1326 916 1343 938 a
1364 904 1434 937 iure
1455 904 1630 948 permissis,
1653 903 1736 945 fieri,
1758 910 1788 937 et

1034 957 1072 990 de
1094 958 1296 992 monasteriis
1316 957 1504 992 huiusmodi
1523 963 1611 991 extra
1632 958 1787 991 consisto-

1033 1011 1118 1044 rium
1158 1012 1296 1056 disponi,
1319 1023 1354 1045 ac
1388 1012 1547 1046 beneficia
1570 1012 1668 1045 unius
1700 1012 1787 1046 dioe-

1034 1065 1114 1098 cesis
1147 1076 1221 1099 cum
1256 1065 1422 1099 beneficiis
1462 1066 1595 1099 alterius
1630 1065 1787 1100 dioecesis

1033 1120 1119 1152 uniri
1146 1120 1360 1163 prohibentis;
1377 1130 1505 1153 necnon
1526 1119 1640 1152 similis
1665 1131 1787 1153 memo-

1033 1173 1100 1207 riae
1120 1174 1275 1208 Bonisaeii
1308 1175 1413 1218 Papae
1447 1174 1569 1218 pariter
1594 1174 1785 1218 praedeces-

1032 1228 1114 1261 soris
1134 1228 1247 1268 nostri,
1263 1228 1359 1261 etiam
1380 1238 1462 1272 quae
1483 1232 1570 1260 cavet
1582 1238 1621 1261 ne
1643 1227 1714 1271 quis
1731 1239 1784 1261 ex-

1033 1287 1082 1314 tra
1102 1293 1192 1315 suam
1214 1282 1374 1316 civitatem
1394 1282 1443 1315 vel
1463 1281 1649 1323 dioecesim,
1673 1282 1733 1315 nisi
1752 1282 1784 1315 in

1033 1335 1129 1368 certis
1154 1336 1313 1380 expressis
1341 1335 1478 1376 casibus,
1499 1340 1529 1368 et
1549 1335 1581 1368 in
1606 1335 1669 1368 illis
1700 1336 1786 1368 ultra

1032 1400 1129 1422 unam
1150 1389 1289 1422 diaetam
1319 1400 1336 1422 a
1364 1389 1428 1422 fine
1457 1400 1533 1422 suae
1563 1388 1720 1422 dioecesis
1745 1388 1784 1422 ad

1032 1443 1189 1477 iudicium
1226 1449 1393 1481 evocetur,
1434 1454 1491 1476 seu
1530 1453 1571 1476 ne
1609 1442 1732 1476 iudices
1767 1453 1785 1476 a

1031 1497 1115 1530 dicta
1139 1497 1219 1531 Sede
1248 1497 1392 1542 deputati
1421 1502 1507 1531 extra
1540 1496 1702 1530 civitatem
1735 1497 1783 1529 vel

1031 1551 1205 1584 dioecesim
1240 1551 1272 1584 in
1309 1550 1428 1595 quibus
1467 1550 1611 1595 deputati
1650 1550 1782 1591 suerint,

1032 1610 1145 1638 contra
1169 1615 1394 1648 quoscumque
1423 1605 1612 1648 procedere,
1645 1609 1700 1637 aut
1729 1604 1784 1636 alii

1030 1659 1078 1692 vel
1099 1659 1169 1691 aliis
1189 1669 1263 1692 suas
1291 1659 1377 1692 vices
1407 1658 1611 1692 committere
1645 1658 1785 1691 audeant

1031 1724 1088 1747 seu
1109 1719 1329 1757 praesumant,
1358 1713 1442 1746 etin
1471 1713 1610 1746 concilio
1639 1712 1782 1755 generali

1032 1767 1115 1800 edita
1136 1768 1174 1800 dc
1199 1767 1325 1801 duabus
1344 1767 1469 1808 diaetis,
1489 1766 1668 1799 dummodo
1697 1765 1782 1798 ultra

1032 1827 1096 1854 tres
1121 1821 1241 1855 diaetas
1272 1820 1389 1864 aliquis
1409 1820 1600 1853 auctoritate
1627 1829 1780 1863 praesen-

1031 1875 1111 1908 tium
1133 1875 1172 1908 ad
1193 1875 1350 1908 iudicium
1371 1885 1436 1908 non
1457 1874 1620 1915 traliatur3
1647 1872 1783 1915 aliisque

1032 1929 1217 1973 apostolicis
1241 1940 1278 1962 ac
1308 1928 1341 1961 in
1366 1927 1617 1972 provincialibus
1637 1932 1668 1960 et
1688 1937 1783 1971 syno-

1031 1983 1159 2017 dalibus
1193 1982 1340 2016 conciliis
1369 1981 1473 2022 editis,
1505 1980 1701 2025 specialibus
1733 1980 1782 2013 vel

1032 2037 1249 2080 generalibus,
1279 2035 1562 2069 constitutionibus
1595 2040 1626 2068 et
1653 2034 1783 2067 ordina-

1031 2090 1190 2127 tionibus:
1219 2100 1346 2123 necnon
1378 2088 1562 2122 monasterii
1593 2094 1624 2122 et
1656 2087 1783 2121 Ordinis

1031 2156 1067 2178 ac
1079 2144 1225 2178 ecclesiae
1237 2143 1479 2187 pra‘dictorurn,
1494 2143 1690 2182 iuramento,
1708 2152 1784 2175 con-

1032 2198 1215 2232 firmatione
1243 2197 1420 2242 apostolica
1444 2197 1491 2230 vel
1513 2195 1625 2240 quavis
1644 2195 1706 2229 alia
1726 2195 1781 2228 sir—

1032 2253 1140 2286 mitate
1168 2253 1338 2293 roboratis,
1374 2251 1499 2285 statutis
1519 2256 1551 2284 et
1571 2250 1782 2284 consuetudi-

1031 2306 1138 2348 nibus,
1160 2306 1336 2351 privilegiis
1356 2316 1500 2349 quoque,
1532 2304 1663 2337 indultis
1684 2309 1716 2337 et
1734 2303 1784 2336 lit-

1031 2361 1107 2394 teris
1128 2360 1324 2404 apostolicis,
1351 2359 1414 2392 illis
1438 2368 1618 2402 eorumque
1648 2368 1780 2402 praesu-

1031 2415 1128 2455 libus,
1156 2413 1314 2457 capitulis,
1335 2412 1517 2453 abbatibus,
1544 2411 1780 2456 superioribus,

1033 2463 1204 2507 magistris,
1244 2462 1467 2502 conventibus,
1506 2461 1668 2501 fratribus,
1705 2460 1780 2493 rcli-

1031 2513 1128 2556 glosis
1148 2518 1179 2545 et
1198 2512 1269 2545 aliis
1286 2511 1431 2555 personis
1443 2512 1501 2544 sub
1521 2511 1780 2555 quibuscumque

1032 2562 1198 2596 tenoribus
1218 2567 1246 2594 et
1265 2561 1386 2600 formis
1401 2572 1475 2594 cum
1492 2560 1666 2604 quibusviS,
1686 2558 1778 2592 etiam

1031 2611 1309 2654 derogatoriarum
1331 2609 1555 2653 derogatoriis,
1577 2608 1712 2651 aliisque
1733 2608 1778 2639 es-

1030 2659 1236 2693 ficacioribus
1256 2664 1287 2693 et
1307 2659 1441 2692 insolitis
1461 2657 1626 2696 clausulis,
1651 2665 1776 2689 necnon

1804 259 1856 289 An.
1872 259 1901 289 C.
1920 255 1988 290 1587
