2059 3228
264 238 340 271 1098

867 248 1014 271 BULLARII
1040 248 1159 273 ROMANI

387 301 534 343 Sequitur
561 305 651 333 tenor
675 301 775 334 dictae
800 300 997 334 reformatio·
1026 300 1200 334 LXXXVIII.
1226 301 1379 335 Statuitur
1402 304 1486 346 quod
1515 305 1688 347 capitulum
1715 314 1767 346 gc-

345 354 402 394 nis,
428 352 501 385 8021.

260 406 380 438 lXXlX.
394 406 561 449 Ampliatio
575 407 830 449 congregationis
842 407 899 439 sub
912 407 998 439 invo-

343 462 389 490 cat
396 458 465 491 ione
473 458 650 491 Annum-iat
657 459 736 491 ionis
744 459 890 492 RMariae
898 459 998 501 Virgi-

343 510 481 547 nis,alias
494 511 526 543 in
536 511 618 544 Urbe
628 512 801 553 institutae,
812 523 868 556 pro
881 513 998 545 schola-

1113 355 1216 387 nerale
1233 355 1357 388 Ordinis
1375 355 1508 388 fratrum
1521 356 1676 389 Minorum
1691 357 1767 390 San-

1111 407 1152 440 cti
1176 408 1332 441 Francisci
1357 408 1394 441 de
1417 408 1512 440 Paula
1536 408 1573 441 de
1597 413 1701 442 cetero
1727 409 1763 441 dc

1112 461 1258 494 sexennio
1282 462 1315 494 in
1339 461 1523 509 sexennium
1546 460 1698 494 celebrari
1712 461 1768 493 de-

1113 514 1193 554 beat,
1220 514 1293 548 856.

348 563 434 596 ribus
452 563 798 597 insistentibusStudiis
811 565 998 607 collegiiSo-
1028 567 1175 599 LXXXIX.
1207 567 1328 600 Erectio
1367 568 1502 610 capellae
1541 567 1580 599 ad
1618 577 1769 610 praesepe

345 616 540 650 cietatislesu
552 616 724 658 institutae,
734 618 774 650 ad
787 629 998 661 quoscumque

344 668 419 701 alios
437 668 532 702 etiam
546 680 608 703 non
633 671 803 711 studentes;
823 677 853 704 et
869 672 997 704 facultas

343 721 419 754 alias
446 722 708 765 congregationes
732 724 925 767 aggregandi
940 723 998 756 eis-

344 786 403 818 que
422 775 634 818 indulgentias
651 775 998 814 communicandi‚8⁶28.

259 827 368 859 LXXX.
404 828 445 860 De
484 828 611 861 incestis
650 829 839 872 quibusdam
878 829 1001 862 casibus

347 880 457 913 ultimo
490 881 643 924 supplicio
674 882 707 914 in
738 882 825 916 Statu
852 883 1001 916 Ecclesia-

346 933 424 966 stico
448 934 627 977 puniendis,
652 935 726 969 830.

260 984 381 1017 LXXXI.
407 986 589 1020 Praefinitio
614 987 777 1021 titulorum
794 994 824 1022 et
840 988 1000 1022 diaconia-

346 1048 416 1070 rum
440 1050 498 1082 pro
522 1045 647 1074 sanctae
672 1042 831 1076 Romanae
848 1043 1001 1076 Ecclesiae

347 1091 536 1135 presbyteris
564 1098 595 1127 et
625 1094 812 1128 diaconibus
836 1096 1002 1128 cardinali-

347 1144 414 1185 bus,
440 1145 513 1179 833.

259 1195 396 1230 LXXXII.
421 1197 656 1233 Confirmantur
679 1202 919 1235 constitutiones
943 1203 1004 1235 col-

347 1250 419 1293 legii
448 1252 705 1286 Boi-romeiorum
730 1254 905 1297 Papiensis,
931 1253 1003 1288 837.

259 1302 410 1338 LXXXIII.
435 1305 549 1339 Contra
573 1317 637 1341 non
662 1308 863 1342 restituentes
886 1314 939 1342 aut
956 1320 1005 1342 re-

348 1359 485 1392 velantes
517 1360 689 1403 scripturas
722 1362 761 1395 ad
792 1362 1004 1395 Revercndam

347 1410 509 1445 Cameram
533 1414 745 1457 Apostolicam
771 1414 1003 1457 quomodolibet

347 1468 537 1506 spectantes,
569 1476 587 1498 a
616 1467 835 1500 commissario
864 1467 1005 1501 eiusdem

348 1516 495 1551 Gamerae
518 1520 717 1560 coercendos,
743 1519 816 1553 840.

259 1569 408 1604 LXXXIV.
450 1571 572 1606 Erectio
616 1573 842 1616 typographiae
885 1573 1006 1605 Vatica-

347 1634 416 1665 nae,
441 1624 515 1658 841.

259 1676 394 1710 LXXXV.
429 1678 587 1712 Institutio
621 1679 787 1723 hospitalis
828 1689 1004 1723 pauperum

349 1730 569 1764 mendicorum
598 1731 631 1763 in
660 1732 744 1765 Urbe
768 1731 807 1765 ad
822 1742 875 1765 eos
902 1732 952 1775 pie
973 1742 1004 1764 a·

347 1783 486 1825 lendum,
503 1794 677 1827 eorumque
691 1784 816 1818 animae
833 1789 864 1817 et
880 1785 1004 1828 corpori

347 1835 515 1868 salubriter
538 1838 859 1879 consulendum‚cum
884 1848 1004 1871 annuo-

347 1898 419 1920 rum
444 1888 604 1922 redituum
628 1894 658 1923 et
673 1890 911 1934 privilegiorum
929 1891 1004 1925 assi-

346 1941 508 1982 gnatione,
533 1941 608 1976 847.

260 1991 410 2026 LXXXVI.
434 1994 607 2027 Declaratio
624 1996 708 2038 quod
725 1998 950 2040 suppellectilia
967 1998 1005 2031 ad

348 2046 465 2079 cultum
497 2048 639 2081 divinum
671 2049 825 2084 destinata
854 2063 911 2095 per
939 2053 1005 2086 obi-

347 2103 414 2131 tum
447 2101 661 2143 praelatorum
696 2103 728 2135 in
758 2105 865 2147 regnis
896 2105 1005 2150 Hispa-

349 2151 476 2186 niarum
501 2154 624 2196 relicta,
650 2156 787 2199 capitula
811 2158 946 2191 debeant
969 2160 1006 2192 de

349 2205 496 2239 manibus
521 2208 677 2250 generalis
701 2210 876 2243 collectoris
893 2211 1006 2254 spolio-

348 2267 420 2291 rum
451 2259 616 2302 Gamerae,
646 2271 711 2295 non
743 2267 848 2297 autem
878 2265 1006 2308 propria

349 2311 536 2345 auctoritate
560 2313 711 2357 recipere,
736 2315 811 2350 853.

263 2361 425 2412 LXXXVII.
449 2363 609 2398 Indultum
633 2371 667 2399 ut
696 2368 932 2403 commissarius
955 2382 1008 2414 ge-

351 2416 466 2450 neralis
490 2418 611 2452 ordinis
635 2420 768 2455 fratrum
794 2423 949 2457 Minorum
971 2426 1008 2459 de

352 2468 556 2504 Observantia
591 2482 676 2506 nunc
711 2479 741 2507 et
775 2485 833 2518 pro
869 2482 1008 2521 tempore

353 2521 487 2556 existens
511 2523 544 2556 in
556 2526 700 2567 partibus
716 2528 877 2564 Indiarum
894 2531 1009 2566 haheat

352 2583 459 2608 vocem
484 2576 616 2611 activam
641 2584 672 2612 et.
694 2581 850 2623 passivam
874 2582 908 2616 in
924 2584 1008 2628 capi-

354 2626 419 2660 tulo
442 2630 591 2671 generali,
616 2630 690 2665 855.

1112 619 1180 651 lesu
1203 618 1317 652 Christi
1334 618 1367 651 in
1384 619 1513 652 basilica
1530 619 1559 651 S.
1577 618 1690 652 Mariae
1709 618 1771 651 Ma-

1113 671 1188 704 ioris
1219 672 1256 704 de
1286 672 1383 713 Urbe,
1412 683 1483 704 cum
1508 672 1698 716 praepositi,
1723 684 1771 706 sa-

1113 723 1239 765 cristae,
1271 725 1505 768 capellanorum
1540 730 1570 758 et
1603 725 1771 759 beneticia-

1115 782 1217 809 torum
1242 777 1456 819 institutione,
1482 783 1576 822 atque
1601 779 1772 812 cardinalis

1114 831 1299 872 protectoris
1330 836 1361 864 et
1392 831 1505 865 iudicis
1534 842 1702 864 causarum
1733 832 1772 864 ad

1115 892 1168 915 eos
1196 884 1408 926 spectantium
1438 883 1671 923 iurisdictione,
1697 883 1770 917 858.

1030 936 1086 970 XC.
1110 937 1272 971 Damnatio
1297 938 1519 981 coniugiorum
1536 948 1592 981 per
1608 937 1771 971 eunuchos

1116 994 1144 1022 et
1181 991 1334 1034 spadones
1367 995 1603 1024 contractorum
1638 996 1669 1024 et
1698 1002 1769 1024 con-

1118 1044 1353 1085 trahendorum,
1375 1044 1449 1078 870.

1032 1096 1100 1129 XCI.
1124 1097 1286 1129 Provincia
1310 1097 1478 1140 Hispaniae
1503 1096 1629 1130 Ordinis
1644 1096 1768 1130 Carme-

1118 1149 1245 1182 litarum
1280 1150 1541 1183 Discalceatorum
1576 1149 1710 1194 erigitur
1739 1150 1771 1182 in

1121 1204 1413 1246 congregationem,
1444 1203 1525 1236 datis
1553 1204 1582 1237 ei
1614 1204 1772 1237 nonnullis

1120 1255 1243 1289 statutis
1267 1256 1484 1300 concessisque
1496 1256 1679 1300 privilegiis,
1697 1256 1771 1290 871.

1033 1308 1115 1342 XCII.
1144 1309 1302 1342 Institutio
1333 1309 1454 1353 collegii
1486 1309 1692 1343 honestarum
1727 1310 1771 1342 vi-

1120 1362 1254 1395 duarum
1278 1367 1308 1395 et
1332 1362 1517 1406 puellarum,
1535 1362 1594 1395 sub
1617 1362 1772 1405 regimine

1120 1415 1313 1448 confratrum
1365 1415 1618 1459 congregationis
1633 1441 1649 1458 a
1669 1416 1773 1449 Sancti

1120 1468 1269 1500 Bernardi
1284 1468 1429 1512 religiose
1441 1469 1686 1509 educandarum,
1702 1480 1773 1502 cum

1122 1521 1315 1555 indultorum
1346 1521 1563 1562 concessione,
1588 1522 1774 1564 praesertim

1121 1575 1224 1617 quoad
1247 1574 1299 1618 pia
1322 1574 1367 1607 eis
1395 1575 1513 1607 relicta.
1537 1574 1573 1607 Et
1597 1574 1775 1609 iurisdictio

1121 1631 1246 1660 sanctae
1269 1627 1429 1660 Romanae
1452 1627 1605 1660 Ecclesiae
1630 1627 1775 1661 cardina-

1121 1679 1156 1712 lis
1185 1679 1372 1722 protectoris
1400 1684 1431 1712 et
1458 1679 1571 1712 iudicis
1602 1690 1770 1714 causarum

1120 1732 1158 1764 ad
1182 1742 1233 1765 eas
1257 1731 1476 1775 spectantium,
1502 1731 1576 1766 877.

1033 1786 1126 1819 XCIII.
1157 1786 1314 1819 Statutum
1349 1787 1433 1830 quod
1467 1786 1568 1820 officia
1603 1787 1775 1830 generalis,

1120 1840 1327 1880 visitatorum,
1352 1840 1506 1883 priorum,
1530 1840 1721 1873 vicariorum
1745 1845 1777 1874 et

1121 1898 1362 1936 procuratorum
1394 1893 1651 1936 congregationis
1675 1893 1776 1927 sancti

1120 1946 1244 1989 Georgii
1273 1946 1306 1978 in
1337 1947 1413 1989 Alga
1441 1946 1504 1979 sint
1535 1946 1718 1989 triennalia,
1746 1951 1777 1980 et

1120 1999 1292 2042 capitulum
1335 2000 1480 2042 generale
1523 2000 1699 2034 celebretur
1737 2000 1776 2034 de

1121 2051 1258 2085 triennio
1282 2052 1315 2084 in
1339 2053 1522 2094 triennium,
1547 2058 1575 2086 et
1601 2054 1634 2086 in
1650 2053 1776 2087 electio-

1121 2105 1214 2137 nibus
1249 2106 1333 2138 nulla
1368 2106 1522 2139 habeatur
1553 2107 1635 2140 ratio
1663 2107 1776 2141 absen-

1121 2157 1210 2197 tium,
1235 2157 1308 2191 888.
1647 2166 1651 2169 ’

1035 2211 1128 2245 XCIV.
1154 2211 1355 2246 Confirmatio
1379 2218 1539 2256 gestorum
1565 2215 1597 2247 in
1622 2215 1725 2249 diaeta
1741 2216 1776 2249 in

1123 2266 1313 2299 monasterio
1337 2266 1374 2299 de
1398 2267 1476 2300 Pace
1499 2267 1536 2299 de
1561 2268 1645 2301 Urbe
1667 2268 1776 2302 hahita

1122 2329 1179 2362 pro
1203 2319 1448 2362 congregatione
1471 2320 1683 2362 Lateranensi,
1701 2322 1775 2355 891.

1036 2372 1116 2406 XCV.
1147 2371 1303 2405 Statutum
1331 2373 1416 2415 quod
1444 2372 1517 2405 libri
1546 2373 1672 2417 linguae
1699 2375 1780 2410 Ara-

1124 2424 1225 2466 bicae,
1255 2425 1420 2465 Turcicae‚
1452 2425 1594 2459 Persicae
1626 2431 1655 2459 et
1692 2428 1781 2463 Chal-

1124 2477 1231 2511 daicae
1269 2478 1363 2510 etiam
1402 2488 1508 2511 sacrae
1543 2478 1722 2524 theologiae
1749 2487 1781 2516 et

1123 2541 1395 2574 quarumcumque
1441 2530 1623 2564 facultatum
1637 2530 1649 2541 '⁵
1669 2533 1780 2578 impri-

1124 2584 1239 2624 mendi,
1264 2587 1336 2616 ante
1360 2594 1454 2627 quam
1479 2583 1707 2628 imprimantur
1725 2588 1779 2621 de-

1124 2638 1218 2671 beant
1246 2647 1302 2680 per
1329 2636 1504 2671 cardinales
1526 2646 1621 2681 super
1646 2648 1777 2682 congre-
