2059 3228
36 0 111 133 ξ,

45 206 97 246 ιὀ.
111 210 179 246 1⁵75

801 218 976 243 (ERFCORW3
998 220 1047 241 (ΠΙ
1071 220 1117 243 FP.

193 268 333 313 impositi
353 269 392 304 ad
413 281 576 314 praesens,
595 276 623 305 et
645 282 703 316 pro
725 276 869 314 temporor
883 272 940 304 im-

191 323 353 368 poncn‹li;
375 323 417 357 ita
438 331 473 357 ut,
505 325 751 369 archiepiscopi,
781 325 936 368 episcopi,

191 377 337 421 praelati,
360 377 527 417 ordinarii,
549 378 843 419 vicarii‚ot'[iciales‚
856 379 938 411 loca

191 435 335 463 tenentes
369 437 398 464 et
420 431 542 465 iudices
556 432 937 476 inspiritualilms‚etiam

189 483 314 517 ratione
334 484 441 518 delicti
459 485 647 528 (dummodo
668 485 747 518 illud
768 495 831 518 non
852 485 938 518 sitde

188 537 416 581 atrocioribus)
436 539 484 571 vel
517 545 703 572 contractus
737 550 791 572 scu
828 539 872 571 rei
900 539 937 572 dc

187 599 253 633 qua
275 591 394 635 agitur,
414 592 611 635 ubicumque
626 592 846 625 committatur
861 592 937 625 deli-

188 649 288 685 ctum,
309 644 430 678 iniatur
450 651 646 685 contractus,
659 646 706 678 vel
722 646 850 689 resipsa
863 656 938 679 con-

186 697 288 738 sistat,
311 698 336 730 si
367 709 522 742 personae
556 700 643 743 ipsae
672 699 757 732 intra
777 700 936 741 regularia

186 751 257 784 loca
276 752 440 795 praedicta
460 753 587 795 degant,
611 758 641 785 et
661 753 703 785 ibi
725 752 870 796 aliquisa
888 753 935 785 di-

186 804 244 838 ctis
264 805 417 848 magistro
432 810 463 839 et
474 811 631 839 conventu
646 806 684 838 ad
698 805 740 845 id,
755 806 851 839 etiam
862 817 934 839 cnm

185 857 418 899 iurisdictione,
433 858 603 902 deputatus
616 859 723 898 suerit,
741 860 935 902 temporales

184 922 260 945 vero
280 912 402 946 iudices
423 918 450 945 et
484 913 605 945 domini
637 912 790 956 praedicti
811 914 934 946 nullam

184 964 217 997 in
237 975 301 1005 eos,
322 975 375 998 eas
399 966 447 998 vel
468 977 505 999 ea
527 965 802 1006 iurisdictionem,
825 977 934 999 corre-

183 1017 322 1051 ctionem
340 1023 370 1051 ct
393 1024 584 1062 potestatem
599 1029 760 1060 exercere,
774 1030 832 1052 nec
849 1019 934 1063 ipsae

183 1071 418 1105 ecclesiasticae
436 1082 591 1115 personae
622 1073 933 1106 excommunicatio-

182 1122 232 1157 nis
252 1124 395 1169 aliasque
415 1125 599 1165 sententias,
623 1136 774 1159 censuras
801 1132 831 1159 et
855 1137 933 1170 poe-

182 1188 240 1210 nas
259 1178 477 1222 promulgare,
502 1189 561 1211 nec
582 1178 933 1220 nlliomnino,1·atione

181 1242 406 1275 personarum,
428 1232 630 1273 animalium,
654 1243 762 1265 rerum
785 1239 815 1265 et
834 1234 934 1266 bono-

181 1295 253 1318 rum
287 1285 384 1329 (quae.
403 1290 510 1319 tamen
531 1285 768 1328 patrimonialia
797 1291 852 1319 aut
871 1286 933 1319 alia

180 1349 278 1382 quam
301 1338 433 1372 militiae
450 1338 633 1382 praedictae
645 1339 931 1374 SanctorurnMau-

180 1391 245 1425 ritii
263 1397 294 1425 et
309 1392 417 1425 Lazari
435 1402 500 1425 non
525 1392 612 1433 sint),
635 1392 674 1425 ad
690 1392 830 1435 aliquam
843 1394 930 1426 solu-

180 1444 300 1478 tionem
318 1445 443 1478 ratione
463 1445 625 1489 pontium,
649 1445 797 1485 sontium,
823 1446 931 1479 furno-

180 1509 253 1531 rum
272 1499 320 1532 vel
341 1509 511 1532 murorum
528 1510 581 1532 eos
602 1504 778 1539 coarctare,
802 1505 857 1532 aut
877 1500 929 1532 alii

181 1552 414 1596 cuiuscumque
435 1552 672 1586 ecclesiasticae
685 1553 734 1586 vel
746 1553 929 1588 mundanae

180 1605 353 1649 dignitatis,
376 1606 652 1650 praeeminentiae,
671 1612 771 1639 status
790 1608 839 1641 vel
852 1618 928 1641 con-

179 1658 322 1699 ditionis,
343 1659 438 1692 etiam
451 1659 484 1692 in
503 1659 584 1692 locis
605 1666 635 1692 et
656 1666 761 1693 terrae
783 1660 814 1693 S.
837 1660 872 1693 R.
892 1661 925 1693 E.

179 1711 374 1745 nediatevel
393 1712 577 1746 immediate
598 1713 761 1754 subiectis,
789 1713 927 1747 acetiam

180 1764 220 1804 ad
244 1765 430 1799 instantiam
453 1766 856 1811 cuiuscumqueprincipis
872 1778 928 1801 seu

181 1820 431 1860 communitatis,
454 1821 513 1853 sub
534 1820 646 1864 poenis
670 1822 928 1856 excommunica-

180 1872 274 1906 tionis
300 1874 382 1907 latae
418 1874 605 1915 sententiae,
633 1885 688 1907 scu
719 1876 927 1909 restitutionis

152 1946 155 1948 -
180 1926 365 1971 quadrupli,
388 1928 472 1961 ultra
493 1928 610 1961 damna
630 1934 660 1961 ct
687 1939 850 1972 expensas,
871 1941 929 1974 per

179 1980 444 2014 contrafacientes
464 1992 501 2014 eo
536 1981 605 2025 ipso
632 1981 845 2023 incurrendis,
875 1994 928 2016 eos

179 2032 215 2066 in·
232 2033 354 2067 iudicio
373 2035 420 2067 vel
447 2040 532 2067 extra
553 2045 652 2078 super
671 2036 856 2079 praemissis
879 2038 927 2070 vel

179 2096 293 2119 eorum
312 2097 373 2120 usu
393 2098 450 2121 seu
470 2088 668 2131 possessione
689 2089 737 2121 vel
754 2090 856 2131 quasi,
879 2090 927 2123 di-

179 2144 264 2173 recte
284 2141 331 2173 vel
350 2140 517 2182 indirecte,
536 2143 649 2185 quovis
662 2141 806 2185 quaesito
820 2144 927 2177 colore

178 2193 226 2226 vel
246 2192 376 2236 ingenio
404 2193 588 2235 molestare,
622 2195 789 2238 impedire,
818 2207 927 2230 vexare

179 2252 234 2280 aut
257 2247 335 2280 alias
351 2247 591 2290 quomodolibet
606 2249 760 2292 impetere
776 2250 924 2284 audeant:

179 2300 233 2333 sed
257 2300 393 2345 priores,
416 2301 534 2335 milites
553 2308 580 2335 et
599 2302 679 2336 aliae
697 2313 852 2346 personae
873 2304 929 2337 mi-

178 2352 264 2387 litiae
279 2353 470 2387 Sanctorum
491 2355 626 2388 Mauritii
648 2361 677 2388 et
696 2357 801 2389 Lazari
816 2357 927 2390 liuius-

178 2402 264 2436 modi
286 2403 331 2436 sic
358 2403 509 2446 degentes
529 2404 568 2437 de
588 2404 706 2437 iustitia
727 2416 835 2438 coram
861 2407 927 2439 solo

178 2461 295 2495 magno
320 2452 471 2495 magistro
502 2459 531 2486 et
561 2460 715 2487 conventu
742 2455 788 2486 vel
815 2465 926 2487 corum

178 2498 330 2544 deputato
350 2501 545 2544 respondere
566 2501 714 2542 debeant,
738 2508 765 2535 ct
779 2503 927 2545 quicum-

178 2558 240 2591 que
260 2560 429 2593 processus
449 2555 558 2582 contra
586 2550 657 2583 illos
674 2551 718 2583 vel
739 2562 850 2584 eorum
869 2552 927 2584 ali-

178 2607 272 2641 quem
293 2608 352 2643 per
377 2598 461 2644 ipsos
490 2600 636 2632 locorum
662 2599 841 2633 ordinarios
879 2601 925 2634 vel

1621 207 1686 244 549

982 281 1093 303 eorum
1111 271 1256 311 vicarios,
1279 272 1357 306 alias
1376 282 1473 316 qnam
1495 276 1530 305 ut
1553 272 1733 316 praemitti-

980 329 1044 365 tur,
1064 334 1117 357 seu
1139 326 1266 367 quosvis
1285 326 1364 358 alios·
1385 337 1441 369 pro
1466 331 1612 370 tempore
1641 325 1729 368 sacti,

981 383 1012 410 et
1045 380 1267 411 οκιτοιιιιιιιιιιίι·
1272 380 1386 412 ationis
1421 380 1468 413 vel
1512 379 1732 423 suspensionis

981 436 1035 463 aut
1056 442 1138 474 quzm
1142 431 1185 463 vis
1207 432 1256 463 ali:
1261 444 1286 463 ιι
1307 444 1338 465 s‹
1344 432 1482 466 nuntiae
1495 431 1734 477 promulgatae,

980 485 1109 516 nullaet
1126 484 1262 517 invalida
1281 486 1464 529 nulliusque
1478 487 1645 520 roboriset
1660 497 1730 521 mo-

980 537 1078 569 menti
1100 537 1183 577 sint,
1206 538 1237 569 in
1259 539 1496 572 delictis-tamen
1506 540 1729 582 atrocioribus,

979 591 1064 623 inter
1083 601 1236 633 magnum
1262 592 1450 633 magistrum
1472 604 1526 626 seu
1561 594 1730 638 deputatos

979 644 1017 676 ab
1038 654 1076 676 eo
1110 655 1146 677 ac
1172 645 1318 677 locorum
1350 650 1411 678 tam
1443 646 1475 678 in
1507 646 1729 690 spiritualibus

978 708 1074 741 quam
1086 698 1320 741 temporalibus
1332 699 1523 740 ordinarios,
1534 700 1576 733 ita
1586 707 1730 735 servetur

978 756 1012 783 ut
1032 751 1101 783 eius
1121 751 1161 784 sit
1181 751 1213 784 in
1234 751 1457 795 delinquentes
1471 753 1658 795 iurisdictio,
1672 754 1728 798 qui

978 805 1180 848 praevenerit
1200 816 1236 837 ex
1257 805 1389 838 eisdem.

1021 858 1036 901 ἓ
1060 857 1090 891 9.
1119 858 1179 891 Sed
1201 869 1260 891 nec
1280 858 1396 902 aliquis
1417 869 1454 892 ex
1474 859 1577 893 dictae
1594 861 1727 896 militiae

977 910 1167 943 Sanctorum
1200 911 1338 943 lllauritii
1371 917 1401 944 et
1429 912 1536 946 Lazari
1557 914 1723 957 militibus,

978 964 1138 1003 fratribus,
1169 964 1306 1005 donatis,
1342 964 1559 1006 servitoribus,
1587 968 1726 1001 vassallis

977 1023 1007 1051 et
1031 1018 1154 1050 colonis·
1183 1018 1214 1050 in
1248 1018 1454 1061 prioratibus,
1484 1021 1724 1064 praeceptoriis,

976 1071 1136 1113 dontibus,
1160 1071 1383 1115 hospitalibus,
1404 1072 1602 1116 leprosariis,
1624 1085 1725 1108 mem-

976 1125 1041 1157 bris
1060 1131 1115 1158 aut
1131 1124 1202 1158 aliis
1223 1125 1388 1169 quibusvis
1408 1126 1549 1170 praediis
1560 1127 1725 1171 sivegran-

975 1177 1034 1221 giis
1047 1178 1354 1221 quomodocumque
1365 1179 1404 1211 ab
1413 1178 1481 1223 ipsa
1489 1179 1726 1224 militiadepen-

975 1232 1135 1272 dentibus,
1148 1232 1180 1265 in
1192 1232 1452 1276 quibuscumque
1468 1232 1558 1273 locis,
1574 1234 1633 1266 suh
1646 1244 1725 1277 quo-

975 1294 1191 1329 rumcumque
1211 1285 1482 1329 patriarcharum,
1509 1287 1723 1331 archiepisco-

974 1350 1103 1383 porum,
1115 1339 1724 1384 episcoporum,universitatum,hospi-

974 1393 1097 1434 talium,
1121 1398 1285 1426 rectorum
1307 1392 1682 1427 ecclesiarumlimitibus
1693 1399 1722 1427 et

974 1447 1194 1480 iurisdictione
1221 1446 1410 1488 constitutis,
1432 1447 1572 1480 decimas
1595 1453 1649 1481 aut
1668 1459 1720 1481 ca-

974 1500 1121 1533 nonicam
1142 1500 1324 1544 portionem
1340 1511 1396 1533 seu
1421 1501 1622 1534 caritativum
1644 1501 1718 1534 sub-

972 1554 1088 1587 sidium
1110 1560 1165 1587 aut
1189 1560 1320 1599 quartas
1340 1560 1544 1598 nuncupatas
1564 1566 1621 1588 seu
1643 1555 1720 1587 alias

971 1619 1190 1652 quascumque
1207 1609 1358 1642 collectas
1379 1614 1433 1641 aut
1453 1608 1715 1649 contributiones,

970 1668 1033 1695 tam
1055 1674 1090 1695 ex
1111 1663 1250 1706 antiquis
1271 1662 1406 1696 culturis
1427 1673 1522 1706 quam
1545 1673 1580 1695 ex
1600 1662 1719 1695 novali-

970 1717 1029 1749 bus
1045 1722 1073 1749 et
1092 1722 1239 1750 recenter
1251 1717 1346 1749 cultis
1363 1716 1496 1749 militiae
1508 1715 1718 1749 eteiushene-

970 1769 1117 1803 liciorum
1135 1770 1375 1814 praedictorum,
1387 1769 1481 1802 alicui
1496 1769 1606 1812 quovis
1622 1769 1717 1802 modo

970 1824 1092 1856 solvere
1122 1829 1278 1864 teneatur,
1314 1823 1376 1856 nisi
1409 1828 1505 1867 prout
1536 1823 1588 1855 alii
1624 1833 1718 1865 regu-

970 1878 1052 1910 lares
1072 1877 1210 1910 cuiusvis
1230 1876 1362 1910 militiae
1376 1876 1502 1915 milites,
1516 1875 1718 1919 generalibus

969 1931 1017 1964 vel
1044 1931 1237 1975 specialibus
1257 1930 1342 1963 circa
1363 1930 1424 1962 boc
1445 1928 1617 1972 privilegiis
1638 1939 1716 1971 gau-

969 1984 1265 2025 dentes,tenentnr.
1289 1983 1369 2022 Quin
1396 1982 1490 2015 ctiam
1508 1982 1591 2014 bona
1616 1982 1716 2025 magi-

970 2038 1038 2078 stri,
1057 2038 1215 2082 priorum,
1238 2041 1484 2081 praeceptorum
1515 2042 1544 2068 ct
1580 2036 1715 2068 fratrum

970 2103 1006 2124 ac
1040 2091 1175 2124 aliarum
1204 2101 1413 2134 personarunt
1448 2089 1644 2128 huiusmodi,
1680 2100 1717 2121 ex

970 2145 1126 2178 fructibus
1137 2150 1163 2177 nt
1184 2145 1279 2177 rebus
1290 2143 1422 2176 militiae
1432 2142 1611 2186 praedictae
1621 2143 1662 2175 tlu
1670 2154 1715 2174 m-

970 2204 1052 2232 taxat
1072 2194 1331 2241 licite¹acquisita
1351 2208 1387 2229 ae
1408 2196 1615 2240 acquirenda,
1637 2196 1716 2229 adie

969 2252 1101 2286 emissae
1132 2251 1337 2296 professionis
1358 2260 1415 2294 per
1434 2250 1561 2282 eosdem
1580 2249 1714 2293 priores,

970 2312 1207 2349 praeceptores,
1231 2305 1344 2337 fratres
1364 2308 1391 2336 ct
1413 2313 1579 2347 personas,
1596 2302 1634 2335 ab
1650 2312 1718 2336 om-

970 2355 1064 2387 nibus
1085 2354 1217 2387 decimis
1237 2359 1267 2386 ct
1286 2353 1357 2385 aliis
1376 2352 1541 2391 oneribus,
1563 2351 1602 2384 ad
1614 2361 1718 2384 exem-

970 2404 1057 2446 plum
1084 2403 1242 2435 bonorum
1269 2402 1404 2434 aliarum
1430 2400 1626 2443 regularium
1655 2400 1716 2432 mi-

970 2453 1123 2498 litiarum,
1157 2452 1269 2491 libera,
1297 2450 1453 2483 immunia
1473 2455 1503 2483 et
1522 2455 1669 2494 exempta
1687 2460 1717 2483 e-

969 2502 1011 2533 Xi
1002 2508 1100 2593 {aiil
1127 2549 1163 2581 Ut
1182 2554 1300 2585 autem
1324 2548 1466 2588 sublatis,
1482 2548 1713 2592 quoadpotest

969 2599 1307 2642 Ol).sluul1,tn‘ts¹ssus
1324 2597 1486 2642 tii‘tf‘islel',
1503 2589 1748 2631 contentusetp

1745 216 1798 245 An.
1815 217 1844 246 C.
1862 217 1930 247 1575

1780 867 1825 889 Non
1845 868 1926 891 debent

1741 897 1827 919 solvere
1863 901 1925 920 deci-

1741 935 1784 949 mus
1799 929 1875 951 eodem
1883 931 1925 957 pri·

1740 959 1818 985 vilegio
1835 966 1875 988 quo
1885 966 1925 982 ce-

1741 992 1801 1011 terae
1836 991 1922 1016 regula-

1741 1028 1777 1043 res
1792 1022 1886 1045 militine.

1757 2550 1782 2600 Ριῆ
1786 2550 1839 2571 cult·
1836 2556 1852 2571 ¹³
1867 2551 1898 2572 dis

1790 2582 1823 2601 ndi
1838 2582 1863 2603 de
1876 2582 1911 2603 bc-

1730 2614 1763 2632 nc*
1761 2612 1791 2632 ici
1795 2618 1818 2632 ts
