2059 3228
13 196 61 222 An.
84 192 112 220 G.
134 192 198 222 1573

207 306 239 338 in
275 304 481 338 electionibus:
509 304 657 336 omnibus
692 304 738 336 vel
773 308 845 335 ante
877 312 951 341 eas,

206 367 262 401 per
286 368 336 390 sex
354 367 487 396 menses,
513 368 570 399 pro
595 368 626 388 se
649 357 693 389 vel
718 366 774 399 pro
800 355 860 387 alio
878 354 952 387 sub-

205 414 365 449 ornasset,
390 408 726 442 exconmuuiieationis
751 406 950 443 sententiani,

207 472 224 494 a
240 472 302 505 qua
326 471 389 494 non
415 461 474 493 nisi
502 472 557 504 per
575 462 749 494 Romanum
768 459 951 492 Pontificem

207 524 266 558 pro
290 519 431 556 tempore
456 514 651 553 existentem,
676 517 899 556 praeterquam
921 511 951 543 in

207 566 319 600 mortis
343 566 497 606 articulo,
523 566 639 599 absolvi
666 569 789 608 posset,
825 570 855 597 et
879 574 952 596 voce

209 619 311 654 activa
334 625 365 651 et.
388 620 510 663 passiva
535 623 687 662 perpetuo
712 622 843 650 careret.

253 673 309 717 56.
327 673 529 712 Facultatem,
547 671 650 715 quoad
668 682 758 703 casus
776 669 954 713 praedictos

47 726 350 759 Rutu-Pontl-Romano
382 725 525 758 Pontifici
556 725 714 757 dumtaxat
754 734 809 765 per
834 722 953 754 dictum

20 760 485 822 issmwiiiisiggiffpraedecessorem
509 781 709 814 reservatam,
740 776 836 808 etiam
860 774 954 807 mini-

14 817 110 862 iffiiiiii‘m
120 813 199 860 ἷῖιξιῗῖἶ
209 837 274 865 stro
298 837 329 865 et.
352 830 570 865 commissario
594 829 805 872 generalibus,
828 827 955 871 quando

16 869 248 919 “ffi'ffimii’ssldo
272 885 348 929 ipsis
376 894 439 917 non
470 883 596 926 agitur,
628 883 660 914 in
684 892 794 915 omnes
827 885 956 913 eventus

16 927 70 944 '¹⁸⁸²'
209 937 387 982 praedictos
422 935 635 979 impartimur.
671 935 760 973 Quod
788 938 893 967 autem
918 933 955 965 de

210 991 382 1025 subornato
399 994 426 1022 et
442 999 489 1030 eo,
505 998 640 1031 profluo
655 987 840 1020 subornatio
854 986 954 1026 fieret,

210 1044 264 1087 qui
290 1043 517 1077 subornantem
542 1052 605 1074 non
631 1041 802 1081 detulisset,
821 1044 856 1074 ut
872 1049 956 1073 eam-

209 1097 282 1130 dem
316 1094 653 1129 excommunicationis
688 1104 822 1137 poenam
851 1093 956 1126 ineur—

210 1154 304 1191 reret,
329 1160 386 1193 per
409 1149 529 1181 dietum
561 1148 836 1192 praedecessorem
861 1151 956 1180 statu-

210 1207 278 1236 tum
302 1202 370 1243 suit,
395 1202 521 1245 penitus
545 1202 716 1234 abolemus.

253 1255 268 1299 ἓ
293 1255 322 1288 7.
350 1255 385 1287 Et
410 1255 495 1298 quod
530 1255 757 1298 disponebatur
793 1254 831 1287 de
855 1253 958 1286 officio

44 1325 128 1351 ,mv
145 1307 370 1350 0„„-,generalis
394 1307 550 1347 ministri,
575 1308 659 1350 quod
684 1317 740 1350 per
763 1312 834 1340 octo
859 1317 959 1340 annos

19 1354 359 1408 ssfflssffssfssjduraren
384 1361 593 1394 commissarii
618 1371 690 1393 vero
715 1371 751 1393 ac
776 1364 958 1403 procurato-

19 1409 168 1457 2232*ssssssss
175 1417 201 1457 ,¹1¹¹
213 1414 256 1447 ris
273 1414 429 1457 generalis
442 1408 576 1447 necnon
590 1413 802 1457 provincialis,
812 1423 869 1455 per
882 1423 958 1456 qua-

278 1478 304 1508 ·,
329 1467 475 1511 ipsique,
508 1467 604 1499 semel
635 1465 738 1498 officio
767 1465 886 1506 suncti,
919 1466 957 1498 ad

209 1520 295 1553 idem
318 1520 392 1563 eligi
416 1529 481 1552 non
504 1523 641 1563 possent,
667 1518 729 1550 uisi
754 1523 825 1560 post
852 1518 959 1551 sexde-

210 1573 273 1606 cim
286 1583 395 1605 annos.

253 1626 267 1669 ξ
284 1625 314 1659 8.
331 1626 392 1659 Nos
409 1626 448 1658 ad
465 1630 656 1658 statutorum
669 1625 866 1667 generalium
881 1626 955 1658 dicti

41 1678 337 1735 Μὲἓειξοπιξῑ-Οιύίῃίς
372 1679 486 1711 seriem
522 1683 553 1711 et
587 1678 721 1711 formam
753 1678 956 1719 reducimus,

55 1726 65 1763 s
95 1720 201 1770 ιοωζιῗέο,
210 1731 326 1774 quibus
346 1731 464 1764 dieitur
479 1741 622 1774 expresse
640 1731 724 1774 quod
742 1731 844 1764 officia
862 1733 957 1764 semel

101 1770 149 1789 ⁰³¹⁸
164 1771 185 1790 ι’
209 1789 389 1818 exercentes
417 1785 457 1816 ab
473 1784 519 1817 eis
540 1794 621 1827 quae
638 1788 802 1826 gesserunt
827 1795 884 1827 per
901 1785 956 1817 du-

209 1839 297 1881 plum
321 1837 472 1881 temporis
487 1848 598 1870 vacare
616 1837 740 1877 debent,
767 1836 810 1869 ita
827 1841 861 1868 ut
878 1837 956 1869 (luae

209 1891 376 1924 electiones
408 1890 608 1923 celebrentur
640 1894 811 1932 antequam
842 1890 881 1922 ad
905 1901 956 1922 ea-

209 1944 280 1977 dem
297 1944 399 1977 officia
417 1944 533 1977 iterum
548 1943 717 1986 eligantur.

252 1997 267 2040 5
289 1997 320 2030 9.
336 1997 530 2039 Corrigimus
558 1996 653 2029 etiam
670 1995 848 2028 litterarum
866 2006 957 2038 prae—

38 2058 106 2080 flatus
128 2059 200 2092 Pone-
211 2049 366 2082 dictarum
396 2060 465 2082 eam
493 2054 627 2091 partem,
649 2049 681 2081 in
713 2060 774 2091 qua
806 2049 957 2081 statuitur

20 2085 200 2145 'finni‘g‘l‘iif'w‘z’
211 2102 375 2148 quodnee
399 2101 634 2135 commissarius
663 2101 818 2143 generalis
847 2092 879 2133 in
898 2101 957 2133 mi-

20 2143 68 2187 ’Ῐζῗιῗ
106 2140 347 2187 ἑιείἳέἓῗξῃίεῐωιη
371 2165 425 2187 seu
442 2159 679 2197 procuratorem
701 2155 873 2197 generales,
899 2166 955 2188 nec

21 2193 107 2240 {2³:4⁸¹ss
121 2199 201 2246 33⁰3}
212 2207 356 2240 minister
387 2207 541 2250 generalis
573 2208 605 2239 in
639 2213 875 2250 procuratorem
909 2209 956 2241 vel

211 2259 463 2293 commissarium
488 2261 658 2303 generales,
688 2261 748 2293 nisi
768 2265 837 2304 post
855 2261 955 2294 dictos

211 2313 368 2346 sexdecim
392 2323 500 2353 annos,
525 2314 597 2356 eligi
622 2314 759 2357 possint,
792 2315 902 2348 dantes
926 2320 955 2347 et

211 2368 419 2402 concedentes
442 2367 487 2399 eis
514 2367 552 2399 ad
570 2378 647 2410 quos
672 2374 802 2411 spectat,
826 2369 954 2402 faculta-

213 2425 275 2454 tem
306 2419 559 2454 commissarium
591 2422 769 2462 generalem
802 2422 835 2454 in
860 2424 954 2455 mini-

247 2515 257 2532 ¹
277 2513 362 2539 Hodie
380 2513 454 2538 cirea
472 2514 580 2545 tempus
591 2514 719 2538 servatur
732 2513 831 2538 Leonis
844 2514 870 2539 X
885 2515 954 2540 bull.

216 2555 315 2582 xxvii,
333 2549 393 2581 Ite,
411 2549 484 2573 tomo
504 2555 535 2578 v,
560 2555 623 2580 pag.
643 2547 702 2574 692.
721 2550 746 2575 2.
766 2548 806 2573 Ad
825 2548 875 2574 hoc
894 2550 954 2576 vide

213 2582 296 2609 aliam
314 2583 525 2609 declarationem
549 2590 618 2616 quae
638 2591 697 2608 mox
717 2584 907 2616 subsequitur.

808 196 987 222 caecemus
1007 198 1060 220 xm
1083 199 1130 220 rr.
1650 187 1691 219 att

1744 186 1796 214 An.
1816 187 1843 212 C.
1866 186 1931 214 1573

206 254 324 293 suisset,
348 251 450 285 offivio
476 251 615 295 privatus
632 252 785 284 existeret.
803 251 861 289 Oui
879 260 951 282 vero
981 253 1081 281 strum
1110 260 1163 281 seu
1192 256 1430 293 procuratorem
1459 251 1638 294 generales,
1663 256 1690 283 et
1717 261 1734 282 e

981 313 1139 343 converso,
1165 303 1259 335 etiam
1281 304 1461 336 immediate
1486 308 1651 347 postquam
1677 302 1733 334 ali-

982 365 1044 398 quo
1061 366 1096 387 ex
1115 355 1207 387 dictis
1232 356 1342 387 officiis
1370 356 1468 388 suncti
1485 355 1612 395 suerint,
1635 354 1730 388 ctiam

983 407 1069 449 lapsu
1099 409 1251 449 temporis
1279 409 1440 451 praedicto
1470 419 1533 441 non
1558 412 1729 451 expectato,

984 470 1039 501 pro
1056 465 1197 502 tempore
1215 461 1362 501 eligendi.

1026 512 1040 555 ξ
1058 512 1110 545 to.
1135 513 1300 546 Praeterea
1317 525 1351 546 ex
1370 515 1487 547 eisdem
1506 515 1628 556 litteris,
1646 515 1729 558 quod
1739 508 1809 554 „031³ss
1823 508 1933 553 {¹503th-

984 565 1020 597 de
1045 565 1167 597 duobus
1189 565 1344 605 discretis,
1371 578 1504 609 quorum
1530 568 1660 600 consilio
1677 562 1808 611 {ge-¹⁰¹⁵*nu
1829 562 1931 582 '‘Um''

985 617 1098 648 nei-alis
1126 617 1272 650 minister
1303 619 1348 650 uti
1378 620 1516 660 deberet,
1543 621 1727 653 mandatum

986 669 1095 709 suerat,
1121 681 1193 702 cum
1227 676 1391 713 expertum
1423 673 1461 705 sit
1487 674 1586 706 dictos
1613 674 1730 708 disere-

986 727 1031 755 tos
1055 723 1173 756 habere
1202 734 1403 767 nequaquam
1429 726 1537 758 Ordini
1570 727 1730 769 praedicto

985 776 1153 818 expedire3
1179 778 1327 820 quodque
1362 779 1399 811 de
1424 790 1531 811 sacrae
1556 780 1730 822 theologiae

986 830 1098 862 lectore
1113 857 1120 869 ,
1153 830 1206 873 qui
1231 835 1368 873 quatuor
1403 842 1514 863 cursus
1538 832 1729 872 absolvisset,

987 887 1019 914 ut
1050 885 1150 916 activa
1178 888 1207 916 et
1231 884 1354 927 passiva
1382 894 1455 916 voce
1485 884 1517 915 in
1545 883 1729 926 provinciali

986 934 1122 977 capitulo
1146 940 1300 977 uteretur,
1324 936 1357 968 in
1382 936 1500 969 eisdem
1522 937 1730 977 statuebatur,

988 987 1133 1021 tollimus.

1029 1039 1047 1083 ξ’
1061 1041 1111 1074 Μ.
1129 1041 1338 1076 Decernentes
1362 1043 1399 1076 de
1417 1053 1497 1076 novo
1515 1043 1609 1086 quod,
1628 1043 1731 1086 quoad
1740 1044 1930 1091 Μῃξῇξζῇζζῇξψ

989 1092 1064 1133 illos,
1082 1093 1136 1136 qui
1153 1105 1190 1127 ex
1210 1096 1519 1137 mahometanorum,
1544 1096 1730 1129 iudaeorum
1741 1098 1816 1143 322525
1831 1099 1933 1143 assfflggffi

988 1146 1033 1177 vel
1046 1145 1278 1181 haeretieorum
1296 1149 1519 1182 damnatorum
1537 1150 1731 1183 descendunt
1741 1152 1814 1169 mm
1828 1155 1868 1169 ⁰¹⁰·

988 1199 1131 1242 origine,
1167 1207 1308 1234 servetur
1339 1202 1423 1245 quod
1458 1203 1528 1245 piae
1560 1203 1732 1236 memoriae

989 1252 1101 1286 Paulus
1124 1254 1206 1296 Papa
1230 1255 1277 1295 IV,
1301 1255 1526 1297 praedecessor
1542 1261 1658 1297 noster,
1676 1267 1733 1300 per

989 1315 1060 1338 suas
1087 1305 1120 1338 in
1137 1306 1238 1339 forma
1264 1307 1368 1341 brevis
1393 1309 1522 1350 litteras,
1547 1310 1605 1342 sub
1621 1310 1731 1342 datum

989 1359 1132 1392 videlicet
1162 1360 1314 1403 vigesima
1341 1366 1453 1404 quarta
1482 1362 1590 1405 aprilis
1617 1372 1731 1403 Mnle,

990 1412 1190 1455 pontificatus
1215 1413 1262 1446 sui
1280 1423 1364 1447 anno
1382 1419 1506 1457 quarto,
1523 1415 1643 1448 statuit.

1031 1467 1046 1509 ξ
1069 1466 1120 1499 12.
1145 1468 1213 1501 Non
1237 1467 1436 1501 obstantibus
1463 1469 1576 1501 litteris
1609 1468 1732 1511 praedi-

988 1521 1055 1561 etis,
1072 1521 1106 1553 in
1121 1520 1266 1564 partibus
1282 1531 1339 1564 per
1355 1531 1413 1554 nos
1430 1521 1507 1554 alias
1523 1521 1687 1554 declaratis
1703 1525 1734 1553 et.

988 1573 1176 1614 reformatis,
1200 1583 1278 1616 quas
1311 1573 1343 1605 in
1372 1573 1502 1616 reliquis
1530 1573 1637 1605 firmas
1665 1583 1732 1605 esse

988 1628 1150 1667 volumus,
1190 1627 1367 1669 ceterisque
1399 1625 1568 1658 contrariis
1600 1625 1731 1667 quibus-

987 1690 1132 1723 eumque.

1030 1733 1141 1765 Datum
1173 1732 1290 1764 Romae
1314 1731 1397 1774 apud
1433 1731 1462 1764 S.
1487 1731 1646 1768 Marcum,
1673 1730 1731 1761 sub

987 1786 1103 1818 annulo
1119 1784 1297 1825 piscatoris,
1323 1785 1372 1817 die
1397 1789 1505 1816 octava
1530 1783 1729 1826 septembris.

988 1837 1152 1870 millesimo
1166 1837 1420 1880 quingentesimo
1430 1838 1659 1880 septuagesimo
1670 1842 1730 1869 ter<

987 1890 1040 1929 tio,
1066 1890 1269 1932 pontificatus
1281 1891 1382 1923 nostri
1400 1901 1483 1923 anno
1501 1901 1534 1923 11.

1772 1463 1885 1483 thusulao
1898 1465 1935 1484 de-

1747 1492 1875 1513 rogatouiac.

985 1996 1134 2039 Sequitm
1158 1996 1224 2028 alia
1240 1995 1409 2028 declaratio
1421 1995 1638 2037 praeirem-tae
1661 2005 1731 2026 con-

1029 2049 1221 2089 stitutionis,
1255 2052 1281 2079 et
1305 2048 1435 2079 alterius
1459 2047 1515 2079 Pii
1544 2047 1584 2087 V,
1609 2047 1646 2078 de
1669 2056 1733 2089 qua

1029 2103 1152 2134 ibidem.

1029 2203 1192 2237 Consuevit
1215 2203 1375 2235 Romanus
1392 2201 1531 2233 Pontifex
1551 2205 1604 2233 ete.
1621 2201 1644 2234 ¹.

1027 2258 1041 2301 ἓ
1065 2258 1096 2289 ’1.
1120 2256 1165 2289 Ad
1189 2255 1356 2287 tollendam
1382 2259 1486 2287 autem
1515 2264 1642 2287 omnem
1665 2264 1730 2287 am·
1740 2260 1932 2306 a35⁰¹³‘2‡{1⁰1„‘³2¹·

986 2311 1172 2354 biguitatem
1204 2314 1233 2341 et
1265 2308 1498 2348 difficultatem,
1531 2318 1612 2350 quae
1636 2294 1822 2351 superni—unii:¹
1873 2298 1932 2332 circi

1740 2346 1814 2359 vocem
1846 2341 1929 2363 praela-

986 2365 1051 2398 istis
1075 2362 1190 2395 nostris
1208 2361 1254 2393 vel
1270 2359 1519 2403 praedecessoris
1544 2359 1644 2393 nostri
1661 2369 1728 2392 ver-
1738 2369 1808 2386 torum
1819 2369 1839 2384 et
1850 2367 1929 2384 disses-

1738 2399 1785 2412 sum
1797 2394 1927 2411 eorumdem

985 2417 1032 2449 bis
1071 2414 1147 2447 oriri
1188 2413 1270 2445 inter
1304 2412 1415 2445 fratres
1443 2412 1622 2455 praedictos
1658 2419 1893 2455 pos-adiffiuimrfo

984 2472 1068 2507 sent,
1102 2466 1145 2497 ita
1176 2469 1208 2496 ut
1228 2463 1386 2506 sequitur,
1415 2463 1491 2506 quid
1521 2463 1605 2495 eirca
1637 2473 1727 2505 prae-

1020 2554 1026 2569 t
1045 2546 1192 2573 emittitur
1204 2545 1270 2570 haec
1283 2544 1431 2578 narrattva,
1446 2544 1511 2578 quia
1523 2544 1582 2577 ipsa
1592 2542 1670 2569 bulla
1682 2544 1725 2569 est

983 2593 1052 2618 quae
1072 2581 1217 2616 praecedit.
