2059 3228
401 249 465 284 408

358 315 516 355 perpetuo
533 309 663 353 obligati
683 315 863 345 remanent.
888 310 978 351 Quod
1002 312 1027 346 si
1051 313 1100 346 in—

357 364 435 398 iussi
462 363 637 403 discedant,
666 364 844 408 apostasiae
867 370 975 398 notam
996 371 1027 399 et
1047 377 1100 399 cx-

356 417 658 452 communicationis
691 428 728 452 ac
761 418 849 461 alias,
889 419 1007 463 quibus
1040 420 1100 464 ipsi

355 470 489 514 professi
530 471 713 513 subiacent,
758 482 877 516 poenas
918 473 1099 513 incurrant,

355 524 513 566 quamvis,
533 524 717 559 rationabili
736 535 775 558 ex
793 536 900 568 causa,
919 526 1006 560 iuxta
1026 537 1101 566 con-

353 576 536 618 stitutiones
552 578 692 619 casdem,
713 579 753 612 ab
766 578 836 623 ipso
846 579 1030 623 praeposito
1046 591 1099 623 ge-

352 630 455 664 nerali
475 631 591 665 dimitti
611 636 642 665 et
659 632 738 666 votis
757 633 944 670 huiusmodi
968 633 1099 668 liberari

352 683 495 728 possint;
517 696 599 729 quae
623 685 821 730 aniaipsis
830 687 936 730 primo
953 687 1099 731 ingressu

352 748 410 781 per
428 738 552 782 aliquot
575 739 643 773 dies
667 739 700 772 in
726 745 872 784 separata
901 741 1100 775 habitatione

336 791 547 834 constitutis,
588 797 761 837 antequam
781 795 822 829 ad
846 794 984 829 aliorum
1008 796 1098 829 novi-

352 845 473 878 tiorum
493 856 700 880 communem
725 848 906 882 convictum
926 849 1098 882 admittan-

351 903 416 941 tur,
437 898 471 932 in
493 898 594 943 ipsius
614 900 778 935 Societatis
804 902 992 946 privilegiis,
1021 913 1098 936 con-

350 952 570 987 stitutionibus
591 959 622 987 et
640 955 762 998 regulis
782 955 1017 991 consideranda
1035 962 1100 989 tra-

351 1002 485 1040 duntur.

393 1060 408 1103 g
427 1060 460 1094 3.
482 1061 617 1094 Biennio
637 1061 744 1106 itaque
755 1062 926 1096 novitiatus
937 1063 1097 1106 completo

350 1118 381 1146 et
399 1113 523 1147 emissis
544 1115 622 1152 votis
636 1114 848 1158 simplicibus,
864 1126 929 1149 una
941 1121 987 1149 est
997 1117 1099 1149 omni-

348 1166 409 1200 bus
430 1167 566 1201 omnino
590 1168 715 1201 vivendi
741 1174 772 1201 et
799 1169 973 1202 obediendi
1000 1170 1095 1210 ratio,

348 1220 531 1264 debentque
551 1232 662 1255 omnes
683 1222 715 1255 in
735 1223 901 1256 communi
924 1222 1042 1265 vivere,
1062 1234 1098 1257 ac

348 1273 382 1306 in
406 1275 555 1308 omnibus
586 1276 729 1317 obedire,
761 1287 827 1310 non
856 1287 948 1310 secus
976 1276 1012 1318 ii,
1042 1277 1098 1320 qui

348 1328 582 1371 professionem
601 1340 667 1362 non
695 1330 873 1363 emiserunt
898 1340 996 1373 quam
1022 1339 1098 1374 pro-

348 1382 438 1423 fessi3
465 1377 553 1426 quod
571 1394 647 1417 vero
667 1384 707 1417 ad
727 1389 951 1428 paupertatem
972 1384 1096 1425 attinet,

346 1436 493 1480 quamvis
512 1435 673 1474 bonorum
695 1447 829 1470 suorum
849 1437 899 1471 ius
919 1443 1015 1481 atque
1040 1438 1098 1471 do-

348 1489 487 1522 minium
506 1489 604 1523 iustas
621 1490 661 1523 ob
681 1501 804 1531 causas,
816 1501 875 1535 pro
891 1491 1098 1535 superiorum

348 1543 518 1585 arbitratu,
545 1544 586 1577 ad
604 1549 731 1589 tempus
750 1544 890 1578 retinere
908 1545 1044 1586 valcant,
1064 1550 1099 1578 ut

349 1596 383 1629 in
398 1596 468 1640 pios
479 1608 568 1638 usus,
586 1597 671 1631 iuxta
681 1599 902 1641 evangelicum
911 1599 1096 1639 consilium,

348 1650 555 1691 distribuant,
582 1652 615 1684 in
640 1652 769 1685 illorum
796 1658 903 1686 tamen
933 1664 994 1686 usu
1023 1653 1099 1686 reli-

349 1704 472 1747 giosam
492 1709 715 1749 paupertatem
733 1710 870 1747 servant,
893 1716 953 1739 nec
973 1706 1040 1739 ulla
1064 1717 1099 1739 re

351 1762 514 1801 tamquam
534 1758 666 1802 propria
685 1764 712 1791 et
726 1758 794 1792 sine
807 1759 984 1803 superioris
1001 1760 1101 1793 sacul-

162 255 261 287 ΑΕΗ.
276 258 345 288 1583

349 1816 412 1844 tate
433 1811 480 1844 uti
507 1817 661 1855 possunt3
695 1812 831 1855 peractis
860 1811 959 1855 igitur
987 1813 1114 1846 huius-·

350 1863 437 1897 modi
457 1864 702 1908 probationibus
722 1871 753 1899 et
769 1866 1010 1909 experimentis,
1026 1878 1099 1900 cum

332 1917 456 1951 dictae
484 1917 633 1951 Societati
659 1919 757 1952 fuerit
776 1929 834 1962 per
855 1929 891 1952 ea
910 1919 944 1952 iu
963 1916 1100 1953 Domino

350 1970 559 2013 satisfactum,
581 1977 663 2015 quos
682 1971 767 2005 idem
788 1973 990 2016 praepositus
1002 1983 1100 2016 gene-

333 2024 426 2057 ralis
446 2024 579 2058 idoneos
598 2025 731 2066 iudicat,
754 2033 808 2058 eos
830 2026 879 2059 vel
909 2026 947 2058 ad
978 2026 1100 2069 profes-

351 2077 477 2111 sionem
496 2088 556 2121 per
574 2083 646 2111 vota
665 2078 832 2120 solemnia,
855 2079 903 2111 vel
923 2079 961 2111 ad
983 2079 1102 2122 gradus

353 2131 578 2165 coadiutorum
596 2131 807 2165 formatorum
827 2132 1058 2176 spiritualium,
1077 2132 1100 2165 si

355 2185 547 2226 sacerdotes,
570 2185 618 2218 vel
639 2185 879 2229 temporalium,
901 2185 927 2218 si
939 2186 1010 2218 laici
1027 2186 1100 2226 sint,

354 2248 412 2281 per
435 2243 508 2271 vota
527 2239 638 2271 eadem
659 2238 790 2282 publice
810 2238 937 2280 emissa,
960 2239 1103 2282 quamvis

355 2301 418 2323 non
427 2291 595 2333 solemnia,
606 2292 691 2325 iuxta
700 2292 944 2326 constitutiones
951 2292 1101 2333 admitti13

356 2343 474 2386 quibus
495 2344 630 2385 emissis,
653 2355 691 2378 eo
709 2344 778 2388 ipso
790 2344 1016 2378 nihilomnino
1027 2356 1102 2389 pro-

358 2397 419 2440 prii
447 2398 586 2441 amplius
615 2405 659 2434 ve?
694 2398 780 2431 domi
805 2399 852 2432 vel
879 2398 956 2431 foris
985 2398 1104 2432 hahere

359 2456 503 2492 possunt,
526 2451 671 2495 fiuntque
689 2451 857 2496 incapaces
877 2451 1014 2485 cuiusvis
1027 2452 1104 2484 hae-

359 2497 530 2531 reditariae
543 2500 765 2540 successionis,
780 2511 850 2540 nce,
866 2501 1104 2544 propteremis-

360 2555 394 2578 sa
409 2546 594 2580 huiusmodi
615 2554 685 2582 vota
705 2549 845 2592 publica,
867 2554 922 2582 aut
942 2560 1000 2593 per
1018 2558 1105 2582 mor-

361 2600 425 2628 tem
447 2595 486 2628 ab
506 2597 668 2634 intestato,
683 2599 712 2631 in
729 2598 857 2632 illorum
878 2599 973 2632 sicuti
992 2609 1053 2633 nec
1072 2599 1106 2632 in

361 2643 578 2687 professorum
599 2646 691 2681 bonis
710 2647 826 2681 domus
845 2648 910 2683 ulla
933 2653 990 2682 aut
1008 2648 1107 2683 ecclc·-

949 257 1127 287 emmaum
1149 258 1300 287 ROMANUM

1142 313 1188 346 sia
1208 313 1257 346 vel
1278 312 1451 356 collegium
1471 313 1575 347 dictae
1593 313 1761 348 Societatis
1776 312 1889 349 succe-

1142 366 1217 399 dere
1232 371 1347 410 potest.
1359 366 1491 407 Etlicet,
1504 375 1558 401 eos
1569 367 1635 411 qui,
1644 368 1890 412 postbiennium

1142 420 1315 454 novitiatus
1327 430 1506 462 emensum,
1521 421 1606 455 dicta
1615 421 1676 455 tria
1686 427 1758 455 vota
1769 420 1890 467 simpli-

1142 473 1190 506 cia
1200 473 1294 506 sicuti
1305 474 1345 507 ab
1355 473 1416 507 hac
1426 473 1506 507 Sede
1516 474 1649 518 probata
1659 475 1890 518 sunt'emitten-

1141 531 1200 564 tes,
1223 531 1254 559 et
1269 532 1356 560 extra
1375 527 1572 565 novitiorum
1590 537 1763 561 numerum
1774 528 1886 571 habiti,

1141 590 1177 612 ac
1205 579 1238 612 in
1263 590 1381 623 corpus
1410 579 1512 624 ipsius
1543 581 1712 614 Societatis
1736 582 1888 626 cooptati,

1141 633 1293 677 illiusque
1313 633 1503 667 meritorum
1515 639 1545 667 et
1558 635 1811 678 privilegiorum,
1823 646 1889 670 non

1141 697 1232 720 secus
1257 692 1352 731 atque
1381 687 1442 732 ipsi
1466 688 1612 732 professi,
1644 698 1681 721 ex
1706 687 1890 732 praedictae

1140 740 1230 773 Sedis
1248 741 1468 784 dispositione,
1479 740 1651 785 participes
1679 742 1798 784 effecti,
1815 743 1890 786 qui-

1139 804 1214 837 que,
1236 800 1394 838 quantum
1413 795 1447 828 in
1467 794 1512 829 eis
1533 799 1591 836 est,
1607 800 1639 829 et
1655 795 1890 840 professionem

1140 848 1286 882 emittere
1306 849 1420 893 parati,
1443 849 1468 882 si
1487 850 1556 894 ipse
1574 850 1775 894 praepositus
1790 861 1889 895 gene-

1140 900 1214 934 ralis
1230 901 1260 934 id
1276 903 1460 945 praedictae
1470 902 1638 937 Societatis
1653 903 1799 938 instituto
1810 915 1889 938 con-

1111 998 1113 1001 ⁴
1139 964 1257 997 gruere
1274 955 1472 998 iudicaverit,
1493 963 1524 991 et
1541 957 1575 990 in
1586 963 1744 1002 perpetuo
1754 957 1809 992 Dei
1821 969 1889 992 ser-

1140 1008 1215 1042 vitio
1240 1010 1430 1049 consecrati,
1453 1016 1484 1044 et
1503 1021 1560 1044 sua
1579 1017 1677 1052 sorte,
1699 1016 1796 1056 prout
1813 1011 1888 1049 illo-
1906 1051 1907 1054 Ἴ

1139 1072 1212 1094 rum
1232 1062 1394 1096 laudabile
1413 1063 1597 1097 institutum
1615 1063 1720 1108 exigit,
1731 1065 1887 1106 contenti,

1140 1126 1176 1148 ac
1195 1115 1335 1160 denique
1355 1117 1702 1153 excommunicationis
1721 1123 1752 1152 ct
1767 1118 1839 1153 aliis
1854 1129 1890 1154 a·-

1139 1174 1336 1213 postatarum
1361 1171 1474 1215 poenis
1493 1171 1628 1205 subiecti
1652 1176 1833 1213 sunt,‘vere
1857 1177 1889 1207 et

1140 1222 1271 1266 proprie
1289 1223 1458 1266 religiosos
1478 1234 1560 1266 esse,

1183 1275 1198 1318 g
1216 1275 1248 1308 4.
1275 1276 1483 1320 Compertum
1502 1277 1558 1319 sit;
1579 1278 1813 1314 nonnullorum
1843 1284 1890 1313 ta-

1141 1338 1214 1361 men
1231 1329 1366 1370 animos,
1387 1330 1442 1373 qui
1462 1330 1507 1374 pii
1524 1330 1646 1374 alioqui
1662 1335 1693 1364 et
1707 1330 1803 1364 utiles
1812 1341 1889 1375 ope-

1140 1381 1215 1415 rarii
1229 1382 1379 1425 existunt,
1393 1383 1558 1417 sollicitari
1574 1389 1605 1417 et
1614 1384 1710 1428 affligi
1726 1384 1888 1418 interdurn
1902 1385 1965 1404 ‘³⁰¹¹‘

1140 1436 1308 1480 contingit,
1319 1438 1488 1480 quasinon
1507 1437 1572 1471 sint
1589 1437 1792 1482 religiosi,eo
1801 1438 1890 1482 quod

1139 1500 1205 1523 non
1225 1489 1289 1523 sint
1307 1490 1462 1534 professi;
1485 1501 1546 1524 nec
1565 1490 1662 1524 etiam
1691 1491 1795 1525 desint
1817 1491 1887 1536 qui,

1140 1542 1316 1586 Religionis
1352 1549 1533 1588 praetextu,
1569 1544 1820 1588 transfigurante
1855 1556 1890 1580 se

1140 1603 1250 1630 satana
1270 1597 1303 1630 in
1327 1597 1478 1641 angelum
1506 1597 1600 1639 lucis,
1627 1608 1694 1631 non
1716 1598 1822 1632 solum
1851 1609 1891 1633 ea

1140 1651 1309 1685 occasione
1328 1650 1464 1695 inquieti
1479 1656 1564 1692 sunt,
1578 1652 1633 1685 sed
1643 1651 1738 1686 etiam
1749 1652 1889 1686 aliorum

1163 1714 1254 1738 acem
1274 1709 1305 1738 et
1323 1703 1523 1738 vocationem
1548 1704 1740 1746 disturbare,
1771 1714 1890 1750 eosque

1140 1768 1173 1791 m
1192 1759 1338 1792 fraudem
1359 1763 1390 1792 et
1410 1757 1622 1791 defectionem
1647 1758 1808 1792 deducere
1833 1769 1890 1793 co-

1141 1816 1272 1853 nantur,
1295 1812 1381 1846 unde
1401 1811 1586 1845 oravissima
1605 1817 1713 1855 posset
1730 1811 1812 1845 haec
1830 1812 1891 1847 Re-
1945 1852 1950 1858 Ι

1141 1864 1230 1907 ligio,
1240 1870 1407 1909 tantopere
1417 1865 1505 1899 utilis
1516 1871 1548 1899 et
1560 1864 1681 1909 ubique
1687 1865 1728 1899 ab
1739 1865 1891 1899 omnibus

1142 1919 1290 1962 expetita,
1311 1919 1481 1963 concipere
1501 1919 1703 1953 detrimenta.
1723 1918 1798 1960 Nos,
1815 1929 1898 1959 con<

1141 1971 1319 2006 siderantes
1342 1972 1465 2006 divinae
1495 1972 1671 2017 sapientiae
1695 1977 1790 2016 atque
1813 1982 1891 2017 pro-

1141 2025 1301 2064 videntiae
1319 2025 1498 2067 thesauros,
1515 2036 1574 2070 pro
1586 2030 1769 2069 temporum
1781 2036 1892 2060 neces-

1143 2078 1246 2119 sitate,
1268 2078 1355 2112 varia
1367 2083 1398 2112 et
1412 2078 1496 2112 inter
1515 2089 1547 2112 se
1566 2078 1744 2120 dissimilia,
1765 2079 1893 2113 eadem-

1142 2141 1206 2174 que
1224 2132 1378 2172 salubria,
1400 2131 1555 2165 Ordinmn
1571 2131 1715 2166 instituta
1733 2132 1767 2166 in
1784 2132 1893 2166 Eccle-

1143 2183 1190 2217 sia
1210 2194 1267 2217 sua
1286 2185 1486 2229 produxisse,
1515 2190 1546 2218 et
1568 2195 1655 2219 nunc
1678 2185 1826 2220 maxime-
1843 2185 1894 2230 (ut

1144 2237 1320 2271 felicissimi
1340 2243 1406 2272 toto
1430 2238 1508 2272 orbe
1533 2249 1699 2272 successus
1722 2237 1893 2283 testantur)

1146 2291 1301 2324 mirificos
1318 2291 1350 2324 in
1370 2302 1447 2335 agro
1465 2292 1590 2325 Domini
1612 2293 1735 2325 fructus
1753 2291 1817 2326 hoc
1834 2301 1892 2337 pe-

1146 2344 1261 2377 culiari
1277 2344 1379 2378 dictae
1398 2344 1564 2378 Societatis
1580 2345 1728 2378 instituto
1739 2344 1890 2389 proserri3

1146 2408 1261 2441 quare,
1301 2399 1341 2431 ad
1379 2399 1609 2432 summovenda
1649 2397 1892 2432 circumstantia

1147 2451 1335 2485 huiusmodi
1368 2452 1523 2496 pericula,
1553 2462 1689 2496 eamque
1715 2453 1749 2485 in
1767 2451 1892 2486 sincera

1146 2500 1313 2533 vocatione
1325 2511 1382 2533 sua
1393 2501 1632 2542 continendam,
1649 2506 1756 2545 partes
1767 2506 1892 2534 nostras

1147 2549 1346 2583 adhibendas
1365 2550 1574 2590 decrevimus,
1594 2555 1640 2591 ut,
1662 2548 1814 2594 praecisis
1832 2549 1892 2587 hu·
1918 2551 1923 2558 '

1148 2596 1285 2631 iusmodi
1304 2599 1585 2642 perturbationum
1618 2598 1733 2639 causis,
1768 2597 1892 2646 Reli-gio

1147 2648 1227 2692 ipsa,
1257 2658 1341 2692 quae
1373 2647 1406 2681 in
1433 2647 1674 2693 propagandam
1701 2647 1891 2691 religionem
