2059 3228
106 248 154 276 An.
172 250 191 274 t*
221 249 281 276 157¹!

116 1057 186 1075 cauea
205 1057 277 1076 const.

128 1745 228 1766 nociores
256 1747 281 1764 ex

102 1780 161 1802 patre
194 1778 214 1795 el
243 1779 282 1794 avo

104 1806 123 1826 R=
135 1812 179 1826 uiae
228 1806 282 1826 natis

103 1839 127 1856 :ut
172 1837 282 1862 legendum

103 1869 123 1888 in
148 1867 186 1888 hoc
209 1867 282 1887 Studio

102 1898 243 1919 admittantur.

352 240 362 270 t
372 241 412 269 οῦ

893 245 1070 269 BULLAIHUM
1096 244 1244 268 ROMANUM

348 300 456 331 [lutum
470 299 587 331 Romae
607 298 690 342 apud
712 298 742 329 S.
762 296 903 337 Petrum,
917 296 975 328 sub
992 306 1043 328 an·
1085 302 1117 327 ut
1140 294 1338 338 praeliatur,
1361 293 1468 335 legere
1487 294 1635 331 volucrit,
1658 291 1834 337 apostolica

297 354 374 384 nulo
389 351 568 389 Piscatoris,
580 350 630 383 die
650 359 692 382 xit
709 350 860 390 octobris,
873 349 1044 382 millesimo

296 404 550 448 quingentesimo
570 404 805 447 septuagesimo
821 409 947 447 quarto,
967 414 1045 447 pou·

297 459 433 490 titivatus
453 457 551 489 nostri
572 467 656 489 anno
675 466 724 489 111.

317 515 376 544 llat.
398 515 444 544 ilie
464 514 496 543 Γ.)
515 514 643 544 octobris
657 515 744 552 1574,
762 514 867 554 pontif.
883 523 959 544 auno
977 523 1021 544 111.

547 588 625 595 —-

594 666 739 698 xxxvii.

296 733 506 775 Prit'ilegyimn
516 733 679 765 (laetorum
692 732 909 765 Romanorum
921 733 1043 776 publice

335 786 460 829 quemli
484 786 517 818 in
543 796 740 829 quacumque
759 786 915 828 facultate
934 786 969 818 in,
989 796 1041 829 gye-

334 839 441 872 neralt'
458 838 572 872 Studio
593 839 698 872 almae
722 838 814 871 Urbis
836 837 862 871 1.

291 919 436 956 Gregorius
442 920 512 956 Papa
521 919 590 956 xm,
601 920 635 948 ad
643 920 809 955 perpetuam
818 920 859 948 rei
868 919 1037 947 memoriam.

334 990 505 1035 Cupientes
523 990 689 1023 universos
703 991 805 1023 almae
816 989 910 1023 Urbis
924 996 1040 1023 nosti-:r

291 1042 415 1086 origine
434 1043 551 1076 civium
572 1043 656 1076 filios
675 1043 715 1076 ad
734 1044 896 1076 bonarum
918 1043 1040 1077 littera-

292 1107 364 1129 rum
384 1096 601 1141 cognitionem
622 1102 651 1129 et
667 1097 858 1136 doctrinam,
874 1107 932 1140 pro
954 1107 1041 1130 com-

292 1150 382 1182 muni
403 1154 433 1182 et
453 1149 584 1193 publica
604 1148 933 1192 utilitate,dictaeque
947 1149 1041 1182 Urbis

292 1207 481 1235 ornamento
497 1207 527 1236 et
546 1202 681 1242 honore,
706 1207 839 1245 paterna
860 1202 990 1235 caritate
1011 1209 1041 1236 et

292 1254 380 1288 Sedis
395 1255 595 1299 Apostolicae
616 1255 837 1288 munificentia
857 1256 1041 1299 atquelibe-

293 1308 416 1341 ralitate
437 1309 578 1348 allicere,
601 1314 636 1341 ut
655 1308 733 1352 ipsis
757 1314 788 1341 et
812 1309 906 1342 etiam
927 1309 1040 1342 ceteris

292 1366 332 1398 ad
356 1366 505 1399 virtutem
531 1366 636 1399 calcar
660 1366 877 1398 honorificum
907 1371 937 1399 et
972 1367 1039 1398 sru-

294 1425 442 1452 ctuosum
467 1419 619 1459 addatur3
642 1424 730 1452 motu
751 1419 895 1463 proprio,
911 1429 975 1452 non
998 1420 1038 1452 ad

294 1472 431 1505 alicuius
442 1483 538 1516 super
554 1473 615 1505 hoc
632 1472 725 1505 nobis
736 1472 860 1505 oblatae
877 1473 1041 1516 petitionis

293 1525 489 1565 instantiam,
510 1525 566 1558 sed
587 1535 624 1558 ex
640 1530 726 1558 certa
741 1530 850 1558 nostra
864 1525 993 1558 scientia
1004 1537 1040 1558 ac

295 1578 334 1611 de
360 1589 447 1611 mera
468 1584 575 1611 nostra
595 1578 799 1619 liberalitate,
820 1578 944 1611 dilectis
968 1579 1042 1612 siliis

295 1631 418 1665 senatui
438 1637 469 1664 et
489 1632 609 1675 populo
633 1632 789 1664 Romano.

340 1685 354 1728 ς
370 1685 400 1717 t.
419 1684 509 1723 Quod
522 1695 557 1717 ex
568 1694 655 1717 nunc
665 1684 818 1728 deinceps
839 1684 1043 1728 etperpetuis

296 1738 412 1770 futuris
432 1736 633 1781 temporibus
655 1746 766 1769 omnes
782 1742 812 1769 et
826 1737 943 1778 singuli
968 1738 1044 1770 ado-

296 1790 452 1823 lescentes
472 1795 502 1822 et
521 1789 651 1822 iuvenes
664 1789 825 1829 doctores,
848 1800 885 1822 ex
904 1796 993 1834 patre
1013 1796 1044 1823 et

297 1854 353 1876 avo
373 1843 492 1876 Romae
511 1842 604 1883 natis,
629 1842 784 1883 Romani,
807 1848 837 1875 et
856 1843 1044 1876 excedentes

298 1896 485 1939 vigesimum
497 1896 675 1929 secundum
692 1907 767 1928 suae
782 1896 893 1929 aetatis
909 1907 1042 1937 annum,

298 1950 353 1993 qui
375 1950 405 1982 in
422 1949 534 1983 Studio
554 1960 610 1982 seu
626 1950 789 1993 gymnasio
801 1949 932 1993 publico
952 1950 1045 1983 dictae

298 2003 393 2036 Urbis
405 2003 436 2035 in
448 2013 652 2047 quacumque
667 2003 817 2035 facultate
832 2013 890 2046 pro
902 2009 1046 2047 tempore

299 2058 406 2099 legere
426 2055 598 2097 voluerint,
613 2056 652 2089 ad
672 2056 828 2089 lecturam
843 2056 1044 2095 huiusmodi,

301 2110 383 2142 sacta
407 2113 513 2142 tamen
533 2108 622 2153 prius
638 2119 696 2153 per
711 2119 776 2149 eos,
795 2118 903 2142 coram
924 2108 1048 2141 dilectis

302 2161 376 2194 siliis
400 2162 518 2194 nostris
542 2161 574 2195 S.
592 2161 630 2194 R.
652 2161 686 2194 E.
710 2160 927 2195 cardinalibus
952 2172 1049 2205 super

305 2214 417 2247 eodem
438 2213 548 2247 Studio
568 2225 624 2248 seu
645 2214 809 2258 gymnasio
829 2213 990 2258 deputatis
1013 2224 1049 2247 ac

305 2266 390 2299 illius
410 2272 534 2300 rectore
556 2272 587 2300 et
605 2267 871 2300 reformatoribus
891 2277 949 2311 pro
969 2272 1050 2299 tem-

306 2329 384 2363 pore
413 2319 637 2359 existentibus,
659 2329 724 2353 una
750 2320 904 2361 lectione,
929 2319 1050 2352 admitti

307 2372 453 2412 debeant,
463 2384 537 2405 cum
548 2373 662 2406 salario
670 2373 927 2417 vigintiquinque
947 2378 1054 2406 scuto-

308 2436 379 2457 rum
401 2425 543 2468 quolibet
560 2436 643 2459 anno
667 2436 726 2471 pro
745 2436 962 2470 unoquoque,
983 2424 1051 2468 qui,

344 2492 355 2517 1
375 2490 463 2517 Huius
477 2489 563 2517 Studii
579 2491 751 2519 erectionem
767 2495 794 2520 et
808 2491 863 2519 alia
877 2498 950 2526 quae
960 2490 1055 2525 ipsum

310 2537 486 2561 concernunt
496 2534 559 2561 vide
574 2535 601 2561 in
609 2534 698 2562 Bonis.
716 2535 776 2563 VllI
799 2538 889 2563 const.
906 2542 953 2569 xx,
969 2535 1056 2562 Insu-

307 2585 426 2613 premae,
443 2581 508 2605 tom.
521 2584 557 2612 iv,
575 2586 636 2613 pag.
652 2579 712 2614 1663
724 2583 752 2608 et
761 2580 864 2608 Leonis
876 2578 898 2608 X
913 2582 1002 2607 const.
1015 2585 1055 2613 1v,

312 2622 382 2649 Dum
397 2623 577 2654 stuwissimos,
595 2626 660 2650 tom.
674 2630 700 2657 v,
717 2631 779 2659 pag.
795 2624 856 2652 568.

1085 348 1285 386 auctoritate,
1304 352 1414 379 tenore
1427 351 1657 389 praesentium,
1678 349 1832 389 perpetuo

1085 399 1293 433 concedimus
1313 404 1343 432 et
1358 398 1544 441 elargimur.
1561 398 1692 431 Necnon
1711 396 1832 430 eisdem

1084 453 1290 491 doctoribus,
1315 457 1350 485 ut
1372 452 1567 496 praefertur,
1589 451 1643 494 qui
1664 451 1696 483 in
1716 450 1826 484 eodeni

1083 506 1248 548 gymnasio
1260 516 1377 538 munus
1389 504 1515 547 legendi
1531 504 1695 544 subibunt,
1707 503 1830 536 dictum

1084 559 1235 591 salarium
1247 569 1391 592 annuum
1400 556 1656 601 vigintiquinque
1664 563 1829 590 scutorum

1085 611 1161 655 ipsis
1172 618 1326 645 eteorum
1342 612 1486 652 cuilibet,
1498 610 1613 644 debitis
1626 616 1656 644 et
1667 610 1830 644 consuetis

1085 665 1115 696 iu
1128 665 1239 697 eodem
1252 665 1364 698 Studio
1375 675 1431 698 seu
1445 663 1607 708 gymnasio
1618 665 1827 708 temporibus,

1083 728 1120 750 ac
1140 717 1178 750 de
1198 723 1229 750 et
1251 729 1287 751 ex
1307 718 1449 754 eiusdem
1471 717 1573 751 Studii
1594 728 1650 750 seu
1675 717 1829 760 gymnasii

1084 771 1278 811 redditibus,
1307 770 1536 814 proventibus,
1563 770 1774 812 vectigalibus
1798 776 1830 804 et

1083 825 1153 857 aliis
1178 824 1406 857 emolumentis
1430 823 1586 856 universis
1610 834 1667 867 per
1691 834 1764 864 eos,
1789 824 1828 857 ad

1083 888 1164 920 quos
1188 883 1308 921 spectat
1332 883 1362 910 et
1389 887 1447 921 pro
1475 882 1620 920 tempore
1651 877 1826 920 spectabit,

1085 930 1329 974 persolvendum
1343 956 1350 971 ,
1372 935 1461 963 motu
1473 935 1504 963 et
1519 929 1708 962 auctoritate
1719 929 1830 963 simili-

1084 984 1157 1023 bus,
1173 983 1398 1016 constituimus
1407 988 1438 1016 et
1454 983 1666 1025 assignamus3
1679 982 1830 1027 ipsosque

1083 1037 1120 1069 ad
1142 1037 1298 1069 lecturam
1319 1036 1505 1070 huiusmodi
1525 1036 1626 1080 recipi
1641 1041 1672 1070 et
1691 1037 1826 1078 admitti,

1083 1096 1113 1123 et
1133 1090 1285 1123 salarium
1306 1090 1352 1123 eis
1369 1094 1399 1123 et
1411 1100 1523 1123 eorum
1541 1089 1677 1132 singulis
1691 1090 1828 1134 persolvi

1083 1143 1211 1183 debere,
1234 1148 1270 1175 ut
1288 1143 1480 1187 praefertur,
1503 1142 1717 1175 decernimus.

1126 1196 1140 1238 ,ξ
1160 1195 1189 1227 2.
1213 1196 1396 1228 Mandantes
1418 1200 1589 1239 propterea
1612 1195 1735 1229 dilectis
1754 1195 1829 1230 filiis
1843 1192 2015 1260 «effifft'ss⁰¹⁰⁶

1083 1249 1361 1281 conservatoribus
1379 1248 1531 1282 Gamerae
1551 1248 1653 1282 dictae
1664 1249 1769 1290 Urbis,
1791 1260 1828 1283 ac

1084 1301 1200 1334 rectori
1220 1307 1251 1335 et
1270 1301 1536 1335 reformatoribus
1555 1301 1630 1335 dicti
1650 1302 1753 1335 studii
1771 1314 1829 1336 seu

1083 1355 1250 1399 gymnasii,
1273 1355 1493 1398 praesentibus
1508 1361 1538 1388 et
1549 1355 1676 1396 suturis,
1693 1356 1829 1399 aliisque

1084 1408 1233 1441 omnibus
1254 1413 1285 1441 et
1304 1408 1455 1450 singulis,
1481 1409 1521 1441 ad
1540 1419 1622 1451 quos
1641 1408 1671 1441 id
1691 1419 1828 1452 quomo-

1083 1461 1203 1494 dolibet
1222 1466 1342 1505 spectat
1366 1466 1398 1494 et
1416 1472 1474 1505 pro
1496 1467 1640 1505 tempore
1661 1462 1828 1505 spectabit,

1083 1519 1241 1558 quatenus
1265 1519 1448 1557 praesentes
1466 1519 1592 1547 nostras
1611 1514 1732 1548 litteras
1750 1513 1832 1548 reci-

1084 1567 1172 1611 piant
1191 1573 1221 1600 et
1240 1566 1408 1600 admittant
1427 1578 1464 1600 ac
1479 1566 1706 1601 inviolabiliter
1720 1567 1830 1601 obser-

1084 1625 1178 1661 vent,
1201 1626 1231 1653 et
1255 1621 1294 1653 ab
1322 1620 1492 1661 omnibus,
1515 1631 1597 1664 quos
1623 1631 1661 1654 ea
1689 1631 1830 1664 quomo-

1084 1674 1203 1707 dolibet
1222 1679 1424 1707 concernunt
1447 1679 1477 1707 et
1496 1680 1704 1714 concernent,
1722 1675 1832 1708 obser-

1084 1726 1150 1759 vari
1182 1727 1335 1760 mandent
1367 1732 1397 1760 et
1435 1726 1554 1759 faciant
1569 1737 1576 1767 3
1609 1737 1736 1760 necnon
1774 1727 1831 1760 do-

1085 1780 1227 1813 ctoribus
1238 1780 1417 1822 legentibus
1427 1779 1614 1813 huiusmodi
1629 1780 1667 1813 de
1683 1780 1766 1813 dicto
1783 1791 1833 1814 sa-

1086 1834 1175 1874 lario,
1201 1833 1327 1873 debitis,
1349 1839 1384 1866 ut
1406 1833 1598 1877 praefertur,
1618 1833 1839 1883 temporibus,

1086 1887 1253 1919 annuatim
1267 1886 1494 1930 respondeant,
1511 1891 1541 1919 et
1555 1886 1649 1918 etiam
1665 1885 1833 1920 faciantab

1088 1941 1158 1973 aliis
1182 1939 1371 1984 responderi
1395 1939 1524 1972 realiter
1551 1943 1582 1972 et
1605 1949 1680 1972 cum
1702 1939 1831 1972 effectu.

1088 1993 1124 2025 Et
1143 1993 1168 2026 si
1189 2003 1280 2026 secus
1300 2003 1398 2036 super
1417 1992 1466 2025 liis
1485 2002 1503 2024 a
1522 2002 1702 2035 quoquam,
1723 1991 1836 2036 quavis

1088 2046 1288 2086 auctoritate,
1308 2045 1446 2078 scienter
1457 2045 1507 2078 vel
1517 2044 1713 2088 ignoranter,
1732 2045 1837 2079 conti-

1088 2099 1170 2142 gerit
1188 2099 1353 2140 attentari,
1375 2097 1503 2131 irritum
1523 2103 1555 2131 et
1572 2097 1668 2132 inane
1687 2098 1836 2132 decerni-

1091 2163 1172 2185 mus.

1134 2206 1149 2248 5
1176 2205 1208 2238 3.
1231 2205 1301 2238 Non
1328 2204 1526 2238 obstantibus
1554 2204 1838 2239 constitutionibus

1092 2263 1121 2291 et
1136 2257 1391 2291 ordinationibus
1401 2257 1597 2301 apostolicis;
1614 2268 1652 2291 ac
1662 2257 1766 2291 studii
1780 2267 1838 2291 seu

1092 2311 1247 2355 gymnasii
1257 2320 1384 2345 necnon
1407 2311 1501 2343 Urbis
1525 2311 1724 2352 huiusmodi,
1749 2310 1838 2344 iura-

1094 2369 1213 2405 mento,
1225 2363 1471 2397 confirmatione
1482 2364 1658 2408 apostolica
1670 2365 1719 2398 vel
1729 2364 1839 2408 quavis

1094 2418 1244 2451 firmitate
1259 2418 1320 2450 alia
1332 2418 1504 2459 roboratis,
1521 2417 1647 2451 statutis
1657 2423 1688 2451 et
1707 2427 1840 2451 consue-

1094 2466 1274 2506 tudinibus;
1295 2466 1471 2510 privilegiis
1490 2477 1638 2511 quoque,
1658 2466 1792 2499 indultis
1811 2473 1843 2500 et

1096 2515 1210 2548 litteris
1228 2515 1425 2559 apostolicis,
1444 2514 1607 2558 quibusvis
1621 2514 1842 2559 superioribus

1096 2569 1126 2597 et
1145 2563 1303 2608 personis,
1326 2564 1359 2596 in
1383 2575 1501 2608 genere
1520 2565 1569 2598 vel
1588 2564 1622 2596 in
1641 2562 1761 2607 specie,
1781 2563 1842 2596 sub

1096 2612 1356 2657 quibuscumque
1382 2613 1550 2647 tenoribus
1577 2617 1608 2646 et
1638 2611 1771 2652 formis,
1805 2622 1844 2645 ac

1851 237 1897 266 An.
1911 237 1940 266 C.
1958 237 1969 266 ί

1901 2209 2021 2245 vortig-21⁰2
2026 2203 2037 2242 5,

1861 2243 2034 2265 centurionum
