2059 3228
193 364 329 400 praeesse
349 354 555 399 dignosceris,
576 355 699 388 etiamsi
723 354 820 388 nullis
843 354 942 398 magi-

193 407 295 442 steriis
315 408 348 442 in
368 418 459 442 sacra
479 408 640 452 theologia
660 414 688 442 et
703 408 888 442 doctoratus
908 407 940 440 in

193 461 264 496 iure
283 462 440 496 canonico
478 463 631 505 gradibus
660 462 800 504 insigniti
825 466 940 501 essent,

192 514 269 549 alias
287 520 395 549 tamen
420 515 544 549 idoneis
572 521 602 549 et
635 514 820 559 approbatis
840 515 941 559 ipsius

192 567 358 602 societatis
396 568 609 608 confessariis‚
650 573 685 601 ut
721 577 941 612 quascumque

192 621 384 665 obsignatas,
407 622 503 655 etiam
528 621 687 665 magistris
719 622 751 654 in
780 622 940 665 theologia

184 675 240 716 ’,νεὶ
259 674 330 709 iure
351 676 508 710 canonico
532 676 717 709 doctoribus
737 675 883 716 directas,
908 675 940 708 in

192 727 261 762 foro
277 728 506 770 conscientiae,
528 729 671 762 eiusdem
693 728 809 762 Sacrae
829 729 942 762 Poeni-

191 781 360 815 tentiariae
378 782 500 816 litteras
519 782 658 826 aperire,
681 787 710 815 et
732 782 941 816 absolutionis

191 833 387 869 beneficium
415 836 500 869 iuxta
529 836 656 868 illarum
699 835 940 878 dispositionem

191 887 379 933 impendere
398 893 527 933 possent
542 894 572 922 et
587 889 738 930 valerent,
750 890 943 924 verbotenus

138 980 142 985 .
191 942 362 983 concessit,
384 947 486 986 eaque
506 942 657 976 facultate
677 943 737 986 ipsi
766 944 943 988 presbyteri

191 994 347 1029 hactenus
366 997 415 1029 usi
436 1001 520 1029 sunt.
544 996 623 1030 Cum
645 996 752 1040 itaque
768 997 868 1041 ipsius
885 998 943 1031 So-

191 1048 316 1083 cietatis
347 1049 489 1093 religiosi
528 1050 567 1083 ad
605 1050 791 1084 huiusmodi
811 1052 941 1094 gradus,

192 1102 252 1137 nisi
271 1113 330 1148 pro
356 1103 544 1137 necessitate
583 1104 768 1137 scholarum
797 1115 942 1146 suarum,

192 1156 376 1201 promoveri
401 1160 466 1190 non
500 1157 643 1198 soleant,
679 1158 877 1202 poenitentes
911 1170 943 1192 e-

191 1208 268 1243 tiam
305 1209 345 1243 ad
372 1209 458 1254 ipsos
486 1210 688 1254 presbyteros
712 1222 786 1244 cum
811 1212 877 1245 suis
896 1212 945 1245 lit-

191 1262 268 1297 teris
286 1263 496 1297 absolutionis
515 1263 548 1296 in
568 1263 635 1297 dies
659 1270 828 1300 recurrant
848 1265 945 1298 etim-

192 1321 331 1362 portune
350 1317 528 1357 obsecrent,
562 1323 742 1361 opportune
777 1318 872 1352 etiam
892 1329 946 1352 eos

193 1369 297 1404 iuvari
317 1370 477 1404 convenit.

238 1423 255 1467 ἓ
274 1423 304 1457 1.
326 1423 389 1457 Nos
408 1424 541 1464 idcirco,
558 1424 623 1458 tuis
638 1424 671 1457 in
688 1425 749 1458 hac
768 1431 858 1470 parte
874 1435 946 1469 sup-

70 1483 182 1522 coneeqntq
193 1476 585 1520 plicationibusinclinati‚
604 1478 794 1522 presbyteris
810 1479 949 1512 Societa-

46 1517 183 1575 Αμηὼὲξῖ
194 1529 235 1563 tis
257 1529 454 1571 huiusmodi,
475 1542 533 1574 per
551 1536 581 1564 te
601 1532 649 1564 vel
676 1532 732 1564 tibi
756 1532 948 1565 subordina-

42 1578 184 1632 ss‘ffiffl
197 1589 246 1617 tos
263 1582 350 1617 illius
369 1583 552 1628 superiores
577 1584 615 1618 de
635 1591 690 1618 tua
709 1585 839 1618 licentia
863 1586 947 1619 desi-

60 1632 71 1674 J
105 1641 180 1663 unnn.
196 1637 343 1680 gnandis,
365 1642 396 1671 et
415 1637 455 1671 ab
473 1639 646 1672 ordinariis
666 1640 814 1673 locorum
833 1650 948 1683 appro-

64 1694 66 1697 “
195 1690 278 1724 batis
309 1691 359 1724 vel
378 1692 607 1736 approbandis,
630 1692 753 1726 etiamsi
775 1694 948 1736 magisterii

195 1744 245 1777 vel
263 1744 449 1778 doctoratus
467 1751 521 1778 aut
537 1746 608 1779 aliis
627 1746 780 1789 gradihus
807 1747 948 1790 insigniti

194 1807 260 1831 non
283 1797 355 1839 sint,
400 1798 522 1832 litteras
553 1799 741 1833 huiusmodi
771 1800 947 1844 aperiendi,

196 1851 516 1896 confessionibusque
541 1853 686 1887 fidelium
713 1854 753 1886 ad
778 1854 865 1898 ipsos
901 1866 950 1888 re-

197 1904 398 1944 currentium
419 1905 545 1946 auditis,
582 1912 613 1939 et
645 1906 794 1952 imposita
817 1908 948 1942 salutari

197 1957 231 1992 in
259 1957 324 1992 illis
342 1962 491 2003 expressa
526 1961 574 1993 vel
608 1961 647 1994 de
672 1961 743 1995 iure
777 1961 950 2005 infligenda

198 2011 405 2056 poenitentia,
427 2013 623 2054 absolvendi,
646 2025 682 2048 ac
710 2015 743 2047 in
772 2015 841 2049 soro
871 2027 950 2050 con-

198 2064 349 2099 scientiae
368 2077 590 2111 quascumque
607 2068 667 2101 sibi
685 2069 782 2102 verbo
802 2070 850 2103 vel
871 2070 950 2104 scri-

199 2117 262 2162 ptis
281 2119 466 2153 commissas
489 2120 718 2162 absolutiones,
742 2122 952 2166 dispensatio-

198 2182 256 2206 nes
278 2177 310 2206 et
325 2173 597 2217 poenitentiarum
632 2175 848 2209 iniunctiones
866 2176 951 2210 exci-

198 2224 309 2270 piendi
327 2231 359 2259 et
382 2227 572 2270 exequendi,
590 2228 750 2262 licentiam
772 2234 802 2262 et
818 2230 951 2263 faculta-

198 2283 276 2319 tem,
298 2284 410 2313 tenore
440 2282 670 2324 praesentium,
697 2282 904 2316 concedimus
923 2289 953 2317 et

199 2331 415 2375 impartimur.

245 2385 260 2429 ἓ
279 2385 311 2419 9..
333 2386 402 2419 Non
417 2386 617 2422 obstantibus
629 2388 911 2423 constitutionibus
924 2396 955 2423 et

119 2478 126 2485 ·
145 2441 189 2459 Μ
202 2438 460 2473 ordinationibus
479 2441 661 2484 apostolicis
676 2442 855 2486 ceterisque
880 2454 955 2477 con-

202 2487 310 2521 trariis
328 2488 601 2532 quibuscumque.

248 2536 264 2580 §
281 2536 314 2571 3.
336 2537 491 2571 Volumus
503 2543 609 2571 autem
631 2539 717 2581 quod
738 2541 955 2583 praesentium

54 2583 194 2615 “mmm
205 2586 423 2630 transumptis,
444 2596 542 2619 manu
570 2586 709 2620 alicuius
745 2589 860 2621 notarii
895 2601 956 2632 pu-

72 2614 130 2640 m*
208 2633 284 2669 blici
304 2635 503 2681 subscriptis,
526 2641 556 2669 ct
576 2637 680 2680 sigillo
698 2643 753 2671 tuo
773 2648 829 2671 seu
845 2649 956 2682 perso—

802 246 978 274 cnsoonu's
997 246 1052 271 xm
1072 247 1118 270 ιη’.

195 299 253 336 ctis
271 300 345 336 siliis
364 301 556 346 presbyteris
598 300 862 341 Societatisvlesm
887 299 940 334 cui
960 298 963 305 '

1620 235 1677 270 39¹!

980 308 1039 331 nae
1065 298 1096 330 in
1115 298 1265 341 dignitate
1291 299 1505 333 ecclesiastica
1534 299 1727 332 constitutae

981 352 1124 392 munitis,
1158 353 1268 385 eadem
1287 353 1405 396 ubique
1426 353 1504 387 fides
1523 352 1725 393 adhibeatur,

981 416 1063 449 quae
1101 405 1177 449 ipsis
1196 408 1418 449 praesentibus
1455 407 1675 447 adhiberetur,
1701 406 1726 439 si

982 460 1086 492 forent
1104 459 1261 492 exhibitae
1277 461 1324 493 vcl
1346 467 1501 494 ostensae.

1024 514 1139 546 Datum
1177 514 1295 547 Romae
1324 516 1408 559 apud
1430 515 1460 547 S.
1499 515 1640 556 Petrum,
1670 514 1728 548 sub

981 568 1102 600 annulo
1126 566 1307 608 Piscatoris,
1326 569 1376 602 die
1392 579 1425 601 111
1446 568 1555 612 aprilis
1567 578 1728 609 MDLxxxn,

982 621 1188 664 pontificatus
1208 621 1307 655 nostri
1325 632 1408 656 anno
1428 633 1457 655 x.

1032 679 1095 709 Dat.
1114 679 1161 709 die
1179 679 1198 709 3
1215 679 1319 718 aprilis
1332 680 1416 717 1582,
1433 680 1538 721 pontis.
1554 689 1632 711 anno
1646 688 1675 711 x.

1742 245 1794 273 An.
1812 243 1840 273 C.
1856 244 1925 272 ¹582

1266 848 1445 883 CXXXVIII.

984 925 1028 958 De
1047 926 1240 958 auctoritate
1268 926 1447 969 praepositi
1464 925 1623 968 yeneralis
1641 926 1731 959 cleri-

1027 989 1136 1011 corum
1156 979 1355 1022 reqularium
1364 978 1536 1012 Societatis
1549 979 1633 1020 Iesu,
1645 981 1731 1013 circa

1027 1038 1210 1070 contractae
1227 1043 1378 1068 censuum
1392 1033 1689 1077 alienationumque
1702 1037 1731 1067 et

1027 1090 1168 1123 aliorum
1198 1089 1226 1123 1.

985 1170 1128 1207 Gregorius
1137 1170 1207 1206 Papa
1214 1170 1283 1204 xnt.
1294 1170 1327 1199 ad
1336 1171 1499 1207 perpetuam
1514 1170 1555 1200 rei
1563 1171 1731 1200 memoriam.

1029 1241 1230 1287 Apostolicae
1241 1241 1332 1275 Sedis
1345 1241 1579 1286 circumspecta
1588 1241 1733 1285 benigni-

987 1303 1044 1337 tas,
1066 1297 1098 1330 in
1119 1295 1306 1340 quarumvis
1316 1294 1530 1339 Religionum,
1544 1296 1731 1340 praesertim

987 1362 1100 1384 earum
1133 1361 1215 1394 quae
1248 1350 1336 1394 gregi
1361 1350 1524 1384 dominico
1553 1350 1730 1393 invigilant,

988 1416 1024 1438 ac
1061 1404 1356 1448 praedicationibus
1376 1411 1409 1438 et
1436 1403 1629 1438 lectionibus
1659 1415 1733 1438 cum

987 1459 1138 1492 humanis
1157 1465 1226 1492 tum
1247 1458 1348 1492 sacris
1371 1458 1534 1499 insistunt,
1557 1458 1735 1491 commodis

988 1519 1019 1547 et
1037 1513 1229 1546 utilitatibus
1244 1512 1493 1556 consequendis,
1515 1512 1735 1556 providentiae

988 1578 1065 1600 suae
1089 1567 1313 1600 auctoritatem
1332 1567 1520 1610 interponit,
1547 1572 1578 1600 et
1615 1571 1733 1610 quanto

988 1628 1093 1667 potest
1110 1622 1215 1655 savore
1234 1621 1455 1665 prosequitur.

1032 1676 1048 1719 ξ
1079 1676 1110 1708 «1.
1143 1675 1226 1708 Sane
1263 1675 1401 1707 dilectus
1437 1674 1523 1706 filius
1558 1673 1933 1729 Everardusu'0¹¹¹ggeffilffffls¹

989 1730 1211 1764 Mercurianus
1234 1729 1436 1772 praepositus
1455 1727 1611 1771 g·=neralis
1627 1726 1866 1775 Socie-cpntragtus
1895 1742 1933 1759 t·-

989 1784 1061 1817 tatis
1081 1784 1151 1817 Iesu
1171 1782 1264 1816 nohis
1282 1793 1386 1826 nuper
1402 1782 1517 1825 exponi
1534 1781 1608 1815 fecit
1626 1781 1728 1824 quod,
1746 1770 1933 1829 ἒῗξῖζο’ζεζζζζῆ

990 1847 1063 1870 cum
1096 1837 1211 1870 litteris
1249 1841 1314 1869 tam
1359 1835 1461 1869 felicis
1502 1834 1771 1868 recordationis⁶¹
1799 1832 1933 1853 ⁰⁰¹¹⁵⁴³²¹¹²¹⁰·

1762 1864 1766 1868 ·
1856 1862 1904 1883 Sui
1921 1873 1934 1879 -

990 1886 1080 1923 Pauli
1118 1890 1202 1923 tertii
1233 1901 1330 1933 quam
1361 1889 1431 1932 piae
1456 1888 1631 1934 memoriae
1661 1886 1732 1920 Iulii
1746 1863 1812 1920 iiiiii
1824 1900 1841 1914 a·
1864 1867 1929 1914 etiaim

991 1944 1087 1977 etiam
1129 1944 1237 1984 tertii,
1279 1944 1499 1976 Romanorum
1541 1940 1733 1974 Pontificum
1747 1927 1939 1982 ξῗὴῃῖωἶὲἕζῖῗῖ

991 1997 1276 2040 praedecessorum
1306 2001 1503 2035 nostrorum,
1529 1994 1562 2027 in
1594 1987 1802 2027 favorem¹¹⁶¹¹·

991 2050 1093 2083 dictae
1113 2050 1281 2083 Societatis
1302 2048 1469 2089 emanatis,
1492 2053 1523 2081 et
1543 2053 1600 2091 per
1633 2047 1734 2081 dicto-

991 2114 1064 2136 rum
1084 2103 1277 2136 Pontificum
1295 2112 1494 2135 successores
1505 2106 1536 2134 et
1555 2111 1614 2134 nos
1628 2109 1738 2146 respe-

993 2157 1073 2190 ctive
1097 2156 1307 2197 confirmatis,
1335 2166 1371 2188 ac
1396 2155 1539 2188 eiusdem
1573 2154 1738 2188 Societatis

993 2210 1288 2250 constitutionibus,
1312 2209 1497 2242 omnimoda
1525 2208 1737 2252 collegiorum

994 2264 1079 2297 illius
1099 2275 1135 2297 ac
1167 2263 1262 2296 etiam
1295 2262 1523 2306 temporalium
1561 2262 1736 2303 bonorum,

994 2318 1032 2350 ad
1053 2318 1120 2361 ipsa
1155 2317 1289 2360 collegia
1319 2316 1531 2359 spectantium
1551 2315 1740 2359 gubernatio

994 2371 1033 2403 ad
1054 2381 1112 2413 pro
1133 2376 1278 2413 tempore
1304 2371 1490 2403 existentem
1519 2370 1739 2414 praepositum

995 2424 1178 2466 generalem
1203 2424 1251 2456 vel
1273 2423 1372 2466 ipsam
1397 2423 1603 2463 Societatem,
1630 2423 1673 2457 ita
1693 2430 1740 2458 ta-

996 2487 1069 2509 men
1089 2477 1174 2519 quod
1199 2476 1231 2508 in
1251 2476 1352 2520 ipsius
1372 2476 1547 2520 praepositi
1579 2482 1635 2510 aut
1664 2487 1740 2521 pro-

997 2529 1096 2562 fessae
1120 2529 1288 2562 Societatis
1310 2529 1359 2561 vel
1378 2529 1459 2563 alios
1477 2540 1574 2574 quam
1596 2530 1742 2574 ipsorum

1772 1249 1888 1274 Exordium

1034 2606 1044 2631 1
1057 2604 1151 2631 Cetera
1165 2604 1258 2632 dehac
1269 2604 1405 2632 societate
1415 2609 1509 2633 notata
1519 2605 1607 2633 habes
1619 2605 1653 2633 ad
1664 2605 1743 2634 Pauli

999 2648 1034 2675 111
1053 2652 1142 2676 const.
1161 2656 1261 2683 xxxin,
1283 2650 1431 2685 Reyimz'ni,
1446 2653 1515 2679 tom.
1535 2657 1579 2685 w,
1596 2658 1658 2686 pag.
1680 2651 1741 2679 303.
