2059 3228
337 229 378 263 96

293 291 430 325 tionem,
458 287 689 332 protectionem
715 291 746 319 et.
790 285 944 319 uitionem
970 285 1032 318 im-

291 344 484 377 munitatum
501 347 527 373 et
550 340 732 372 libertatum
744 366 751 379 ,
770 349 896 372 necnon
913 339 1032 372 utilita-

290 393 730 430 temcoimnunemethonum
739 392 1031 435 regimeneiusdcm

290 450 505 495 prim-ipatus,
528 457 683 490 personae
703 457 756 479 sex
775 457 928 487 numero,
951 445 1032 477 duae

287 503 433 536 videlicet
452 499 687 534 ecclesiasticae
707 505 738 532 et
757 498 900 543 reliquae
920 510 1032 532 saecu-

288 558 458 598 lares,qua>
470 553 636 587 incivitate
649 553 1033 587 Barchinoneusimoram

288 611 466 648 trabentes,
489 613 520 641 et
539 607 571 640 in
591 607 688 640 domo
705 607 744 639 ad
764 608 826 639 hoc
847 607 965 639 ibidem
983 618 1036 639 or·

288 664 394 696 ‹linata
411 662 507 695 certis
527 661 640 695 diebus
654 660 785 694 insimul
803 660 973 694 convenire
989 666 1034 693 te-

288 718 459 755 iwbantur,
474 725 612 758 quarum
629 721 691 747 tres
706 714 860 758 deputati,
877 720 908 747 ct
918 713 1034 756 reliqui

287 776 351 803 tres
365 769 526 803 auditores
540 775 767 812 computorum
782 773 883 808 erant,
900 768 1034 810 singulis

286 823 435 856 trienniis
460 822 531 864 eligi
554 821 803 860 consuevissent3
827 826 857 853 et
877 830 1034 863 personae

288 875 521 909 ecclesiasticae
539 874 583 907 sic
594 874 709 915 dictae,
728 884 811 916 quae
825 873 919 906 etiam
936 884 1035 916 quan-

287 930 395 972 doque
425 927 601 972 pontificali
635 934 666 960 et
698 926 848 960 abbatiali
878 925 944 958 sive
973 925 1035 958 alia

287 983 439 1025 dignitate.
465 981 769 1025 suugebautur,pro
790 990 827 1012 eo
853 979 952 1022 quod,
975 990 1033 1019 gu-

286 1035 481 1075 bernationi,
508 1033 700 1078 protectioni
721 1038 751 1065 et
770 1032 898 1065 tuitioni
919 1033 1034 1065 buius-

286 1089 373 1122 modi
393 1087 581 1127 insistcndo,
595 1087 633 1119 ab
646 1086 800 1125 ecclesiis,
819 1086 1032 1125 monasteriis,

286 1142 402 1186 quibus
411 1145 580 1185 prawraut,
592 1139 793 1173 ctbeneficiis
801 1139 1033 1177 ecelesiasticis,

285 1206 369 1239 quae
382 1193 581 1233 obtinebant,
595 1193 742 1226 absentes
753 1192 936 1230 existerent,
947 1191 1035 1225 iuxta

287 1248 518 1287 ecelesiarum,
552 1245 820 1279 monasteriorum
853 1251 883 1278 et
910 1245 1034 1277 benesi-

287 1302 411 1335 ciorum
424 1300 612 1334 eorumdem
625 1300 746 1332 diversa
757 1304 885 1337 statuta,
897 1309 1034 1331 eonsue-

287 1355 415 1389 tudines
431 1359 458 1387 ct
476 1353 706 1391 ordinationes,
722 1352 851 1392 illorum
862 1352 1032 1393 fructibus,

287 1408 467 1441 redditibus
491 1413 522 1439 ct
546 1405 753 1449 proventibus
783 1416 838 1437 seu
871 1404 1034 1447 aliquibus

287 1472 399 1494 eorum
420 1459 621 1504 portionibus
645 1459 870 1502 privarentur3
896 1469 933 1491 ac
958 1468 1033 1501 pro-

288 1520 397 1558 pterea
412 1513 515 1547 eidem
542 1511 794 1556 praedecessori,
809 1522 869 1554 pro
891 1510 1033 1554 ipsorum

287 1568 515 1611 deputatorum
536 1571 566 1598 et
585 1565 769 1598 auditorum
791 1569 881 1607 parte
894 1591 901 1604 ,
925 1563 1033 1596 humi-

286 1620 361 1654 liter
377 1618 557 1663 supplicato
577 1624 613 1651 ut
627 1629 725 1662 super
744 1628 781 1650 eo
807 1617 974 1660 providere
995 1618 1033 1649 (le

285 1673 481 1716 benignitate
510 1671 684 1716 apostolica
715 1671 920 1711 dignaretur,
948 1671 1033 1703 idem

286 1727 526 1770 praedecessor,
548 1725 715 1758 attendens
734 1725 820 1767 quod
841 1725 943 1757 dictae
959 1735 1033 1768 per-

286 1791 383 1814 sonae
404 1779 638 1813 ecclesiasticae
665 1789 728 1810 non
755 1777 861 1810 miuus
887 1779 1034 1811 consule-

285 1834 363 1867 bant
373 1833 523 1878 publicae
531 1843 626 1876 quam
638 1831 777 1876 privatae
785 1830 924 1871 utilitati,
933 1832 1033 1874 quod-

286 1898 349 1931 que
368 1885 615 1930 gubernationi,
639 1884 831 1928 protectioui
853 1890 883 1917 et
906 1884 1032 1916 tuitioni

287 1939 487 1984 principatus
507 1937 704 1978 huiusmodi,
716 1948 752 1970 ac
766 1937 954 1980 praesertim
974 1938 1033 1970 Ec-

289 1991 459 2026 clesiastici
479 1992 604 2032 Status,
626 1990 816 2024 insistebant
840 1990 979 2023 fideliter
1005 1995 1035 2023 et

288 2047 412 2086 devot03
443 2057 480 2079 ac
511 2050 681 2089 propterea
705 2054 859 2087 personas
883 2043 1034 2077 ecclesia·

289 2100 383 2132 sticas
400 2099 576 2143 praedictas
596 2097 755 2140 condigno
766 2098 871 2130 favore
883 2097 1034 2140 prosequi

291 2152 435 2196 «amicus,
458 2152 576 2185 eisdem
594 2157 625 2184 ct
644 2161 702 2194 pro
719 2155 863 2193 tempore
883 2149 1035 2193 deputato

291 2210 318 2237 ct
342 2204 478 2237 auditori
500 2201 727 2237 ecclesiasticis
746 2203 935 2235 eorumdem
950 2213 1036 2235 com-

295 2264 458 2301 putorum,
487 2263 516 2289 et
535 2267 646 2289 eorum
669 2254 812 2295 cuilibet,
835 2259 881 2295 ut,
903 2254 1035 2298 deputa-

293 2309 371 2342 tioni
385 2314 415 2342 et
428 2309 580 2341 audituimi
594 2312 822 2351 computorum
840 2307 1035 2348 huiusmodi,

293 2369 355 2395 tam
370 2363 493 2395 indicta
507 2362 630 2394 civitate
642 2371 738 2404 quam
755 2360 830 2393 alibi
842 2360 1034 2399 insistentes,

292 2416 426 2454 situ-tus,
447 2415 590 2448 redditus
610 2420 640 2447 ct
650 2418 822 2457 proventus
841 2413 986 2446 omnium
1007 2419 1035 2447 ct

293 2464 491 2505 singulorum
515 2464 722 2495 ecclesiarum
738 2490 745 2503 ‚
768 2462 1035 2495 monasteriorum

293 2518 323 2545 et
336 2512 565 2544 lwuet‘iciorum
578 2513 813 2554 prat-dictorum
834 2522 890 2554 per
909 2521 963 2543 eos
979 2521 1036 2553 pro

295 2566 436 2604 teutpert·
456 2561 673 2600 obtentorum,
695 2562 902 2604 ipsorumque
914 2560 1036 2591 sructu-

295 2622 360 2649 um,
384 2610 567 2642 reddituum
588 2616 615 2642 ct
638 2616 850 2652 proventuum
872 2607 1037 2652 portiones

96 235 145 262 Αη.
164 235 192 261 C.
213 234 278 263 ¹57&

890 231 1068 258 RULLARIUM
1090 227 1242 256 Romnum

1069 816 1259 861 ,huiusmodi
1272 815 1385 849 debitis
1400 820 1571 858 propterea
1587 823 1653 846 non
1667 812 1820 846 fraudem

1073 292 1146 315 cum
1164 290 1200 313 ea
1211 277 1392 321 integritate
1411 277 1513 311 libere
1536 280 1694 320 perpetuo
1715 273 1820 318 perci-

1073 346 1147 379 pere
1169 334 1319 371 valerent,
1334 330 1613 364 distributionibus
1625 327 1822 372 quotidianis

1073 388 1235 421 dumtaxat
1255 384 1405 428 exceptis,
1422 394 1495 417 cum
1512 394 1575 426 qua
1586 383 1658 415 illos
1674 380 1822 425 percipe·-

1073 446 1155 479 rent,
1167 440 1191 472 si
1212 440 1244 472 in
1265 439 1385 472 eisdem
1404 436 1559 476 ecclesiis,
1571 435 1775 469 monasteriis
1785 445 1823 469 ac

1073 494 1238 527 beneficiis
1263 491 1476 537 personaliter
1503 490 1695 530 residerent,
1727 494 1758 522 et
1782 489 1822 523 ad

1074 548 1279 581 residentiam
1292 547 1324 579 in
1337 546 1457 579 eisdem
1469 544 1597 577 interim
1617 544 1749 577 minime
1773 548 1821 577 te-

1075 607 1241 641 nerentur,
1263 612 1322 633 nec
1343 600 1382 633 ad
1402 599 1433 631 id
1453 608 1644 642 :iquoquam
1665 597 1753 630 inviti
1770 609 1822 631 va*

1075 655 1179 688 lerent
1198 654 1368 694 coarctari,
1380 653 1570 686 auctoritate
1581 652 1766 695 apostolica,
1781 652 1820 685 de
1849 656 1852 659 ⁴

1074 709 1205 753 speciali
1230 708 1354 749 gratia,
1382 706 1531 746 indulsit,
1558 705 1684 749 proviso
1712 710 1819 739 tamen

1075 763 1163 805 quod
1180 761 1354 797 ecclesiae.
1382 759 1576 794 monasteria
1599 770 1637 792 ac
1663 758 1821 792 beneficia

1075 876 1128 903 tur
1136 869 1311 913 obsequiis:
1322 874 1353 902 et
1363 868 1478 901 deinde
1490 867 1559 911 piae
1568 866 1744 899 memoriae
1752 864 1821 899 Cle-

1074 934 1165 956 mens
1184 924 1268 967 Papa
1278 923 1339 962 Vll,
1352 922 1448 955 etiam
1461 921 1818 965 praedecessornoster,

1076 977 1236 1011 indultum
1247 976 1433 1010 huiusmodi
1446 975 1556 1009 eadem
1567 973 1758 1008 auctoritate
1769 983 1823 1016 ap-

1075 1029 1221 1073 probavit
1245 1035 1272 1063 et
1300 1029 1478 1069 innovavit,
1510 1033 1607 1072 prout
1637 1027 1669 1059 in
1698 1025 1764 1059 suis
1791 1030 1824 1059 et
1852 1062 1854 1064 v

1075 1083 1150 1117 dicti
1160 1083 1292 1126 Eugenii
1301 1078 1677 1127 praedecessorislitteris
1685 1080 1823 1123 desuper
2016 1111 2021 1133 t

1075 1137 1230 1170 consectis
1248 1136 1376 1180 plenius
1396 1135 1591 1169 continetur.
2009 1138 2025 1194 Ξ
2048 1132 2049 1135 ’

1119 1191 1134 1234 ξ
1153 1191 1183 1224 ⁶2.
1207 1191 1285 1223 Cum
1305 1195 1433 1229 autem,
1454 1186 1536 1222 sicut
1563 1187 1705 1221 exhibita
1728 1184 1821 1220 nobis
1853 1190 1921 1214 Cam
1934 1193 2030 1350 consu}

1074 1256 1179 1288 nuper
1198 1255 1257 1287 pro
1276 1248 1367 1287 parte
1388 1241 1578 1276 dilectorum
1599 1240 1740 1274 filiorum
1753 1251 1823 1274 mo·
1835 1226 1927 1275 iiiiiwffi
1949 1227 2006 1246 ⁸⁰⁰⁸

1075 1297 1249 1331 dernorum
1264 1295 1409 1340 deputati
1434 1300 1464 1328 et
1492 1292 1646 1328 auditoris
1670 1293 1822 1328 ecclesia-

1075 1351 1230 1384 sticorum
1251 1355 1477 1394 computorum
1494 1347 1695 1392 principatus
1710 1344 1824 1381 huius-

1076 1405 1162 1437 modi
1199 1404 1311 1448 petitio
1345 1400 1547 1442 continebat,
1583 1401 1664 1445 ipsi,
1697 1401 1823 1436 ratione

1074 1457 1289 1502 deputationis
1297 1463 1325 1491 et
1335 1456 1510 1491 auditionis
1521 1460 1747 1500 computorum
1762 1451 1823 1488 ltu-

1075 1510 1223 1550 iusmodi,
1244 1511 1375 1556 propria
1396 1507 1561 1544 domicilia
1580 1519 1820 1553 quaecumque,

1074 1564 1169 1597 ctiam
1189 1565 1278 1598 valde
1298 1570 1437 1605 remota,
1465 1561 1706 1607 derelinquere,
1732 1567 1763 1596 et
1781 1562 1822 1596 ad

1074 1619 1190 1651 dictam
1211 1618 1370 1651 civitatem
1390 1629 1422 1651 sc
1443 1618 1633 1656 transferre,
1656 1620 1686 1649 et
1702 1611 1822 1650 ibidem

1074 1684 1132 1716 per
1151 1670 1326 1704 triennium
1347 1681 1470 1704 moram
1488 1670 1629 1709 trahere3
1645 1680 1691 1708 ac,
1707 1674 1742 1702 ut
1761 1674 1823 1702 sta-

1074 1733 1140 1759 tum
1158 1736 1250 1759 suum
1264 1725 1415 1758 decenter
1436 1725 1521 1757 iuxta
1540 1720 1703 1766 dignitatis
1723 1720 1823 1767 officii

1073 1779 1259 1812 huiusmodi
1272 1777 1461 1816 exig-entiam
1475 1783 1585 1811 tenere
1603 1777 1738 1815 valcant,
1752 1786 1822 1808 ma-

1074 1843 1135 1873 gna
1155 1842 1367 1875 expensarum
1388 1841 1487 1864 onera
1506 1830 1544 1863 de
1564 1829 1750 1862 necessitate
1770 1840 1822 1862 su-

1073 1886 1142 1919 bire
1166 1891 1341 1929 cogantur,
1374 1891 1404 1918 et
1434 1884 1557 1917 fructus
1585 1882 1821 1916 beneficiorum

1074 1939 1202 1972 illarum
1227 1938 1366 1983 partium
1391 1938 1582 1982 plerumque
1603 1936 1682 1969 adeo
1708 1940 1821 1968 tenues

1074 1993 1219 2032 existant,
1229 1997 1264 2025 ut
1275 2003 1312 2025 cx
1323 1989 1394 2031 illis,
1406 1991 1526 2034 absque
1543 1987 1821 2022 distributionibus

1074 2044 1280 2090 quotidianis,
1294 2044 1461 2078 commode
1472 2040 1654 2082 sustentari,
1677 2046 1705 2074 et
1722 2052 1821 2074 onera

1075 2099 1233 2132 antedicta
1251 2099 1395 2142 perferre
1419 2107 1484 2129 non
1506 2096 1646 2134 valeant,
1669 2105 1727 2139 pro
1747 2093 1819 2127 illo-

1075 2163 1147 2185 rum
1171 2156 1261 2195 parte
1284 2150 1377 2184 nobis
1406 2148 1466 2183 suit
1493 2147 1663 2181 humiliter
1695 2146 1818 2191 suppli-

1076 2210 1181 2237 catum
1214 2209 1250 2237 ut
1282 2203 1326 2237 eis
1357 2203 1389 2235 in
1423 2198 1605 2246 praemissis
1638 2204 1819 2244 opportune

1076 2256 1242 2300 providere
1276 2257 1314 2290 de
1342 2254 1537 2298 benignitate
1566 2253 1742 2299 apostolica
1769 2252 1819 2286 di·-

1076 2320 1259 2349 gnaren'lul'.

1120 2363 1176 2403 ξῗῖ.
1191 2363 1251 2394 Nos
1272 2369 1381 2404 igitur,
1395 2360 1593 2394 attendentes
1607 2359 1693 2402 quod
1706 2366 1818 2392 eorum

1076 2415 1234 2454 absentia,
1263 2415 1319 2457 qui
1346 2413 1544 2458 reipublicae
1571 2423 1667 2446 causa
1689 2411 1804 2444 absunt

2016 1337 2029 1397 t]

1987 1481 2052 1578 't

1861 2354 1966 2382 Deputato
1994 2355 2018 2378 e}

1835 2383 1924 2403 auditori
1940 2382 2002 2404 eccle
2016 2384 2018 2387 “

1834 2409 1893 2429 stast.
1909 2409 2004 2436 principa

1812 2437 1819 2451 ἲ
1835 2438 1868 2455 tus
1903 2435 2016 2456 catalonia»

1077 2560 1290 2604 amplioribus
1311 2559 1471 2592 favoribus
1491 2564 1521 2592 ct
1539 2557 1648 2601 gratiis
1668 2556 1818 2600 prosequi
1834 2542 2017 2592 iii’s'ssfflq‘ss‘iiss‘iissi

1077 2610 1228 2650 volentes,
1247 2614 1277 2643 ct
1297 2620 1313 2641 a
1333 2607 1495 2651 quibusvis
1515 2604 1819 2640 excommunicatio·
1833 2599 1924 2646 ss'ffiffm‘·
1965 2597 1985 2619 ‘'¹
2001 2604 2015 2614 ¹
2041 2595 2044 2599 ’
