2059 3228
64 232 69 258 '.
89 220 120 254 Β.
132 214 202 253 1575

215 278 286 319 bus,
312 279 575 324 proprietatibus,
611 279 768 312 fructibus
799 284 831 312 et
858 278 962 319 bonis,

216 337 278 365 tam
307 332 482 365 mobilibus
501 343 598 375 quani
628 332 848 364 immobilibus
866 342 902 364 ac
919 341 963 363 se-

215 385 565 425 moventibus,iuribus
586 391 614 417 et
635 384 816 418 actionibus
833 383 963 416 unirer-

213 437 267 479 sis,
291 449 418 471 necnon
444 439 601 479 ecclesiis,
624 438 790 482 cappellis,
818 437 965 470 terminis

214 495 245 525 et
268 492 473 535 pertinentiis
492 493 753 536 quibuscumque
779 492 816 524 atl
843 490 963 524 dictam

213 543 361 577 militiam
375 545 481 578 Sancti
495 545 602 578 Lazari
615 544 847 588 spectantibus,
866 553 966 586 quae-

213 608 364 641 cumque,
385 603 618 642 quotcumque,
641 598 893 641 qualiacumque
914 607 963 629 es-

213 655 294 691 sent,
317 662 382 684 non
402 657 508 685 tamen
533 651 603 684 aliis
635 651 790 690 ecclesiis,
810 650 871 694 piis
885 649 965 683 locis

213 709 244 737 ct
279 704 399 737 militiis
429 705 585 738 canonice
608 704 709 743 unita,
735 714 818 747 quae
836 703 875 736 ab
899 703 962 743 his,

213 757 331 802 quibus
353 758 444 791 unita
474 763 558 798 suut,
578 758 716 797 avocari,
743 762 799 790 aut
833 757 963 789 illorum

213 811 349 852 ratione,
389 823 629 856 quemcumque
665 811 828 844 molestari
861 811 966 844 nolui-

215 875 298 906 mus,
321 864 424 898 eidem
444 865 577 898 militiae
593 864 861 905 SanctiMauritii,
882 875 965 907 quae

214 918 247 951 in
284 925 449 962 posterum
494 918 610 951 militia
649 919 840 952 Sanctorum
878 918 964 950 Mau-

196 971 281 1005 ‘ritii
309 978 341 1005 et
364 972 472 1005 Lazari
504 966 763 1015 nuncuparetur,
786 972 828 1004 ita
849 982 965 1014 perpe-

213 1030 270 1059 tuo
293 1025 469 1065 univimus,
504 1025 718 1059 annexuimus
748 1031 779 1058 et
813 1026 965 1069 incorpo-

213 1078 366 1119 ravimus,
393 1085 429 1112 ut
453 1083 563 1122 postea
587 1079 619 1111 in
649 1085 845 1122 perpetuum
870 1089 964 1122 prae-

214 1131 318 1165 dictus
337 1132 527 1164 Emmanuel
545 1131 740 1165 philibertus
760 1138 790 1164 et
810 1142 868 1175 pro
884 1137 966 1165 tem-

213 1195 292 1228 pore
312 1185 450 1218 existens
470 1185 650 1218 Sabaudiae
663 1185 726 1218 dux
743 1185 874 1218 militiae
891 1186 968 1219 San-

214 1243 341 1272 ctorum
360 1239 500 1271 Mauritii
525 1244 555 1271 et
579 1239 684 1271 Lazari
711 1239 862 1281 magister
886 1243 969 1271 esset

215 1296 247 1325 et
275 1292 506 1336 appellaretur.
530 1292 573 1324 Ac
593 1292 767 1335 prioratus,
801 1291 967 1336 praeposi-

184 1365 190 1370 ·
215 1350 310 1378 turae
328 1349 358 1378 et
378 1344 440 1378 alia
460 1345 617 1378 beneficia
637 1345 771 1378 militiae
792 1346 898 1379 Sancti
912 1346 969 1378 La-

174 1431 184 1440 ,
216 1399 293 1439 zari,
321 1403 358 1431 et.
380 1409 418 1432 ea
450 1398 651 1439 obtinentes,
686 1398 805 1441 aliique
835 1399 966 1439 milites,

217 1451 400 1492 servientes,
420 1452 603 1496 cappellani
624 1458 654 1485 et
679 1463 836 1496 personae
857 1463 966 1493 curae,

217 1497 444 1549 gubernationi
465 1511 496 1538 et
515 1505 731 1539 iurisdictioni
754 1506 854 1549 ipsius
879 1507 971 1539 ducis

219 1563 251 1592 et
270 1558 378 1602 magni
397 1559 541 1602 magistri
562 1559 594 1591 in
615 1559 765 1592 omnibus
785 1565 812 1593 et
836 1571 971 1603 perom-

193 1654 197 1658 ῃ
218 1613 274 1646 nia
296 1612 476 1655 subessent,
496 1618 594 1656 prout
610 1623 669 1645 suo
694 1619 786 1646 antea
817 1614 970 1656 magistro

220 1666 385 1706 suberant,
406 1666 501 1709 eique
517 1672 681 1709 tamquam
703 1667 849 1700 membra
874 1668 970 1711 capiti

222 1826 397 1860 sessionem
423 1827 556 1860 militiae
582 1828 689 1860 Sancti
710 1827 816 1860 Lazari
838 1828 973 1871 eiusque

222 1880 428 1924 magistratus
448 1886 479 1914 et
499 1881 637 1914 aliorum
658 1882 823 1913 unitorum
845 1882 973 1924 praedi-

224 1939 364 1974 ctorum,
386 1945 445 1977 per
469 1945 502 1968 se
521 1935 569 1967 vel
587 1935 686 1966 alium
708 1945 763 1967 seu
784 1935 875 1975 alios,
898 1946 974 1978 pro-

224 1986 296 2030 pria
322 1987 527 2027 auctoritate,
549 1987 649 2020 libere
670 1988 915 2031 apprehendere
945 1995 976 2021 et

226 2044 385 2083 perpetuo
418 2040 571 2079 retinere,
606 2042 804 2083 fructusque,
832 2042 978 2074 redditus

226 2098 259 2126 et.
282 2099 460 2136 proventus
490 2093 521 2126 in
556 2104 630 2125 suos
655 2100 681 2126 ut
709 2093 813 2126 dictae
844 2094 998 2128 militiae*

227 2140 305 2179 ¹usus
325 2151 356 2179 et
374 2145 544 2179 utilitatem
566 2152 763 2185 convertere,
795 2147 978 2180 dioecesani
998 2145 999 2157 ¹

229 2199 292 2232 loci
310 2199 360 2232 vel
380 2199 520 2232 cuiusvis
546 2200 678 2232 alterius
695 2200 825 2232 licentia
846 2201 979 2234 minime
999 2200 1001 2226 ἶ

230 2252 395 2295 requisita.

276 2305 291 2348 g
311 2304 342 2340 4.
366 2305 500 2348 Insuper
520 2305 559 2337 iis
579 2305 633 2348 qui
655 2306 894 2348 praeceptorias
905 2306 982 2339 San-

58 2355 218 2418 lgssugfflh‘:
233 2357 275 2390 cti
305 2358 412 2391 Lazari
439 2357 471 2390 itt
506 2358 634 2390 titulum
667 2369 722 2391 seu
757 2360 981 2392 commendam

68 2424 106 2449 [ln
113 2426 160 2449 duct
167 2432 221 2448 eon·
231 2418 251 2439 ‘V

827 225 1003 251 cnnconms
1020 225 1077 249 xm
1096 226 1143 249 ΓΡ.

1641 216 1704 251 547

1007 277 1151 310 habitum
1181 278 1286 312 Sancti
1315 281 1421 314 Lazari
1453 281 1514 315 iam
1543 291 1755 327 susceperant

1006 335 1037 362 et
1063 330 1262 371 (inserebant,
1290 344 1419 373 novum,
1447 334 1578 368 dimisso
1607 337 1751 381 antiquo,

1008 381 1185 415 volentibus
1201 386 1365 419 tradendi:
1389 398 1442 419 cos
1459 399 1545 428 vero,
1559 389 1615 432 qui
1632 390 1753 424 dictum

1006 435 1112 468 Sancti
1134 437 1242 470 Lazari
1268 438 1410 472 habitum
1432 442 1576 475 nondum
1606 454 1755 488 suscepe-

1006 494 1089 529 rant,
1111 490 1149 521 ad
1176 502 1292 524 novum
1323 493 1479 533 habitum,
1501 500 1535 527 ut
1559 497 1752 539 praefertur,

1006 542 1238 585 designandum
1264 546 1506 589 suscipiendum
1545 554 1575 581 et
1608 550 1754 584 deseren-

1006 596 1081 627 dum
1120 598 1311 639 opportunis
1351 601 1501 633 rvnwdiis
1539 604 1754 646 compellendi

1006 649 1229 683 auctoritatem
1242 653 1459 685 concessimus
1472 665 1478 691 3
1502 656 1642 688 volentes
1658 657 1752 690 etiam

1006 707 1037 735 et
1061 702 1146 736 dicta
1171 705 1360 737 auctoritate
1382 708 1556 748 apostolica
1581 715 1756 744 statuentes

1007 756 1156 789 eumdem
1167 757 1409 791 Emmanuelem
1432 760 1640 795 l'bilibertum
1654 769 1682 797 et
1696 775 1755 808 pro

1006 814 1152 853 tempore
1188 811 1372 844 existenti-m
1400 813 1512 846 ducem
1543 821 1573 847 ct
1602 827 1754 859 magnum

1007 863 1197 903 magistrum
1224 864 1255 897 in
1278 872 1483 908 perpetuum,
1514 868 1645 901 unionis
1669 870 1756 903 illius

1007 916 1143 957 ratione,
1169 918 1209 950 ad
1229 919 1308 951 duas
1329 919 1477 953 triremes
1493 921 1585 954 dictis
1602 923 1756 956 militibus

1007 969 1192 1008 instructas,
1224 982 1283 1015 pro
1309 977 1417 1004 nostra
1442 979 1469 1005 et
1492 974 1627 1007 Romani
1651 976 1757 1009 Ponti-

1007 1023 1077 1056 ficis
1097 1035 1156 1068 pro
1182 1030 1327 1069 tempore
1347 1026 1507 1059 existentis
1517 1039 1553 1060 ac
1567 1028 1655 1061 Sedis
1672 1030 1756 1073 Apo-

1007 1077 1138 1111 stolicae
1160 1085 1272 1111 contra
1290 1080 1471 1122 praedictos
1491 1087 1519 1114 ct
1536 1093 1756 1125 quoscumque

1008 1130 1088 1163 alios
1112 1132 1309 1172 defensione,
1332 1134 1485 1166 continue
1504 1137 1758 1168 manutenendas

987 1208 989 1217 i
1009 1185 1122 1226 teneri,
1143 1186 1225 1218 etad
1242 1186 1273 1218 id
1291 1187 1465 1220 efficaciter
1481 1188 1658 1231 obligatum
1676 1200 1754 1222 esse.

1009 1239 1188 1280 Postremo,
1219 1250 1260 1273 ne
1287 1245 1356 1283 post
1379 1240 1495 1273 dictam
1517 1242 1671 1275 unionem
1697 1243 1758 1275 Ro-

1010 1294 1159 1336 gularum
1178 1294 1342 1327 diversitas
1366 1294 1571 1328 incommodo
1587 1303 1680 1335 esset,
1699 1303 1760 1329 sta-

1009 1347 1131 1380 tuimus
1151 1354 1186 1381 ut
1206 1348 1358 1391 deinceps
1378 1349 1497 1390 Regula
1519 1349 1624 1382 Sancti
1651 1351 1758 1393 Augu-

1011 1401 1085 1434 stini
1106 1401 1145 1433 ab
1170 1402 1321 1434 omnibus
1341 1402 1445 1435 dictae
1470 1403 1602 1436 militiae
1626 1404 1759 1436 Sancto-

1011 1466 1083 1487 rum
1111 1455 1249 1487 Mauritii
1271 1461 1301 1488 et
1322 1456 1427 1488 Lazari
1455 1456 1612 1489 militibus
1640 1457 1760 1500 ubique

1012 1514 1205 1549 servaretur,
1234 1510 1508 1552 quemadmodum
1544 1510 1677 1543 diversis
1706 1522 1760 1543 no-

990 1561 1085 1595 .stris
1117 1562 1233 1595 litteris
1270 1562 1409 1606 desuper
1442 1563 1595 1596 consectis
1636 1564 1761 1607 plenius

1013 1616 1209 1648 continetur.
1233 1616 1294 1648 Nos
1315 1627 1373 1659 pro
1400 1616 1532 1654 fiducia,
1554 1628 1649 1660 quam
1668 1618 1699 1650 in
1713 1619 1760 1661 ip-

992 1703 993 1711 *
1013 1669 1078 1701 sius
1092 1669 1311 1702 Emmanuelis
1321 1669 1486 1701 Pliiliberti
1500 1671 1591 1702 ducis
1607 1676 1634 1703 et
1655 1671 1760 1713 magni

220 1719 391 1758 obedirent
423 1724 454 1753 et
482 1720 758 1762 obseque.rentur·⁷
793 1721 971 1763 liceretque
992 1738 993 1760 g
1015 1722 1157 1765 magistri
1178 1722 1292 1754 virtute
1326 1729 1356 1754 et
1381 1723 1606 1766 propagandae
1631 1724 1761 1764 religio-

221 1772 326 1806 eidem
347 1773 422 1806 duci
442 1778 473 1806 et
493 1773 646 1815 magistro
673 1774 876 1817 corporalem
897 1785 972 1818 pos·
992 1782 994 1806 }

1014 1776 1064 1808 nis
1084 1776 1189 1809 studio
1209 1776 1378 1815 babemus,
1401 1776 1543 1809 animum
1565 1782 1709 1809 nostrum
1732 1778 1760 1809 in

1016 1829 1046 1861 id
1068 1829 1208 1861 libenter
1224 1829 1433 1866 intendimus,
1452 1836 1483 1861 ut
1500 1829 1588 1861 illum
1602 1836 1629 1862 et
1645 1830 1762 1863 dictam

1016 1882 1163 1914 militiam
1197 1882 1387 1915 Sanctorum
1423 1882 1558 1914 Mauritii
1594 1890 1624 1915 et
1657 1884 1762 1916 Lazari

1016 1935 1202 1979 privilegiis,
1225 1942 1261 1968 ut
1295 1936 1356 1968 sert
1385 1940 1567 1979 temporum
1589 1936 1681 1976 ratio,
1705 1937 1766 1969 sul-

1018 1989 1153 2022 ciamus.

1021 2202 1166 2244 g1·atias,·
1187 2202 1354 2234 facultates
1392 2207 1420 2234 et
1456 2202 1579 2234 indulta
1617 2203 1770 2246 hospitali

1023 2255 1129 2288 Sancti
1151 2256 1255 2287 Lazari
1282 2255 1430 2298 illiusque
1454 2255 1619 2298 magistro,
1640 2267 1772 2299 praece-

1024 2309 1182 2352 ptoribus,
1195 2308 1347 2339 fratribus
1357 2314 1386 2339 et
1400 2309 1550 2351 personis
1565 2310 1773 2343 confirmave-

1002 2353 1004 2378 Ὗ
1025 2362 1063 2393 rit
1086 2367 1115 2392 et
1136 2359 1346 2404 ampliaverit,
1369 2367 1399 2393 et
1416 2360 1477 2393 alia
1499 2362 1704 2402 concesserit,
1725 2373 1774 2396 ea-

254 2407 284 2440 (Ξί
303 2406 395 2440 aliter
419 2406 530 2449 quovis
547 2407 642 2439 modo
663 2407 858 2446 obtinerent,
890 2408 983 2440 babi-
1003 2405 1005 2451 l
1026 2411 1163 2452 denique
1185 2410 1278 2441 etiam
1304 2410 1374 2441 rius
1400 2410 1483 2452 Papa
1506 2411 1539 2450 V,
1567 2411 1679 2454 quinto
1702 2412 1774 2444 idus

235 2461 304 2488 tum
330 2466 387 2498 per
406 2454 527 2487 (lictum
545 2455 661 2487 ducem
678 2461 707 2487 et
720 2455 908 2497 magistrum
926 2457 985 2488 mi-

213 2522 220 2530 ·
235 2497 346 2536 tiiihus
366 2502 556 2536 Sanctorum
593 2503 730 2535 Mauritii
751 2509 779 2535 et
802 2504 908 2536 Lazari
929 2505 985 2537 de-

237 2552 429 2593 signandum
451 2551 658 2595 suscipiendi,
678 2558 709 2585 et
735 2552 840 2585 eidem
856 2553 985 2586 Emma-

238 2600 325 2637 nueli
344 2600 519 2634 philiberto
544 2600 617 2634 duci
640 2606 669 2634 et
689 2601 842 2642 magistro
866 2601 914 2642 iis,
931 2602 984 2642 qui

1028 2457 1189 2493 tte—bruarii.
1222 2457 1427 2500 pontificatus
1460 2459 1508 2490 sui
1538 2469 1623 2492 anno
1654 2460 1772 2503 primo,

1028 2513 1115 2539 motu
1141 2506 1272 2549 proprio
1287 2507 1555 2549 comprobaverit,
1576 2508 1686 2551 paucis
1702 2510 1774 2552 qui-

1028 2555 1161 2587 busdam
1183 2555 1305 2595 recisis,
1328 2555 1398 2587 aliis
1415 2556 1580 2596 restrictis,
1606 2568 1642 2589 ac
1664 2568 1775 2590 rursus

1030 2603 1195 2641 Religione
1217 2603 1322 2637 Sancti
1349 2604 1468 2641 Lazari,
1496 2604 1537 2637 ob
1565 2606 1692 2643 copiam
1715 2606 1777 2637 bu-

1766 221 1818 249 Αη.
1837 220 1948 249 C.1575

1063 2042 1077 2085 ξ
1101 2042 1132 2075 5.
1168 2042 1284 2082 Quare,
1314 2053 1387 2075 cum
1413 2043 1515 2075 felicis
1535 2043 1768 2076 recordationis
1783 2041 1965 2090 „vgffj's'ssl'jjffij

998 2109 999 2140 3
1018 2095 1095 2128 Pius
1115 2096 1199 2138 Papa
1216 2096 1265 2133 IV,
1288 2101 1402 2138 quarto
1423 2106 1524 2128 nonas
1544 2097 1632 2135 maii,
1660 2097 1768 2139 ponti·
1783 2090 1880 2150 “ful-thu
1897 2103 1966 2119 ⁰¹⁰0·

1020 2149 1134 2181 siculus
1159 2149 1207 2180 sui
1229 2159 1314 2181 anno
1334 2154 1433 2186 sexto,
1467 2150 1567 2181 multa
1588 2149 1766 2192 privilegia,
1782 2135 1964 2183 {2=.;'::run1cou-
