2059 3228
54 0 118 86 ff

63 182 114 225 ’Διἰ.
129 191 159 221 c.
175 191 242 220 ¹585

900 185 1002 210 SlXTUS
1025 187 1045 210 V
1063 185 1111 211 PP-

1683 178 1747 213 643
1806 187 1858 215 An.
1876 187 1905 216 c.
1923 186 1990 217 1585

87 253 180 277 maiano
189 252 241 274 rou·
256 246 308 274 tus
326 241 466 285 apicem,
486 240 608 275 meritis
626 241 701 275 licet
721 240 911 286 imparibus,
937 240 1000 274 Deo
1044 238 1093 279 tis,
1116 237 1171 281 qui
1191 238 1228 271 ad
1251 238 1505 284 impendendum
1526 250 1644 273 munus
1664 241 1792 284 praedi-

63 285 113 310 ω’*
139 284 241 314 ’'⁸⁸⁰³''¹⁸
257 294 299 328 'ta
317 294 455 336 volente,
481 295 583 329 vocati
604 308 727 336 sumus,
755 296 906 329 attentius
926 305 1001 328 con·
1043 296 1142 332 ctum,
1169 293 1280 325 autad
1307 294 1499 327 tradendum
1526 295 1658 338 pallium
1680 294 1792 328 huius-

62 316 155 339 ·mntbun
181 306 265 343 prae-¹

62 348 109 371 tuit·
127 349 151 370 nd
172 347 240 370 eccle-

61 375 111 402 ιΙόω
119 383 244 407 promoven·
329 400 335 406 ,
420 401 426 406 ,
535 403 541 408 ,
791 403 796 408 ,
975 401 980 407 ,

61 411 92 433 a·
105 409 239 432 nuiiranute-
254 401 399 434 sensibus
419 402 629 442 indoluimus,
651 404 705 436 sed
727 408 831 435 statim
849 403 888 435 de
908 402 999 435 adhi-

61 440 357 500 ffif'fipfflffiiissbendo
383 455 538 496 remedio,
566 456 670 488 divina
700 456 801 498 gratia
827 455 998 495 adiutrice,

59 502 392 562 ξξξμζζῖἱῗῗξζσοοςίῑῑινε
422 509 598 552 coepimus.
633 509 727 552 Urget
748 508 832 542 enim
859 519 916 542 nos
945 507 998 541 Dei

59 567 121 587 mm
154 565 235 618 ίυΡτε-ἰίι,
250 559 358 599 timor,
380 566 411 593 et
430 572 520 594 acres
535 562 643 594 animo
660 567 769 594 nostro
779 560 999 594 stimulosdies

58 597 236 656 iiiiiissssnmii'ni
250 619 424 657 noctesque
462 615 591 648 subiicit
609 642 616 655 ‚
652 615 926 658 quemadmodum
965 614 998 647 in

57 658 234 711 {fflfflfflfflf
248 667 417 700 tremendo
441 668 528 701 illius
560 668 680 701 iudicio
709 667 998 701 administrationis

55 719 112 746 ω’·
132 722 153 742 ·“
173 726 230 741 mm·
247 725 375 754 nostrae
395 721 552 754 rationem
575 722 760 754 reddamus.
783 722 861 754 Nam
877 722 902 754 si
919 722 996 755 huic

55 751 233 809 2:22„?¹'3.⁵=¹.‘223⁸
246 779 335 807 tanto
356 775 451 815 malo,
481 775 567 818 quod
591 775 690 818 magis
715 775 858 819 quotidie
889 775 996 818 ingra-

55 812 146 839 “mm‘
245 827 354 868 vescit,
387 838 451 861 non
483 839 714 869 occurramus,
736 839 800 862 non
825 839 996 872 possumus

245 880 423 925 nobisipsis
436 892 499 914 non
509 882 598 914 valde
611 882 735 921 timere,
747 892 820 915 curn
833 881 947 915 crebro
963 882 994 914 in

244 939 384 967 mentem
409 935 549 975 veniant,
579 941 610 968 et
636 935 724 977 quasi
753 945 847 968 aures
871 941 1017 968 nostras÷

243 993 419 1032 personent
442 999 552 1022 sacrae
570 989 643 1022 illae
659 999 753 1022 voces
772 988 995 1022 comminatio-

242 1041 292 1074 nis
306 1046 336 1074 et
352 1042 486 1075 terroris
507 1042 637 1085 plenae:
660 1042 690 1075 F
689 1043 728 1075 ita·
755 1042 909 1082 hominis,
927 1053 995 1086 spe-

242 1094 418 1128 culatorem
437 1095 509 1128 dedi
536 1100 564 1128 te
583 1096 694 1128 domui
718 1095 833 1135 Israel,
864 1099 894 1128 et
920 1106 995 1128 san-

239 1148 373 1191 quinem
393 1151 459 1182 eius
485 1149 522 1182 de
544 1150 695 1182 manibus
722 1150 786 1182 tuis
811 1149 990 1193 requiram.
1012 1186 1015 1216 1

241 1201 280 1234 Et
296 1201 384 1245 quod
404 1202 497 1235 Petro
513 1213 530 1235 a
542 1202 678 1235 Domino
691 1202 813 1235 dictum
825 1208 892 1235 est:
912 1201 993 1235 Con-
1012 1217 1015 1241 1

254 347 443 387 siderantes,
466 359 529 382 non
554 350 658 382 solum
688 360 724 382 ex
754 349 876 382 intimis
900 348 997 381 animi
1045 344 1129 377 modi
1151 356 1165 376 a
1189 344 1268 376 Smin
1294 347 1476 389 Apostolica
1500 347 1714 389 delegabitur,
1743 348 1791 381 iu-

1042 403 1126 439 rent,
1142 398 1228 431 iuxta
1240 400 1411 433 formulam
1425 401 1454 432 in
1474 400 1557 434 libro
1572 400 1790 435 Cancellariae

1042 451 1255 495 Apostolicae‚
1277 454 1448 496 qaivlvrno
1476 455 1657 497 appellato,
1686 466 1790 499 nuper

1041 504 1245 548 descriptam,
1273 515 1305 538 se
1338 506 1596 540 beatissimorum
1630 509 1790 551 apostolo-

1041 569 1112 590 rum
1135 558 1218 591 Petri
1237 563 1268 591 et
1287 559 1376 591 Pauli
1398 560 1521 601 limina,
1548 561 1672 594 statutis
1687 562 1788 595 inhao

1041 616 1149 644 nostra
1177 613 1402 646 constitutione
1432 614 1650 657 temporibus,
1677 626 1788 659 perso-

1040 664 1157 697 naliter
1179 675 1216 698 ac
1237 676 1294 709 per
1313 677 1345 699 se
1367 666 1452 709 ipsos
1471 667 1664 709 visitaturos,
1676 679 1712 702 ac
1728 679 1786 702 no-

1038 718 1087 751 bis
1108 723 1138 752 et
1157 719 1400 752 suecessoribus
1424 720 1541 753 nostris
1557 732 1614 764 pro
1642 727 1787 766 tempore

1039 771 1250 805 existentibus
1279 773 1430 806 Romanis
1461 774 1669 808 Pontificibus
1687 776 1786 809 ratio-

1038 836 1112 858 nem
1134 826 1317 859 reddituros
1347 827 1385 860 de
1407 832 1472 860 toto
1496 839 1608 861 eorum
1636 830 1784 872 pastorali

1037 879 1157 920 officio,
1188 880 1291 924 deque
1327 880 1422 913 rebus
1449 881 1599 914 omnibus
1629 882 1667 915 ad
1702 883 1786 926 ipsa-

1037 943 1108 965 rum
1149 933 1268 977 quibus
1296 940 1451 978 praesunt
1482 936 1691 968 ecclesiarum
1722 942 1786 970 sta-

1036 989 1117 1026 tum,
1140 986 1177 1018 ad
1200 987 1277 1020 cleri
1299 992 1329 1019 et
1355 988 1467 1031 populi
1499 988 1724 1032 (liscipliiiam,
1751 1001 1785 1022 a-

1036 1039 1198 1073 nimarum
1238 1040 1389 1084 denique,
1426 1052 1508 1084 quae
1547 1041 1676 1075 illorum
1713 1043 1786 1076 fidei

1036 1093 1176 1126 creditae
1197 1099 1281 1135 sunt,
1303 1095 1436 1127 salutem
1457 1095 1569 1138 quovis
1597 1097 1691 1128 modo
1712 1107 1786 1139 per-

1036 1146 1224 1186 tinentibus,
1251 1153 1282 1180 et
1304 1147 1441 1180 vicissim
1465 1149 1612 1182 mandata
1633 1149 1785 1192 apostoli-

1035 1210 1072 1232 ea
1098 1206 1289 1244 recepturos
1306 1206 1336 1234 et
1351 1212 1447 1245 quam
1459 1202 1700 1245 diligentissime
1713 1214 1784 1236 exe-

241 1255 339 1298 firma
357 1255 476 1298 fratres
496 1260 575 1289 tuos⁴
590 1256 627 1289 Et
646 1256 726 1289 illud
747 1256 883 1299 apostoli
902 1255 991 1288 Pauli
1011 1246 1014 1303 j
1034 1259 1178 1287 cuturos.

241 1308 329 1351 quod
348 1314 437 1342 tanto
451 1309 551 1352 magis
565 1310 604 1342 ad
620 1320 678 1342 nos
696 1308 847 1353 pertinet,
871 1314 992 1352 quanto
1011 1307 1014 1361 Ι
1077 1307 1092 1351 ἓ
1115 1307 1147 1340 4.
1174 1307 1263 1351 Quod
1285 1308 1309 1341 si
1328 1308 1470 1351 legitimo
1484 1308 1714 1352 impedimento
1732 1310 1784 1343 de-

241 1361 398 1396 maiorem
418 1367 545 1406 praeter
565 1368 688 1396 ceteros
703 1362 871 1406 pastoralis
895 1361 991 1396 officii
1011 1364 1013 1404 1
1033 1360 1111 1393 tenti
1132 1360 1263 1402 fuerint,
1277 1362 1424 1394 iurentse
1440 1362 1783 1404 praedictaomniaad-

242 1426 354 1450 curam
381 1417 483 1450 sortiti
504 1428 636 1450 sumus:
663 1416 830 1449 Attendite
856 1416 943 1449 vobis
962 1421 991 1449 ct
1011 1405 1013 1457 Ξ
1033 1413 1224 1458 impleturos
1244 1426 1302 1458 per
1317 1416 1603 1448 certumnuncium
1618 1417 1654 1449 ml
1672 1417 1780 1460 idspe-

240 1469 389 1503 universo
399 1471 500 1513 ssepi,
515 1471 619 1513 inquo
630 1481 683 1502 vos
693 1469 838 1512 Spiritus
853 1468 992 1503 Sanctus
1010 1461 1013 1510 i
1033 1467 1112 1501 ciale
1127 1469 1312 1501 mandatum
1325 1469 1509 1509 habentem,
1526 1469 1563 1501 de
1576 1470 1698 1512 gremio
1708 1482 1781 1503 suo-

238 1524 346 1566 posuit
356 1523 813 1567 episcoposreqereEcclesiam
822 1523 991 1567 Dei,quam
1010 1514 1013 1566 ξ
1032 1531 1103 1553 rum
1126 1522 1357 1565 capitulorum,
1384 1527 1438 1554 aut
1457 1522 1555 1556 alium
1582 1523 1613 1555 in
1627 1523 1779 1566 dignitate

241 1577 412 1620 acquisivit
431 1579 590 1621 sanquine
604 1588 670 1610 suo.
685 1576 992 1617 Quocirca‚eorum-
1010 1569 1013 1631 ἱ
1032 1574 1248 1607 ecclesiastica
1269 1576 1492 1615 constitutum,
1515 1587 1570 1608 seu
1582 1576 1779 1620 aliasperso-

241 1630 314 1664 deni
339 1631 624 1674 praedecessorum
647 1637 831 1664 nostrorum
852 1630 992 1673 vestigiis
1032 1633 1143 1661 natum
1155 1628 1326 1662 habentem
1343 1641 1349 1668 ;
1366 1630 1455 1661 autsi
1468 1630 1655 1662 huiusmodi
1673 1631 1779 1663 bomi-

242 1683 460 1726 inhaerentes,
484 1685 646 1728 simulque
660 1685 791 1717 modum
814 1690 845 1717 et
866 1689 990 1729 tempo·
1009 1681 1012 1734 j
1031 1692 1104 1715 nem
1125 1682 1343 1715 ecclesiastica
1372 1683 1524 1725 dignitate
1549 1689 1580 1715 et
1606 1689 1779 1726 personatu

242 1747 315 1770 rum
334 1738 436 1782 spatia
456 1738 668 1771 ecclesiarum
689 1738 876 1771 earumdem
898 1748 990 1781 prae·
1009 1736 1012 1784 ξ
1032 1735 1211 1778 praeditum
1229 1747 1293 1769 non
1306 1737 1455 1771 babeant,
1478 1747 1535 1779 per
1553 1737 1778 1769 dioecesanum

240 1790 376 1832 sutilius,
403 1801 463 1835 pro
484 1791 642 1834 cuiusque
663 1791 830 1824 intervallo
852 1796 882 1824 et
902 1791 990 1824 loco·
1009 1787 1012 1827 Ξ
1031 1790 1230 1823 sacerdotem
1249 1801 1256 1829 ·,
1284 1795 1315 1822 et
1333 1789 1357 1822 si
1374 1790 1460 1822 clero
1477 1795 1624 1829 careant,
1646 1791 1778 1823 omnino

1850 1325 1874 1346 Et
1887 1325 1980 1352 legitimo,

1798 1357 1906 1383 impediti,
1942 1363 1980 1383 por

1797 1391 1877 1408 certum
1925 1394 1981 1408 nun-

1797 1425 1849 1439 cium
1865 1419 1907 1439 hmo
1918 1419 1982 1439 adim-

1796 1451 1875 1476 pteam.

241 1853 312 1876 rum
333 1844 494 1886 distantia,
515 1845 729 1884 moderantes,
751 1845 811 1878 hac
835 1850 990 1888 perpetua
1009 1833 1012 1853 ¹

241 1897 468 1931 constitution-e
502 1898 684 1939 sancimus,
722 1898 929 1931 decernimus
960 1891 1011 1938 et}

241 1951 430 1984 mandamus
440 1956 474 1984 ut
485 1962 597 1985 omnes
607 1951 986 1996 pat1*iarcliae,primates,

240 2005 487 2048 archiepiscopi,
518 2005 683 2049 episcopi,
715 2016 773 2049 per
803 2004 1012 2045 universum}

240 2061 399 2090 terrarum
421 2057 531 2091 orbem
556 2058 734 2097 constituti,
753 2068 769 2090 :i
791 2057 882 2090 nobis
895 2057 986 2090 dein-

240 2121 316 2153 ceps
335 2110 518 2150 ordinandi,
541 2110 663 2144 etiamsi
689 2110 905 2143 cardinalatus
930 2110 988 2143 ho·

240 2173 318 2197 nore
333 2164 567 2208 praefulgeant,
588 2170 760 2208 antequam
779 2174 896 2196 munus
911 2174 989 2197 con·
1008 2150 1011 2214 Ξ

239 2218 430 2251 secrationis
448 2218 634 2262 suscipiant,
655 2229 710 2250 seu
731 2218 776 2251 eis
796 2217 990 2250 consecratis
1008 2219 1012 2260 ξ

239 2270 375 2314 pallium
394 2271 477 2304 beati
498 2271 583 2304 Petri
596 2282 731 2315 corpore
743 2277 906 2313 sumptum
924 2275 989 2303 tra·

240 2323 347 2363 datur,
369 2330 425 2359 aut
447 2324 471 2357 si
502 2325 540 2357 ad
567 2325 661 2357 aliam
692 2323 859 2357 ecclesiam
886 2318 1011 2365 trans-}

240 2372 397 2413 serantur,
416 2378 590 2416 antequam
615 2372 701 2405 illius
721 2372 869 2414 regimini
890 2372 988 2405 etad·

241 2421 467 2455 ministrationi
511 2431 543 2454 se
582 2422 795 2460 immisceant,
829 2421 988 2463 siquidem

241 2476 427 2515 praesentes
451 2470 483 2502 in
512 2470 606 2503 Curia
627 2470 755 2510 tuerint,
782 2470 813 2502 in
842 2470 1011 2515 manibusg

241 2520 274 2553 S.
299 2519 338 2553 R.
365 2519 400 2553 E.
421 2519 552 2553 diaconi
575 2519 747 2552 cardinalis
767 2519 878 2551 ordine
898 2519 987 2562 prio·
1008 2521 1010 2552 ἓ

243 2568 306 2611 ris·,
325 2568 352 2602 si
377 2579 451 2604 veno
471 2569 632 2609 absentes,
648 2568 681 2602 in
698 2568 848 2601 manibus
864 2567 987 2601 antisti·
1007 2554 1011 2601 i

1031 1853 1090 1886 per
1105 1843 1246 1886 aliquem
1268 1843 1367 1875 alium
1390 1842 1778 1886 presbyterum,saecula-

1031 1906 1098 1928 rem
1120 1897 1167 1929 vel
1189 1896 1382 1938 regularem,
1397 1901 1554 1938 spectata<¹
1568 1895 1732 1938 probitatis
1749 1902 1780 1928 et

1031 1949 1209 1991 religionis,
1220 1949 1258 1981 dc
1269 1949 1461 1992 supradictis
1473 1949 1723 1992 omnibusplene
1734 1949 1779 1981 in-

1031 2009 1201 2036 structum.
1224 2003 1266 2036 De
1295 2003 1479 2035 huiusmodi
1512 2008 1618 2035 autem
1640 2002 1778 2046 impedi-

1031 2062 1140 2089 mento
1160 2057 1276 2089 docere
1297 2057 1433 2089 debeant
1454 2067 1511 2099 per
1533 2056 1688 2096 legitimas
1706 2066 1779 2099 pro-

1031 2110 1186 2149 bationes,
1213 2110 1252 2142 ad
1284 2110 1405 2141 ‹lit-tum
1433 2110 1572 2152 primuni
1603 2109 1776 2142 diaconum

1031 2164 1224 2195 cardinalem
1264 2174 1322 2206 per
1359 2163 1581 2205 supradictum
1620 2162 1777 2201 nuncium

1031 2217 1303 2249 transmittendas.

1047 2287 1054 2294 ·
1075 2270 1089 2313 ξ
1114 2271 1144 2303 5.
1172 2270 1253 2308 Quin
1275 2270 1368 2301 etiam
1391 2268 1553 2312 principes
1573 2264 1778 2312 teinpor'iites,
1806 2294 1862 2315 mem
1878 2295 1975 2316 „amm

1031 2323 1054 2355 si
1077 2324 1168 2366 quid,
1184 2334 1241 2366 pro
1263 2334 1375 2355 corum
1398 2323 1513 2365 pintan:
1541 2328 1571 2354 et
1595 2333 1669 2364 erga
1695 2324 1777 2355 lianc
1793 2328 1901 2352 minores
1922 2331 1962 2347 *em

1031 2372 1245 2415 Apostolicam
1264 2372 1376 2404 Sedom
1398 2371 1610 2411 observantia,
1632 2371 1777 2405 Romano
1793 2358 1977 2415 Xissrssssess'ss'isssstssf

1032 2421 1176 2454 Pontifici
1198 2421 1355 2453 voluerint
1379 2420 1570 2461 significare,
1586 2420 1778 2460 eosdcin,si—
1792 2430 1835 2444 rum
1859 2425 1974 2459 evim-yvo-

1030 2481 1066 2502 ve
1092 2470 1259 2513 episcopos
1279 2470 1340 2501 sive
1361 2469 1441 2501 alios
1460 2469 1514 2512 qui
1529 2469 1568 2501 ab
1586 2468 1631 2502 eis
1651 2469 1778 2502 mitten·
1791 2457 1975 2511 ζυζζῖζᾫζζᾟζ

1030 2523 1093 2558 tur⁷
1116 2518 1195 2550 lidos
1210 2518 1374 2550 habebunt
1393 2518 1528 2550 nuncios
1553 2527 1589 2550 ac
1610 2518 1773 2558 relatores,
1791 2518 1974 2575 ’ςῑιξζςίἓξῐίὲξωξξ

1029 2577 1169 2614 quorum
1190 2578 1287 2612 opera
1308 2567 1346 2599 ab
1371 2567 1481 2599 eadem
1503 2566 1596 2607 Sede,
1621 2577 1680 2612 pro
1705 2566 1776 2600 illo-
