2059 3228
33 261 56 280 ·i.
68 251 100 280 ὓ.
117 251 182 279 15711

796 250 971 276 GREGomth
1000 252 1054 275 xm
1076 253 1123 276 ΡΡ.

196 303 250 337 nio
265 303 447 337 huiusmodi
464 303 611 343 ‹tm-nnio,
630 303 784 337 continuo
795 314 938 337 commo-

197 357 273 397 rari,
294 362 325 390 et
344 357 375 389 in
394 357 489 389 certis
514 357 627 390 diebus
648 359 678 389 in
699 358 795 390 domo
819 357 857 390 ad
877 357 939 390 hoc

195 410 359 453 designata
387 410 517 443 insimul
545 411 716 444 convenire
755 416 936 450 teneantur,

195 463 270 497 utin
280 463 664 496 causisomnibuseorum
686 463 937 496 iurisdictionem

193 526 259 550 non
271 516 330 549 nisi
345 517 541 549 coniunctim
568 517 691 550 valeant
708 516 938 559 quoquomodo

193 579 354 610 exercere;
377 570 550 603 sententiae
570 579 700 613 quoque
719 579 816 612 super
835 569 938 613 depu-

191 627 331 655 tatorum
351 628 382 655 et
401 623 585 656 auditorum
600 627 818 666 protectorum
831 622 858 662 1,
872 627 937 655 tam

191 675 481 709 ecelesiasticorum
505 686 602 719 quam
633 674 861 715 saecularium,
879 686 937 708 no-

191 727 555 772 minibusproferantur.
570 728 794 768 Nihilominus,
809 729 937 772 quando

190 781 230 814 de
250 781 353 814 causis
373 782 594 815 criminalibus
621 781 737 824 agitur,
764 782 937 825 deputatus

190 835 221 863 et
248 831 375 863 auditor
394 830 615 869 ecclesiastici,
641 841 681 862 ne
699 831 840 873 aliquam
862 842 937 875 pro-

189 885 300 922 pterea
315 879 503 912 contrabant
516 879 798 921 irregularitatem,
811 880 849 912 ab
860 881 937 914 alio-

190 939 262 960 rum
291 928 516 972 deputatorum
557 935 588 961 et
615 929 797 961 auditorum
824 940 936 963 saecu-

189 977 305 1009 larium
331 987 480 1010 consessu
508 978 679 1018 recedant,
707 983 737 1011 ct
762 979 936 1013 sententiae

189 1025 397 1068 supercausis
405 1025 627 1059 criminalibus
636 1026 818 1059 huiusmodi
829 1038 937 1060 saecu-

190 1075 306 1109 larium
322 1076 549 1119 deputatorum
565 1080 595 1108 et
609 1076 793 1108 auditorum
808 1077 935 1120 praedi-

188 1131 314 1158 ctorum
334 1124 518 1158 nominibus
535 1125 698 1157 dumtaxat
715 1125 933 1168 proferantur.

232 1173 286 1218 §⁶2-
299 1173 378 1207 Cum
390 1179 509 1213 autem,
520 1173 602 1206 sicut
613 1173 724 1206 eadem
737 1173 849 1217 petitio
860 1175 936 1208 sub-

187 1223 350 1266 iungebat,
364 1223 396 1256 in
409 1223 514 1256 causis
527 1222 750 1255 criminalibus
761 1224 936 1265 praedictis

186 1272 328 1316 ipsorum
350 1273 577 1316 deputatorum
603 1277 632 1304 et
659 1272 843 1304 auditorum
865 1284 935 1306 sae-

186 1321 345 1354 cularium
366 1332 484 1354 munus
503 1321 535 1353 in
551 1321 612 1353 hoc
632 1325 755 1353 tantum
769 1320 933 1361 consistat,

186 1375 221 1402 ut
232 1380 345 1403 causas
357 1370 440 1414 ipsas
458 1369 553 1403 certis
573 1379 686 1402 eorum
702 1369 934 1411 accessoribus,

186 1418 306 1451 iustitia
314 1419 486 1459 mediante,
497 1418 714 1451 terminandas
722 1418 934 1460 committant,

185 1472 217 1500 et
247 1467 451 1511 postmodum
472 1477 653 1499 accessores
674 1468 864 1500 eorumdem
885 1479 936 1501 re-

184 1515 321 1549 lationes
349 1516 501 1556 audiant,
533 1516 770 1559 sententiasque
797 1517 938 1560 desuper

185 1565 225 1597 ab
245 1565 365 1598 eisdem
397 1565 616 1598 accessoribus
641 1565 775 1598 dictatas
803 1571 834 1598 ct
858 1566 935 1599 sub-

184 1614 330 1658 scriptas,
353 1613 566 1658 ipsorummet
584 1614 771 1646 auditorum
788 1619 820 1647 et
832 1614 936 1658 depu-

186 1667 325 1695 tatorum
360 1663 575 1695 saecularium
600 1662 797 1702 nominihus,
819 1663 938 1696 saciant

185 1711 361 1755 publicari,
383 1716 414 1744 et
433 1711 458 1743 si
479 1710 641 1744 modernis
662 1717 693 1743 et
712 1721 770 1754 pro
793 1716 937 1755 tempore

184 1760 392 1793 existentibus
425 1760 578 1804 deputato
607 1765 638 1793 et
667 1759 806 1792 auditori
832 1761 936 1793 eccle—

184 1809 320 1842 siasticis
337 1809 570 1842 concederetur
594 1809 682 1851 quod
702 1808 797 1841 etiam
822 1809 877 1842 ubi
898 1810 937 1843 de

185 1858 290 1891 causis
326 1858 549 1890 criminalibus
582 1857 734 1901 praefatis
766 1862 934 1898 tractatur,

185 1906 307 1950 absque
322 1906 537 1939 conscientiae
553 1906 706 1949 scrupulo
722 1916 779 1939 seu
800 1906 937 1939 alieuius

185 1955 432 1999 irregularitatis
451 1955 597 1995 incursu,
611 1966 685 1987 eum
701 1955 937 1989 aliisinteresse

184 2005 338 2045 valerent,
355 2009 386 2038 et
401 2005 487 2047 quod
503 2005 678 2037 sententiae
691 2004 820 2037 illorum
838 2004 936 2038 etiam

185 2053 317 2086 nomine
345 2053 482 2097 proferri
511 2064 565 2086 seu
592 2054 751 2097 publicari
781 2053 937 2086 deberent

188 2106 392 2143 statueretur,
415 2113 451 2135 ex
465 2102 527 2135 hoc
544 2102 687 2146 profecto
708 2102 791 2135 inter
806 2103 935 2135 eosdem

188 2150 356 2194 deputatos
379 2155 411 2184 et
440 2151 605 2183 auditores
629 2150 805 2193 aequalitas
828 2161 936 2184 serva-

189 2204 290 2238 retur,
312 2209 372 2232 nec
395 2199 605 2243 imposterum
634 2210 746 2232 eorum
772 2199 934 2240 tribunal,

188 2252 286 2292 prout
304 2248 470 2289 hactenus,
492 2248 580 2291 quasi
594 2248 781 2281 claudicans
800 2259 936 2292 appare-

188 2301 248 2336 ret;
282 2306 494 2339 personarum
522 2297 597 2329 item
627 2308 663 2330 ac
692 2308 802 2330 rerum
833 2298 937 2330 eccle-

188 2345 391 2378 siasticarum
409 2345 590 2378 auctoritati
608 2350 704 2389 atque
721 2345 936 2379 conservatio-

187 2394 232 2434 ni,
249 2404 323 2426 cum
344 2393 515 2436 deputatus
537 2398 568 2426 et
582 2394 710 2427 auditor
729 2393 937 2428 ecclesiastici

190 2441 343 2486 praedicti
371 2441 509 2473 libertati
545 2442 779 2475 ecclesiasticae
811 2442 937 2485 potissi—

190 2502 279 2524 mum
309 2490 494 2533 invigilent,
525 2491 664 2533 amplius
692 2491 934 2531 consuleretur;

227 2554 236 2579 1
259 2552 341 2579 Forte
365 2551 532 2587 legendum:
558 2551 707 2578 Sententiae
730 2559 835 2585 quoque
857 2559 939 2586 super

190 2592 277 2619 causis
292 2592 414 2619 civilibus
428 2592 618 2626 deputatorum
640 2593 664 2618 el
683 2592 841 2619 auditorum
862 2599 939 2626 prae-

191 2632 325 2660 dii-lurum
343 2635 384 2664 tn.
400 2634 450 2663 ¹13).

1641 238 1682 272 99

982 314 1081 346 quare
1116 315 1173 347 pro
1205 312 1292 348 parte
1320 306 1463 338 oninium
1497 304 1726 348 deputatorum

981 363 1012 389 ct
1031 358 1215 389 auditorum
1238 359 1452 400 praefatorum
1476 357 1568 390 nobis
1593 356 1653 389 suit
1668 356 1728 388 bu-

981 410 1322 454 militersupplicatum
1337 409 1729 454 ‹piati-nusinpraemissis

980 468 1162 506 opportune
1183 464 1351 506 providere
1372 465 1410 497 de
1432 464 1627 507 benignitate
1648 473 1726 507 apo-

980 516 1091 548 stolica
1111 516 1331 558 dignaremur.

1023 569 1038 611 ,ξ
1057 569 1088 602 3.
1111 569 1173 601 Nos
1193 569 1301 611 igitur,
1328 569 1496 612 deputatos
1516 575 1546 603 et
1565 570 1728 603 auditores

979 622 1185 664 praedictosa
1196 623 1361 665 quibusvis·
1378 622 1726 662 ‹;=xconiinunicationis,
1741 608 1925 661 ffli‘iflfmi'ississf

979 675 1198 718 suspensionis
1211 681 1241 708 et
1256 675 1417 708 interdicti
1435 675 1536 719 aliisq.
1549 675 1724 715 sententiis,
1741 672 1823 728 ῧζξςζίζζ
1844 672 1921 721 ³⁶3?ss

979 728 1123 761 censuris
1143 735 1175 762 et
1194 730 1316 773 poenis,
1341 740 1357 761 a
1370 729 1439 761 iure
1460 730 1505 761 vel
1519 729 1557 761 ab
1579 729 1723 768 bomine,
1740 735 1822 784 ¹⁰⁴³*ssng
1837 733 1923 783 {griffi-

979 781 1089 823 quavis
1109 782 1276 815 occasione
1301 783 1349 815 vel
1371 793 1478 822 causa,
1501 782 1583 821 latis,
1610 781 1634 814 si
1655 781 1726 825 qui·
1740 771 1766 817 ,if
1782 770 1853 817 {33¹ss
1881 796 1924 815 efi-

978 833 1038 865 bus
1062 835 1308 877 quomodolibet
1331 834 1473 867 innodati
1506 834 1654 873 existunt,
1686 834 1724 867 ad
1739 826 1924 886 Ίωιζζζιζξζζζωζῖζῖ,

979 887 1127 919 effectum
1141 887 1358 931 praesentium
1371 887 1534 920 dumtaxat
1552 898 1727 930 conseque·
1739 890 1925 941 ffss'fnuevnuwgeflffij

978 939 1066 979 dum,
1083 940 1199 973 barum
1219 941 1301 973 serie
1319 940 1519 973 absolventes
1550 946 1580 973 et
1595 941 1725 973 absolu·
1740 953 1842 973 saneim.

978 997 1025 1025 tos
1049 993 1117 1026 fore
1141 999 1319 1033 censenteS‚
1356 993 1544 1026 huiusmodi
1565 994 1726 1036 supplica-

978 1046 1120 1079 tionibus
1152 1046 1310 1087 inclinati,
1344 1046 1553 1080 concedimus
1568 1053 1598 1080 et
1618 1047 1727 1079 indul-

977 1110 1089 1141 gemus
1110 1105 1144 1132 ut
1164 1100 1338 1143 deputatus
1366 1105 1396 1132 et
1422 1099 1552 1132 auditor
1575 1100 1728 1132 ecclesia-

978 1152 1047 1185 stici
1076 1153 1243 1196 praedicti,
1276 1155 1461 1196 praesentes
1487 1158 1517 1185 et
1552 1153 1665 1191 futuri,
1696 1153 1728 1184 in

978 1211 1183 1249 perpetuum,
1201 1205 1324 1238 etiamsi
1337 1205 1515 1249 pontificali
1527 1211 1581 1238 aut
1601 1205 1663 1238 alia
1679 1216 1729 1238 ec-

978 1257 1154 1290 clesiastica
1177 1257 1331 1300 dignitate
1352 1257 1500 1302 praediti,
1524 1269 1560 1291 ac
1577 1258 1671 1290 etiam
1695 1259 1727 1290 in

977 1311 1076 1343 sacris
1109 1311 1278 1344 ordinibus
1306 1312 1472 1344 constituti
1502 1311 1564 1343 sint
1583 1312 1631 1344 rel
1659 1312 1728 1344 sue-

978 1363 1052 1404 rint,
1076 1364 1108 1396 in
1119 1364 1223 1397 causis
1235 1364 1459 1397 criminalibus
1471 1365 1642 1408 praedictis
1654 1375 1729 1397 cum

977 1417 1047 1450 aliis
1067 1418 1226 1462 deputatis
1242 1423 1272 1450 et
1285 1417 1487 1450 auditoribus
1508 1417 1729 1450 saecularibus

977 1470 1162 1514 praedictis,
1193 1471 1289 1504 etiam
1310 1471 1334 1503 si
1362 1470 1475 1503 exinde
1503 1470 1727 1503 membrorum

978 1523 1197 1557 mutilationes
1217 1534 1273 1557 seu
1284 1523 1415 1566 quaevis
1425 1523 1506 1556 aliae
1526 1523 1631 1556 ultimi
1653 1534 1729 1566 sup-

978 1577 1065 1620 plicii
1087 1588 1210 1621 poenae
1229 1577 1483 1620 subsequantur,
1505 1576 1626 1618 absque
1653 1586 1729 1608 con-

978 1630 1131 1663 scientiae
1160 1631 1330 1673 scrupulo,
1360 1640 1416 1663 seu
1441 1629 1652 1662 inhabilitatis
1678 1628 1728 1660 vel

979 1683 1226 1726 irregularitatis
1237 1688 1293 1716 aut
1303 1682 1440 1716 alicuius
1449 1681 1711 1725 poenaeincursu
1719 1707 1727 1721 ,

978 1736 1064 1769 licite
1086 1737 1239 1770 interesse
1258 1737 1396 1770 valeant.
1418 1736 1575 1779 Quodque
1599 1741 1728 1768 senten-

978 1790 1040 1822 tiae
1060 1790 1200 1833 desuper
1220 1790 1372 1822 serendae
1388 1789 1534 1822 omnium
1557 1788 1728 1831 deputato-

978 1854 1051 1875 rum
1072 1848 1102 1876 et
1113 1843 1310 1883 auditorum,
1323 1848 1388 1875 tam
1399 1841 1613 1875 saecularium
1629 1851 1727 1883 quam

978 1897 1282 1937 ecclesiasticorum,
1294 1895 1534 1940 praedictorum
1543 1893 1728 1927 nominibus

978 1950 1131 1993 deinceps
1151 1949 1284 1982 omnino
1304 1949 1523 1993 proferantur,
1551 1945 1728 1979 dummodo

978 2003 1038 2047 ipsi
1059 2003 1230 2047 deputatus
1257 2007 1288 2035 et
1316 2002 1445 2035 auditor
1473 1998 1680 2033 ecclesiastici
1710 2009 1728 2031 a

977 2061 1049 2090 voto
1071 2056 1162 2088 inhis
1183 2056 1320 2089 debeant
1333 2055 1505 2087 abstinere.

980 2144 986 2150 „
1022 2110 1036 2153 ἓ
1062 2109 1094 2141 4.
1127 2109 1196 2141 Non
1217 2107 1417 2141 obstantibus
1438 2105 1725 2139 constitutionibus

978 2168 1008 2196 et
1027 2162 1287 2195 ordinationibus
1306 2158 1502 2203 apostolicis;
1524 2169 1560 2190 ac
1578 2157 1727 2191 ecclesia-

978 2227 1064 2255 rum,
1087 2215 1180 2248 etiam
1202 2214 1234 2246 in
1245 2211 1527 2257 quibusbeneficia
1538 2211 1726 2244 huiusmodi

978 2270 1085 2302 forsan
1107 2269 1237 2307 suerint,
1261 2267 1452 2304 iuramento,
1481 2263 1727 2297 confirmatione

979 2322 1157 2365 apostolica
1171 2321 1219 2353 vel
1239 2318 1349 2361 quavis
1368 2317 1518 2350 firmitate
1546 2316 1608 2349 alia
1628 2317 1727 2349 robo-

980 2375 1067 2414 ratis,
1081 2373 1206 2406 statutis
1217 2378 1247 2405 et
1258 2370 1545 2404 consuetudinibus
1556 2369 1729 2403 contrariis

981 2427 1254 2470 quibuscumque.

977 2493 980 2496 ·
1024 2476 1038 2518 ἓ
1059 2474 1090 2507 5.
1113 2473 1198 2506 Nulli
1218 2471 1630 2505 omninohominumliceat
1644 2471 1726 2503 banc

980 2525 1131 2568 paginam
1140 2528 1267 2555 nostrae
1278 2521 1500 2562 absolutionis,
1511 2520 1727 2553 concessionis

981 2579 1009 2606 et
1023 2572 1137 2605 indulti
1151 2571 1336 2613 infringere,
1350 2575 1401 2602 aul
1419 2569 1446 2602 ei
1458 2580 1537 2602 ausu
1555 2568 1726 2601 temerario

1743 247 1791 274 Λη.
1811 247 1839 275 C.
1857 247 1923 274 «5711

1795 576 1923 599 Conceditur

1795 2113 1908 2139 Dei-rigatio

1740 2148 1904 2165 contrariorum.

1753 2480 1836 2500 ctauzui
1845 2488 1853 2491 ··
1863 2487 1924 2499 veni-

1743 2511 1868 2531 minutium

954 2629 959 2663 ι
982 2621 1153 2662 contraire,
1166 2619 1191 2652 si
1203 2618 1274 2662 quis
1282 2623 1388 2652 autem
1397 2618 1459 2652 boc
1466 2623 1620 2651 attentare
1634 2626 1725 2659 prae-
