2059 3228
32 0 69 42 ff

38 43 49 58 ¹
68 58 70 61 ,

22 202 27 207 .
40 177 68 210 Β.
86 177 153 208 1587

29 235 68 270 q‘ho
81 239 149 261 omni-

27 273 96 295 nno!
118 275 149 291 re-

19 302 67 324 ιίοι
84 306 148 328 prov-

24 334 50 356 w
69 337 149 354 eonce-

35 569 50 583 ᾳ
34 542 41 553 '
35 466 47 529 *ef*
34 402 54 451 ,κὴ

812 177 916 201 Stxrtts
935 177 953 198 V
974 178 1020 201 W.

166 229 340 268 fructibus,
368 230 539 269 reditibus,
575 230 802 273 pratentibus,
833 229 909 262 inri-

163 282 234 321 hus,
247 283 494 315 olnentionilnis
511 291 540 317 et
561 285 797 323 emolumentis,
810 284 909 327 ipsius

161 341 289 368 nos-trae
329 338 492 380 cappellae
524 337 724 381 praepositus
755 337 909 380 quadrin-

160 389 401 431 genta‚saerista
417 396 582 423 centninet
594 390 909 433 ⁴piintlnaginta,sin-

159 441 227 484 guli
240 443 434 486 cappellani,
449 444 543 476 etiam
560 450 689 475 centum
704 450 731 475 et
746 444 907 486 quinqua-

159 494 258 537 ginta,
281 495 397 539 singuli
420 509 493 529 vcro
522 498 575 529 alii
596 497 776 529 beneficiati
798 497 907 530 cleriei

160 547 239 581 inibi
268 560 327 593 pro
359 556 501 593 tempore
532 551 717 587 existentes,
751 551 909 593 qninqua—

159 600 245 644 ginta
266 608 355 636 senta
374 610 521 636 monetae
542 604 701 636 ltoinanae
722 604 905 647 [wrcipere3

159 655 285 699 ipsique.
318 657 447 689 insimul
478 658 626 690 similiter
654 657 746 690 annis
773 658 907 699 singulis

159 720 260 743 unum
283 711 518 744 tlte-saniarium
541 723 596 744 scu
611 711 836 751 (aniterariuin,
852 713 905 755 qni

158 762 197 796 (le
217 772 329 796 eorum
352 765 473 805 gremio
494 765 617 804 existat,
636 770 666 796 et
686 765 724 797 ad
740 776 835 807 quem
854 778 907 809 pc-

158 815 289 849 cutim-is
314 829 389 849 cura
419 818 686 860 recuperationis,
719 819 903 857 exactionis,

157 868 392 903 distributionis
412 877 442 903 et
467 871 686 915 repartitionis
706 873 851 904 omnium
876 879 902 904 et

158 921 359 964 singulorum
397 925 557 957 t'rnctnum
573 952 581 964 ‚
612 925 794 965 redituum,
830 937 904 969 pro-

157 981 324 1016 ventuum,
347 975 480 1017 iuriam,
508 977 736 1010 obventionum
761 984 791 1011 et
815 990 904 1012 emo-

159 1028 379 1062 lumentorum
406 1031 445 1063 ad
479 1031 596 1063 dictam
629 1033 808 1075 cappellam
846 1044 904 1066 no-

157 1087 267 1122 stram,
295 1083 445 1126 illiusque
475 1084 628 1117 fabricam
659 1091 688 1117 et
713 1086 902 1125 sacristiam,

157 1141 254 1178 atque
271 1136 310 1169 ad
331 1147 537 1170 communem
556 1148 691 1171 massam
705 1140 832 1182 collegii
846 1140 905 1172 lin-

159 1188 296 1221 insmodi
317 1199 403 1223 nune
429 1196 460 1223 et
489 1202 547 1234 pro
583 1197 726 1235 tempore
759 1198 905 1236 spectan-

156 1241 234 1273 tium
258 1242 429 1286 pertineat,
451 1244 570 1286 eligere
590 1246 787 1288 etdeputare
806 1259 812 1287 3
828 1257 903 1280 nec-

155 1304 218 1327 non
246 1301 292 1336 nt,
325 1297 429 1329 soluta
455 1298 650 1341 praeposito,
677 1299 828 1332 sacristae
867 1312 903 1333 ae

154 1348 290 1390 singulis
314 1350 511 1394 cappcllanis
531 1364 567 1383 ac
587 1352 785 1386 beneficiatis
809 1364 902 1396 prae-

154 1401 248 1434 dietis
267 1408 334 1435 rata
351 1409 441 1447 parte
451 1415 506 1437 seu
524 1405 672 1448 portione
686 1416 751 1446 eos,
766 1412 799 1438 nt
812 1418 904 1450 prae-

156 1455 266 1495 l'ertur,
288 1461 450 1499 tangente,
473 1463 504 1490 et
523 1458 670 1492 deductis
683 1460 903 1493 omnibusim-

153 1508 260 1551 pensis
280 1509 317 1541 ad
341 1521 435 1543 nsum
463 1513 627 1555 cappellae
653 1520 779 1546 nostrae
800 1514 901 1547 illius-

152 1571 216 1605 que
246 1561 385 1595 fabricae
406 1570 436 1596 et
452 1565 614 1598 sacristiae
636 1566 821 1599 huiusmodi
843 1578 900 1600 ne-

153 1615 311 1655 cessat-iis,
331 1622 432 1649 totum
449 1617 479 1650 id
493 1619 578 1661 qnod
596 1619 767 1662 supererit,
785 1620 817 1652 in
837 1631 902 1653 em-

152 1667 295 1712 ptionem
317 1671 519 1704 totlocorum
542 1672 701 1705 montium
721 1684 785 1706 non
810 1684 900 1707 vaca-

152 1721 266 1755 bilium
287 1729 340 1755 ant
362 1724 499 1757 aliorum
521 1725 679 1759 bonorum
699 1726 860 1760 stabilium
872 1739 901 1761 e-

151 1784 278 1817 rogare3
305 1775 503 1820 illorumque
533 1789 661 1811 necnon
688 1779 763 1812 inde
790 1792 902 1823 prove-

150 1827 274 1861 nientes
291 1830 412 1863 fructus
425 1837 594 1874 postquam
604 1832 642 1864 ad
651 1843 810 1866 summam
823 1845 900 1867 cen-

151 1886 216 1913 tnm
238 1888 402 1916 scutorum
424 1884 579 1917 similium
599 1886 815 1926 ascenderint,
838 1898 896 1931 pro

153 1945 214 1967 nna
242 1936 324 1969 inter
348 1947 380 1969 se
408 1938 727 1981 proportionabiliter
755 1940 897 1974 dividere

152 1994 179 2021 et
205 1989 376 2032 repartiri3
407 2001 466 2034 pro
495 1992 595 2025 altera
618 2003 694 2025 vero
719 1993 899 2026 medietati-

153 2042 224 2082 bus,
245 2044 434 2076 eornnaleni
451 2056 548 2088 super
564 2046 818 2079 excrescentium
835 2048 900 2081 fru-

153 2101 234 2136 ctns,
257 2095 285 2128 ia
308 2107 412 2137 nsum,
434 2098 638 2131 necessitates
659 2105 690 2131 et
710 2106 899 2134 ornamenta

152 2149 315 2191 cappellae
330 2156 468 2191 nostrae,
482 2151 630 2194 illiusque
652 2152 790 2185 fabricae
807 2158 837 2186 et
853 2164 899 2186 sa-

155 2202 277 2235 :ristiae
311 2203 496 2236 huiusmodi
526 2212 713 2238 convertere
743 2206 897 2247 debeant3

153 2255 194 2286 ita
215 2259 320 2287 tanuen
342 2262 373 2288 ut
393 2257 613 2290 thesaurarius
628 2263 685 2290 aut
704 2259 899 2292 camerarius

153 2318 210 2341 oro
232 2314 377 2352 tempore
397 2310 546 2351 existens,
569 2312 607 2343 de
637 2312 776 2355 receptis
795 2317 827 2345 et
845 2313 900 2345 ad-

110 2391 111 2394 ,
158 2356 338 2389 ‘ministratis
364 2368 422 2401 per
454 2369 542 2398 enen,
574 2360 730 2393 rationem
759 2367 789 2394 et
809 2372 898 2394 eom-

153 2411 228 2447 Ιιιιῐιι
257 2405 360 2438 cidem
393 2406 530 2447 collegio
561 2408 592 2439 in
629 2409 691 2441 line
725 2409 899 2443 cuiuslibet

151 2454 224 2486 :inni
245 2454 375 2487 reddere
397 2456 528 2488 omnino
555 2462 711 2490 tent-atur.

195 2503 210 2543 ξ
236 2503 286 2536 lb.
311 2505 352 2535 Ac
375 2503 518 2547 insuper,
538 2504 606 2542 nbi,
621 2505 897 2548 quotiesetquan-

151 2549 333 2595 docentque
355 2553 399 2585 eis
419 2553 590 2596 placuerit,
612 2553 710 2587 libere
721 2564 896 2588 eorninar-

1591 165 1654 197 865}

951 228 1058 267 bitrio,
1088 230 1154 261 sim·
1188 230 1252 261 nllo
1279 234 1381 261 tamen
1409 239 1506 261 onere
1536 233 1591 261 aut
1615 227 1696 260 obli-

950 281 1090 321 gatione,
1118 289 1147 313 et
1173 283 1239 314 sine
1263 284 1327 313 ullo
1349 282 1593 325 impedimento,
1621 281 1695 313 stal-

952 335 1016 366 lnm
1043 340 1070 367 et
1099 336 1202 367 locuni
1227 336 1255 367 in
1279 336 1359 367 dicta
1391 334 1521 367 basilica
1553 342 1583 368 et
1612 334 1697 367 illius

950 387 1049 419 clioro
1068 388 1196 427 babere,
1220 389 1433 431 ‹nnnilnisqne
1455 387 1698 427 ctsingnlislio-

950 441 993 472 ris
1018 442 1182 473 cainniieis
1202 454 1236 473 a«-
1258 442 1327 473 aliis
1349 441 1461 473 [lirinis
1482 441 1607 478 olliciis,
1624 452 1696 473 nee-

950 504 1013 526 non
1053 496 1317 538 processionilnis
1349 495 1526 537 ceterisque
1561 495 1697 539 publicis

949 547 1083 588 actibus,
1096 559 1158 581 non
1172 554 1276 580 taincn
1290 548 1510 591 capitularil›.,
1523 548 1625 581 dictae
1640 548 1694 581 ba-

949 600 1057 633 silicae
1078 601 1241 639 interesse,
1266 602 1305 633 ita
1329 608 1358 633 nt
1383 613 1485 644 neque
1506 602 1543 633 ad
1567 601 1696 633 interes-

949 655 1083 686 sendum
1099 656 1283 698 praemissis
1297 667 1448 698 uniquam
1465 655 1533 695 cogi
1551 655 1595 687 rel
1610 667 1696 687 coin-

950 708 1036 750 pelli,
1059 719 1130 748 nec,
1162 709 1186 740 si
1216 715 1327 752 sponte
1349 709 1500 741 accc-(lere
1523 709 1692 747 rotavi-int,

949 761 1396 805 impediriquovispraetextu
1420 762 1552 804 possint.
1578 762 1610 793 tit
1634 761 1693 793 ibi-

948 815 1021 846 dem
1047 816 1262 858 praepositus,
1291 815 1449 853 videlicet,
1481 826 1613 858 cappam
1639 819 1692 847 aut

948 872 1064 900 cottam
1076 879 1149 900 cuin
1166 868 1323 908 rochetto,
1339 874 1429 911 prout
1455 867 1693 910 tempor-isqua-

949 921 1019 953 litas
1039 922 1191 963 exegerit,
1212 922 1250 954 ad
1277 928 1376 954 instar
1404 922 1637 954 t·.·ni‹‘›nicoruin
1658 932 1693 954 e-

947 974 1070 1007 iusdem
1091 974 1254 1016 basilicae,
1277 975 1407 1007 sacrista
1429 980 1534 1006 autem
1565 980 1594 1007 et
1616 986 1692 1018 cap-

948 1028 1077 1071 pellani,
1098 1039 1133 1061 ac
1159 1028 1211 1061 alii
1232 1028 1410 1061 beneficiati
1432 1027 1540 1059 clerici
1565 1038 1693 1061 nuncu-

947 1081 1012 1124 pati
1034 1082 1202 1124 praedicti,
1225 1082 1367 1114 habitum
1395 1093 1452 1124 per
1472 1081 1551 1114 alios
1572 1082 1692 1114 benefi-

946 1134 1045 1167 ciatos
1072 1141 1100 1167 et
1127 1136 1262 1168 clericos
1282 1135 1382 1179 ipsius
1403 1134 1551 1167 basilicae
1575 1135 1691 1177 gestari

946 1187 1074 1220 solitum
1108 1188 1281 1231 respective
1311 1188 1459 1227 (lel‘erre;
1489 1198 1615 1220 necnon
1643 1193 1690 1220 at-

947 1245 1030 1273 tenta
1057 1241 1260 1284 antiquitate,
1282 1241 1447 1274 nobilitate
1477 1247 1507 1273 ct
1528 1247 1690 1285 praestan·

946 1294 988 1326 tia
1008 1294 1152 1327 eiusdem
1173 1295 1273 1328 sancti
1294 1295 1459 1337 Praefflfpis
1483 1294 1653 1335 Dominiei,
1672 1306 1689 1327 a

945 1358 1031 1390 qno,
1064 1352 1229 1391 tamquam
1264 1348 1439 1392 praecipua
1472 1354 1502 1381 et
1537 1347 1689 1391 primaria

945 1406 1048 1444 parte,
1064 1406 1130 1434 tota
1150 1402 1281 1434 basilica
1297 1403 1390 1435 etiam
1408 1402 1446 1434 ad
1466 1413 1620 1446 praesepe
1631 1402 1690 1435 Do-

946 1454 1024 1486 mini
1045 1454 1121 1487 olim
1142 1455 1226 1488 dicta
1252 1455 1323 1496 suit,
1355 1461 1386 1488 et
1414 1466 1486 1488 cum
1519 1457 1597 1488 baec
1622 1455 1689 1499 ipsa

944 1518 1002 1550 per
1021 1518 1079 1541 nos
1103 1513 1209 1541 erecta
1229 1509 1365 1551 dignitas
1382 1509 1537 1549 sacristia,
1560 1511 1688 1553 cappel-

945 1561 1048 1594 laniae
1077 1567 1107 1593 et
1131 1562 1289 1594 beneficia
1319 1573 1376 1605 pro
1404 1562 1509 1595 divino
1539 1563 1628 1595 cultu
1659 1568 1689 1595 et

944 1614 1072 1647 servitio
1097 1615 1241 1648 eiusdem
1268 1615 1434 1659 Praesepis
1459 1616 1574 1648 suerint
1598 1616 1688 1649 insti-

943 1673 1023 1708 tuta,
1053 1669 1254 1712 praepositus
1288 1669 1472 1701 immediate
1505 1675 1575 1712 post
1603 1670 1688 1703 vica-

943 1721 1028 1754 rium
1048 1722 1317 1766 archipresbyteri
1338 1722 1441 1755 dietae
1470 1723 1631 1764 basilicae,
1658 1729 1688 1756 et

942 1779 1015 1808 ante
1035 1786 1147 1808 omnes
1167 1775 1254 1808 illius
1278 1776 1450 1809 canonicos
1475 1777 1684 1819 supradictos,

942 1828 1074 1861 sacrista
1082 1839 1156 1862 vero
1168 1834 1199 1862 et
1209 1829 1324 1862 deinde
1333 1829 1510 1872 cappellani
1523 1835 1592 1873 post
1604 1831 1689 1874 ipsos

942 1881 1114 1915 canonicos
1134 1888 1166 1915 et
1184 1888 1257 1914 ante
1277 1893 1388 1915 omnes
1411 1882 1618 1915 beneficiatos
1637 1884 1689 1916 ba-

942 1934 1062 1976 silicae,
1084 1935 1138 1967 alii
1153 1940 1260 1968 autem
1281 1935 1423 1968 eiusdem
1446 1937 1610 1980 cappellae
1633 1948 1688 1969 no·

941 1992 1024 2020 strae
1034 1988 1338 2021 beneficiatielerici
1363 1989 1524 2032 appellati,
1546 1994 1616 2032 post
1635 1989 1688 2022 be-

941 2040 1107 2076 neficiatos
1119 2046 1232 2074 etante
1253 2042 1389 2074 clericos
1409 2043 1559 2075 basilicae
1576 2043 1687 2075 liuius-

941 2098 1027 2130 modi
1042 2098 1225 2131 immediate
1247 2098 1356 2131 sedere
1377 2104 1403 2130 et
1429 2097 1575 2130 incedere
1589 2097 1688 2130 libere

941 2156 971 2183 et
991 2151 1075 2184 licite
1091 2151 1225 2195 possint.

984 2204 999 2248 ἓ
1018 2204 1071 2237 ’17.
1095 2204 1155 2236 Per
1173 2204 1235 2238 hoe
1256 2210 1361 2237 tamen
1381 2204 1522 2238 eiusdem
1539 2204 1688 2240 basilicae

941 2256 1093 2300 capitulo,
1118 2258 1293 2298 canonicis,
1332 2258 1529 2291 beneticiatis
1564 2265 1593 2291 et
1623 2260 1686 2292 cle-

940 2310 1014 2343 ricis
1033 2310 1140 2353 quoad
1161 2310 1402 2344 distributiones
1423 2318 1453 2344 et
1477 2312 1538 2344 alia
1562 2313 1686 2345 emolu-

940 2364 1046 2391 menta
1066 2370 1124 2402 per
1143 2370 1197 2392 eos
1216 2360 1292 2392 dum
1320 2360 1406 2393 boris
1427 2361 1589 2393 canonicis
1609 2361 1687 2393 divi-

940 2408 1053 2451 nisque
1082 2409 1195 2441 offieiis
1215 2420 1252 2442 ae
1280 2409 1539 2453 processionibus
1568 2416 1597 2443 et
1617 2410 1688 2443 aliis

939 2457 1063 2490 actibus
1092 2458 1277 2491 huiusmodi
1304 2458 1474 2499 intersunt,
1507 2459 1629 2503 percipi
1657 2465 1685 2492 et

941 2506 1058 2539 lucrari
1079 2507 1184 2547 sclita,
1207 2507 1313 2550 aliqua
1347 2518 1383 2539 ex
1414 2513 1503 2550 parte
1528 2508 1688 2551 praeindi-

940 2566 1012 2588 care
1032 2566 1237 2599 nequaqnam
1263 2557 1475 2597 intendiums3
1507 2556 1686 2600 ‹ptinimmo

1713 173 1764 201 Λη.
1782 174 1811 201 C.
1828 174 1894 203 1587

1739 234 1762 254 Εῑ
1784 236 1803 255 iu
1829 236 1895 256 clini-0

1711 266 1779 288 iocum
1850 267 1896 286 eis-

1712 299 1757 318 dem
1799 299 1895 323 quando-

1711 334 1798 355 cumque
1811 328 1823 347 ii
1835 330 1895 348 ades·

1711 367 1733 379 με
1744 360 1895 385 »ebresinga-

1712 393 1787 417 signat.

1736 2214 1844 2236 interdicit
1859 2221 1885 2236 ne

1703 2249 1816 2272 propterea
1846 2248 1886 2267 ati-

1702 2278 1756 2304 qnod
1801 2275 1880 2298 emolu-

1703 2311 1794 2329 menturn
1812 2310 1886 2336 perch

1703 2340 1767 2366 piant.
