2059 3228
183 278 245 314 bus
264 284 296 312 et
316 279 579 314 universitatibus
599 280 717 325 ingenti
739 292 811 315 aere
828 282 933 315 alieno

184 332 334 375 gravatis,
355 333 551 378 aerariisque
569 345 679 367 earum
701 336 794 378 plane
811 335 932 368 exhau-

184 385 241 419 stis
260 395 311 419 res
331 386 398 430 ipsa
420 393 450 420 et
471 387 667 430 experientia
687 388 808 421 docuit.

75 483 78 486 Δ
103 473 105 478 ,
174 456 177 460 >
226 437 242 482 ἓ
266 437 296 471 2.
319 439 929 483 Nospropterea,indemnitatiillorum

237 491 314 525 huic
339 493 435 532 malo,
458 500 628 537 antequam
651 494 746 526 latius
771 499 875 537 serpat
901 501 931 527 et

20 549 22 586 ζ
52 546 94 626 f
124 556 170 578 ont·
181 543 328 587 graviora
357 546 469 578 all'crat
506 546 622 579 damna
649 553 676 579 et
712 546 927 585 incommoda,

19 641 21 647 Ι
54 597 70 606 ”
86 586 169 642 4¹¹¹}ss
181 597 421 642 quamprimum
444 599 611 643 providere
632 599 809 643 cupientes,
823 600 861 632 de
882 606 928 632 at-

19 665 21 682 ;
70 648 166 692 egoni·
181 650 321 685 tributae
342 652 433 685 nobis
453 653 649 696 apostolicae
668 653 833 696 potestatis
859 653 926 697 ple-

97 736 105 743 ,
149 718 153 723 ·
178 703 340 746 nitudinc‚
377 711 486 739 tenore
515 705 747 750 praesentium,
771 706 928 750 praeeipi-

126 766 132 773 ⁷
177 767 251 792 mus
278 763 310 791 et
336 759 527 792 mandamus
557 759 712 792 universis
743 765 770 792 et
794 760 927 801 singulis

92 849 95 855 ,
177 811 340 856 personis,
365 812 476 855 quavis
505 812 657 856 dignitate
683 819 711 846 et
733 814 926 846 auctoritate

16 867 19 890 ¹
103 891 106 902 .,
177 864 385 909 fulgentibus,
415 877 473 910 pro
503 877 639 909 quarum
661 867 812 907 utilitate,
836 878 925 900 com-

118 911 120 913 *
175 918 272 953 modo
292 925 324 953 et
353 918 518 960 interesse,
539 919 663 953 directo
682 920 730 952 vel
751 919 922 959 indirecto,

175 971 283 1016 aliqua
302 973 493 1007 universitas
506 983 562 1006 seu
583 973 801 1006 communitas
818 974 925 1007 cuius-

175 1036 316 1070 cumque
344 1026 491 1069 civitatis,
523 1032 638 1067 terrae,
665 1027 789 1072 oppidi,
817 1027 923 1068 castri,

173 1079 267 1114 villae
286 1085 344 1114 aut
361 1080 495 1114 alterius
514 1079 587 1121 loci,
608 1086 736 1114 nostrae
763 1086 792 1114 et
821 1081 923 1114 dietae

74 1127 105 1171 ,1,
174 1132 342 1167 Romanae
373 1133 535 1167 Ecclesiae
564 1134 678 1167 ditioni
713 1134 853 1168 mediate
887 1146 923 1168 ve

174 1186 358 1222 immediate
386 1187 419 1221 in
450 1188 684 1233 temporalibus
709 1188 845 1222 subiecti
873 1189 922 1222 vel

173 1240 348 1282 subiectae,
370 1241 509 1275 universi
530 1242 674 1282 insimul,
702 1253 738 1275 ex
763 1254 922 1287 quaeum-

173 1305 237 1339 que
256 1305 353 1328 causa
374 1301 407 1329 et
426 1306 635 1340 quocumque
657 1296 766 1335 modo,
789 1297 920 1330 fideius-

173 1347 263 1388 sisse‚
291 1349 339 1382 vel
360 1348 457 1383 etiam
488 1350 534 1382 uti
565 1349 759 1393 principales
787 1350 920 1393 obligati

172 1401 331 1436 hactenus
354 1403 452 1436 fuisse.
480 1403 706 1447 reperientur,
735 1409 768 1436 ut
803 1403 863 1447 ipsi
890 1410 921 1437 et

173 1460 287 1490 eorum
307 1457 531 1501 unusquisque
557 1457 696 1491 debeant
725 1469 760 1490 ae
787 1463 919 1490 tenean·

173 1514 239 1552 tur,
250 1509 335 1543 intra
348 1521 468 1543 annum
489 1522 507 1544 a
527 1511 577 1544 die
597 1510 868 1550 denunciationis,
887 1510 920 1543 in

170 1563 236 1596 vim
262 1564 479 1608 praesentium
512 1565 694 1598 litterarum
715 1575 827 1597 eorum
854 1563 920 1597 cui-

169 1616 250 1650 libet
268 1617 446 1659 faciendae,
470 1618 593 1652 etiamsi
614 1618 672 1662 ipsi
694 1630 729 1651 ex
751 1618 918 1651 0311011101-

169 1670 267 1705 vitate
297 1677 328 1705 et
351 1672 423 1705 loco
449 1673 497 1706 vel
522 1672 653 1706 aliunde
683 1672 811 1705 oriundi
841 1672 916 1713 sint,

170 1729 267 1769 atque
287 1725 366 1758 inibi
386 1725 434 1759 vel
453 1726 529 1758 alibi
549 1725 751 1759 domicilium
778 1726 919 1759 habeant

167 1772 318 1818 bonaque
332 1775 460 1808 stabilia
485 1775 718 1818 cuiuscumque
737 1774 865 1814 valoris,
888 1786 919 1808 e-

169 1821 247 1856 tiam
275 1823 420 1863 maximi,
441 1824 640 1868 possideant,
665 1834 764 1866 caque
785 1823 918 1857 minime

169 1870 358 1916 dilapIdent,
385 1873 425 1906 ah
449 1873 635 1906 huiusmodi
661 1872 867 1905 fideiussione
887 1878 919 1905 et

169 1919 231 1960 alia
251 1931 455 1966 quacumque
477 1922 672 1965 obligatione
692 1921 769 1953 reali
792 1927 823 1954 et
846 1932 918 1964 per-

169 1969 270 2003 sonali
289 1971 337 2004 vel
351 1971 536 2015 hypotheca
549 1970 690 2013 generali
707 1976 758 2003 aut
773 1970 915 2013 speciali,

168 2018 264 2051 etiam
285 2029 303 2052 a
323 2019 450 2052 modico
472 2026 615 2062 tempore
633 2019 713 2051 citra
734 2019 916 2057 contractis,

168 2068 362 2112 easdemque
383 2069 648 2102 communitatem
677 2079 733 2101 seu
763 2067 918 2100 universi-

167 2115 266 2149 tatem
287 2127 466 2160 earumque
487 2129 537 2150 res
557 2124 585 2149 et
608 2117 690 2149 bona
712 2116 843 2160 penitas
863 2128 916 2149 ex-

168 2165 282 2198 emisse
307 2171 338 2199 et
362 2166 527 2203 liberasse2
557 2172 748 2208 curentque,
775 2166 822 2197 vel
851 2175 939 2198 eas-¹

168 2214 244 2247 satis
257 2214 387 2258 penitus
406 2220 437 2248 et
456 2215 603 2247 extinctis
625 2215 700 2258 ipsis
714 2213 915 2255 obligationi-

167 2262 228 2295 bus
261 2269 293 2296 ct
323 2263 545 2296 instrumentis
577 2264 715 2306 desuper
747 2262 913 2303 consectis,

168 2317 223 2345 aut
258 2313 331 2346 dato
363 2312 425 2346 alio
463 2313 695 2355 expromissore
734 2311 764 2343 in
808 2312 937 2343 locunr

137 2403 142 2405 Δ
168 2359 268 2404 ipsius
288 2361 526 2394 communitatis
546 2361 593 2394 vel
615 2360 840 2400 universitatis,
862 2367 915 2393 aut

167 2409 244 2443 alias
264 2410 494 2454 quoquomodo
515 2421 547 2443 re
569 2411 638 2454 ipsa
657 2410 783 2443 efficere
796 2415 830 2441 ut
844 2409 864 2441 ii
883 2409 915 2442 in

167 2468 306 2502 quorum
327 2459 467 2491 savorem
488 2458 574 2501 ipsae
595 2457 845 2491 communitates
860 2464 915 2490 aut

144 2516 147 2517 ⁷
167 2506 390 2540 universitates
439 2517 470 2539 se
509 2506 715 2550 obligaverint
733 2533 740 2546 ,
785 2506 913 2539 illarum

167 2554 348 2590 liberationi
383 2561 496 2599 sponte
530 2561 559 2589 ct
597 2565 743 2598 expresse
779 2565 914 2589 consen-

119 2616 124 2619 *
167 2607 256 2644 tiant.

832 230 855 252 Sl
862 230 934 253 XTI'S
968 230 986 252 V
1017 229 1066 252 ΓΡ.

1613 218 1677 254 759
1710 220 1721 228 ‘
1735 224 1789 254 An.
1805 226 1833 255 C.
1852 228 1919 258 1586

1020 279 1078 324 §3-
1095 280 1281 314 Cuiusmodi
1298 291 1504 321 consensum,
1523 281 1547 314 si
1568 291 1628 316 nec
1645 281 1717 326 ipsi,

974 333 1006 366 in
1041 344 1179 377 quorum
1216 336 1354 367 t'avorem
1389 335 1637 368 communitates
1671 335 1719 368 vel
1733 331 1918 385 {3³:2⁰⁰”nm‘222

974 385 1195 419 universitates
1224 387 1407 431 praedictae
1432 398 1465 421 se
1489 398 1611 431 suaque
1634 387 1719 421 bona
1733 395 1754 413 ¹²¹
1775 393 1814 420 ⁵1³⁵*
1844 395 1918 415 credi-

972 439 1193 482 obligaverint,
1218 447 1378 483 praestare
1399 441 1464 474 ullo
1486 441 1581 473 modo
1607 442 1717 474 volue-
1733 425 1917 483 ‘etiiiriguiiiefassi

972 491 1047 531 rint,
1069 498 1101 524 et
1132 503 1168 524 ca
1193 492 1289 526 suerit
1315 500 1497 527 contractus
1526 495 1573 527 vel
1595 494 1717 537 obliga·
1732 490 1917 539 ξξςῇζῗζζζωᾞζξ

972 544 1067 577 tionis
1088 551 1214 586 natura,
1237 552 1272 579 ut
1294 558 1409 590 neque,
1437 548 1530 581 etiam
1556 547 1638 580 sacta
1658 548 1716 580 ali·
1732 549 1833 583 ¹¹⁵¹.·'¹“¹’¹¹⁵
1869 549 1917 570 ‘⁶⁰‘

971 609 1032 640 qua
1053 598 1216 632 oblatione
1248 606 1303 633 aut
1328 601 1501 641 solutione,
1523 601 1561 634 ad
1584 611 1718 634 consen·
1732 581 1916 632 gazaniam.

971 651 1113 684 tiendum
1136 652 1194 696 ipsi
1218 653 1304 686 inviti
1326 654 1408 697 cogi,
1429 665 1484 688 seu
1502 655 1579 687 alias
1594 655 1716 698 obliga-

970 704 1073 737 tiones
1094 705 1179 748 ipsae
1201 707 1315 739 cassari
1337 713 1366 741 et
1391 708 1549 741 annullari
1581 708 1713 752 possint,

970 762 1045 790 tunc
1075 758 1178 791 dictae
1203 771 1369 803 personae,
1405 772 1421 793 a
1451 762 1569 805 quibus
1595 763 1714 795 czedem

969 818 1215 845 communitates
1237 820 1264 846 et
1295 814 1518 847 universitates
1547 816 1715 849 occasione

969 865 1082 898 talium
1104 865 1337 908 obligationum
1353 867 1518 901 indemnes
1529 868 1715 902 relevandae

967 923 1052 958 sunt,
1074 919 1153 952 alios
1184 919 1389 953 fideiussores
1414 926 1442 953 et
1465 921 1714 964 expromissores

966 971 1102 1004 arbitrio
1122 983 1180 1016 pro
1200 978 1346 1017 tempore
1367 974 1532 1007 existentis
1552 974 1712 1017 guberna-

966 1025 1043 1057 toris
1067 1036 1122 1058 seu
1151 1026 1257 1069 legati,
1279 1027 1330 1059 cui
1362 1027 1429 1071 ipsa
1454 1027 1641 1061 universitas
1664 1028 1712 1061 vel

965 1079 1178 1112 communitas
1199 1080 1338 1113 mediate
1366 1091 1420 1113 seu
1446 1080 1630 1114 immediate
1657 1093 1711 1115 su-

963 1132 1058 1173 berit,
1081 1133 1120 1166 de
1141 1134 1358 1166 conservando
1379 1134 1504 1167 easdem
1530 1135 1712 1168 communi-

939 1157 1044 1419 1tates
1068 1187 1117 1220 vel
1141 1187 1364 1220 universitates
1397 1187 1583 1228 indemnes,
1616 1199 1709 1232 prae-

1774 298 1798 319 81
1819 300 1837 320 si
1859 300 1918 321 ohti-

963 1244 1044 1272 stare
1061 1246 1242 1273 teneantur.

1006 1293 1020 1336 g
1045 1292 1075 1325 lt.
1104 1293 1427 1337 Liceatqueipsarum
1440 1294 1708 1327 communitatum
1732 1306 1906 1336 communitum,

962 1356 1018 1379 seu
1031 1347 1274 1380 universitatum
1288 1347 1538 1390 magistratibus,
1552 1358 1707 1391 procura-
1724 1340 1904 1395 {L,}'J,}{Je⁰¹¹¹⁸‘23

963 1399 1096 1440 toribus,
1124 1401 1292 1443 agentibus
1312 1412 1367 1433 seu
1389 1401 1484 1433 etiam
1508 1400 1708 1444 particulari·
1722 1405 1905 1456 Ξὲζξῐωῗίῇωζι·

960 1453 1020 1486 bus
1039 1454 1184 1497 personis
1205 1454 1244 1486 ad
1267 1454 1453 1497 praemissa,
1482 1460 1593 1488 contra
1613 1465 1708 1498 quos·
1723 1463 1853 1497 uun-osque,
1876 1468 1904 1483 u-

961 1517 1111 1550 cumque,
1137 1507 1243 1550 vigore
1264 1507 1480 1552 praesentium
1510 1507 1704 1548 litterarum,
1722 1499 1785 1544 32¹⁷:oe
1803 1498 1904 1545 cidiiocife’

961 1571 1068 1593 coram
1090 1571 1296 1604 quocumque
1317 1560 1435 1600 iudice,
1457 1571 1551 1603 agere
1572 1566 1602 1594 et
1621 1561 1706 1594 iudi·
1721 1556 1903 1613 (Τυᾛῗζζζωῗξῇ

960 1614 1010 1647 cio
1031 1614 1192 1658 experiri3
1223 1626 1259 1647 ac
1290 1615 1347 1658 ipsi
1377 1614 1487 1655 iudici,
1511 1615 1606 1647 unica
1627 1614 1704 1647 cita·
1719 1618 1901 1668 Sssflssss'ffissonlff

959 1667 1046 1700 tione
1062 1668 1286 1711 praecedente,
1303 1668 1488 1700 mandatum
1503 1667 1704 1701 executivum
1720 1664 1826 1705 eumq-1311.
1862 1683 1901 1699 re-

960 1721 991 1753 in
1004 1731 1070 1754 rem
1093 1727 1124 1754 et
1144 1732 1312 1764 personam
1335 1726 1448 1753 contra
1468 1731 1541 1753 eum
1562 1732 1620 1764 pro
1640 1730 1704 1764 quo
1721 1709 1800 1730 ΨΜ·

960 1780 1008 1807 est
1027 1775 1109 1807 sacta
1136 1774 1299 1807 fideiussio
1330 1774 1375 1806 vel
1403 1774 1572 1816 obligatio,
1597 1774 1704 1807 statim

959 1828 1067 1872 elapso
1081 1827 1244 1871 praedicto
1265 1838 1349 1859 anno
1366 1827 1602 1871 exequendum,
1625 1827 1706 1860 rela-

959 1892 1045 1922 xare,
1068 1881 1200 1925 perinde
1230 1892 1267 1913 ae
1298 1880 1322 1912 si
1348 1880 1466 1914 eaedem
1488 1891 1644 1924 personae
1664 1880 1704 1913 ad

937 1940 939 1954 ¹
959 1935 991 1967 id
1017 1946 1164 1978 expresse
1184 1935 1215 1967 in
1237 1934 1341 1977 specie
1362 1940 1456 1977 atque
1481 1934 1656 1967 efficaciter
1671 1944 1704 1968 se

959 1988 1162 2030 obligassent,
1186 1987 1280 2020 etiam
1305 1987 1329 2019 si
1358 1987 1419 2020 hoc
1439 1988 1545 2031 ipsum
1571 1995 1705 2020 naturae

937 2007 990 2075 iet
1009 2041 1202 2073 substantiae
1230 2046 1467 2080 contractuum,
1493 2051 1632 2083 quorum
1653 2051 1706 2073 oc-

959 2095 1086 2128 casione
1130 2095 1342 2137 obligationes
1382 2094 1569 2127 huiusmodi
1606 2093 1703 2126 initae

936 2159 938 2173 ³
958 2148 1089 2182 suerint,
1116 2148 1248 2180 omnino
1280 2153 1438 2191 repugnet
1459 2152 1490 2179 et
1509 2147 1702 2187 adversetur,

936 2218 938 2230 ;
958 2207 1010 2233 aut
1032 2201 1110 2233 alias
1131 2212 1169 2233 ne
1190 2200 1259 2242 quis
1275 2200 1313 2232 ad
1329 2200 1580 2243 extinguendum
1601 2205 1633 2233 et
1652 2210 1702 2232 re-

957 2254 1144 2287 dimendum
1167 2265 1281 2287 census
1294 2264 1391 2296 super
1410 2253 1503 2286 bonis
1519 2253 1585 2286 suis
1605 2253 1702 2286 stabi-

957 2308 1040 2340 libus
1064 2308 1221 2347 venditos,
1237 2313 1361 2341 creatos
1382 2312 1411 2339 et
1432 2307 1610 2350 impositos,
1631 2306 1701 2350 cogi

957 2367 1011 2393 aut
1027 2361 1176 2404 compelli
1197 2366 1292 2404 queat
1304 2360 1487 2403 apostolicis
1501 2360 1702 2394 constitutio-

935 2416 937 2424 *
957 2411 1051 2443 nibus
1071 2421 1219 2454 expresse
1240 2416 1370 2443 cautum
1392 2409 1500 2443 suerit.

934 2442 937 2497 l
1001 2460 1057 2502 ξῖι.
1076 2459 1236 2498 Ceterum,
1259 2459 1318 2491 bac
1331 2464 1439 2492 nostra
1455 2458 1486 2490 in
1505 2464 1699 2502 perpetuum
1714 2499 1717 2502 Δ
1731 2466 1896 2491 Conimunaates

934 2499 937 2519 '
956 2508 1089 2540 valitura
1118 2507 1348 2540 constitutione
1377 2506 1587 2550 prohibemus
1606 2517 1648 2540 ne
1668 2507 1700 2539 in
1714 2499 1896 2556 ζζῗξξζζζζῗςζξζζ

933 2543 937 2575 ¹
956 2562 1134 2600 pesterum,
1157 2557 1224 2589 sine
1244 2562 1352 2589 nostra
1372 2556 1574 2589 aut'Romani
1594 2556 1896 2622 Ροηῑίνᾞιέῑιῑὲὲᾚῶῖξῑ

955 2606 1023 2639 ticis
1044 2616 1102 2650 pro
1123 2611 1265 2650 tempore
1286 2605 1446 2639 existentis
1471 2605 1518 2637 vel
1548 2604 1719 2638 Camerae'
