2059 3228
95 203 153 233 An.
168 204 196 234 C.
211 206 279 238 ¹585

104 1861 201 1884 hectoris
215 1863 259 1884 Stu-

78 1892 106 1912 dii
115 1893 207 1919 eligendi
216 1894 259 1914 tor-

78 1929 130 1944 num
153 1930 258 1950 praescri-

335 199 402 233 614

906 206 1002 230 ΒΓΠΛ
1008 205 1082 228 ῘῐῙΓΜ
1101 204 1251 228 ῘζΟΜΑΝΠΜ

293 272 356 304 que
386 259 493 294 omnia
513 266 543 292 et
571 258 695 301 singula
724 258 856 297 fructus,
878 258 1034 297 redditus,
1078 262 1182 288 torum
1204 255 1494 290 cathedratieorum
1518 259 1734 300 praefatorum
1754 260 1822 295 exi·-

293 319 475 358 proventus‚
502 312 585 352 iura,
618 311 825 345 obventiones
855 316 886 344 et
914 311 1037 344 emolu-

292 372 398 400 menta
424 376 613 409 suppressae
646 364 885 409 praepositurae
919 363 1035 397 mensis

290 418 441 453 februarii
461 418 656 459 huiusmodi,
678 418 822 452 deductis
841 418 930 462 prius
950 417 1035 450 illius

289 471 440 505 oneribus
458 472 735 515 quibuscumque,
763 477 793 505 et
816 472 907 505 salvis
927 472 1031 504 omni-

288 525 346 557 bus
375 524 579 568 supradictis,
616 525 647 558 in
679 525 849 558 duodecim
884 525 1033 568 aequales

287 583 405 620 partes,
427 589 464 610 ae
488 588 525 611 ex
545 578 591 611 eis
611 578 756 622 quinque
770 577 1032 622 interprimarios

285 636 316 663 et
335 630 415 664 aliae
435 637 573 675 quatuor
597 631 679 664 inter
693 631 911 672 secundarios,
924 642 960 665 ac
980 642 1031 665 re-

285 683 390 727 liquae
409 689 473 718 tres
493 690 600 728 partes
618 685 802 718 huiusmodi
824 684 907 718 inter
925 685 1032 717 tertia-

284 737 348 770 rios
378 737 578 782 praepositos
607 738 840 771 cathedraticos
874 738 1031 782 praefatos

283 791 602 834 proportionabiliter
634 803 652 824 a
680 791 852 835 praedictis
889 791 1030 834 capitulo

283 842 409 886 singulo
429 856 557 889 quoque
577 845 816 889 quadrimestri,
836 851 871 878 ut
890 846 1031 889 praeser-

282 902 345 937 tur,
365 897 463 930 dividi
484 904 514 931 et
533 899 682 943 repartiri
699 899 844 932 debeant.
868 899 1028 932 Itatamen

281 950 367 993 quod
379 961 490 984 eorum
511 952 640 994 singuli,
664 963 723 997 pro
743 952 900 996 cuiusque
920 953 1029 986 lectio-

280 1002 329 1035 nis
348 1003 408 1037 sibi
434 1005 650 1038 incumbentis
670 1006 857 1046 omissione,
884 1006 1027 1048 legitimo

279 1056 511 1100 impedimento
532 1065 687 1100 cessante,
705 1065 805 1092 ratam
819 1065 942 1103 partem
951 1071 1026 1103 por-

278 1110 384 1151 tionis,
405 1123 498 1155 quae,
519 1113 605 1146 illius
620 1113 755 1153 ratione,
771 1113 852 1146 sacto
867 1114 951 1146 iusto
961 1115 1026 1147 cal-

279 1165 363 1205 culo,
393 1165 471 1199 alias
505 1167 544 1199 ad
579 1167 664 1210 ipsos
691 1167 867 1210 pertineret
895 1168 1026 1201 omnino

277 1218 437 1259 amittant,
460 1220 577 1264 illaque
596 1231 652 1263 per
676 1231 841 1254 censorem
867 1231 922 1254 seu
942 1232 1025 1264 pun-

277 1275 431 1304 ctatorem
457 1273 495 1305 ad
524 1273 555 1305 id
580 1284 639 1316 pro
664 1279 808 1316 tempore
838 1274 1024 1316 deputatum

276 1323 419 1365 retineri,
442 1336 477 1358 ae
499 1336 557 1369 pro
578 1337 641 1359 una
660 1326 778 1360 rectori
797 1326 1025 1368 Universitatis,

276 1382 307 1410 et
325 1378 386 1410 alia
416 1378 473 1422 ipsi
502 1381 627 1413 censori
654 1391 709 1413 seu
732 1380 926 1424 punctatori,
949 1381 1024 1414 reli-

275 1441 339 1473 qua
362 1441 438 1464 vero
458 1432 602 1476 partibus
623 1434 877 1466 confraternitati
902 1445 1022 1478 paupe-

274 1493 347 1516 rum
367 1485 562 1518 scholarium
584 1486 686 1520 dictae
707 1487 922 1520 Universitatis
943 1489 1024 1521 irre-

274 1536 472 1571 missibiliter
495 1540 650 1583 applicari
675 1540 800 1574 debeat.
827 1540 858 1573 Si
879 1551 952 1574 vero
972 1552 1023 1575 re-

274 1595 344 1623 ctor
381 1597 435 1624 aut
462 1603 576 1625 censor
604 1603 660 1626 seu
687 1599 858 1637 punctator
891 1594 1023 1637 praefati

273 1649 375 1677 ratam
408 1651 531 1688 partem
561 1656 616 1679 eos
645 1652 826 1690 tangentem
854 1653 1022 1691 acceptare

273 1698 498 1739 recusaverint,
520 1699 631 1733 eadem
646 1700 750 1733 (lictae
770 1701 1022 1735 confraternitati

273 1750 375 1784 cedat.

315 1804 331 1847 ἓ
355 1803 385 1837 5.
414 1804 450 1837 Et
471 1804 545 1849 quia
564 1805 697 1850 singulis
718 1806 866 1840 trienniis
885 1818 970 1840 uuus
985 1819 1022 1841 ex

271 1857 446 1891 lectoribus
473 1859 696 1893 cathedraticis
731 1860 834 1894 dictae
862 1861 1021 1893 Universi-

272 1910 343 1943 tatis
364 1911 395 1944 in
416 1911 502 1945 illius
522 1919 680 1946 rectorem
704 1924 762 1957 per
771 1915 918 1947 consules
939 1915 1023 1947 iura-

272 1969 332 2004 tos,
354 1964 541 1998 rationalem
564 1972 595 1998 et
611 1966 777 2010 syndicum
793 1978 829 2000 ac
848 1968 1022 2000 nonnullos

272 2017 352 2050 alios
373 2018 411 2051 de
428 2029 539 2051 eorum
560 2019 694 2053 consilio
710 2021 880 2053 existentes
900 2022 1023 2064 praefa-

273 2076 333 2111 tos,
355 2071 509 2105 hactenus
530 2072 603 2115 eligi
625 2073 800 2113 consuevit,
824 2079 854 2106 et
874 2084 909 2107 ex
927 2075 1022 2118 longo

274 2134 381 2157 rerum
408 2137 467 2158 usu
494 2133 694 2171 compertum
730 2127 853 2160 sitnon
874 2129 1022 2171 expedire

273 2183 308 2209 ut
329 2178 434 2211 dictus
453 2187 561 2212 rector
575 2190 593 2212 a
607 2181 730 2222 gremio
745 2181 900 2214 lectorum
914 2181 1022 2215 cathe-

275 2230 470 2264 dratieorum
497 2232 681 2266 huiusmodi
701 2239 902 2274 assumatur3
922 2235 1019 2278 quod,

276 2293 311 2315 cx
329 2295 414 2317 nune
433 2285 472 2318 de
492 2292 599 2319 cetero
620 2287 783 2330 perpetuis
807 2287 922 2321 suturis
942 2293 1022 2320 tem-

276 2335 418 2377 poribus,
445 2348 501 2380 pro
522 2345 666 2382 tempore
687 2340 854 2373 existentes
875 2331 1023 2373 consules

276 2383 383 2425 iurati,
417 2386 580 2420 rationalis
611 2395 639 2421 et
666 2389 815 2432 syndicus
836 2389 968 2432 praefati
993 2395 1023 2422 et

276 2432 342 2473 alii,
376 2433 415 2466 ad
439 2446 518 2477 quos
535 2437 647 2469 electio
668 2438 852 2471 huiusmodi
874 2439 1022 2482 pertinet,

277 2493 375 2516 unum
396 2494 431 2516 cx
453 2487 615 2519 canonicis
631 2487 733 2520 dictae
747 2489 901 2522 ecclesiae
912 2489 1024 2522 Valen-

277 2531 360 2564 tinae
385 2543 437 2565 seu
463 2534 602 2577 aliquam
624 2535 711 2568 illius
731 2537 922 2579 dignitatum
940 2537 1022 2570 obti-

1077 308 1243 348 stentibus,
1267 308 1299 341 in
1319 314 1476 342 rectorem
1497 310 1639 345 eiusdem
1661 313 1822 348 Universi-

1076 361 1146 394 tatis
1169 362 1209 395 de
1230 361 1367 396 triennio
1387 362 1418 395 in
1431 362 1614 405 triennium,
1632 376 1706 400 cum
1719 368 1822 409 omni7

1075 414 1135 447 bus
1151 421 1182 448 et
1201 415 1335 458 singulis
1355 415 1542 457 honoribus,
1563 417 1820 465 savoribus,gra-

1075 468 1137 508 tiis,
1160 468 1400 511 praerogativis,
1431 470 1692 513 praeeminemus,
1721 474 1822 508 sacul-

1074 521 1203 560 tatihus,
1224 521 1511 564 iurisdictionibus,
1530 524 1744 567 libertatibus,
1755 527 1821 571 pri-

1073 575 1820 624 vilegiis,exemptionibus,immunitatibus‚gra-

1074 628 1134 668 tiis,
1150 629 1304 662 oneribus
1317 635 1347 662 et
1363 631 1588 664 emolumentis
1604 643 1661 675 pro
1674 639 1820 678 tempore

1073 681 1217 714 existenti
1248 683 1365 715 rectori
1394 683 1496 717 dictae
1533 685 1751 720 Universitatis
1778 687 1818 722 de

1072 735 1140 768 iure
1168 736 1217 768 vel
1243 737 1474 770 consuetudine
1505 743 1560 771 aut
1579 749 1615 772 ex
1635 739 1816 785 privilegio,

1072 794 1135 821 tam
1161 789 1336 832 apostolica
1363 801 1459 834 quarn
1491 791 1648 836 imperiali
1675 799 1706 827 et
1729 794 1818 838 regia

1070 842 1315 876 auctoritatibus
1335 854 1499 885 concesso,
1521 851 1577 878 aut
1595 847 1673 880 alias
1689 858 1819 893 compe-

1070 896 1211 929 tentibus
1231 901 1259 929 et
1275 898 1509 940 competituris‚
1529 900 1648 943 eligere
1660 902 1814 944 debeant3

1069 949 1202 993 ipseque
1222 950 1267 984 sic
1287 951 1420 989 electus,
1441 952 1582 986 triennio
1605 954 1654 987 sui
1673 962 1816 990 rectora-

1068 1006 1118 1034 tus
1135 1003 1256 1046 elapso,
1271 1003 1303 1036 in
1323 1014 1360 1037 eo
1370 1004 1551 1038 continuari
1563 1017 1618 1040 seu
1630 1008 1816 1042 confirmari

1068 1061 1123 1088 aut
1141 1056 1180 1088 ad
1200 1057 1288 1090 aliud
1309 1057 1483 1090 triennium
1502 1058 1688 1094 immediate
1703 1063 1815 1096 subse-

1067 1120 1170 1153 quens
1189 1110 1303 1143 iterum
1323 1111 1397 1154 eligi
1417 1113 1600 1147 nullatenus
1620 1115 1729 1158 possit.

1112 1163 1127 1206 ἓ
1151 1163 1182 1196 6.
1209 1164 1362 1208 Quodque
1382 1175 1494 1198 omnes
1509 1171 1540 1199 et
1559 1166 1703 1210 singulae
1719 1179 1814 1212 prae-
1854 1179 1979 1206 coti-iton·

1828 1214 1906 1234 tiamin
1919 1213 1962 1234 tnt-
1982 1211 1990 1247 ᾖ
2008 1221 2014 1233 r·

1827 1246 1908 1266 tiemtan-
1926 1249 1946 1266 ΙΙΙ
1988 1245 1990 1248 ’

1066 1280 1083 1302 a
1104 1270 1266 1314 primaeva
1294 1271 1457 1305 erectione
1484 1272 1681 1316 huiusmodi,
1716 1287 1813 1320 quarn
1829 1277 1936 1304 ?‘²⁶⁵¹²³‘5

1067 1216 1229 1260 positurae
1258 1218 1431 1261 praefatae,
1452 1224 1517 1252 tam
1541 1220 1601 1254 hac
1621 1222 1726 1265 prima
1745 1223 1814 1257 vice

1066 1323 1230 1368 deincepS,
1249 1325 1376 1369 quoties
1401 1325 1471 1359 illas
1491 1332 1521 1359 et
1541 1338 1652 1361 earum
1672 1330 1812 1373 quamli-

1065 1378 1119 1410 bet
1138 1388 1196 1422 per
1216 1389 1353 1419 cessum,
1375 1379 1468 1413 etiam
1490 1390 1526 1413 ex
1542 1392 1638 1415 causa
1651 1388 1813 1425 permuta-

1066 1431 1172 1471 tionis,
1196 1432 1244 1465 vel
1265 1432 1428 1466 decessum
1461 1444 1517 1466 seu
1546 1435 1690 1478 quamvis
1717 1436 1810 1470 aliam

1065 1483 1285 1518 dimissionem
1301 1485 1350 1518 vel
1369 1486 1574 1520 amissionem
1588 1494 1641 1521 aut
1662 1489 1812 1532 privatio-

1065 1548 1138 1570 nem
1158 1549 1218 1581 pro
1238 1544 1383 1582 tempore
1404 1539 1604 1574 existentium
1614 1543 1812 1585 praeposito-

1064 1601 1135 1623 rum
1147 1592 1438 1626 cathedraticorum
1450 1594 1664 1636 praefatorum
1675 1596 1723 1628 vel
1734 1596 1813 1630 alias

1064 1644 1176 1688 quovis
1196 1645 1304 1686 modo,
1330 1646 1424 1679 etiam
1445 1647 1530 1690 apud
1555 1647 1668 1681 Sedem
1689 1649 1812 1692 praefa-

1065 1704 1140 1734 tam,
1167 1710 1204 1732 ac
1224 1699 1318 1732 etiam
1340 1700 1371 1732 in
1392 1700 1498 1744 aliquo
1518 1711 1555 1734 ex
1576 1702 1751 1742 mensibus,
1777 1702 1811 1736 in

1063 1752 1180 1796 quibus
1194 1753 1376 1786 vacantium
1397 1754 1578 1787 officiorum
1594 1762 1624 1788 et
1639 1755 1812 1789 beneficio-

1063 1816 1136 1838 rum
1161 1805 1452 1840 ecclesiasticorum
1480 1807 1608 1840 collatio
1632 1813 1663 1841 et
1683 1809 1812 1851 quaevis

1063 1859 1124 1892 alia
1144 1859 1310 1903 dispositio
1329 1861 1423 1894 nobis
1438 1866 1469 1894 et
1492 1861 1595 1894 dictae
1612 1861 1698 1903 Sodi,
1714 1862 1810 1896 etiam

1063 1924 1121 1957 per
1145 1914 1388 1947 constitutiones
1423 1915 1615 1958 apostolicas
1645 1925 1702 1948 seu
1729 1915 1810 1949 Can-

1064 1967 1213 2000 cellariae
1264 1968 1464 2012 Apostolicae
1513 1969 1660 2011 regulas,
1706 1979 1810 2002 reser-

1064 2025 1133 2053 vata
1162 2021 1266 2054 existit
1291 2032 1346 2054 seu
1376 2032 1434 2065 pro
1463 2027 1607 2065 tempore
1627 2022 1735 2061 suerit,
1757 2027 1811 2055 aut
1849 2034 1854 2038 ·

1063 2074 1158 2107 etiam
1179 2074 1348 2108 ordinariis
1367 2075 1584 2116 collatoribus,
1601 2086 1659 2119 per
1682 2075 1809 2109 easdem

1064 2127 1305 2161 constitutiones
1321 2136 1378 2160 seu
1394 2128 1520 2170 regulas
1528 2128 1574 2161 vel
1588 2127 1811 2162 litterasalter-

1064 2181 1242 2213 nativarum
1267 2186 1321 2213 aut
1339 2181 1402 2213 alia
1419 2180 1584 2224 privilegia
1613 2186 1643 2214 et
1672 2181 1808 2221 indulta,

1064 2245 1214 2267 concessa
1231 2235 1444 2268 esthactcnus
1460 2240 1491 2267 et
1509 2234 1715 2278 inposterum
1735 2245 1810 2268 con-

1065 2287 1220 2327 cedenda,
1235 2287 1330 2320 simul
1347 2288 1392 2320 vel
1412 2287 1588 2321 successive
1603 2297 1716 2321 vacare
1731 2298 1810 2322 con-

1065 2340 1191 2384 tigerit,
1219 2351 1272 2374 sex
1306 2340 1481 2384 primarum
1515 2346 1546 2374 et
1576 2351 1630 2374 sex
1656 2341 1810 2374 secunda-

1065 2400 1134 2421 rum
1156 2400 1192 2422 ac
1212 2399 1263 2422 sex
1286 2389 1451 2422 tertiarum
1473 2389 1698 2422 cathedrarum
1718 2389 1808 2423 theo-

1041 2431 1045 2482 Ι
1064 2437 1167 2480 legiae
1183 2444 1212 2471 et
1229 2437 1482 2481 utriusqueiuris
1496 2438 1685 2481 prudentiae
1697 2438 1809 2471 huius—

1064 2487 1150 2520 modi
1181 2487 1353 2520 lectoribus
1372 2497 1430 2531 per
1454 2487 1602 2520 consules
1621 2487 1742 2520 iuratos
1770 2497 1808 2519 ac

1064 2536 1251 2569 rationalem
1277 2542 1307 2569 et
1327 2536 1493 2580 syndicum
1515 2546 1639 2569 necnon
1658 2535 1749 2575 alios,
1767 2535 1806 2568 ad

277 2580 436 2621 uentibus,
454 2591 517 2614 non
534 2588 638 2617 tamen
659 2584 697 2617 de
717 2585 841 2628 gremio
857 2585 1021 2631 praeposi·
1063 2595 1143 2629 quos
1159 2585 1272 2618 electio
1293 2591 1324 2618 et
1342 2585 1507 2629 deputatio
1527 2584 1711 2618 corumdem
1732 2580 1806 2628 p'er·
1835 2631 1837 2633 Ι
