2059 3228
45 256 53 266 .
69 236 138 265 1⁶⁷2

741 243 918 269 Gnnoontus
935 243 992 266 xltt
1010 243 1060 266 Pr.

145 298 302 342 portiones
331 309 403 331 cum
425 308 462 331 ca
490 297 669 340 integritate
692 297 789 330 libere
812 307 881 339 per—

146 356 239 395 petuo
263 351 424 394 percipere
441 351 589 389 valerent,
607 348 881 382 distributionibus

147 403 337 445 quotidianis
361 403 519 435 dumtaxat
546 401 692 444 exceptis,
723 410 794 433 cum
819 408 881 440 qua

146 457 213 491 illos
236 456 445 500 perciperrnt,
471 455 494 487 si
527 455 558 486 in
589 454 707 487 eisdem
732 450 880 489 ecclesiis,

145 507 343 541 monasteriis
366 513 394 539 et
421 507 581 539 beneficiis
607 504 810 549 personaliter
834 513 880 534 re-

145 559 294 599 sederint,
311 565 341 592 et
365 559 404 591 ad
429 559 629 591 residendum
649 557 680 589 in
697 556 814 590 eisdem
834 554 881 586 in-

127 604 238 645 vterim
273 611 403 643 minime
439 615 632 649 tenerentur,
655 619 712 641 nec
745 607 784 640 ad
808 606 839 638 id
862 616 878 637 a

65 979 131 1000 tot-›r-

84 1011 132 1025 ne-

36 1037 68 1053 um
76 1031 132 1052 utie-

146 673 308 707 quoquam
333 662 420 695 inviti
448 663 586 695 valerent
605 659 755 699 coaetari,
772 662 877 691 aucto-

142 715 234 748 ritate
258 715 427 758 apostolica
453 714 592 752 indulsit;
616 717 643 745 et
670 711 783 744 deinde
808 709 878 753 piae

143 767 314 801 memoriae
331 767 470 800 Clemens
494 767 576 808 Papa
600 765 658 804 Vll,
675 763 771 796 etiam
788 772 878 805 prae-

141 820 285 855 decessor
301 825 416 859 noster,
441 819 598 851 indultum
623 814 806 849 huiusmodi
831 813 878 845 di-

140 878 190 906 cta
214 872 403 906 auctoritate
420 871 605 913 approbavit
631 874 658 902 et
686 867 856 901 innovavit.

181 924 196 967 ἓ
220 924 249 956 1.
273 923 472 956 Postmodum
499 933 570 955 vero
588 922 683 954 etiam
700 920 802 960 nobis,
821 930 877 962 pro

141 982 228 1020 parte
254 982 327 1009 tunc
350 975 551 1008 existentium
571 972 711 1016 deputati
736 977 765 1004 et
789 970 877 1002 audi-

142 1028 218 1062 toris
230 1027 514 1061 ecclesiasticorum
530 1031 752 1069 computorum
771 1023 878 1055 liuius-

140 1080 236 1121 modi,
258 1079 398 1122 exposito
415 1079 497 1121 quod
516 1078 585 1121 ipsi,
604 1077 725 1109 ratione
749 1075 879 1117 deputa-

140 1132 236 1166 tionis
259 1137 288 1165 et
313 1131 485 1164 auditionis
509 1135 730 1172 computorum
754 1138 880 1160 corum-

138 1185 220 1223 dem,
244 1184 373 1228 propria
390 1183 559 1221 domicilia,
578 1182 769 1224 quandoque
783 1180 878 1213 etiam

139 1238 225 1271 valde
244 1241 379 1275 remota,
396 1235 623 1278 derelinquere,
646 1239 676 1266 et
699 1234 739 1266 ad
763 1233 879 1265 dictam

114 1318 117 1321 ,
138 1289 297 1322 civitatem
315 1299 346 1322 se
366 1288 585 1328 transserre,et
604 1286 722 1319 ibidem
740 1285 879 1318 triennio

138 1351 259 1374 moram
283 1340 417 1380 trahere,
442 1350 477 1372 ac
507 1344 541 1372 ut
569 1343 685 1371 statum
710 1348 801 1370 suum
827 1338 878 1370 de-

137 1398 254 1434 center,
279 1392 364 1425 iuxta
389 1391 553 1434 dignitatis
576 1390 669 1423 officii
695 1390 876 1422 huiusmodi

138 1444 451 1487 exigentiam‚tenere
468 1444 617 1483 valerent,
635 1453 748 1485 magna
765 1453 879 1485 expen-

138 1505 244 1529 samm
277 1505 372 1529 onera
402 1495 440 1529 de
474 1496 658 1528 necessitate
694 1496 800 1528 subire
824 1506 878 1528 co—

138 1547 304 1590 gebantur,
324 1553 355 1581 et
370 1548 489 1580 fructus
505 1547 734 1581 beneficiorum
752 1548 877 1580 illarum

138 1600 277 1644 partium
299 1601 483 1644 plerumque
516 1601 594 1633 adeo
627 1606 735 1632 tenues
767 1600 880 1632 existe-

139 1652 224 1693 bant,
251 1658 283 1686 ut
307 1664 343 1687 ex
366 1653 434 1692 illis,
459 1654 576 1696 absque
600 1653 879 1686 distributionibus

139 1705 351 1748 quotidianis,
380 1705 543 1739 commode
578 1716 610 1738 se
645 1710 823 1738 sustentare
847 1709 874 1736 ct

138 1767 236 1791 onera
259 1758 417 1791 antedicta
451 1758 606 1791 sustinere
641 1768 704 1790 non
739 1762 876 1800 possent.

138 1809 209 1851 Nos,
234 1810 375 1853 ipsorum
399 1811 538 1854 deputati
564 1817 595 1843 ct
611 1810 765 1843 auditoris
782 1810 877 1843 eccle-

140 1861 339 1895 siasticorum
363 1863 647 1906 supplicationibus
673 1864 704 1895 in
729 1874 765 1896 ea
789 1869 877 1906 parte

139 1915 232 1954 etiam
259 1916 408 1957 inclinati,
422 1916 539 1949 eisdem
563 1917 711 1958 deputato
735 1921 762 1948 et
789 1916 878 1948 audi-

139 1966 200 1999 tori
224 1968 455 2009 ecclesiasticis,
481 1974 555 2001 tunc
586 1975 616 2001 et
647 1979 702 2011 pro
736 1974 876 2011 tempore

139 2020 356 2062 existentibus,
381 2026 413 2054 ut
441 2021 602 2063 deinceps⁷
634 2022 767 2053 triennio
791 2032 877 2063 prae-

140 2073 223 2106 dicto
246 2074 389 2115 durante,
414 2085 477 2107 non
503 2075 602 2107 solum
620 2074 750 2113 fructus,
775 2073 879 2105 reddi-

140 2130 190 2158 tus
211 2130 242 2158 et
274 2131 445 2168 proventus
479 2126 694 2165 ecclesiarum,
720 2129 879 2157 monaste-

138 2177 260 2210 riorum
297 2183 329 2211 et
366 2178 590 2211 beneficiorum
631 2178 877 2220 praedictorum,

140 2229 192 2262 sed
216 2229 313 2262 etiam
347 2229 432 2271 iura,
456 2231 661 2263 obventiones
696 2236 724 2263 et
761 2232 879 2263 emolu-

141 2288 246 2314 menta
271 2292 497 2325 quaecumque,
514 2294 550 2315 ac
564 2284 660 2315 etiam
685 2282 879 2315 distributio-

140 2343 195 2367 nes
219 2334 430 2378 quotidianas,
454 2341 482 2367 et
508 2336 581 2367 solis
606 2336 825 2378 praesentibus
850 2312 895 2372 eti

1554 230 1614 262 2t57

909 295 992 327 licite
1005 295 1151 333 valerent,
1166 294 1207 326 ita
1224 295 1306 337 quod
1323 305 1417 337 super
1435 294 1558 335 integra
1582 305 1654 337 por-

911 347 994 380 tione
1022 346 1199 378 buiusmodi
1225 356 1281 388 per
1306 347 1446 378 locorum
1472 345 1655 378 ordinarios

910 408 963 431 seu
987 398 1111 440 quosvis
1133 399 1368 440 quomodolibet
1393 398 1570 437 molestari,
1596 398 1654 430 im-

909 450 1011 492 pediri
1041 450 1086 482 vel
1116 450 1313 492 perturbari,
1345 456 1395 483 aut
1426 452 1531 493 aliqua
1560 451 1652 483 etiam

911 501 1040 534 minima
1069 507 1158 544 parte
1187 502 1445 535 distributionum
1476 504 1652 547 praedicta-

910 562 995 593 rum,
1012 558 1143 595 propter
1165 554 1343 586 absentiam
1369 555 1565 595 huiusmodi,
1589 556 1655 599 pri-

910 604 974 636 vari
999 605 1187 647 nequirent,
1211 606 1320 639 eadem
1349 608 1520 649 apostolica
1546 613 1653 640 aucto-

908 656 1001 690 ritate
1026 657 1227 697 indulsimus,
1245 663 1340 700 prout
1357 658 1390 690 in
1407 659 1539 691 diversis
1556 660 1654 692 dicto-

908 720 977 741 rum
1001 710 1278 752 praedecessorum
1298 720 1334 743 ac
1350 711 1465 744 nostris
1490 711 1560 744 inde
1578 722 1650 744 eon—

907 760 994 794 sectis
1018 762 1129 794 litteris
1153 761 1276 804 plenius
1299 762 1489 796 continetur.

949 814 963 855 §
987 814 1016 846 ΕΖ.
1046 814 1121 847 Cum
1153 819 1276 855 autem,
1302 815 1383 847 sicut
1418 816 1526 847 eadem
1552 827 1674 864 expo-s,

907 866 978 899 sitio
996 867 1218 909 subiungebat,
1236 868 1275 900 ad
1293 867 1431 910 deputati
1451 875 1479 900 et
1496 869 1649 903 auditoris·

906 918 1190 952 ecclesiasticorum
1214 919 1354 952 officium
1371 920 1553 953 huiusmodi
1579 934 1647 965 per-

907 981 1000 1003 sonae
1018 971 1188 1014 dignitates
1204 972 1441 1013 ecclesiasticas,
1459 973 1554 1006 etiarn
1571 984 1649 1016 pon-

909 1024 1036 1057 titicales
1066 1030 1096 1057 ct
1120 1025 1308 1066 abbatialeS,
1342 1031 1375 1058 ut
1400 1026 1590 1069 praefertur,
1616 1028 1649 1059 in

908 1077 988 1109 dicta
1012 1078 1174 1120 provincia
1197 1079 1384 1119 obtinentes,
1409 1085 1440 1112 et
1456 1087 1581 1123 practer
1597 1092 1651 1114 eas

908 1135 1044 1172 quatuor
1072 1131 1216 1164 canonici
1252 1131 1450 1174 singularum
1482 1133 1649 1166 cathedra-

909 1182 985 1214 lium
1010 1184 1213 1216 ecclesiarum
1226 1184 1368 1218 eiusdem
1393 1185 1573 1228 provinciae
1597 1186 1650 1218 ad-

910 1234 990 1266 mitti
1015 1240 1043 1268 et
1062 1236 1231 1268 convenire
1254 1247 1290 1270 ac
1302 1248 1359 1280 per
1383 1242 1499 1269 sortem
1517 1238 1601 1280 eligi,
1620 1243 1651 1271 et

909 1286 1075 1329 deputatus
1109 1288 1220 1331 viginti
1245 1295 1396 1332 quatuor,
1421 1291 1547 1323 auditor
1572 1302 1647 1324 vero

908 1340 1106 1373 ecclesiastici
1138 1352 1195 1385 pro
1220 1348 1360 1385 tempore
1384 1343 1567 1384 existentes,
1592 1344 1644 1376 de-

907 1403 975 1425 cem
999 1398 1030 1425 et
1052 1398 1123 1426 octo
1146 1395 1285 1437 regalia,
1311 1396 1463 1438 quotidie,
1489 1406 1546 1438 pro
1571 1397 1650 1429 sala-

908 1445 955 1478 rio
990 1446 1034 1478 eis
1069 1448 1284 1490 praescripta;
1319 1454 1484 1491 praeterea
1514 1448 1652 1491 quilibet

907 1508 1026 1538 eorum,
1052 1499 1185 1532 durante
1207 1500 1292 1532 dicto
1309 1500 1456 1539 triennio,
1471 1501 1502 1532 in
1516 1501 1652 1543 singulis

907 1550 1084 1583 Nativitatis
1100 1552 1224 1585 Domini
1239 1553 1337 1585 nostri
1354 1554 1422 1585 Iesu
1435 1553 1559 1593 Christi,
1573 1554 1650 1586 duo-

907 1604 1008 1637 decim
1022 1605 1151 1638 ducatos
1163 1617 1235 1638 cum
1250 1606 1381 1638 dimidio
1395 1606 1524 1638 alterius
1537 1606 1650 1639 similis

907 1657 1022 1698 ducati,
1046 1662 1077 1690 et
1102 1658 1134 1690 in
1151 1659 1255 1691 Sancti
1275 1658 1418 1701 Georgii,
1442 1658 1553 1701 viginti
1571 1658 1649 1690 alios

907 1708 1036 1742 ducatos
1058 1715 1087 1742 et
1113 1710 1242 1743 totidem
1266 1711 1391 1750 solidos,
1416 1721 1451 1743 ac
1475 1711 1507 1742 in
1541 1710 1647 1743 Sancti

906 1761 1034 1794 Joannis
1050 1762 1270 1795 festivitatibus
1286 1763 1380 1796 etiam
1395 1763 1559 1796 duodecim
1573 1763 1650 1795 alios

907 1813 1046 1855 ducatos,
1070 1825 1193 1848 necnon
1210 1816 1243 1847 in
1260 1815 1323 1848 fine
1340 1815 1456 1847 mensis
1474 1815 1559 1855 maii,
1584 1825 1649 1847 sex-

907 1867 1006 1899 decim
1031 1867 1107 1900 alios
1124 1868 1252 1901 ducatos
1276 1872 1307 1900 et
1332 1868 1461 1900 totidem
1480 1867 1605 1907 solidos,
1619 1871 1650 1899 et

907 1919 1000 1951 etiam
1027 1930 1084 1962 pro
1108 1920 1248 1952 candelis
1273 1929 1399 1962 quoque
1430 1929 1513 1951 anno
1538 1918 1648 1961 viginti

907 1972 1045 2015 quinque
1059 1972 1135 2004 alios
1149 1973 1288 2013 ducatos,
1302 1974 1383 2004 ultra
1400 1973 1488 2014 plura
1506 1972 1565 2004 alia
1580 1972 1649 2004 iura

906 2030 936 2055 et
960 2025 1172 2057 emolumenta
1190 2025 1276 2068 ipsis,
1295 2025 1416 2057 ratione
1434 2024 1650 2066 deputationis

907 2082 934 2108 et
960 2077 1132 2110 auditionis
1148 2083 1368 2120 computorum
1386 2076 1576 2116 huiusmodi,
1593 2076 1650 2108 ob-

909 2130 1074 2170 venientia,
1099 2141 1196 2173 quae,
1222 2130 1325 2172 quoad
1349 2129 1534 2171 deputatum
1566 2128 1650 2160 vide-

909 2183 989 2223 licet,
1006 2183 1216 2225 octingentos,
1241 2192 1303 2224 quo
1321 2191 1393 2213 vero
1418 2181 1456 2212 ad
1473 2180 1650 2212 auditorem

907 2235 1149 2267 eccelesiasticos
1168 2234 1354 2277 praedictos,
1372 2238 1533 2265 sexcentos
1549 2233 1645 2265 duca-

909 2293 954 2319 tos
990 2288 1034 2319 vel
1058 2286 1140 2319 circa
1165 2286 1327 2318 annuatim
1363 2286 1523 2325 excedunt,
1549 2285 1650 2328 perci-

908 2351 990 2382 pere,
1016 2351 1051 2372 ac
1075 2351 1109 2371 ex
1137 2340 1195 2370 illis
1218 2339 1365 2371 omnibus
1391 2349 1453 2370 non
1472 2339 1570 2370 solum
1589 2344 1650 2370 sta-

141 2385 255 2418 divinis
284 2386 396 2419 officiis
424 2387 683 2421 interessentibus
719 2375 974 2425 (luintaxatitum
999 2402 1089 2424 suuni
1115 2392 1276 2427 decenter,
1302 2391 1385 2422 iuxta
1417 2391 1579 2433 dignitatis
1603 2390 1649 2422 os-

141 2437 210 2470 dffl'i
234 2443 266 2471 et
288 2448 346 2480 Pffl'
368 2448 425 2471 ‘303
450 2439 598 2471 lucrifieri
624 2441 723 2480 solitu,
747 2451 819 2472 cum
844 2426 969 2492 essisicii
996 2444 1175 2478 huiusmodi
1201 2443 1400 2485 exigentiam,
1427 2448 1541 2483 tenere,
1565 2449 1595 2475 et
1618 2453 1651 2475 o-

141 2489 330 2532 integritatc‚
355 2502 426 2523 cum
451 2502 513 2534 qua
542 2493 591 2524 illa
619 2494 828 2536 perciperent,
853 2493 983 2547 siluera
1007 2498 1050 2529 eis
1075 2495 1290 2528 incumbentia
1325 2497 1487 2529 commode
1518 2507 1652 2539 suppor-

140 2544 286 2576 omnihus
303 2543 415 2577 divinis
432 2544 553 2585 officiis,
564 2551 627 2578 tam
644 2546 767 2578 diurnis
784 2557 878 2588 quam
892 2554 896 2579 Ι
908 2555 983 2590 tare,
1008 2551 1060 2583 sed
1074 2550 1167 2582 etiam
1194 2550 1376 2592 plerumque
1403 2550 1572 2582 maximum
1599 2561 1651 2593 pe-

141 2597 311 2638 nocturnis,
330 2597 530 2639 interessent,
548 2598 709 2642 percipere
728 2600 825 2633 libere
844 2584 1025 2644 aciculium
1050 2602 1107 2635 sibi
1133 2602 1286 2634 conticere
1322 2608 1348 2635 et
1383 2603 1548 2640 acquirere
1575 2614 1651 2635 con-

1669 230 1724 257 An.
1743 230 1771 256 C.
1791 231 1857 256 1579

1670 820 1771 844 Sequitur
1785 826 1852 841 exno-

1670 852 1708 865 itio
1724 852 1848 866 causatum.
