2059 3228
919 223 1100 251 BULLARIUM
1118 220 1270 248 ROMANUM

1113 281 1286 316 rectorem,
1307 273 1482 316 scholares,
1505 274 1743 320 praeceptores,
1764 274 1865 319 inagi-

1113 335 1206 371 stios,
1232 339 1437 370 oeconomos,
1467 328 1618 362 officiales
1643 334 1674 363 et
1697 328 1864 363 ministros

1113 383 1296 442 praedictos
1315 393 1372 416 seu
1392 393 1506 416 eorum
1516 381 1699 425 aliquemin
1710 381 1864 427 praemis-

1113 437 1155 471 sis
1170 448 1282 481 quous
1301 436 1398 470 modo
1424 436 1597 470 molestent
1623 441 1680 470 aut
1698 435 1864 506 molestari

1114 491 1315 535 permittant.
1569 499 1579 505 ·“

1157 545 1171 589 g
1191 545 1245 579 10.
1267 544 1309 578 Ut
1327 549 1438 577 autem
1458 542 1561 588 ipsius
1575 542 1705 587 collegii
1724 542 1863 578 Maroni·
1904 561 1956 587 cort

1115 598 1168 632 tici
1188 597 1426 632 conservationi
1452 598 1606 641 bonoque
1624 597 1786 641 regimini,
1798 603 1862 632 tam
1877 594 1966 625 ''¹⁸¹²‘0

1113 652 1146 685 in
1166 652 1216 685 his
1242 662 1326 696 quae
1344 652 1384 685 ad
1403 651 1651 685 instructionem
1671 656 1704 685 et
1722 650 1865 696 discipli·
1877 661 1924 680 rom
1937 651 1982 680 de

368 224 433 259 478

325 287 450 320 Statum
471 282 732 322 consistentibus,
764 280 804 314 ad
824 279 945 314 dictum
972 279 1072 313 colle-

325 340 412 384 gium
434 344 498 371 tam
524 348 581 381 per
601 341 720 370 terram
739 345 836 379 quam
858 344 915 378 per
933 344 1022 367 mare
1041 337 1073 366 et

324 402 441 436 aquam
451 391 578 424 dulcem
599 394 630 423 et
649 389 727 422 alias
737 387 982 432 quomodolibet
998 396 1074 420 con-

325 445 562 484 ducendorum,
586 447 618 477 et
637 443 735 477 etiam
754 442 818 476 iam
837 442 877 475 ad
892 441 1011 474 Urbem
1027 439 1074 483 ip-

324 509 391 531 sam
412 498 649 531 conductorum
677 502 708 529 et
735 495 768 528 in
788 506 824 529 ea
852 493 1070 534 existentium,

324 563 359 585 ac
380 561 438 594 pro
449 551 563 584 eodem
582 550 717 593 collegio
728 549 761 582 in
773 559 887 592 magna
903 559 960 582 seu
976 557 1074 592 parva

323 604 506 648 quantitate
532 609 597 637 tam
622 604 654 637 in
675 602 804 636 barcbis
831 612 929 646 quam
950 601 983 634 in
1004 611 1073 634 ma-

324 657 444 701 gazinis
463 657 581 691 etalias
600 657 735 690 ubilibet
750 655 974 696 emendorum,
997 661 1074 698 apo-

129 229 181 263 An.
198 230 227 264 C.
243 233 311 264 {583

324 711 435 744 stolica
459 711 652 744 auctoritate
677 716 708 744 et
741 715 852 743 tenore
886 707 1071 753 praedictis,

324 764 493 797 eximimus
513 771 545 797 et.
561 764 747 804 liberamus,
773 774 810 796 ac
830 763 889 796 sub
909 761 998 795 Beati
1018 762 1074 794 Pe-

324 818 365 850 tri
386 818 528 851 etdictae
540 817 630 852 Sedis
641 823 739 861 atque
751 822 861 850 nostra
870 815 1073 860 protectione

323 871 530 916 suscipimus,
556 871 715 916 nobisque
740 876 772 904 et
789 870 893 904 eidem
921 869 995 903 Sedi
1015 868 1075 901 im-

325 926 464 959 mediate
484 925 687 959 subiicimus.
774 927 780 933 “

369 979 383 1022 ξ
403 979 434 1012 8.
453 979 669 1023 Ipsisquoque
679 975 969 1022 collegio,1ectori,
983 975 1075 1009 scho-

180 1041 263 1063 lndulta
291 1044 312 1062 et
325 1033 456 1074 laribus,
477 1032 753 1077 praeceptmibus,
778 1030 951 1074 magistris,
978 1039 1074 1063 oeco-

128 1071 312 1131 'gfflffigissffissffi
326 1086 441 1125 nomis,
460 1086 681 1126 officialibus,
718 1084 886 1124 ministris,
913 1081 1073 1128 personis,

129 1135 198 1187 {3¹2¹ss
205 1136 311 1193 σζῑιιζῑὲᾟιξ
325 1143 359 1172 ut
381 1140 641 1184 quibuscumque
662 1138 847 1182 privilegiis,
867 1136 1076 1180 exemptioni-

129 1197 311 1219 fumi-:urbem-
323 1193 393 1234 bus,
413 1193 630 1233 libeitatibus,
659 1192 880 1231 facultatibus,
913 1189 1024 1234 gratiis
1043 1194 1076 1223 et

129 1229 312 1287 Ῑιὲιιῖῗωῐὲῗιὶεξῑιο
325 1246 468 1286 indultis,
488 1246 607 1289 quibus
626 1245 776 1278 Studium
796 1244 946 1285 g3ene1ale
970 1243 1075 1277 dictae

129 1290 238 1317 ⁶⁰⁰⁰⁹⁶¹¹¹’
325 1299 429 1338 L'rbis
451 1309 578 1331 necnon
599 1298 660 1331 alia
680 1297 901 1337 Germanicae,
923 1296 1075 1339 Anglicae

326 1357 355 1385 et
378 1353 517 1386 Graecae
527 1351 694 1385 nationum
708 1352 854 1394 collegia,
869 1351 901 1384 in
913 1351 980 1394 ipsa
991 1349 1076 1383 Urbe

325 1416 343 1437 a
368 1405 460 1438 nobis
497 1405 654 1445 instituta,
686 1405 885 1447 illorumque
918 1409 1073 1444 rectores,

325 1458 499 1496 scholares,
528 1463 766 1502 praeceptoreS,
800 1458 956 1501 magistri,
979 1467 1076 1491 oeco-

326 1512 427 1553 nomi,
451 1512 615 1552 officiales,
635 1511 775 1544 ministri
789 1517 818 1544 et
834 1521 988 1555 personae
999 1521 1078 1555 quo-

326 1566 372 1599 vis
392 1566 489 1599 modo
509 1570 660 1606 utuntur,
685 1565 899 1609 potiunturet
919 1565 1074 1608 gaudent,

327 1630 364 1652 ae
385 1619 445 1659 uti,
469 1618 565 1662 potiri
586 1624 618 1652 et
646 1619 786 1662 gaudere
811 1624 947 1663 possunt
967 1625 998 1652 et
1018 1629 1076 1663 po-

330 1677 440 1706 terunt
459 1672 704 1716 quomodolibet
723 1673 927 1714 infuturum,
950 1684 1014 1706 non
1030 1683 1079 1706 so-

329 1727 397 1759 lum
418 1726 458 1759 ad
479 1736 591 1760 eorum
612 1726 725 1767 instar,
760 1727 813 1760 sed
838 1737 940 1770 aeque
960 1726 1080 1771 princi-

329 1780 446 1824 paliter
465 1785 497 1813 et
517 1780 736 1824 parisormiter
756 1781 788 1813 in
807 1781 958 1814 omnibus
974 1786 1002 1814 et
1022 1791 1080 1825 per

329 1833 439 1866 onmia
454 1833 514 1874 uti,
537 1833 635 1877 potiri
657 1839 689 1866 et
707 1834 848 1877 gaudere
869 1835 1006 1875 valeant,
1023 1834 1081 1867 eis-

329 1886 402 1920 dem
422 1887 599 1931 apostolica
618 1887 811 1920 auctoritate
832 1895 861 1920 et
884 1893 1007 1924 tenore,
1027 1899 1082 1931 pa-

329 1940 410 1973 riter
420 1945 579 1984 perpetuo
595 1941 803 1974 concedimus
824 1947 855 1974 ct
866 1941 1080 1984 indulgemus,

330 1993 451 2037 illaque
472 1994 517 2027 eis
538 1994 829 2028 communicamus.

374 2048 390 2092 g
409 2048 440 2082 9.
463 2043 646 2082 Districtius
670 2048 854 2082 inhibentes
878 2049 1008 2089 vicario,
1031 2059 1080 2081 se-

189 2101 745 2141 omonimus11a101i,c0nse1xat011hus
765 2107 795 2135 et
814 2102 1082 2136 iffie101matorihus

139 2142 186 2192 ‘21¹¹
190 2148 223 2191 if
224 2141 280 2197 “pn
277 2146 319 2190 ιῘΪ
333 2155 436 2195 Urbis,
459 2166 495 2188 ac
511 2155 758 2196 rectoiiStudii‚
775 2155 1082 2199 aliisqueiudicibus

139 2203 188 2253 ''³¹¹“
190 2207 290 2253 semu),
262 2208 292 2227 Ρ
289 2206 319 2251 ϊθ
302 2210 363 2252 et
376 2203 567 2237 officialibus
580 2204 780 2246 huiusmodi
795 2216 920 2238 necnon
934 2211 1083 2249 piotcm-

140 2264 194 2289 aium
235 2267 319 2290 renur-
335 2268 412 2301 pote
433 2258 581 2291 existenti
607 2258 694 2292 SR.
718 2260 752 2292 E.
776 2259 966 2299 cameratio,
988 2270 1082 2318 piae-

140 2295 200 2319 bem,
335 2311 512 2345 sidentibus
532 2322 569 2345 ac
595 2312 770 2356 praedictis
795 2313 932 2354 cleiicis,
954 2323 990 2346 ac
1010 2313 1082 2356 qui-

335 2364 538 2408 buscumque
566 2365 793 2399 commissariis
817 2366 855 2399 ad
886 2366 1081 2400 exactionem

336 2412 536 2446 decimarum
557 2419 590 2447 et
609 2414 748 2447 aliorum
769 2425 905 2449 onerum
935 2416 1083 2459 praedic-

338 2466 442 2494 torum
464 2473 522 2506 pro
548 2469 694 2507 tempore
724 2464 897 2508 deputatis,
930 2475 981 2504 ne,
1004 2476 1084 2509 qua-

337 2510 458 2543 rumvis
477 2511 659 2545 litterarum
680 2512 725 2546 eis
745 2513 804 2546 sub
825 2513 1085 2557 quibuscumque

339 2559 504 2592 tenoribus
529 2566 561 2594 et
589 2562 700 2596 formis
733 2573 958 2596 concessarum
990 2573 1084 2607 prae-

1114 716 1201 746 nam,
1218 717 1316 749 quam
1327 716 1410 750 quae
1422 705 1463 739 ad
1472 705 1608 746 victum,
1619 704 1771 739 vestitum
1785 704 1864 740 alia-

1113 769 1175 803 que
1194 758 1380 793 huiusmodi
1412 758 1594 792 necessaria
1612 757 1787 803 pertinent,
1808 769 1866 803 op-

1115 817 1253 854 portune
1273 812 1474 854 consulatur,
1501 812 1656 846 dilectum
1683 811 1788 845 filium
1808 822 1866 846 no-

1113 870 1217 899 strum
1236 866 1414 899 Antonium
1431 866 1483 900 tit.
1503 866 1536 900 S.
1553 865 1683 900 Eusebii
1702 865 1865 912 presbyte-

1114 929 1187 952 rum
1216 920 1414 954 cardinalem
1443 919 1601 954 Caraffam
1621 924 1861 964 nuncupatum,

1114 972 1258 1007 eiusdem
1277 974 1405 1018 collegii
1430 974 1611 1008 Maronitici
1642 979 1864 1019 protectorem

1114 1031 1146 1059 et
1165 1026 1380 1069 defensorem,
1402 1028 1497 1062 cuius
1516 1027 1650 1062 consilio
1663 1033 1694 1061 et
1712 1038 1774 1072 ope
1793 1038 1864 1062 om-

1114 1078 1167 1112 nia
1200 1081 1387 1125 supradicta
1419 1086 1453 1115 et
1483 1081 1546 1115 alia
1569 1091 1794 1125 quaecumque
1824 1082 1864 1115 ad

1115 1133 1245 1166 eosdem
1260 1133 1294 1167 in
1305 1134 1412 1179 ipsum
1437 1135 1611 1179 collegium
1633 1134 1864 1168 Maronitarum

1114 1186 1331 1221 admittendos
1341 1188 1592 1232 retinendosque
1603 1188 1766 1223 scholares
1774 1199 1864 1233 spec-

1114 1239 1215 1274 tantia
1238 1251 1276 1275 ac
1302 1241 1380 1275 alias
1407 1242 1652 1286 quomodolibet
1682 1243 1864 1277 necessaria

1115 1299 1263 1337 agantur,
1290 1300 1476 1330 statuantur
1499 1301 1532 1330 et
1560 1297 1763 1339 ordinentur,
1784 1307 1864 1331 con-

1115 1347 1278 1382 stituimus
1298 1354 1331 1383 et
1350 1349 1557 1394 deputamus.
1577 1350 1709 1384 Necnon
1722 1350 1863 1385 Antonio

1116 1401 1269 1436 cardinali
1283 1408 1315 1437 et
1333 1414 1393 1447 pro
1410 1408 1556 1448 tempore
1575 1403 1724 1438 existenti
1736 1408 1863 1449 protec-

1118 1455 1178 1489 tori
1198 1456 1375 1500 praedicto‚
1395 1468 1456 1502 pro
1481 1458 1624 1492 eiusdem
1654 1458 1781 1502 collegii
1798 1459 1864 1493 Ma-

1116 1505 1245 1538 ronitici
1266 1506 1418 1551 illiusque
1445 1517 1670 1551 personarum,
1688 1507 1863 1548 bonorum,

1119 1569 1226 1592 rerum
1246 1564 1278 1593 et
1296 1559 1430 1601 iurium,
1451 1566 1515 1594 tam
1532 1561 1748 1606 spiritualium
1765 1572 1864 1606 quam

1118 1612 1348 1656 temporalium
1363 1641 1371 1656 ,
1393 1614 1515 1647 salubri
1536 1614 1715 1649 directione
1735 1620 1768 1649 et
1787 1625 1864 1649 con-

1119 1666 1309 1709 servatione,
1338 1673 1493 1710 rectores,
1523 1673 1763 1714 praeceptores,
1797 1679 1865 1702 ma-

1119 1719 1248 1763 gistros,
1273 1732 1472 1764 oeconomos,
1499 1722 1682 1765 advocatos,
1712 1734 1866 1768 procura-

1120 1779 1216 1815 tores,
1236 1780 1427 1821 ceterosque
1446 1775 1611 1810 ministros
1621 1781 1653 1810 et
1663 1776 1816 1811 officiales
1834 1777 1867 1810 in

1119 1838 1156 1860 eo
1182 1828 1357 1872 deputandi
1378 1835 1410 1863 et
1436 1830 1615 1872 amovendi,
1638 1835 1671 1864 et
1688 1831 1761 1864 loco
1780 1841 1868 1865 amo-

1119 1881 1298 1915 vendorum
1327 1883 1407 1917 alios
1430 1883 1622 1924 sufficiendi;
1654 1895 1782 1918 necnon
1805 1890 1868 1918 sta-

1122 1941 1201 1977 tuta,
1216 1936 1436 1971 ordinationes
1444 1943 1476 1971 et
1488 1937 1618 1971 decreta
1632 1948 1868 1982 quaecumque,

1122 1988 1208 2022 licita
1223 1994 1332 2023 tamen
1347 1996 1380 2023 et
1396 1996 1507 2024 onesta
1525 2002 1562 2025 ac
1572 1991 1672 2025 sacris
1686 1991 1871 2026 ’canonibus

1122 2046 1150 2074 ‹ft
1175 2043 1314 2077 decretis
1325 2043 1452 2078 concilii
1468 2044 1723 2079 Tridentininon
1743 2051 1870 2080 contra-

1123 2096 1181 2137 iia,
1202 2096 1339 2130 faciendi
1364 2103 1396 2131 et
1415 2098 1543 2140 edendi;
1576 2109 1613 2132 ac
1637 2099 1705 2139 illa,
1743 2099 1870 2143 quoties

1125 2160 1181 2193 pro
1193 2161 1306 2184 corum
1319 2159 1347 2184 et
1363 2157 1547 2195 temporum
1559 2152 1716 2196 qualitate
1725 2163 1781 2186 seu
1793 2153 1871 2187 alias

1123 2203 1296 2247 vxpediens·
1323 2205 1498 2246 videbitur,
1536 2206 1742 2248 immutandi,
1771 2208 1872 2242 corri-

1123 2258 1233 2298 endi,
1252 2258 1453 2299 moderandi,
1473 2260 1684 2301 reformandi,
1714 2261 1873 2306 interpre-

1124 2312 1226 2354 tandi,
1249 2319 1280 2347 et
1300 2313 1395 2351 etiam
1415 2313 1478 2347 alia
1498 2325 1535 2347 ex
1555 2314 1681 2357 integro
1697 2315 1869 2357 condendi,
1889 2351 1895 2356 ,

1125 2372 1394 2410 quao,postquam
1407 2367 1702 2410 edita„immutata,
1716 2375 1871 2411 correcta,

1126 2415 1304 2456 moderata,
1326 2417 1497 2450 reformata
1532 2423 1564 2450 et
1588 2417 1718 2451 condita
1737 2418 1869 2460 fuerint,

1127 2475 1164 2497 eo
1185 2465 1254 2509 ipso
1279 2466 1364 2499 dicta
1384 2466 1562 2510 apostolica
1581 2467 1774 2500 auctoritate
1794 2477 1872 2500 con-

1126 2514 1254 2547 firmata
1279 2520 1310 2548 et
1332 2515 1509 2559 approbata
1529 2515 1594 2549 sint
1622 2520 1654 2549 et
1673 2525 1741 2549 esse
1765 2525 1872 2549 cens-e-

1127 2569 1233 2604 antur,
1254 2574 1290 2597 ac
1312 2564 1350 2597 ab
1370 2563 1532 2605 omnihus,
1554 2564 1593 2598 ad
1613 2574 1694 2609 quos
1712 2574 1771 2608 pro
1793 2571 1872 2598 tem-

340 2612 439 2649 textu,
459 2609 631 2653 collegium
664 2610 905 2652 Maronitarum,
935 2611 1085 2656 illiusque
1102 2632 1109 2657 t
1126 2623 1205 2658 pore
1230 2613 1401 2659 spectabit,
1424 2614 1519 2649 etiam
1545 2614 1603 2649 sub
1622 2613 1728 2659 poenis
1747 2613 1779 2648 in
1799 2624 1873 2648 con-
