2059 3228
142 233 196 263 An.
212 233 242 263 C.
259 233 326 263 1586

165 1371 312 1393 praesentium

127 1401 248 1424 liturarum
270 1404 313 1424 tir*

130 1436 201 1453 mnas.

143 2275 252 2296 mnu-min
262 2281 310 2297 cnu-

130 2308 248 2326 turturum.

384 225 447 259 act

383 287 398 329 ξ
413 286 443 318 5.
457 284 624 317 Praeterea
640 281 797 316 universis
812 287 843 316 et
860 281 995 325 singulis
1009 281 1088 314 utri-

216 349 441 374 EcclesiasllSflUO
469 348 561 371 sexus
581 336 845 370 christifidelibus
870 346 944 369 vere
973 334 1086 379 poeni-

141 385 264 411 provinciae
278 384 323 404 liu-

140 416 173 436 ius
191 416 322 437 visitantibus

139 444 506 504 31.ngssssssssss“¹‘011211'ifflss‘2
541 443 750 477 Sacramento
777 442 915 483 resectis,
945 442 1002 486 qui
1030 441 1086 474 ali-

339 390 476 425 tentibus
496 395 527 424 et
543 389 709 429 confessis,
731 400 768 423 ac
788 389 996 423 Sanctissimo
1020 389 1085 421 Eu—

334 508 431 542 quam
452 508 489 530 ex
511 497 656 530 ecclesiis
687 496 872 540 provinciae
902 495 1085 539 praedictae

334 551 448 584 erectis
469 561 525 583 seu
550 550 711 593 erigendis
731 550 763 582 in
791 550 918 582 duabus
938 549 1013 582 anni
1038 547 1084 581 se-

333 604 524 638 stivitatibus
544 614 602 647 per
621 603 851 647 provincialem
864 613 923 647 pro
940 608 1083 646 tempore¹

331 657 557 701 specificandis
576 668 594 689 a
615 657 728 700 primis
747 657 888 699 vesperis
916 666 1018 699 usque
1045 656 1082 688 ad

331 721 482 744 occasum
496 711 571 744 solis
590 710 778 743 earumdem
795 710 1000 743 festivitatum
1020 709 1082 742 sin-

330 764 415 811 gulis
439 764 531 797 annis
549 763 713 808 perpetuis
740 764 858 796 futuris
882 763 1084 807 temporibus

330 817 442 851 devote
462 817 668 858 visitaverint,
692 822 722 850 et
742 817 786 850 ibi
812 828 869 861 pro
890 817 1082 850 christiano-

330 881 403 903 rum
418 871 605 915 principum
619 871 805 910 concordia‚
820 871 989 914 gentilium
1007 881 1082 904 con-

330 924 488 964 versione,
508 925 680 958 haeresum
700 924 924 968 extirpatione,
941 929 1080 957 sanctae-

331 988 393 1020 que
421 978 532 1011 matris
556 978 719 1012 Ecclesiae
740 979 934 1011 exaltatione
959 978 1028 1022 pias
1041 977 1080 1010 ad

329 1030 429 1063 Jteum
449 1041 563 1074 preces
582 1031 767 1072 effuderint,
790 1031 917 1075 quoties
938 1031 968 1064 id
1000 1031 1082 1065 sece-

327 1084 405 1124 rint‚
432 1085 610 1128 plenariam
636 1085 783 1118 omnium
818 1091 848 1118 et
879 1085 1079 1128 singulorum

327 1143 536 1181 peccatorum
558 1149 693 1171 suorum
727 1138 962 1182 indulgentiam
983 1144 1014 1172 et
1032 1149 1080 1172 re-

329 1191 516 1225 missionem
534 1191 787 1225 misericorditer
811 1192 843 1224 in
859 1192 994 1225 Domino
1002 1202 1080 1225 con-

328 1244 471 1277 cedimus
496 1250 527 1278 et
547 1245 734 1288 elargimur.

371 1298 386 1341 ξ
410 1298 440 1331 6.
463 1298 595 1331 Necnon
619 1304 805 1342 praesentes
838 1298 961 1332 litteras
989 1299 1079 1334 nullo

328 1362 482 1396 umquam
498 1357 643 1396 tempore
664 1353 703 1386 de
731 1353 949 1397 subreptionis
972 1354 1021 1386 vel
1044 1365 1078 1387 o-

326 1405 505 1449 breptionis
520 1406 667 1447 vitio,aut
681 1407 869 1440 intentionis
888 1413 1018 1441 nostrae
1031 1408 1081 1442 vel

327 1459 479 1502 quopiam
501 1460 563 1493 alio
583 1461 723 1501 defectu,
746 1462 842 1494 etiam
863 1472 900 1494 ex
930 1472 967 1495 eo
991 1463 1080 1506 quod

327 1512 404 1545 alias
424 1514 590 1556 provincia
602 1515 754 1559 illiusque
767 1516 880 1549 fratres
899 1517 1002 1549 vocati
1014 1527 1078 1549 non

326 1566 459 1607 suerint,
485 1572 541 1600 aut
561 1568 681 1601 erectio
701 1569 889 1602 huiusmodi
911 1576 999 1603 extra
1023 1581 1076 1613 ge-

327 1620 435 1653 nerale
475 1620 654 1665 capitulum
693 1622 795 1665 ipsius
830 1622 958 1656 Ordinis
995 1624 1075 1656 sacta

326 1673 434 1714 fuerit,
457 1674 575 1715 notari,
608 1675 791 1719 impugnari
812 1677 861 1709 vel
885 1677 963 1709 alias
995 1677 1076 1710 inva-

325 1727 420 1759 lidari
440 1728 627 1761 nullatenus
646 1739 757 1772 posse3
779 1730 889 1773 sicque
905 1741 964 1774 per
983 1742 1077 1774 quos-

325 1790 466 1824 cumque
496 1781 619 1815 iudices
639 1787 669 1815 et
698 1783 948 1824 commissarios
980 1786 1075 1818 etiam

324 1834 356 1867 S.
379 1834 414 1866 R.
439 1834 474 1867 E.
511 1835 690 1869 cardinales
710 1847 747 1869 ac
774 1847 944 1870 causarum
966 1838 1074 1872 Palatii

324 1888 499 1931 Apostolici
514 1889 688 1929 auditores,
711 1890 836 1923 sublata
852 1890 897 1924 eis
918 1898 1074 1926 eteorum

326 1941 459 1974 cuilibet
484 1943 594 1985 quavis
613 1943 707 1977 aliter
727 1944 892 1977 iudicandi
919 1951 950 1978 et
976 1946 1074 1980 inter-

325 1995 471 2037 pretandi
492 1996 642 2029 facultate
664 2002 694 2030 et
713 1997 916 2039 auctoritate,
940 1999 1074 2033 iudicari

325 2048 460 2088 debere3
483 2049 609 2082 irritum
626 2061 755 2094 quoque
777 2058 808 2084 et
828 2051 922 2085 inane
942 2053 968 2086 si
985 2064 1075 2088 secus

324 2112 422 2145 super
442 2103 491 2136 his
510 2114 528 2136 a
548 2115 726 2148 quoquam,
749 2106 861 2149 quavis
874 2107 1074 2143 auctoritate.

324 2155 462 2189 scienter
472 2157 518 2189 vel
531 2157 719 2200 ignoranter
731 2159 901 2202 contigerit
911 2163 1071 2194 attentari.

368 2209 383 2251 ξ
408 2209 437 2241 7.
461 2210 529 2243 Non
550 2211 750 2246 obstantibus
766 2213 868 2246 felicis
881 2214 1074 2249 recordatio-

325 2261 373 2294 nis
391 2261 534 2305 Gregorii
555 2264 658 2308 Papae
670 2266 706 2306 X,
726 2266 758 2298 in
773 2267 916 2309 generali
937 2268 1074 2302 concilio

325 2315 529 2357 Lugdunensi
559 2318 658 2359 edita,
683 2330 747 2362 qua
772 2331 918 2363 expresse
946 2327 1076 2355 cavetur

326 2378 366 2400 ne
383 2369 522 2402 cuiusvis
537 2370 665 2404 Ordinis
682 2373 896 2407 Mendicantcs
909 2373 1021 2408 domos
1036 2375 1074 2408 ad

326 2416 572 2452 inhabitandum
601 2421 639 2454 de
664 2432 747 2455 novo
777 2423 922 2466 recipere
950 2424 1074 2457 valeant

326 2465 446 2507 absque
466 2467 555 2501 Sedis
569 2469 771 2512 Apostolicae
789 2471 918 2505 licentia
928 2473 1072 2517 speciali,

326 2523 363 2544 ac
383 2514 452 2547 aliis
477 2516 677 2550 diversorum
702 2519 920 2553 Romanorum
941 2521 1073 2555 Pontifi-

326 2572 399 2594 cum
408 2570 591 2598 nostrorum
604 2568 902 2611 praedecessorum,
915 2571 1002 2614 quod
1014 2571 1073 2604 Re-

326 2611 420 2653 gulac
443 2612 520 2647 dicti
550 2620 580 2647 ct
600 2615 738 2650 cuiusvis
762 2617 889 2652 Ordinis
914 2619 947 2653 in
971 2620 1071 2665 parti·

931 227 1108 254 BULLARIUM
1132 226 1282 251 ROMANUM

1129 280 1187 313 bus
1212 278 1398 313 huiusmodi
1419 278 1653 318 transmarinis,
1683 273 1873 322 praesertim

1128 333 1303 372 indiarum,
1317 342 1376 375 pro
1390 337 1536 374 tempore
1550 331 1700 374 degentes
1719 331 1778 364 sub
1798 330 1874 363 obe-

1128 384 1245 419 dientia
1256 385 1477 418 ministrorum
1488 383 1733 429 provincialium
1745 384 1874 428 provin-

1127 441 1251 471 ciarum
1278 437 1468 471 citeriorum
1504 436 1637 470 omnino
1666 437 1806 478 subsint;
1837 448 1873 470 ac

1127 492 1259 536 reliquis
1280 491 1476 534 apostolicis,
1493 501 1621 524 necnon
1636 490 1668 523 in
1689 490 1759 524 aliis
1776 492 1872 525 etiam

1124 546 1331 588 generalibus
1350 555 1407 578 seu
1420 543 1671 589 provincialibus
1687 548 1719 576 et
1738 545 1873 587 synoda-

1123 599 1207 632 libus
1228 599 1374 632 conciliis
1388 598 1495 638 editis,
1513 597 1707 642 specialibus
1719 598 1767 631 vel
1779 609 1874 641 gene-

1123 652 1257 694 ralibus,
1269 651 1555 686 constitutionibus
1564 657 1594 685 et
1602 651 1871 693 ordinationibus3

1122 717 1159 740 ac
1179 706 1276 739 etiam
1296 707 1499 747 iuramento,
1526 705 1772 739 confirmatione
1794 717 1872 751 apo-

1122 759 1234 793 stolica
1253 760 1301 793 vel
1327 760 1440 803 quavis
1459 760 1612 793 firmitate
1632 760 1694 793 alia
1713 760 1873 796 roboratis

1121 814 1248 847 statutis
1284 819 1316 847 et
1349 814 1661 856 consuetudinibus;
1697 815 1872 860 privilegiis

1121 877 1268 911 quoque,
1304 867 1436 901 indultis
1469 873 1500 901 et
1535 867 1649 901 litteris
1686 870 1872 912 apostolicis

1121 921 1225 954 eidem
1244 920 1355 954 Ordini
1370 921 1523 966 illiusque
1540 921 1715 965 provinciis
1734 923 1858 968 antiqui

1120 980 1171 1008 tus
1188 976 1317 1016 erectis,
1343 986 1471 1009 necnon
1495 976 1720 1020 superioribus
1743 982 1776 1011 et
1793 988 1869 1021 per-

1119 1028 1217 1069 sonis,
1232 1029 1290 1062 sub
1302 1029 1565 1073 quibuscumque
1575 1031 1743 1064 tenoribus
1757 1031 1788 1065 et
1802 1031 1868 1066 for-

1119 1081 1179 1115 mis
1195 1087 1226 1115 et
1245 1093 1320 1115 cum
1336 1082 1510 1126 quibusvis,
1531 1084 1626 1117 etiam
1647 1084 1868 1128 derogatoria-

1119 1145 1191 1167 rum
1216 1135 1429 1179 derogatoriis
1459 1136 1598 1180 aliisque
1631 1137 1868 1172 efficacioribus

1118 1194 1148 1221 et
1167 1188 1305 1222 insolitis
1334 1189 1505 1231 clausulis,
1540 1190 1807 1235 irritantibusque
1837 1197 1869 1227 et

1117 1241 1187 1275 aliis
1211 1242 1367 1284 decretis,
1394 1243 1491 1276 etiam
1511 1249 1601 1277 motu
1625 1245 1760 1289 proprIO
1779 1251 1811 1279 et
1831 1257 1868 1280 ex

1117 1301 1204 1328 certa
1223 1296 1369 1338 scientia,
1382 1307 1419 1329 ac
1434 1297 1474 1330 de
1489 1297 1684 1341 apostolicae
1701 1299 1867 1342 potestatis

1116 1348 1331 1391 plenitudine,
1348 1360 1475 1383 necnon
1488 1351 1764 1394 consistorialiter,
1785 1354 1865 1388 etde

1116 1402 1252 1435 fratrum
1266 1408 1451 1436 nostrorum
1463 1404 1598 1437 consilio
1609 1406 1864 1448 quomodolibet,

1115 1455 1147 1488 in
1160 1466 1279 1499 genere
1289 1457 1336 1490 vel
1350 1457 1456 1501 specie
1466 1458 1639 1499 concessis,
1653 1459 1862 1502 confirmatis,

1115 1510 1303 1553 approbatis
1326 1517 1358 1544 et
1387 1510 1560 1552 innovatis,
1606 1512 1702 1545 etiam
1726 1513 1767 1546 de
1799 1524 1864 1547 non

1116 1563 1270 1606 erigendo
1295 1565 1473 1598 custodiam
1494 1566 1527 1598 in
1556 1566 1768 1609 provinciam,
1802 1567 1862 1601 nisi

1116 1622 1240 1650 certum
1265 1622 1296 1650 et
1328 1618 1577 1652 determinatum
1602 1619 1774 1653 domorum
1800 1620 1864 1655 sive

1116 1677 1332 1704 conventuum
1353 1682 1527 1705 numerum
1549 1673 1721 1707 contineat.
1744 1674 1864 1714 Quibus

1115 1724 1280 1766 omnibus,
1308 1725 1433 1759 etiamsi
1448 1728 1488 1759 de
1509 1726 1571 1759 illis
1591 1737 1771 1772 eorumque
1790 1728 1864 1762 totis

1116 1778 1283 1811 tenoribus
1307 1779 1466 1822 specialis,
1490 1780 1641 1823 specifica
1665 1786 1696 1814 et
1715 1792 1864 1826 expressa

1116 1832 1235 1865 mentio
1247 1832 1405 1873 habenda,
1419 1844 1475 1866 seu
1491 1834 1622 1876 quaevis
1631 1833 1693 1867 alia
1702 1835 1864 1879 expressio

1115 1886 1337 1930 autexquisita
1348 1887 1450 1920 forma
1468 1888 1506 1919 ad
1523 1888 1585 1920 lioc
1601 1888 1756 1922 servanda
1767 1889 1862 1929 soret,

1117 1946 1245 1972 tenores
1275 1940 1461 1973 huiusmodi
1477 1967 1484 1980 ,
1519 1952 1556 1974 ac
1581 1941 1607 1974 si
1637 1942 1677 1975 de
1707 1942 1804 1976 verbo
1824 1943 1863 1976 ad

1114 1993 1264 2034 verbum,
1287 1993 1369 2026 nihil
1394 1993 1522 2038 penitus
1546 1994 1680 2037 omisso,
1709 2001 1740 2028 ct
1760 1996 1863 2029 forma

1115 2046 1147 2078 in
1179 2046 1242 2080 illis
1261 2047 1375 2080 tradita
1396 2047 1582 2089 observata,
1612 2049 1724 2082 inserti
1758 2049 1863 2083 forent

1114 2100 1350 2144 praesentibus,
1372 2111 1431 2144 pro
1448 2102 1606 2145 expressis
1621 2102 1784 2144 habentes,
1800 2102 1863 2136 illis

1114 2154 1193 2188 alias
1207 2154 1240 2187 in
1260 2165 1319 2188 suo
1339 2155 1456 2188 robore
1466 2156 1698 2199 permansuris,
1719 2156 1781 2190 hac
1794 2157 1862 2190 vice

1115 2208 1289 2249 dumtaxat,
1312 2208 1493 2250 specialiter
1513 2214 1539 2241 et
1563 2220 1709 2252 expresse
1730 2210 1863 2254 deroga-

1114 2272 1196 2302 mus,
1212 2262 1392 2305 ceterisque
1402 2262 1572 2296 contrariis
1587 2262 1858 2307 quibuscumque.

1157 2315 1269 2348 Datum
1290 2316 1411 2350 Romae
1435 2316 1522 2360 apud
1541 2316 1695 2350 Sanctum
1716 2317 1859 2358 Petrum,

1115 2368 1173 2401 sub
1192 2369 1312 2402 annulo
1337 2369 1519 2411 Piscatoris,
1542 2370 1593 2403 die
1619 2380 1657 2403 xv
1681 2370 1862 2404 novembris

1114 2431 1282 2464 untxxxvi,
1304 2423 1510 2467 pontificatus
1527 2424 1626 2457 nostri
1647 2434 1732 2457 anno
1749 2434 1782 2457 11.

1175 2481 1238 2513 Dat.
1258 2482 1305 2514 die
1321 2483 1358 2512 15
1370 2492 1437 2513 nov.
1462 2483 1548 2520 1580,
1563 2487 1644 2522 pont.
1666 2491 1743 2514 anno
1762 2491 1793 2514 η.

1999 1071 2023 1388 ..ηξριᾓᾉμ-,οῃων
1994 721 2025 1053 ,ςῖἶρ-ἳιὶρθσψὼ..“ι]ΐι
2009 676 2023 687 ·.
2011 634 2021 649 ·:
2013 535 2018 550 v-

2000 1508 2019 1567 i*
