2059 3228
51 0 125 67 Ψ..

79 204 110 238 G.
123 205 191 236 ¹586

202 308 363 343 detestari.

43 418 189 476 ‘lnge-¹¹:⁰¹2:
202 415 286 449 beati
311 416 410 460 patris
434 416 609 457 Dominici,
631 422 666 449 ut
685 416 755 457 ille,
782 416 946 460 perpetuis

91 485 114 505 ιι
138 481 188 503 uno·
203 469 414 503 concionibus
434 475 465 502 ct
488 469 741 513 disputationum
767 469 946 513 congressi-

90 512 188 572 μᾟζᾟ
201 522 261 556 hus
285 522 453 565 officioque
472 522 701 566 inquisitionis,
727 523 813 567 quod
834 522 862 556 ei
883 522 947 567 pri-

125 591 133 600 ·
201 586 290 609 mum
323 576 586 620 praedecessores
611 576 711 610 nostri
741 575 946 609 Innocentius

200 629 240 663 111
249 635 279 663 et
286 630 447 664 Honorius
454 630 492 663 III
501 630 738 671 commiserant,
753 634 864 663 contra
872 629 947 662 hae-

201 682 318 717 reticos
337 683 528 716 mirabiliter
543 692 577 716 se
587 682 694 726 gessit,
708 682 751 716 ita
770 682 850 726 ipse,
873 692 946 716 cum

200 736 328 769 nullum
347 735 386 769 iis
405 735 593 780 perditionis
615 735 690 769 filiis
713 735 883 769 monendis
901 735 948 768 lo-

201 800 276 824 cum
295 789 328 823 in
348 789 436 823 omni
455 799 604 823 sermone
623 799 779 833 umquam
796 789 946 832 reliquis-

200 848 260 884 set,
280 847 349 876 tum
368 843 402 876 in
425 842 576 876 obeundo
595 842 796 885 inquisitoris
812 853 947 876 munere

201 896 261 930 sibi
289 896 405 930 litteris
428 896 612 940 apostolicis
645 895 830 937 commisso,
865 896 947 929 mira

201 950 341 994 quadam
361 949 527 993 diligentia
542 950 615 983 illos
624 949 775 983 insectari
786 954 884 993 atque
895 959 948 982 ur-

201 1013 278 1047 gere
296 1013 362 1037 non
382 1003 512 1037 destitit.

244 1057 260 1101 ἓ
283 1055 315 1090 3.
341 1057 475 1090 Demum
503 1067 590 1097 ver0,
610 1065 725 1090 eorum
753 1055 786 1088 in
812 1065 845 1089 se
865 1049 947 1089 odiis

180 1124 189 1130 -
203 1109 383 1151 concitatis,
405 1109 542 1154 arripuit
557 1119 683 1143 summa
707 1108 886 1143 constantia
906 1115 949 1143 at-

181 1189 188 1194 .
202 1174 266 1207 que
285 1164 385 1197 animi
405 1163 625 1208 magnitudine
649 1164 789 1196 oblatam
819 1163 878 1196 sibi
898 1163 948 1196 di-

200 1218 276 1252 vino
299 1217 456 1261 permissu
480 1217 624 1261 martyrii
649 1217 864 1256 occasionem,
891 1228 948 1250 cu-

201 1271 253 1306 ius
271 1271 402 1316 quidem
422 1271 581 1315 martyrii,
602 1277 696 1304 antea
712 1270 774 1314 piis
799 1270 949 1314 precibus

201 1337 240 1360 ac
261 1325 342 1360 votis
360 1336 378 1359 a
397 1325 461 1359 Deo
485 1325 629 1369 expetiti,
660 1324 837 1368 praecipuo
866 1324 950 1357 desi-

202 1379 292 1413 derio
311 1383 482 1413 exarserat.
504 1373 731 1419 Quamobrem,
747 1383 817 1421 post
831 1377 865 1410 B.
887 1377 950 1410 Do—

201 1432 370 1475 minicum,
381 1443 446 1466 non
454 1432 617 1466 immerito
629 1431 779 1476 princeps
796 1430 951 1475 appellari

203 1486 299 1521 dehet
307 1485 503 1519 sacrosancti
513 1485 615 1519 Officii
627 1484 858 1528 Inquisitionis,
877 1494 950 1517 cum

203 1538 273 1584 ipse
291 1539 417 1584 primus
436 1538 516 1572 illud
532 1549 588 1572 suo
609 1537 765 1581 sanguine
785 1547 952 1571 consecra-

203 1585 297 1634 verit;
318 1604 382 1637 quo
401 1593 522 1626 factum
539 1598 586 1626 est
604 1597 640 1625 ut
659 1592 755 1625 etiam
773 1593 954 1635 nostrispo-

203 1646 366 1681 tissimum
389 1647 551 1690 huiusque
577 1653 703 1678 sanctae
732 1644 822 1678 Sedis
855 1644 953 1677 mini-

205 1700 291 1741 stris,
309 1701 365 1744 qui
377 1701 410 1733 in
421 1700 500 1733 haec
512 1699 698 1733 turbulenta
718 1704 748 1732 et
768 1698 954 1732 calamitosa

203 1760 353 1799 tempora
372 1753 567 1793 inciderunt,
599 1763 654 1786 seu
683 1752 789 1796 potius
809 1757 883 1784 sunt
903 1752 954 1785 di-

205 1808 279 1842 vina
305 1806 507 1851 providentia
535 1806 696 1846 reservati,
726 1805 817 1849 quasi
853 1805 954 1838 facem

205 1860 406 1906 praetulerit,
429 1871 466 1893 ac
484 1860 566 1893 viam
588 1858 836 1899 commostrarit‚
858 1869 954 1901 quarn

207 1913 276 1949 eius
295 1914 442 1957 exemplo
458 1913 604 1956 ingressi,
627 1912 765 1946 audeant
778 1922 955 1955 quaecum-

208 1977 272 2012 que
290 1967 436 2011 pericula
454 1977 514 2011 pro
535 1977 669 2000 munere
691 1966 863 1999 commisso
891 1965 957 1998 for-

207 2020 283 2055 titer
297 2021 425 2061 subire,
454 2031 491 2053 ac
519 2019 707 2062 sanguinem
728 2020 847 2062 ipsum,
870 2018 895 2051 si
914 2019 958 2052 ita

209 2084 262 2107 res
280 2074 372 2113 ferat,
393 2073 555 2116 vitamque
575 2083 633 2117 pro
651 2071 808 2105 catholica
820 2071 882 2104 fide
892 2072 959 2114 glo-

209 2126 295 2161 riose
314 2126 525 2170 profundere.
553 2162 557 2167 .

255 2180 271 2224 ξ
293 2179 326 2213 4.
342 2180 478 2223 Dignam
502 2179 611 2222 itaque
635 2178 801 2222 pontificio
825 2188 959 2211 munere

71 2239 138 2264 huto
152 2241 199 2263 eiu·
213 2233 439 2277 cogitationem
460 2232 642 2276 suscepturi
666 2231 824 2272 videmur,
846 2231 871 2264 si
891 2242 960 2264 san-

46 2275 97 2295 m
121 2272 199 2301 duplici
248 2286 254 2293 .
325 2286 331 2292 .
423 2286 428 2291 .
453 2285 458 2291 .
608 2286 614 2291 .
747 2285 752 2290 .
797 2284 802 2289 .

77 2308 91 2325 0
141 2303 200 2325 „10-
214 2292 256 2320 etl
275 2287 374 2320 humS
401 2297 460 2319 virl
480 2296 669 2320 memoriam
691 2295 805 2318 malot'l
828 2295 961 2318 venera·

49 2334 104 2362 ειυς

855 202 958 228 srxrns
976 201 996 226 v
1014 201 1065 227 ιη».

204 261 330 290 rentum
354 253 529 290 domestica
561 257 707 302 exempla
740 262 803 290 tam
839 261 947 290 sancte
986 254 1098 287 lestem
1117 252 1266 296 gratiam,
1288 253 1497 298 imploremus
1517 253 1604 287 illius
1623 264 1731 297 opem,

215 2340 304 2374 tione
320 2340 512 2380 recolamus3
534 2339 577 2372 ita
596 2339 682 2372 enim
697 2338 751 2372 fiet
764 2344 799 2371 ut
811 2338 839 2370 ei
850 2338 888 2371 de
905 2339 963 2372 Ec-

217 2389 315 2424 clesia
334 2389 390 2422 Dei
424 2390 545 2433 optime
574 2388 687 2421 merito
711 2388 817 2420 honor
836 2387 963 2420 debitus

218 2438 388 2478 tribuatur,
408 2437 524 2470 deinde
547 2442 580 2469 ut
595 2436 663 2470 eius
678 2437 710 2469 in
730 2436 840 2469 Officio
859 2437 966 2479 Inqui—

219 2486 343 2521 sitionis
356 2496 559 2519 successores
571 2485 609 2518 ad
626 2485 847 2528 prosequenda
859 2485 965 2518 sortis-

220 2535 291 2570 simi
311 2535 403 2569 ducis
421 2535 552 2577 vestigia
579 2534 764 2567 incitentur.
791 2534 967 2577 Praecipue

221 2595 297 2620 vero
316 2586 407 2620 decet
425 2590 472 2626 ut,
496 2584 534 2618 ad
549 2583 783 2618 conciliandam
796 2583 888 2617 nobis
897 2593 968 2617 coe-

1624 191 1683 225 691
1746 200 1789 228 An
1815 199 1845 227 C.
1861 199 1929 227 ¹586

986 317 1096 350 quem,
1111 312 1243 351 propter
1259 308 1373 341 miram
1393 313 1557 341 anteactae
1570 308 1651 341 vitae
1663 316 1735 341 san-

245 363 261 407 5
284 362 314 396 2.
342 362 442 395 Immo
477 373 563 404 vero,
591 363 768 397 imitatione
793 373 945 396 accensus
988 360 1139 396 etitatcm,
1162 361 1396 402 castimoniam,
1418 361 1635 395 innocentiam
1648 372 1734 395 mar-

987 413 1068 458 tyrio
1088 421 1357 455 consummatam,
1380 415 1464 459 apud
1480 416 1580 449 Deum
1598 415 1734 449 maxime

986 466 1162 510 gloriosum
1187 466 1407 508 intelligimus,
1433 474 1463 501 et
1487 469 1561 502 satis
1585 479 1733 513 comper-

986 525 1055 553 tum
1075 525 1122 554 est
1140 520 1283 554 eiusdem
1300 521 1459 555 Ecclesiae
1479 522 1732 556 amantissimum

984 584 1066 615 esse,
1081 584 1141 618 pro
1157 585 1220 618 qua
1240 575 1441 618 gravissimos
1458 576 1584 610 labores
1597 577 1664 610 dies
1680 587 1734 609 no-

987 632 1117 671 ctesque
1137 638 1309 671 perpessus
1328 633 1386 661 est.
1409 628 1512 668 Quare
1537 629 1597 662 hac
1624 636 1734 663 nostra

986 685 1142 725 perpetua
1153 681 1380 715 constitutione
1391 683 1580 716 mandamus
1590 688 1624 716 ut
1636 683 1736 727 ipsius

986 733 1087 768 sancti
1114 733 1176 767 viri
1200 734 1268 768 dies
1296 735 1395 768 festus
1413 745 1448 768 111
1472 736 1623 769 kalendas
1648 737 1734 777 maii,

988 797 1046 831 per
1069 797 1182 821 omnes
1207 787 1305 821 totius
1329 787 1416 820 orbis
1442 793 1603 821 terrarum
1631 790 1735 823 eccle-

987 841 1050 874 sias
1066 840 1189 885 duplici
1203 841 1310 875 officio
1319 841 1358 874 de
1367 841 1637 875 communiunius
1652 853 1735 875 mar-

987 894 1076 939 tyris,
1097 893 1152 928 ubi
1171 894 1341 939 proprium
1361 894 1461 935 deest,
1481 895 1675 937 celebretur,
1698 907 1734 929 ac

987 947 1192 981 decernimus
1205 954 1240 982 ut
1256 948 1288 980 in
1305 947 1491 981 kalendario
1508 948 1548 980 ad
1563 959 1635 981 eum
1651 949 1734 982 diem

987 1001 1020 1035 S.
1042 1001 1126 1034 Petri
1142 1001 1291 1046 martyris
1299 1011 1429 1041 nomen,
1440 1012 1514 1034 cum
1524 1001 1735 1044 specificatio-

987 1065 1028 1088 ne
1047 1053 1175 1088 Ordinis
1193 1054 1456 1088 Praedicatorum
1474 1065 1511 1088 ac
1523 1054 1645 1098 duplici
1661 1061 1736 1088 nota

987 1108 1201 1142 adscribatur.

1032 1163 1047 1206 g
1071 1163 1102 1197 5.
1128 1161 1366 1206 praecipientes
1377 1161 1736 1206 omnihuspatriarchis‚
1777 1175 1868 1197 attane
1887 1176 1932 1196 nur

989 1216 1252 1261 archiepiscopis,
1275 1216 1434 1260 episcopis
1445 1216 1623 1259 ceterisque
1637 1217 1738 1249 eccle·
1750 1208 1931 1260 ’e‘ssmogss'ebf'ffifflf

989 1271 1108 1305 siarum
1118 1270 1269 1315 praelatis
1282 1270 1315 1302 in
1326 1270 1475 1302 universo
1487 1275 1647 1302 terrarum
1660 1270 1736 1303 orbe

989 1324 1193 1366 constitutis,
1219 1329 1255 1357 ut
1285 1324 1403 1357 faciant
1435 1323 1468 1356 in
1505 1325 1571 1356 suis
1600 1323 1737 1367 quisque

989 1377 1143 1419 ecclesiis,
1169 1377 1345 1422 provinciis
1359 1404 1366 1418 ,
1389 1376 1570 1410 civitatibus
1593 1384 1623 1410 et
1647 1377 1736 1410 dioe-

990 1431 1116 1465 cesibus
1153 1436 1338 1475 praesentes
1379 1434 1504 1464 nostras
1552 1430 1738 1463 solemniter

990 1485 1175 1530 publicari,
1201 1490 1232 1518 et
1263 1484 1303 1517 ab
1339 1483 1490 1517 omnibus
1514 1484 1737 1517 ecclesiasticis

990 1539 1161 1584 personis,
1188 1537 1407 1572 saecularibus
1440 1542 1471 1570 et
1503 1547 1737 1581 quorumcum-

991 1603 1053 1637 que
1073 1591 1230 1626 Ordinum
1250 1590 1464 1635 regularibus,
1484 1590 1616 1623 omnino
1633 1590 1739 1624 obser-

991 1646 1070 1679 vari.

1036 1700 1051 1743 ξ
1074 1699 1104 1733 6.
1131 1699 1285 1733 Volumus
1309 1708 1439 1742 quoque
1460 1702 1494 1730 ut
1522 1696 1739 1741 praesentium

993 1753 1147 1797 exemplis
1166 1757 1223 1786 etc.

1037 1807 1150 1840 Datum
1170 1806 1290 1839 Romae
1315 1805 1400 1849 apud
1421 1804 1574 1838 Sanctum
1599 1803 1740 1844 Petrum,

995 1871 1078 1893 anno
1117 1859 1350 1893 Incarnationis
1389 1858 1569 1891 dominicae
1606 1856 1740 1889 millesi-

995 1925 1047 1947 mo
1082 1913 1341 1957 quingentesimo
1380 1911 1597 1955 octuagesimo
1635 1916 1739 1950 sexto,

997 1967 1100 2001 idibus
1124 1966 1246 2010 aprilis,
1287 1965 1492 2010 pontificatus
1524 1963 1625 1997 nostri
1658 1972 1742 1995 anno

996 2021 1112 2065 primo.

1042 2080 1106 2110 Dat.
1123 2078 1169 2109 die
1185 2078 1223 2109 13
1237 2077 1339 2117 aprilis
1358 2076 1443 2113 1586,
1462 2074 1566 2115 pontis.
1583 2082 1659 2104 anno
1677 2081 1698 2103 1.

1307 2141 1430 2148 ..-———

1802 1708 1864 1730 Fides
1878 1711 1931 1729 tran·

1754 1744 1890 1768 Sumplorum.

1326 2217 1413 2250 XLII.

980 2309 982 2323 s
1003 2287 1248 2330 Confirmantur
1265 2284 1443 2318 sentcntiae
1459 2283 1545 2315 latae
1563 2291 1657 2325 super
1671 2291 1745 2315 con-

1045 2341 1163 2383 finibus
1187 2338 1455 2371 communitatum
1475 2336 1666 2376 Perusinae,
1690 2334 1735 2367 Ur

1047 2395 1217 2427 bevelanae
1237 2396 1264 2425 ct
1279 2391 1472 2424 Tudertinae
1496 2388 1523 2422 1.

1048 2465 1141 2492 Sixtus
1151 2463 1221 2498 Papa
1230 2463 1260 2495 V,
1273 2463 1306 2490 ad
1314 2462 1474 2497 perpetuam
1483 2460 1525 2489 rei
1535 2459 1703 2488 memoriam.

1050 2527 1229 2559 Romanum
1255 2524 1344 2557 decet
1364 2523 1551 2556 Pontificem
1565 2522 1639 2563 illis,
1653 2531 1747 2566 quae,

1044 2590 1055 2616 1
1073 2588 1114 2617 Ex
1129 2588 1240 2625 Regest.
1261 2587 1288 2614 in
1308 2586 1413 2616 Secret.
1430 2585 1574 2615 Brevium.

1789 2539 1899 2561 Exoidium
