2059 3228
390 236 403 267 ‘t
413 233 474 266 ost-2
971 239 1118 264 mittitur
1142 239 1260 264 nomm

344 295 529 329 Cont'alouis
549 293 890 327 arc-li{confraternitas
908 292 1027 326 Romae
1049 293 1204 330 instituta,
1227 291 1291 325 373
1310 293 1338 326 b.
1362 297 1389 326 et
1417 304 1478 338 seq.
1501 294 1726 344 Quoscumque
1750 297 1883 334 christi-¹

432 349 542 382 fideles
562 349 593 381 S.
616 348 652 380 R.
670 348 703 380 E.
727 347 841 380 ditioni
857 347 1028 386 subiectos,
1051 347 1180 390 piorum
1201 347 1410 391 eleemosynis
1424 349 1619 392 perquisitis,
1642 353 1680 385 ab
1695 353 1874 388 infidelium

432 400 611 444 captivitate
636 400 816 432 redimendi
838 400 988 433 facultate
1006 399 1156 439 donatur,
1178 398 1243 432 374
1262 410 1293 431 α.
1320 399 1397 432 ltem
1422 400 1549 433 lieentia
1571 402 1731 436 condendi
1748 411 1877 447 statuta,

433 453 498 486 375
518 464 548 490 ιις
567 461 598 485 et
613 452 740 485 indulto
760 452 918 485 liberandi
945 452 1027 485 duos
1054 457 1234 485 carceratos
1249 457 1376 496 recepta
1396 453 1435 485 ab
1456 453 1501 486 eis
1532 453 1639 498 aliqua
1664 455 1876 501 eleemosyna,

430 504 493 538 :377
523 515 555 537 α.
585 504 940 538 Archieonfraternitati
973 504 1076 537 eidem
1105 504 1297 538 demandata
1329 505 1389 537 suit
1423 515 1500 538 eura
1529 507 1709 540 redimendi
1737 509 1876 552 captivos

431 559 538 592 Status
563 558 797 591 eeclesiasticia
813 557 966 601 Gregorio
980 558 1058 598 XIII,
1074 557 1138 591 673
1157 569 1177 590 a
1197 564 1225 590 et
1246 558 1275 594 b:
1298 559 1385 601 quod
1405 558 1509 592 Sixtus
1520 559 1544 591 V
1564 560 1746 600 confirmat,
1772 560 1837 595 674
1859 572 1882 595 a

430 617 461 645 et
481 612 509 644 b.
539 611 687 644 Facultas
711 610 922 654 quaestuandi
947 611 1165 654 eleemosynas
1194 621 1253 654 pro
1274 611 1335 643 hoe
1352 621 1450 654 opere
1478 611 1511 644 in
1531 612 1620 645 Statu
1648 613 1879 654 eeclesiastico,

432 675 519 707 quae
535 663 606 697 aliis
627 663 794 696 ordinibus
814 664 969 703 aufertur,
994 662 1056 696 775
1087 674 1117 696 α.
1141 663 1272 696 aeditus
1292 665 1523 697 nonnullarum
1545 665 1786 708 expeditionum
1806 665 1881 699 assi-

431 722 561 759 gnatur,
579 717 656 749 ibid.
675 716 704 748 b.
726 715 891 749 Bonorum
909 716 1003 750 etiam
1022 716 1326 758 emphiteuticorum
1348 717 1575 760 dispositiones
1589 717 1629 750 ad
1648 717 1881 762 redemptionis

431 780 513 813 opus
537 769 607 802 fieri
628 775 772 813 possunt,
785 768 847 803 676
868 770 897 802 b.
919 770 1034 812 Legata
1054 769 1085 801 in
1106 769 1194 803 Statu
1212 769 1442 811 eeclesiastico,
1464 771 1543 813 (non
1565 776 1673 804 tamen
1694 781 1753 814 pro
1772 771 1882 814 aliqua

436 828 523 855 certa
534 832 673 865 persona
685 823 732 854 vel
746 822 986 865 regulariloeo)
996 832 1054 865 pro
1074 821 1296 865 redemptione
1322 822 1497 866 praedicta,
1519 823 1597 856 ibid.
1620 828 1651 856 et
1668 833 1729 866 seq.
1752 823 1814 856 Pro
1831 833 1881 856 ec-

429 875 614 908 elesiasticis
631 875 789 919 personis,
806 874 901 907 tertia
914 880 1003 918 parte
1023 874 1368 908 archiconsraternitati
1389 876 1505 916 soluta,
1526 886 1628 919 usque
1649 876 1688 908 ad
1708 881 1798 909 scuta
1825 885 1880 909 ecc

432 928 603 971 disponere
623 933 742 972 potest,
764 927 826 961 677
847 938 878 960 α.
901 927 1018 972 Capsas
1033 927 1072 960 ad
1093 927 1310 970 colligendum
1331 929 1550 972 eleemosynas
1570 928 1602 961 in
1623 934 1705 962 statu
1725 928 1880 963 ecelesiae

431 981 602 1014 ordinandi
627 981 809 1014 facultatem
831 980 1169 1014 arehieoufraternitas
1188 981 1294 1019 habet,
1316 981 1393 1014 ibid.
1417 982 1445 1014 b.
1468 982 1596 1015 Poenae
1620 981 1879 1025 delinquentium

430 1034 462 1066 in
483 1034 591 1077 aliqua
619 1034 769 1077 portione
789 1033 865 1066 huie
886 1034 977 1077 operi
1003 1033 1218 1077 applicantur,
1237 1033 1300 1067 678
1317 1045 1348 1067 α.
1370 1034 1593 1077 Indulgentiae
1611 1034 1880 1068 arehieonfrater-

429 1087 521 1119 nitati
551 1092 582 1119 et
608 1086 679 1118 aliis
710 1086 738 1119 ei
757 1086 966 1129 aggregandis
987 1086 1304 1119 confraternitatibus
1333 1087 1512 1131 ceterisque
1536 1088 1683 1131 personis
1707 1087 1880 1131 respective

430 1139 667 1177 conceduntur,
685 1139 761 1171 ibid.
775 1145 808 1171 et.
821 1139 850 1171 b.
874 1139 1021 1172 Extensio
1042 1139 1201 1172 facultatis
1212 1140 1384 1182 colligendi
1403 1141 1620 1185 eleemosynas
1640 1151 1700 1185 pro
1721 1140 1880 1173 eiusmodi

430 1192 652 1236 redemptione
674 1192 768 1224 etiam
789 1197 877 1224 extra
889 1192 1011 1225 Statum
1029 1192 1293 1232 ecclesiasticum,
1312 1191 1375 1226 6852
1391 1204 1422 1226 α.
1441 1193 1617 1227 Cardinalis
1634 1199 1665 1227 et
1681 1194 1797 1227 iudicis
1808 1205 1881 1227 cau·
1906 1226 1912 1232 ,

431 1243 740 1284 sarumiurisdietio‚
763 1244 826 1277 7⁹26
846 1245 876 1277 b.
903 1244 1099 1278 Custodibus
1124 1246 1257 1278 facultas
1280 1245 1374 1278 datur
1387 1253 1526 1290 quatuor
1546 1248 1706 1290 praelatos
1729 1256 1880 1291 praesen-

430 1296 519 1330 tandi
539 1297 695 1330 cardinali
721 1297 909 1340 protectori,
939 1299 995 1341 qui
1022 1309 1057 1330 ex
1084 1298 1128 1331 eis
1158 1309 1257 1330 unum
1285 1299 1380 1342 eligat
1409 1299 1547 1333 iudicem
1576 1310 1746 1333 causarum
1775 1300 1880 1333 dietae

430 1349 804 1390 archiconfraternitatis‚
827 1361 900 1383 eum
930 1356 1085 1394 potestate
1110 1352 1325 1394 cognoscendi
1346 1363 1399 1385 eas
1419 1353 1604 1393 summarie,
1629 1353 1691 1385 727
1717 1364 1756 1392 (1,
1777 1352 1879 1385 citan-

431 1404 528 1447 dique
548 1409 578 1436 et
591 1403 756 1436 inhibendi
773 1409 837 1436 tam
854 1403 887 1436 in
907 1404 996 1436 ouria
1013 1415 1109 1447 quam
1130 1409 1217 1437 extra
1237 1410 1267 1437 et
1286 1405 1543 1448 quibuscumque
1560 1405 1732 1445 iudicibus,
1756 1401 1819 1438 7⁶28
1847 1405 1878 1445 b;

431 1457 686 1490 contradictores
705 1457 801 1489 etiam
819 1457 1003 1497 coercendi,
1023 1457 1086 1490 7229
1099 1468 1130 1490 ct.
1151 1458 1330 1501 Appellatio
1351 1458 1390 1491 ab
1410 1459 1479 1491 eius
1502 1459 1667 1491 sententiis
1686 1459 1796 1498 semel,
1820 1468 1880 1491 nec

431 1510 617 1553 suspensive
644 1509 684 1541 ad
713 1509 813 1542 aliurn
844 1509 985 1542 iudicem
1019 1521 1035 1542 a
1070 1516 1253 1553 protectore
1279 1511 1499 1554 deputandum
1532 1512 1722 1551 admittitur,
1750 1517 1880 1555 tresque

432 1562 594 1595 nullitates
614 1568 737 1595 tantum
760 1563 882 1606 opponi
903 1569 1049 1606 possunt,
1074 1564 1150 1596 ibid.
1174 1564 1292 1597 Iudicis
1313 1564 1489 1605 Facultates,
1512 1566 1589 1598 ibid.
1612 1565 1785 1598 Citationes
1809 1564 1892 1597 fieri»

432 1622 568 1659 possunt
587 1627 645 1659 per
664 1616 792 1659 quosvis
812 1617 1042 1657 mandatarius,
1066 1617 1129 1651 730
1148 1628 1178 1649 ct.
1212 1618 1273 1650 Atii
1298 1618 1420 1651 iudices
1439 1619 1497 1651 has
1527 1630 1639 1652 causas
1658 1629 1723 1651 nou
1745 1628 1880 1662 coguos-

432 1679 516 1709 eant,
539 1669 617 1701 ibid.
646 1674 676 1701 et
700 1670 728 1702 b.
758 1669 937 1703 Declaratio
967 1671 1054 1713 quod
1084 1671 1143 1703 sub
1169 1671 1281 1704 eodem
1297 1672 1419 1704 ·iudice
1441 1672 1504 1704 sint
1532 1682 1642 1704 ornnes
1673 1671 1829 1715 redempti
1851 1676 1881 1703 et.

432 1722 559 1765 puellae
580 1722 619 1754 ab
640 1722 995 1755 arcliieonfraternitate
1023 1724 1162 1764 dotatae,
1185 1723 1241 1756 7:34
1269 1735 1298 1756 a.
1322 1724 1504 1757 Praefectus
1524 1724 1705 1767 signaturae
1727 1724 1879 1763 iustitiae,

433 1784 611 1818 regensque
633 1782 663 1807 et
683 1775 893 1807 referendarii
920 1786 982 1808 non
1016 1776 1140 1819 signent
1166 1777 1410 1809 commissiones
1433 1782 1544 1810 eontra
1565 1778 1699 1809 sormam
1721 1777 1879 1821 praeseri-

432 1832 532 1871 ptam,
559 1838 617 1861 uee
648 1828 770 1861 iudices
794 1829 911 1871 quihus
939 1834 1043 1861 esseut
1067 1829 1258 1862 commissae
1287 1830 1477 1874 procedant,
1499 1830 1577 1863 ibid.
1600 1830 1697 1862 Iudex
1716 1829 1881 1873 praefatus

434 1891 549 1924 cogere
575 1881 676 1925 possit
706 1881 849 1914 notarios
879 1892 991 1914 omnes
1012 1882 1051 1915 ad
1072 1882 1131 1915 sihi
1159 1883 1378 1925 consignanda
1412 1883 1624 1916 instrumenta
1653 1882 1881 1916 concernentia

433 1933 566 1977 aliquod
592 1933 746 1966 interesse
773 1934 1152 1974 arehiconfraternitatis,
1176 1946 1231 1967 seu
1254 1936 1485 1978 redemptionis
1506 1937 1719 1979 captivorum,
1741 1937 1819 1969 ibid.
1848 1937 1881 1968 b-

346 1985 598 2019 Confraternitas
632 1987 665 2020 V.
688 1986 951 2019 Annuntiationis
971 1987 1004 2019 B.
1028 1988 1066 2020 M.
1091 1988 1123 2020 Y.
1148 1988 1344 2020 seliolarium
1366 1994 1585 2026 externorum,
1608 1988 1797 2021 Catharinae
1820 1988 1884 2030 (S.)

434 2039 473 2072 de
486 2039 590 2079 Senis,
610 2039 795 2072 Confalonis
815 2040 848 2072 B.
871 2039 910 2072 M.
933 2040 966 2071 V.
991 2041 1308 2078 recomondutorum,
1335 2040 1485 2084 Corporis
1509 2041 1562 2074 SS.
1585 2041 1701 2074 Christi
1728 2041 1759 2074 in
1781 2051 1881 2083 regno

433 2091 597 2132 Franciae,
617 2091 769 2136 Corporis
790 2092 844 2126 SS.
867 2093 981 2126 Christi
1014 2093 1046 2125 in
1068 2094 1201 2125 eet-:lesia
1223 2095 1253 2125 S.
1273 2094 1439 2136 Augustini
1460 2094 1498 2126 de
1519 2094 1615 2133 Urbe,
1630 2094 1663 2127 S.
1680 2093 1797 2126 Mariae
1818 2093 1841 2125 P.
1867 2112 1881 2116 —

435 2145 567 2185 mindae,
584 2145 861 2185 Bononiensium,
889 2145 1035 2178 Nominis
1061 2146 1114 2178 SS.
1140 2146 1193 2178 nvi
1220 2146 1250 2178 in
1285 2146 1459 2190 Hispania,
1488 2147 1610 2179 Rosarii
1639 2146 1692 2180 SS.
1716 2147 1749 2179 B.
1780 2145 1880 2185 Mat,

435 2198 633 2230 Sacramenti
655 2198 851 2231 Sanctissimi
873 2209 971 2242 super
991 2199 1174 2231 Minervam.

347 2249 626 2283 Conl‘raiernitatis
646 2251 779 2284 Sanctae
801 2251 918 2284 Mariae
939 2251 1106 2284 Rotundae
1128 2252 1247 2284 erectio
1267 2253 1488 2292 confirmatur,
1507 2251 1571 2286 365
1592 2253 1619 2284 b.
1635 2258 1664 2285 et
1683 2262 1745 2295 seq.

348 2302 560 2346 Congregatio
587 2303 620 2336 V.
643 2304 801 2336 Ambrosii
825 2304 863 2336 ad
894 2315 1019 2337 nemus.
1042 2304 1195 2336 Bernardi
1222 2304 1296 2337 Ord.
1326 2304 1436 2338 Cister.
1470 2305 1684 2338 Erein'ttarum
1718 2304 1884 2337 camaldu-

435 2356 585 2395 lensium,
614 2356 813 2389 Clericorum
844 2357 1041 2397 regularium
1068 2357 1322 2390 ministrantium
1345 2358 1482 2390 infirmis
1510 2369 1527 2389 a
1547 2358 1681 2391 Camillo
1706 2358 1744 2390 de
1765 2357 1883 2390 Laeliis

436 2409 594 2446 instituta,
616 2410 852 2448 Cardiualium,
867 2410 1114 2443 Carmelitarum
1139 2410 1406 2443 discalceatorum
1424 2410 1457 2443 in
1473 2410 1638 2454 IIispania,
1651 2411 1881 2443 Monaehorum

437 2462 675 2494 Cassinensium
696 2463 727 2495 S.
751 2463 890 2495 Iustinae
911 2463 950 2495 (le
971 2463 1090 2503 Padua,
1112 2462 1310 2496 Clericorum
1334 2463 1530 2506 regularium
1552 2463 1582 2496 S.
1606 2463 1695 2496 Pauli
1714 2462 1879 2501 Docottati‚

436 2513 633 2547 Clerieorum
656 2515 850 2556 regularium
865 2515 896 2548 S.
919 2515 1025 2548 Maioli
1046 2516 1124 2548 alias
1134 2515 1172 2549 de
1189 2515 1378 2555 Somasclia,
1399 2515 1483 2548 Cler.
1502 2515 1721 2549 Saecularium
1743 2516 1781 2548 de
1802 2514 1882 2548 Ora-

439 2567 529 2601 toiio,
544 2567 756 2599 Eremitarum
779 2568 808 2599 S.
827 2568 1009 2611 Hieronymi
1025 2568 1063 2600 sle.
1083 2567 1302 2607 Obserrautia,
1325 2568 1482 2601 Fuliensis
1496 2568 1528 2601 B.
1546 2569 1583 2600 M.
1598 2569 1630 2600 V.
1647 2568 1880 2600 n'tonacboruiu

438 2617 607 2650 strictioris
628 2618 859 2660 observantiae,
884 2620 1009 2662 Georgii
1032 2621 1093 2664 (S.)
1115 2621 1146 2654 in
1169 2622 1245 2665 Alga
1269 2621 1474 2654 Venetiaruin
1502 2622 1652 2662 fratrum,
1683 2621 1892 2653 Iesuatoram.
