2059 3228
774 235 866 259 INDEX
888 235 1086 261 nunntmutm

247 286 376 320 dotibus
395 285 530 331 captivis
544 285 706 319 licentiam
724 286 903 328 baptizandi

246 350 365 384 pueros
384 350 402 373 a
422 339 578 373 matribus
592 338 727 380 oblatos,
743 339 819 374 dare
829 350 904 383 pos-

246 393 296 432 sit,
314 392 389 426 137.

264 444 446 478 lurisdictio
479 449 508 478 et
546 444 713 477 facultates
752 445 904 489 praefecti

245 509 391 532 annonae
411 497 503 531 Urbis
523 503 550 531 et
567 498 663 530 totius
676 498 781 531 Status
794 499 903 531 Eccle-

245 551 374 590 siasfici,
390 550 466 584 140.

158 604 216 637 LV.
238 603 329 643 Quod
348 602 489 646 religiosi
509 608 541 636 et
561 613 715 646 personae
735 604 903 637 Societatis

244 657 314 690 lesu
334 657 373 690 ad
402 656 546 700 publicas
567 656 788 699 processiones
812 668 903 690 acec-

245 710 321 743 dere
346 720 411 743 non
435 715 604 752 cogantur,
625 709 698 742 4402.

157 762 228 796 LVI.
252 763 341 802 Quod
358 763 570 801 consessores,
587 762 619 794 in
640 763 701 795 rim
718 762 902 806 pririlcgio-

245 826 316 849 rum
343 815 509 850 cruciatae
529 821 656 849 sanctae
676 816 826 859 eligendi,
846 827 902 848 ne-

245 869 365 902 minem
385 869 424 902 ab
450 869 582 902 incursu
603 875 634 902 et
653 869 742 912 lapsu
773 869 804 901 in
826 869 901 902 hae-

244 922 341 955 resim
359 922 523 955 absolvere
543 921 678 965 possint,
702 921 775 955 11⁷⁴.

155 973 243 1008 Lvlt.
265 975 308 1008 De
328 975 587 1008 confraternitate
612 973 900 1009 Reconnncndato-

244 1039 316 1061 rum
337 1028 371 1062 R.
400 1028 517 1061 Mariae
545 1027 692 1071 Virginis,
719 1028 902 1063 Consalonis

242 1086 354 1124 postea
390 1087 595 1125 nuncupata,
635 1082 753 1115 Romae
768 1109 775 1122 ,
816 1092 900 1117 anno

243 1143 388 1174 uccnxiv,
410 1145 429 1167 a
448 1135 614 1167 nonnullis
633 1135 769 1178 patritiis
784 1135 901 1168 Roma-

242 1187 293 1220 nis
315 1186 476 1227 instituta;
512 1198 548 1220 ae
581 1187 619 1222 de
649 1188 745 1222 modo
773 1188 899 1228 orandi,

242 1239 307 1274 sive
323 1250 444 1274 corona
463 1252 480 1273 a
500 1240 616 1273 Sancto
637 1241 860 1274 Bonaventura
871 1252 902 1274 e-

243 1291 294 1326 ius
319 1293 535 1327 contratribus
559 1293 767 1336 praescripta,
793 1293 900 1326 indul-

243 1345 490 1388 gentiarumque
505 1345 704 1389 elargitione,
730 1346 802 1380 145.

156 1398 255 1432 LVIII.
274 1399 368 1438 Quod
387 1409 447 1443 pro
462 1399 626 1444 Religione
644 1399 837 1433 clericorum
853 1410 902 1433 re-

245 1452 407 1495 gularium
431 1453 599 1486 Societatis
620 1453 690 1485 lesu
706 1453 828 1495 ubique
848 1463 901 1486 ec-

243 1505 358 1538 clesiae
385 1510 415 1538 et
440 1505 554 1538 domus
580 1505 742 1538 aedificari
768 1506 899 1549 possint,

240 1568 307 1591 non
326 1558 471 1591 obstante
493 1557 660 1602 privilegio
680 1559 750 1591 aliis
775 1558 902 1591 Ordinis

243 1621 396 1647 concesso
417 1616 446 1643 et
469 1611 688 1647 concedendo.
703 1611 789 1654 quod
800 1622 901 1655 prope

242 1674 355 1698 eorum
381 1664 452 1697 loca
472 1674 553 1697 nova
569 1664 762 1697 monasteria
782 1664 901 1697 eonsti-

242 1716 291 1749 tui
309 1722 482 1760 nequeant,
505 1715 580 1749 1148.

153 1769 229 1802 LIX.
263 1769 446 1808 Iurisdictio
474 1768 688 1813 protomedici
715 1774 747 1802 et
774 1769 901 1812 collegii

242 1822 451 1867 physicorum
481 1823 584 1854 almae
609 1822 702 1855 Urbis
726 1833 901 1866 quoscum-

241 1886 305 1919 que
322 1876 464 1912 medicos
487 1876 519 1908 in
540 1886 576 1908 ea
597 1875 761 1908 medentes
780 1875 901 1909 exami-

242 1929 354 1970 nandi,
381 1935 412 1962 et
439 1940 503 1969 non
532 1933 676 1972 repertos
701 1928 834 1962 idoneos
862 1927 901 1961 ab

242 1982 396 2016 exercitio
412 1982 592 2016 medicinae
607 1982 789 2026 expellendi
805 1987 901 2026 atque

242 2035 423 2078 coercendi,
445 2035 520 2069 151.

153 2088 215 2121 LX.
238 2088 416 2127 Declaratio
441 2091 712 2123 concordatorum
738 2087 821 2121 inter
845 2088 902 2121 Se-

242 2141 315 2178 dem
333 2142 548 2186 Apostolicam
575 2146 606 2174 et
631 2140 794 2175 nationem
823 2141 900 2174 Ger-

242 2198 402 2232 manicam
422 2199 510 2232 cirea
529 2198 716 2231 collationes
730 2198 902 2231 beneficio-

242 2265 316 2290 rum
328 2256 620 2291 ecclesiasticorum
631 2255 662 2284 in
676 2255 840 2288 mensibus
853 2265 902 2288 re-

239 2312 386 2352 rervafis,
409 2311 486 2344 153.

152 2367 227 2401 LXI.
254 2368 352 2402 Vinea
373 2373 405 2401 et
427 2368 554 2401 vineola
576 2371 664 2401 extra
682 2366 810 2400 Portam
831 2366 885 2398 Fra

243 2424 376 2458 miniam
396 2425 532 2468 collegio
552 2423 752 2464 Germanico,
771 2433 830 2467 pro
850 2433 902 2456 re-

244 2481 391 2528 creandis
409 2481 611 2515 scholaribus
630 2481 802 2520 donantur,
825 2479 899 2513 155.

154 2539 242 2573 LXII.
264 2538 466 2582 Indulgentia
490 2538 637 2582 plenaria
656 2537 850 2573 conceditur
870 2546 903 2570 o-

243 2605 370 2630 mnibus
389 2594 670 2637 Gliristiiideiibus,
692 2594 748 2640 qui
769 2604 901 2639 proces·

157 444 230 479 LIV.

1563 225 1649 260 1085

1033 287 1115 319 sioni
1148 287 1346 321 Sam-tissimi
1368 287 1568 320 sacramenti
1590 287 1688 321 inter-

1034 340 1156 373 fuerint
1174 346 1207 373 nt
1228 340 1258 373 in
1283 341 1526 380 constitutione,
1543 340 1616 374 158.

946 393 1046 426 LXIII.
1081 393 1240 427 Institutio
1268 393 1394 437 collegii
1433 393 1629 427 Graecorum
1658 394 1691 427 in

1032 445 1128 486 Urbe,
1152 456 1210 489 pro
1231 445 1432 479 scholaribus
1447 446 1586 479 nationis
1597 446 1692 481 Grae-

1031 509 1087 531 cae
1114 499 1164 541 pie
1184 499 1308 532 alendis
1328 503 1359 532 et
1384 499 1591 538 instruendi&
1614 510 1689 533 cum

1032 561 1213 584 annuorum
1235 550 1397 585 redituum
1425 551 1639 595 assignatione
1659 557 1691 586 et

1031 603 1231 637 indultorum
1253 604 1473 645 concessione,
1495 604 1572 639 159.

944 656 1042 689 LXIV.
1061 657 1240 690 Declaratio
1260 658 1347 701 quod
1367 658 1469 701 spolia
1488 658 1688 702 regularium

1030 715 1117 742 extra
1136 710 1276 743 claustra
1294 710 1477 753 vagantium
1491 716 1636 755 spectant
1646 711 1687 746 ad

1029 762 1065 795 R.
1088 762 1253 796 Cameram
1273 764 1502 807 Apostolicam,
1515 763 1602 797 iuxta
1613 774 1690 798 con-

1029 815 1209 850 stitutiones
1226 816 1316 849 Pauli
1331 816 1369 850 Ill
1390 822 1421 850 et
1436 816 1573 850 aliorum
1593 827 1688 861 prae-

1029 868 1247 909 decessorum,
1268 869 1344 903 162.

941 921 1027 954 LXV.
1058 921 1238 954 Nonnullae
1267 921 1485 956 ordinationes
1513 927 1544 957 et
1571 928 1689 957 statuta

1030 975 1288 1018 congregationis
1298 976 1504 1017 Cassinensis,
1517 976 1597 1010 alias
1607 977 1688 1010 San·

1029 1033 1097 1060 ctae
1117 1027 1257 1061 Iustinae
1277 1028 1315 1061 de
1331 1028 1451 1070 Padua,
1473 1028 1600 1062 Ordinis
1610 1032 1689 1062 San-

1031 1080 1072 1113 cti
1093 1080 1268 1121 Benedicti,
1293 1080 1379 1114 circa
1407 1082 1549 1115 officium
1568 1082 1688 1115 diffini-

1028 1139 1134 1166 torum
1165 1140 1196 1166 et
1222 1134 1373 1173 aliorum,
1395 1135 1451 1177 qui
1472 1145 1609 1178 praeesse
1629 1135 1685 1168 de-

1027 1185 1104 1219 bent
1123 1187 1272 1229 regimini
1292 1187 1437 1220 eiusdem
1467 1188 1688 1231 congregatio-

1028 1239 1089 1279 nis,
1112 1239 1187 1273 165.

941 1292 1040 1326 LXVI.
1066 1293 1236 1327 Revocatio
1248 1293 1416 1327 cuiusdam
1436 1294 1516 1337 legis
1535 1305 1591 1328 seu
1612 1305 1688 1328 con-

1028 1346 1208 1380 suetudinis
1227 1358 1326 1390 super
1345 1347 1467 1380 honore
1488 1347 1619 1387 tuendo,
1650 1358 1688 1380 ex

1028 1410 1092 1443 quo
1116 1399 1293 1433 homicidia
1318 1406 1495 1433 nascuntur
1521 1400 1552 1433 in
1581 1400 1687 1443 regnis

1031 1454 1226 1496 Aragonum‚
1248 1453 1410 1487 valentiae
1434 1464 1470 1486 ac
1503 1454 1688 1498 principatu

1029 1505 1211 1539 Cataloniae
1231 1512 1262 1539 et
1277 1506 1483 1539 comitatibus
1501 1506 1688 1540 Rossilionis

1030 1564 1057 1592 et
1080 1559 1271 1599 Ceritaniae,
1292 1570 1365 1592 cum
1386 1560 1511 1603 poenis,
1533 1559 1608 1593 166.

941 1611 1054 1644 th'll.
1077 1611 1287 1645 Confirmatio
1306 1612 1482 1655 gratiarum
1503 1618 1534 1645 et
1554 1612 1685 1656 privile-

1027 1664 1156 1707 giorum
1176 1665 1417 1709 archihospitali
1437 1665 1469 1698 S.
1492 1665 1627 1708 Spiritus
1652 1665 1685 1698 in

1029 1717 1121 1751 Saxia
1143 1717 1183 1751 de
1203 1718 1288 1751 Urbe
1312 1728 1552 1758 concessorum,
1573 1723 1687 1761 quate-

1029 1781 1091 1804 nus
1110 1771 1248 1804 concilio
1267 1771 1453 1804 Tridentino
1470 1776 1501 1804 et
1520 1770 1620 1804 sacris
1635 1781 1689 1804 ca-

1030 1823 1170 1857 nonibus
1189 1834 1254 1857 non
1274 1824 1336 1857 sint
1355 1824 1528 1864 contraria,
1541 1824 1690 1857 illorum-

1030 1887 1094 1920 que
1114 1877 1364 1910 communicatio
1384 1877 1470 1910 inter
1488 1877 1596 1910 omnia
1619 1877 1690 1910 loca

1030 1929 1167 1971 Ordinis,
1190 1930 1265 1963 17⁹2.

945 1982 1070 2015 LXVIII.
1093 1982 1248 2015 Parochia
1263 1982 1296 2016 S.
1308 1981 1481 2016 Salvatoris
1500 1982 1540 2015 ad
1560 1981 1688 2014 Turrim

1032 2035 1167 2069 Militum
1193 2036 1232 2069 de
1265 2036 1349 2069 Urbe
1377 2036 1488 2069 unitur
1516 2035 1691 2078 parochiae

1032 2088 1065 2129 S,
1087 2088 1219 2130 Quirici,
1241 2088 1317 2122 174.

945 2141 1046 2174 LXIX.
1069 2141 1215 2174 Facultas
1233 2140 1421 2176 instituendi
1446 2139 1691 2174 confraternita-

1034 2199 1080 2227 tes
1099 2193 1290 2227 sanctissimi
1303 2192 1454 2236 Corporis
1466 2192 1583 2226 Christi
1594 2192 1627 2225 in
1639 2203 1690 2225 re-

1033 2257 1097 2289 gno
1116 2246 1280 2286 Franciae,
1308 2256 1383 2278 cum
1416 2244 1691 2288 indulgentiarum

1034 2299 1235 2343 elargitione,
1263 2298 1336 2331 177.

945 2351 1019 2384 lxx
1056 2351 1235 2385 Iurisdietio
1256 2351 1287 2384 S.
1316 2350 1351 2382 R.
1379 2350 1414 2382 Ε.
1448 2349 1620 2389 cardinalis
1639 2360 1692 2384 ar-

1033 2399 1264 2442 chipresbyteri
1282 2405 1311 2431 et
1333 2398 1448 2431 iudicis
1462 2409 1631 2431 causarum
1644 2409 1693 2431 ca-

1033 2447 1127 2490 pituli
1148 2447 1381 2481 canonicorum
1406 2452 1436 2480 et
1465 2446 1599 2480 aliarum
1621 2457 1693 2491 per-

1033 2506 1186 2529 sonarum
1217 2501 1439 2529 sacrosanctae
1473 2493 1693 2528 Lateranensis

1034 2544 1200 2583 ecclesiae,
1223 2543 1298 2576 1:⁷9.

946 2591 1047 2626 LXXI.
1067 2592 1192 2627 Erectio
1219 2592 1395 2626 eremitorii
1429 2592 1479 2626 del
1513 2592 1640 2626 'sardon
1659 2592 1692 2625 in
