2059 3228
48 252 58 266 ι
74 234 103 264 0.
121 235 188 262 1576

53 1300 177 1325 prohibendi

46 1326 84 1347 in·
103 1333 177 1352 upon·-

33 1354 68 1373 tur
84 1353 111 1374 de
129 1354 176 1374 loco

42 1379 110 1400 lovum
129 1380 176 1400 siue

32 1411 42 1426 ε
53 1405 144 1432 lieentia,

32 1931 124 1956 neuque
137 1932 174 1952 de-

41 1963 52 1977 r
75 1959 173 1979 commit-

25 1986 56 2005 tet
71 1990 172 2005 coercen-

797 243 973 268 GnEGonan
990 244 1046 267 XIII
1064 245 1111 268 I’P.

197 298 339 338 existant,
363 296 401 330 ad
426 305 530 328 veram
555 294 784 328 frumentorum
809 301 837 329 et
852 296 937 338 legu-

197 350 328 387 minum,
353 359 430 392 quae
456 348 539 391 ipsos
557 354 695 392 tempore
716 349 851 391 desuper
875 358 937 391 pu-

195 402 411 435 hlicandorum
443 401 616 433 edictorum
655 412 710 434 seu
746 401 934 433 bannimen-

195 459 299 488 torum
339 453 454 486 habere
479 454 661 496 continget,
701 454 907 497 quantitatem
924 480 931 494 ,

194 506 290 539 etiam
307 505 338 538 in
353 505 476 552 scriptis
500 506 604 539 medio
621 506 796 538 iuramento
813 506 933 538 denun-

188 558 351 597 ,ciandnm;
376 569 509 601 quarum
539 558 817 590 dcnunciationum
842 562 932 589 notu-

193 610 256 643 lam
272 610 367 644 etiam
380 611 417 642 ad
431 611 532 643 dilect.
550 611 648 643 lilium
661 609 816 653 Aloysium
830 610 932 642 cardi-

193 663 296 696 nalem
313 663 499 703 Cornelimn,
517 673 636 696 necnon
653 667 684 695 et
707 672 764 705 pro
788 667 930 705 tempore

194 715 402 748 camerarium
432 721 573 749 nostrum
591 742 598 756 ,
623 715 735 747 deferri
762 716 930 756 volumus,

193 767 253 800 sub
275 768 417 800 censuris
432 767 646 800 ecclesiasticis
669 777 705 799 ac
729 767 930 810 pecuniariis,

192 829 316 852 necnon
333 819 502 852 manifestae
518 818 695 851 rebellionis
709 819 850 861 lzesaeque
867 830 932 851 ma·

191 870 369 912 iestatis,ac
393 872 604 904 dominiorum
628 876 656 904 et
683 871 816 904 aliorum
834 872 933 904 bono·

190 933 263 956 rum
294 934 420 956 suorum
445 923 685 964 confiscationis,
710 924 842 966 aliisque
866 923 932 956 eius

189 975 321 1009 arbitrio
344 976 542 1018 imponendis
566 981 594 1008 et
620 975 824 1018 applicandis,
851 981 931 1008 cete-

189 1029 295 1071 risque
318 1028 436 1071 poenis,
453 1029 547 1061 etiam
573 1028 734 1071 quibusvis
750 1029 850 1062 eidem
870 1030 931 1061 An-

188 1080 273 1114 dreae
294 1080 459 1121 videbitur,
481 1081 575 1113 etiam
601 1091 656 1123 per
678 1081 841 1124 publicum
866 1081 932 1114 edi-

189 1138 274 1166 ctum
291 1133 323 1165 in
340 1133 414 1166 locis
431 1134 490 1166 sibi
508 1134 662 1168 benevisis
679 1134 870 1177 affigendum
885 1136 931 1167 vel

187 1185 263 1219 alias
275 1186 508 1229 publicandum,
524 1187 670 1219 monendi
689 1192 720 1220 et
737 1188 930 1230 requirendi.

231 1237 246 1281 g
269 1237 299 1271 3.
323 1237 436 1282 Eisque
465 1249 503 1270 ne
535 1238 691 1272 frumenta
716 1245 744 1272 et
770 1241 930 1283 legumina

188 1290 368 1324 huiusmodi
392 1296 477 1323 extra
502 1291 619 1323 dictum
642 1292 763 1324 Statum
781 1292 930 1325 Ecclesia-

187 1344 318 1385 sticum,
343 1354 444 1386 neque
468 1343 505 1376 de
529 1344 595 1376 loco
619 1344 659 1376 ad
682 1344 785 1376 locum
802 1371 809 1385 ‚
834 1344 929 1377 etiam

186 1396 256 1429 loca
268 1395 408 1429 eiusdem
424 1396 537 1436 Status,
555 1396 621 1429 sine
638 1397 777 1430 eiusdem
796 1398 929 1430 Andreae

186 1448 314 1483 licentia
337 1454 497 1492 asportare
518 1449 580 1481 ullo
596 1450 689 1482 modo
706 1450 852 1489 audeant,
870 1451 928 1483 sub

187 1502 342 1536 similibus
365 1503 474 1546 poenis
498 1502 684 1542 inhibendi;
711 1503 927 1536 inobedientes

186 1567 242 1591 seu
264 1555 534 1590 contravenientes
558 1556 713 1599 quoslibet
730 1556 762 1588 in
778 1566 927 1589 censuras

185 1615 216 1643 et
231 1621 348 1654 poenas
364 1603 539 1653 praedictas
552 1609 699 1641 incidisse
711 1614 742 1642 et
755 1608 926 1642 incurrisse

185 1662 389 1703 declarandi,
414 1661 604 1705 aggravandi
633 1667 663 1694 et
687 1662 925 1704 reaggravandi,

184 1715 327 1750 invocato
350 1716 444 1748 etiam
469 1715 583 1748 auxilio
604 1714 727 1747 brachii
745 1714 924 1754 saecularis;

183 1779 306 1802 necnon
329 1767 526 1802 executiones
550 1768 715 1811 quaslibet,
740 1772 804 1799 tam
828 1768 925 1800 reales

182 1832 278 1865 quam
300 1822 489 1866 personales,
514 1820 582 1853 fieri
609 1819 790 1852 mandandi.

226 1875 242 1918 5
263 1875 295 1908 4.
313 1875 476 1907 Praeterea
500 1883 713 1916 quoscumque
733 1872 766 1904 in
782 1871 924 1914 prtemis-

182 1927 224 1961 sis
246 1927 371 1960 fraudes
393 1925 626 1959 committentes
649 1925 696 1956 vel
719 1923 795 1956 alias
815 1923 923 1956 noxios

182 1983 212 2013 et
242 1979 458 2022 delinquentes
482 1977 676 2018 mulctandi,
702 1988 737 2009 ac
762 1976 923 2020 quibusvis

180 2033 275 2066 etiam
290 2032 393 2065 ultimi
410 2030 555 2074 supplicii
572 2031 619 2062 vel
634 2029 703 2062 aliis
719 2029 862 2072 corporis
880 2028 923 2061 as-

179 2084 304 2118 ssictivis
326 2085 435 2128 poenis
458 2083 699 2122 condemnandi;
717 2087 748 2115 et
764 2093 820 2115 seu
837 2082 922 2125 ipsos

179 2147 216 2170 ac
246 2137 421 2180 praedictos
452 2137 667 2170 inobedientes
696 2147 750 2168 seu
779 2146 843 2168 non
867 2147 921 2179 pa-

179 2194 285 2222 rentes
307 2200 326 2222 a
342 2189 502 2232 quibusvis
517 2188 658 2222 censuris
675 2193 705 2220 et
722 2188 856 2229 mulctis,
874 2199 919 2229 ac,

179 2248 216 2275 ut
237 2242 421 2285 praefertur,
438 2241 600 2281 atssictivis,
614 2241 709 2273 etiam
726 2241 828 2273 ultimi
847 2252 919 2284 sup-

178 2294 276 2340 plicii,
300 2293 408 2337 poenis
430 2293 608 2326 absolvendi
631 2298 662 2326 et
684 2293 849 2335 liberandi,
867 2294 919 2326 de-

179 2357 336 2391 superque
359 2356 430 2378 cum
460 2346 505 2378 eis
528 2346 736 2378 concordandi
760 2351 790 2378 et
813 2357 918 2379 accor—

178 2400 299 2440 dandi,
330 2398 538 2441 componendi
573 2403 604 2431 et
638 2400 859 2442 transigendi,
882 2412 917 2434 ac

179 2462 393 2495 quascumque
427 2450 486 2483 sibi
515 2451 676 2484 benevisas
711 2453 916 2496 concordias,

178 2505 422 2548 compositiones
444 2508 475 2536 et
499 2504 724 2537 transactiones
747 2506 889 2538 faciendi.

223 2559 239 2602 ἓ
261 2559 290 2592 5.
306 2559 393 2599 Item,
410 2567 623 2602 quascumque
639 2557 867 2592 frumentorum
887 2566 918 2593 et

177 2610 372 2654 leguminum
418 2611 598 2645 huiusmodi
641 2612 830 2654 quantitates
866 2624 916 2647 co-

1605 238 1663 270 Ml

965 295 1075 338 gendi3
1093 306 1128 328 ac
1145 297 1313 339 emptionis
1329 304 1356 331 et
1376 300 1475 333 mutui
1494 300 1539 333 vel
1556 299 1617 333 alio
1630 310 1707 343 quo·
1719 329 1730 347 q

964 346 1009 379 vis
1034 346 1123 379 titulo
1148 358 1203 390 pro
1229 350 1341 391 preciis
1359 354 1389 381 et
1407 350 1516 390 modis,
1534 350 1572 383 de
1589 350 1705 393 quibus
1717 356 1730 394 ξι*

964 398 1021 430 sibi
1048 399 1213 439 videbitur,
1238 402 1445 443 acspiirendi:
1471 407 1699 446 proptereaque
1716 408 1728 447 {j

964 452 1087 494 quasvis
1116 453 1321 495 pecuniarum
1354 465 1492 486 summas
1524 460 1632 488 mutuo
1658 457 1703 488 vel

962 504 1052 537 aliter
1068 505 1229 548 capien‹li;
1247 517 1282 537 ae
1300 517 1393 549 super
1410 507 1590 549 praemissis
1603 508 1706 540 omni-

963 556 1020 589 bus
1051 562 1081 589 et
1113 557 1244 599 singulis
1268 568 1339 589 cum
1365 559 1526 600 quibusvis
1553 565 1705 593 mercato-

962 609 1052 641 ribus
1075 614 1106 641 et
1122 609 1190 642 aliis
1207 610 1348 653 personis
1366 611 1556 653 quibuslibet
1572 623 1705 645 conven-

962 662 1061 695 tiones
1084 668 1115 695 et
1131 663 1261 705 partitas
1279 674 1502 707 quascumque,
1519 665 1614 697 etiam
1631 676 1703 698 cum

961 715 1144 759 quorumvis
1178 715 1324 750 donativo
1342 743 1349 756 ‚
1380 727 1452 749 cum
1485 718 1705 751 mutuantibus

961 768 1178 800 donandorum
1203 771 1213 787 ¹
1238 769 1445 811 promissione
1469 775 1498 801 et
1523 770 1704 811 donatione,

961 819 1111 860 faelendi;
1130 832 1164 853 ac
1189 821 1322 864 desuper
1346 827 1524 855 contractus
1541 828 1571 855 et
1588 824 1704 856 instru-

962 878 1066 905 menta
1091 874 1256 916 quaelibet,
1282 885 1353 907 curn
1377 875 1490 918 pactis,
1516 876 1704 908 conditioni-

962 926 1019 959 bus
1036 953 1043 966 ,
1068 927 1213 970 capitulis
1242 933 1272 960 et
1295 927 1441 960 clausulis
1465 927 1524 960 sibi
1551 927 1706 961 benevisis

960 980 1135 1012 celebrandi
1161 985 1191 1013 et
1214 980 1341 1012 ineundi
1354 992 1361 1020 ;
1379 991 1415 1013 ac
1430 991 1489 1023 pro
1506 980 1632 1013 illorum
1649 981 1703 1013 ob-

961 1033 1135 1066 servatione
1159 1033 1330 1076 praefatam
1354 1033 1516 1066 eameram
1541 1038 1572 1066 et
1595 1032 1703 1065 onmia

961 1084 1041 1117 illius
1065 1085 1157 1126 bona,
1175 1086 1333 1128 presentia
1356 1091 1386 1119 et
1403 1086 1518 1126 sutura,
1535 1086 1568 1118 in
1585 1085 1705 1129 quavis,

960 1138 1053 1170 etiam
1070 1138 1203 1181 pleniori
1221 1139 1318 1182 ipsius
1331 1138 1479 1172 Gamerae
1497 1139 1608 1179 forma,
1625 1139 1704 1171 obli-

960 1190 1065 1231 gandi.

1721 239 1772 265 An.
1793 239 1820 266 C.
1842 242 1909 267 157⁶

1734 297 1847 317 Frunwntn
1857 304 1892 322 qur
1900 309 1908 312 -

1735 330 1760 343 ue
1771 328 1789 343 et
1799 325 1908 348 legumina

1734 351 1813 374 indique
1828 357 1905 373 corgen-

1734 378 1738 394 i
1766 379 1788 395 et
1814 378 1901 395 cmi-nili

1733 409 1754 421 ro
1769 404 1844 426 pretiis
1862 404 1905 421 sihi

1731 430 1835 455 enevisls,

1740 1242 1846 1262 Minis-trau
1867 1244 1892 1262 ‹Ie

1002 1243 1016 1285 g
1033 1242 1061 1275 e.
1079 1243 1204 1276 Necnon
1229 1254 1442 1287 quoscumque
1459 1245 1702 1285 commissarios,
1711 1274 1775 1293 super
1793 1254 1901 1293 d,p‚„„‚‚j

959 1294 1105 1327 officiales
1122 1300 1149 1328 et
1168 1296 1329 1329 ministros
1346 1302 1540 1340 opportunos
1556 1302 1608 1329 aut
1626 1297 1702 1330 alias

1711 1296 1739 1341 ‹eil›
1751 1329 1776 1342 eo
1787 1324 1899 1343 decl-aran<

1747 1302 1794 1315 cuni
1814 1297 1899 1317 salai-ii«

958 1348 1016 1379 sibi
1036 1348 1199 1382 benevisos
1216 1350 1396 1393 deputandi;
1413 1356 1444 1383 et
1456 1350 1609 1383 hactenus
1626 1361 1702 1393 quo·
1711 1349 1750 1373 ‘¹³⁵¹

958 1402 1126 1434 modolibet
1156 1402 1320 1446 deputatos
1348 1403 1515 1436 revocandi
1547 1409 1574 1436 et
1600 1413 1702 1436 remo-

956 1455 1057 1495 vendi,
1074 1460 1168 1498 prout
1184 1466 1241 1489 nos
1257 1456 1371 1488 harum
1387 1456 1468 1489 serie
1485 1466 1700 1500 quoscumque

956 1508 1196 1549 commissarios,
1213 1509 1357 1541 officiales
1381 1513 1412 1541 et
1428 1508 1589 1541 ministros
1605 1519 1699 1552 super

957 1562 1137 1595 huiusmodi
1149 1562 1380 1594 frumentorum
1393 1561 1523 1603 negocio
1537 1561 1697 1603 hactenus,

956 1616 1050 1648 etiam
1079 1626 1137 1658 per
1167 1625 1223 1647 nos
1240 1641 1248 1655 ,
1273 1614 1507 1657 quomodolibet
1535 1614 1699 1656 deputatos

955 1678 1136 1701 revocamus
1159 1672 1190 1700 et
1205 1678 1417 1707 removemus;
1435 1677 1608 1709 eorumque
1625 1677 1699 1710 pro-

954 1721 1088 1754 visiones
1111 1725 1142 1753 et
1165 1720 1278 1753 salaria
1294 1720 1472 1753 declarandi
1483 1731 1490 1760 ;
1508 1721 1615 1764 eisque
1631 1721 1699 1753 illas

953 1779 984 1807 et
999 1774 1060 1815 illa,
1078 1784 1113 1806 ac
1128 1773 1206 1814 aliis,
1224 1773 1339 1816 quibus
1355 1783 1433 1816 opus
1449 1772 1554 1812 fuerit,
1571 1772 1696 1815 quasvis

952 1826 1159 1870 pecuniarum
1190 1835 1328 1858 summas
1356 1830 1387 1857 et
1415 1825 1605 1867 quantitates
1621 1852 1629 1865 ,
1660 1835 1696 1858 ex

953 1880 1183 1912 frumentorum
1217 1884 1248 1911 et
1281 1878 1477 1920 leguminum
1513 1876 1694 1909 huiusmodi

954 1932 1132 1966 venditione
1147 1931 1471 1973 conventionibusque
1497 1941 1552 1963 scu
1571 1930 1696 1972 partitis

952 1985 1098 2019 ineundis
1121 1985 1168 2017 vel
1190 1984 1266 2017 alias
1289 1983 1469 2017 huiusmodi
1494 1983 1539 2016 rei
1555 1983 1695 2015 frumen-

954 2038 1050 2072 tariae
1066 2037 1198 2080 negocio
1215 2037 1450 2080 quomodolibet
1463 2035 1693 2078 provenientes,

951 2092 1025 2125 solvi
1047 2097 1076 2124 et
1092 2090 1253 2125 exbursari
1270 2090 1456 2129 mandandi;
1474 2099 1646 2132 omnesque
1662 2094 1693 2121 et

950 2146 1089 2188 singulos
1102 2143 1284 2187 quarumvis
1297 2142 1455 2176 civitatum
1470 2151 1603 2173 annonae
1614 2151 1694 2184 prae-

949 2200 1100 2232 sectorum
1124 2209 1141 2230 a
1164 2197 1255 2230 nobis
1277 2197 1429 2229 haetenus
1457 2194 1691 2238 quomodolibet

948 2253 1169 2295 deputatorum
1204 2248 1364 2282 ministros
1380 2274 1388 2288 ‚
1420 2247 1529 2290 quovis
1564 2247 1692 2280 nomine

947 2312 1152 2349 nuncupatos,
1166 2314 1244 2347 quos
1257 2303 1339 2335 circa
1351 2300 1531 2333 huiusmodi
1546 2310 1691 2334 annonae

947 2351 1114 2393 negocium
1137 2359 1168 2381 se
1188 2344 1421 2390 quomodolibet
1436 2344 1602 2386 ingessisse
1618 2355 1690 2377 con-

947 2395 1060 2435 stabit,
1085 2394 1123 2426 ad
1147 2392 1205 2425 sibi
1229 2401 1283 2423 seu
1307 2400 1325 2421 a
1348 2399 1380 2421 se
1401 2388 1587 2431 deputandis
1611 2389 1649 2421 de
1673 2400 1691 2422 a

947 2450 987 2478 se¹
1002 2438 1095 2481 gestis
1118 2441 1148 2469 et
1164 2432 1389 2468 administratis
1405 2431 1542 2464 rationes
1558 2436 1587 2465 et
1604 2443 1689 2465 com-

946 2488 1021 2526 puta
1044 2479 1204 2519 reddendi,
1221 2483 1251 2511 et
1266 2477 1396 2519 reliqua,
1414 2475 1440 2509 si
1457 2486 1536 2518 quae
1552 2475 1623 2517 sint,
1641 2488 1689 2510 re-

946 2525 1105 2565 stituendi,
1122 2535 1177 2567 per
1200 2521 1316 2555 similes
1339 2531 1484 2554 censuras
1508 2525 1538 2553 et
1569 2531 1687 2563 poenas

945 2570 1067 2613 aliaque
1091 2568 1168 2600 iuris
1192 2571 1223 2599 et
1250 2565 1322 2598 sacti
1346 2565 1485 2598 remedia
1508 2569 1687 2608 opportuna

981 2625 994 2650 l
1014 2623 1182 2654 Dana‘orunz,
1201 2619 1317 2648 Cherub.
1336 2617 1436 2660 (ἧι).
