2059 3228
45 236 61 256 n
84 227 113 257 C.
130 228 201 258 ¹875

212 280 291 325 lippi
310 281 394 323 regis
414 280 567 314 voluntati
593 280 653 314 hac
671 280 702 312 in
727 285 816 324 parte
836 281 954 313 satisfa-

211 343 284 367 cere
294 333 447 374 volentes,
457 334 759 377 constitutionisque
771 333 953 377 praedictae

209 385 338 427 seriem,
360 397 397 419 ac
417 386 441 419 si
467 386 507 419 de
527 386 623 420 verbo
638 386 821 419 adverbum
834 386 953 418 insere-

209 443 299 472 retur
314 439 546 482 praesentibus,
560 450 617 483 pro
629 448 775 483 expressa
785 437 949 477 habentes,

209 491 296 524 illam
317 501 441 524 necnon
454 492 661 525 oiunesillius
682 492 823 530 effectus,
845 491 950 535 quoad

207 543 270 577 hoc
284 549 320 577 ut
338 544 445 577 Sancti
467 545 570 578 lacobi
595 545 633 579 de
648 545 766 588 Spatlia
786 550 816 577 et
836 544 873 577 de
891 544 949 577 Ca-

207 596 326 630 latrava
349 603 380 630 et
403 598 442 630 dc
462 599 629 630 Alcantara
657 597 830 641 prioribus,
859 607 949 640 prae-

206 649 392 693 ceptoribus
429 657 459 683 et
489 651 560 683 aliis
592 651 734 694 ipsarum
760 650 947 682 militiarum

206 701 427 735 obtinentibus
446 702 613 743 beneficia,
631 707 662 735 et
685 703 797 745 quovis
816 702 947 735 nomine

204 755 398 798 nuncupatis
412 756 579 795 militibus,
602 766 826 799 quaecumque
850 755 946 788 licen-

203 806 266 839 tiae
285 813 316 840 et
335 808 500 841 facultates
520 808 654 841 testandi
671 814 701 841 et
712 808 790 841 alias
809 819 946 851 quomo-

204 860 324 894 dolibet
343 861 532 905 disponendi
553 862 592 894 de
617 862 727 902 rebus,
748 862 905 894 fructibus
916 867 946 895 et

203 912 296 947 bonis
324 914 508 954 mobilibus,
535 914 755 948 immobilibus
778 921 810 948 et
846 926 946 949 semo-

202 966 361 1007 ventibus,
386 973 421 1000 ut
454 967 635 1010 praefertur
656 994 663 1007 ,
698 968 914 1011 suffragentur
935 996 942 1009 ,

202 1020 389 1064 easdemque
426 1020 574 1054 licentiae
599 1026 630 1054 et
650 1022 814 1055 facultates
833 1021 866 1054 in
887 1032 943 1065 po-

200 1077 323 1106 sterum
352 1073 489 1113 valcant,
525 1085 561 1106 ac
594 1080 785 1118 perpetuam
818 1075 943 1108 roboris

200 1124 386 1158 firmitatem
420 1126 594 1167 obtineant,
631 1138 771 1171 suosque
812 1128 943 1161 effectus

199 1177 294 1220 plene
313 1179 492 1212 sortiantur
511 1180 641 1223 penitus
657 1187 688 1213 et
709 1181 852 1221 omnino,
867 1192 943 1225 apo-

199 1231 313 1264 stolica
340 1232 541 1273 auctoritate,
574 1239 683 1267 tenore
712 1235 940 1278 praesentium,

198 1284 343 1318 tollimus
362 1290 393 1318 et
416 1286 594 1319 abolemus.

243 1337 259 1380 ἓ
285 1337 316 1370 4.
338 1338 468 1371 Necnon
488 1345 677 1373 testamenta
697 1346 728 1373 et
738 1341 816 1374 alias
836 1342 944 1386 dispo-

34 1399 188 1424 mumque
200 1390 345 1433 sitiones,
367 1392 400 1424 in
425 1392 486 1425 vim
515 1393 731 1434 licentiarum,
754 1395 942 1430 facultatum

36 1426 189 1486 fflffss'iss.
201 1448 230 1476 et
247 1445 518 1478 consuetudinum
531 1447 770 1490 praedictarum
791 1449 853 1482 iam
867 1461 942 1483 con-

25 1488 189 1541 -2“⁸‘‚5{¹0⁰,:‡
200 1496 278 1538 dita,
292 1497 445 1541 disposita
456 1504 487 1531 et
503 1499 662 1540 ordinata,
677 1511 772 1543 quae,
788 1503 942 1544 praedicta

52 1574 55 1575 γ
83 1549 284 1583 ⁸⁶⁶⁰¹⁰¹⁸·edita
306 1551 556 1592 constitutione,
587 1552 674 1586 iuxta
706 1555 865 1588 testatoris
893 1557 941 1590 vel

197 1603 397 1647 disponentis
420 1604 616 1639 voluntatem
637 1607 787 1640 effectum
807 1609 941 1643 minime

197 1656 304 1689 sortiri
319 1662 506 1700 potuerunt,
519 1663 550 1690 et
562 1669 701 1702 quorum
722 1671 818 1694 causa
835 1662 941 1696 adhuc

197 1709 322 1752 integra
347 1715 405 1750 est,
426 1716 457 1743 et
481 1711 586 1744 medio
606 1711 668 1744 hoc
697 1718 841 1757 ternpore
861 1715 941 1747 nihil

194 1762 269 1795 novi
287 1762 441 1796 acciderit
454 1764 606 1797 adversus
619 1764 763 1799 eiusdem
783 1768 939 1801 constitu-

196 1815 294 1848 tionis
306 1815 562 1859 dispositionem,
577 1818 750 1862 omniaque
761 1825 792 1852 et
803 1820 939 1862 singula,

197 1878 280 1912 quae
299 1868 332 1901 in
344 1879 382 1901 ea
397 1869 615 1911 continentur,
637 1871 670 1903 in
685 1882 758 1904 eum
773 1899 780 1913 ,
803 1873 836 1905 in
860 1884 937 1917 quo,

196 1926 368 1965 antequam
388 1934 406 1956 a
424 1922 508 1956 dicto
521 1923 576 1956 Pio
597 1925 843 1967 praedecessore
863 1937 940 1959 con-

195 1973 316 2008 stitutio
337 1975 500 2019 praedicta
515 1976 599 2010 edita
617 1978 737 2019 fuisset,
760 1979 939 2021 quomodo-

196 2027 274 2061 libet
292 2034 394 2068 erant‚
420 2034 536 2061 statum
565 2030 763 2064 restituimus
787 2037 818 2065 et
843 2043 938 2077 repo-

196 2079 306 2113 nimus
324 2086 355 2114 et
374 2082 517 2124 plenarie
535 2083 786 2125 reintegramus3
799 2096 939 2129 suosque

197 2132 357 2175 plenarios
388 2139 419 2167 et
456 2135 596 2178 integros
616 2137 748 2170 effectus
764 2164 771 2177 ‚
798 2138 936 2182 impedi-

197 2185 313 2218 mentis
332 2187 481 2221 omnibus
508 2189 640 2222 sublatis
661 2201 744 2233 quae
781 2203 818 2225 ex
855 2193 939 2226 dicta

198 2242 426 2277 constitutione
445 2253 671 2289 provenerunt,
684 2249 791 2281 sortiri
821 2250 938 2284 debere

197 2299 356 2340 volumus,
367 2301 535 2335 statuimus
547 2309 577 2336 et
597 2305 796 2346 ordinamus3
814 2317 937 2340 omnes-

198 2368 262 2401 que
286 2362 318 2390 et
336 2358 478 2400 singulas
497 2362 682 2394 earumdem
695 2363 792 2396 trium
811 2365 939 2399 militia-

197 2425 272 2448 rum
297 2414 453 2448 militibus
471 2418 692 2459 praesentibus
712 2425 742 2452 et
760 2420 877 2454 futuris
895 2427 940 2455 te-

162 2484 177 2501 ·
198 2472 302 2505 standi
317 2477 348 2505 et
362 2472 439 2505 alias
454 2472 642 2516 disponendi
659 2476 698 2509 de
713 2477 804 2509 honis
825 2478 939 2520 praedi-

199 2528 257 2561 ctis
269 2539 435 2563 concessas
449 2530 614 2564 facultates
630 2538 661 2565 et
675 2535 934 2576 consuetudines,

198 2587 315 2630 potiori
328 2597 387 2632 pro
407 2589 542 2630 cautela,
559 2590 775 2634 approbamus
785 2597 815 2625 et
830 2592 936 2627 firma·

812 228 987 254 Gnnssoattts
1006 229 1061 253 xm
1081 229 1126 253 ΙΨ.

1629 221 1687 254 tat

995 290 1078 319 mus,
1103 280 1227 323 illisque.
1248 289 1421 325 perpetuae
1438 290 1467 316 ct
1481 283 1669 316 inviolabilis
1680 283 1735 316 lir-

995 333 1111 364 utitatis
1132 333 1230 365 robur
1250 335 1430 368 adiit-iuius.

1037 386 1051 428 ξ
1082 385 1112 417 5.
1136 386 1265 429 Sicquc,
1289 387 1317 419 iu
1332 389 1514 430 praemissis
1534 389 1683 423 omnibus
1705 396 1736 423 et
1775 400 1932 422 Clausulasub-

993 438 1140 481 singulis,
1160 442 1581 484 pcrquosruuupieiudices
1604 444 1734 476 ordina-
1749 431 1799 453 ’Μ’

993 490 1056 523 rios
1083 492 1268 524 earumdem
1297 493 1483 526 militiarum
1511 501 1541 528 et.
1573 496 1736 538 delegatos

991 549 1020 576 ct
1041 553 1262 587 quoscumque
1276 545 1366 585 alius,
1382 547 1476 579 etiam
1489 559 1659 580 causarum
1675 548 1734 580 Pa-

991 597 1056 629 latii
1078 597 1249 640 Apostolici
1276 599 1439 631 auditores
1467 605 1495 632 ct
1523 607 1649 634 sanctae
1669 601 1733 635 Ro-

990 659 1102 682 manae
1130 649 1289 682 Ecclesiae
1309 651 1488 684 cardinales
1511 654 1521 695 (
1542 654 1666 687 sublata
1686 655 1732 687 eis

989 707 1019 734 et
1039 713 1151 735 eorum
1177 703 1306 736 cuilibet
1322 704 1433 746 quavis
1452 705 1545 738 aliter
1568 707 1732 740 iudicandi

989 760 1019 787 et
1039 755 1270 799 interpretandi
1292 757 1443 790 facultate
1463 764 1494 790 ct
1514 760 1728 803 auctoritate),

988 808 1108 851 ubique
1129 809 1264 841 iudicari
1286 815 1317 842 et
1349 810 1476 842 definiri
1497 811 1625 849 debere:
1656 813 1729 846 irri-

988 866 1121 904 tumque
1146 867 1176 894 et
1201 862 1306 902 inane,
1329 862 1354 894 si
1379 874 1471 896 secus
1504 875 1601 907 super
1630 866 1678 897 liis
1711 876 1729 898 a

987 924 1164 957 quoquam,
1187 914 1297 957 quavis:
1312 916 1514 956 auctoritate,
1531 918 1668 950 scienter
1680 918 1729 951 vel

986 966 1183 1008 ignoranter,
1210 968 1378 1011 contigerit
1402 970 1549 1002 attentari
1582 970 1728 1003 decerni-

986 1030 1068 1052 inus.

1028 1073 1087 1116 ξὸ.
1105 1073 1174 1106 Non
1199 1074 1402 1107 obstantibus
1426 1076 1610 1119 praemissis
1637 1078 1724 1112 aliis-

986 1136 1046 1168 que
1062 1127 1346 1160 constitutionibus
1367 1134 1396 1160 et
1417 1129 1674 1162 ordinationibus
1692 1140 1726 1161 a·

984 1179 1158 1221 postolicis,
1191 1186 1254 1212 tam
1292 1191 1350 1224 per
1380 1181 1500 1214 dictum
1535 1193 1632 1225 quam
1670 1192 1728 1227 per

984 1241 1205 1275 quoscumque
1243 1233 1321 1265 alios
1357 1233 1516 1267 Romanos
1556 1235 1727 1270 Pontifices

984 1285 1246 1327 praedecessores
1266 1292 1391 1319 nostros
1415 1298 1452 1319 ac
1476 1298 1547 1328 nos,
1573 1289 1631 1321 suh
1653 1290 1726 1332 qui-

983 1337 1185 1381 buscumque
1206 1339 1371 1371 tenoribus
1392 1350 1427 1372 ac
1448 1340 1570 1382 formis,
1593 1353 1630 1375 ac
1651 1353 1726 1376 cum

983 1390 1159 1434 quibusvis,
1182 1392 1276 1424 etiam
1298 1393 1575 1435 derogatoriarum
1590 1396 1726 1439 deroga-

984 1443 1071 1476 toriis
1091 1445 1225 1488 aliisque
1247 1446 1481 1479 efficacioribus
1507 1452 1537 1480 et
1575 1447 1723 1489 insolitis,

983 1496 1421 1542 clausulis,irritantibusque
1441 1500 1551 1533 etaliis
1573 1501 1722 1542 decretis,

983 1549 1076 1582 etiam
1095 1556 1185 1583 motu
1211 1552 1343 1595 proprio
1363 1558 1395 1585 et
1425 1558 1510 1586 certa
1536 1554 1668 1587 scientia
1688 1566 1725 1588 ac

982 1603 1020 1635 de
1040 1604 1234 1646 apostolicae
1250 1605 1413 1648 potestatis
1426 1606 1626 1648 plenitudine
1647 1619 1724 1641 con-

983 1656 1088 1697 cessis,
1111 1656 1206 1689 etiam
1234 1657 1355 1690 iteratis
1381 1658 1504 1691 vicibus
1525 1661 1722 1702 approbatis;

982 1708 1100 1752 quibus
1119 1709 1282 1749 omnibus,
1308 1710 1402 1743 etiam
1428 1711 1453 1744 si
1474 1712 1513 1745 de
1533 1713 1578 1745 eis
1597 1723 1726 1746 eorum-

981 1773 1044 1805 que
1063 1761 1137 1795 totis
1153 1763 1317 1796 tenoribus
1336 1765 1495 1807 specialis,
1519 1766 1669 1809 specifica
1695 1772 1726 1799 et

982 1814 1146 1847 individua
1165 1816 1286 1849 tuentio
1302 1822 1356 1849 aut
1375 1818 1504 1860 quaevis
1519 1819 1580 1851 alia
1600 1830 1725 1862 expres-

981 1867 1027 1900 sio
1046 1868 1193 1900 habenda
1213 1875 1306 1909 esset,
1333 1870 1464 1903 illorum
1484 1877 1610 1904 tenores
1629 1883 1724 1916 prae-

981 1920 1124 1953 sentibus
1135 1932 1218 1964 proe
1228 1923 1364 1966 xpi-essis
1378 1929 1408 1956 et
1419 1924 1720 1963 insertishabentes,

980 1972 1042 2006 illis
1062 1974 1139 2006 alias
1158 1974 1190 2007 in
1206 1985 1264 2008 suo
1284 1976 1401 2009 robore
1414 1977 1644 2020 permansuris,
1664 1978 1723 2010 hac

980 2026 1047 2059 vice
1080 2027 1257 2067 dumtaxat,
1292 2029 1474 2072 specialiter
1511 2035 1542 2062 et
1576 2040 1723 2073 expresse

980 2079 1182 2122 derogamus,
1215 2081 1384 2114 contrariis
1405 2081 1676 2125 quibuscumque.

1023 2133 1037 2175 ἓ
1073 2133 1103 2165 7.
1118 2133 1271 2166 Volumus
1283 2141 1390 2167 autem
1408 2135 1494 2177 quod
1506 2135 1721 2178 praesentium

979 2186 1187 2229 transumptis
1208 2192 1264 2220 etc.

1022 2238 1135 2271 Datum
1158 2239 1275 2271 Romae
1297 2239 1381 2282 apud
1409 2239 1560 2274 Sanctum
1577 2241 1720 2283 Petrum,

979 2292 1038 2324 sub
1070 2293 1190 2325 annulo
1218 2293 1405 2332 Piscatoris,
1437 2293 1488 2325 die
1521 2303 1551 2326 VI
1583 2295 1722 2329 octobris

980 2355 1115 2385 nanxv,
1134 2346 1338 2389 pontificatus
1352 2346 1452 2379 nostri
1473 2357 1555 2380 anno
1580 2358 1621 2381 iv.

1012 2406 1074 2437 Dat.
1091 2408 1136 2438 die
1153 2408 1170 2437 ⁴3
1186 2407 1314 2437 octobris
1333 2408 1418 2446 1575,
1435 2409 1537 2448 pontif.
1553 2419 1629 2441 anno
1647 2419 1686 2440 lv.

1753 230 1802 256 An.
1819 229 1847 257 C.
1868 228 1933 258 ¹575

1749 1090 1859 1119 Derogattn
1870 1099 1924 1115 eona

1741 1126 1860 1143 [rariorum.

1766 2150 1917 2176 Τιειηςῡπιπῑο(

1736 2189 1780 2203 runi
1796 2184 1856 2204 tmes-
1869 2176 1873 2182 ι
