2059 3228
355 226 418 259 972
907 226 1085 252 Butuntum

305 289 441 325 liiiitatc,
461 285 512 317 cui
538 283 672 316 voluerit
706 280 873 319 ecclesiae,
899 291 958 313 nec
978 289 1052 312 vero

307 339 457 382 cuiquam
479 337 543 375 atii,
566 336 688 379 absque
719 333 851 378 speciali
870 340 980 366 nostra
998 337 1052 365 aut

306 398 490 425 nostrorum
516 398 738 423 successorum
759 386 977 427 concessione,
1005 396 1052 418 re-

307 447 453 488 linquere
478 450 534 476 aut
553 444 675 476 donare
688 441 799 485 possit.

347 500 362 541 g
382 497 435 530 117.
458 497 558 535 Quam
578 495 710 539 quidem
734 494 915 533 ecclesiam,
938 497 971 525 i'n
989 502 1052 535 qua

304 552 395 584 suerii
419 551 541 584 dictum
559 549 721 582 numisma
755 548 945 591 repositum,
967 545 1053 578 festis

304 605 418 637 dicbus
437 602 634 636 Inventionis
649 607 680 634 et
695 600 902 634 Exaltationis
917 600 1052 631 Sanctae

303 657 424 697 Crucis,
454 655 611 689 universis
631 661 661 688 et
681 654 814 697 singulis
835 650 1053 686 christifideli-

302 710 362 743 bus
377 709 547 751 utriusque
567 718 661 741 sexus
680 709 754 740 vere
764 705 1003 750 poenitentibus
1023 709 1054 737 et

303 768 435 807 peccata
455 773 513 794 sua
530 760 697 801 confessis,
715 760 826 793 devote
837 758 1051 798 visitantibus,

302 815 453 850 similiter
478 814 657 858 plenariam
679 812 824 846 omnium
844 817 1053 856 peccatorum

301 880 436 903 suorum
458 867 693 911 indulgentiam
715 871 745 899 et
763 865 988 900 remissionem
1000 865 1055 897 da-

302 935 385 963 mus,
413 922 622 956 concedimus
643 927 673 954 et
689 920 876 963 elargimur.

347 978 361 1021 ἓ
386 976 441 1010 ¹18.
463 976 555 1015 Quod
593 975 618 1008 si
652 974 723 1018 quis
748 974 909 1007 numisma
933 973 1055 1005 habens

303 1032 343 1064 ab
368 1032 517 1068 intestato
537 1030 722 1069 decesserit,
743 1029 891 1061 volumus
915 1033 949 1060 ut
974 1027 1053 1059 illud

304 1085 343 1118 ad
372 1083 641 1129 propinquiorem
672 1082 741 1116 eius
760 1081 924 1115 domicilio
949 1081 1054 1113 eccle-

305 1139 397 1177 siam,
419 1148 494 1171 cum
512 1137 630 1170 eisdem
651 1135 773 1178 gratiis,
800 1134 1005 1168 facultatibus
1025 1139 1055 1166 ct

306 1190 525 1234 indulgentiis,
551 1190 722 1233 pertineat.

349 1245 364 1288 ξ
384 1243 438 1277 19.
465 1243 667 1285 Cuicumque
692 1241 905 1274 nihilominus
925 1241 958 1272 in
981 1240 1056 1273 arti-

307 1298 380 1331 culo
410 1297 523 1330 mortis
548 1295 734 1335 constituto,
756 1295 794 1327 de
828 1294 963 1327 consilio
987 1294 1056 1326 eius

307 1350 504 1389 confessarii,
525 1349 631 1393 ipsum
656 1348 820 1381 numisma
842 1347 937 1380 liceat
967 1357 1056 1380 com-

308 1404 454 1443 modare,
484 1403 539 1446 qui
571 1402 681 1435 itidem
710 1412 823 1434 omnes
857 1401 1058 1445 supradictas

308 1457 526 1500 indulgentias
555 1461 587 1488 et
614 1460 822 1499 peccatorum
852 1453 1058 1486 remissiones

309 1512 411 1547 valeat
427 1509 586 1544 obtinere.

355 1564 439 1607 520.
473 1563 639 1596 Postremo
673 1568 708 1595 ut
735 1561 905 1595 animabus
929 1571 1059 1604 quoque

312 1617 571 1651 christifidelium
584 1616 615 1648 in
635 1615 821 1660 purgatorio
838 1614 1056 1654 existentibus,

311 1683 393 1716 quae
414 1683 472 1715 per
500 1671 665 1704 caritatem
686 1670 821 1703 Domino
853 1674 962 1702 nostro
989 1669 1058 1701 Iesu

312 1725 437 1759 Christo
462 1724 571 1757 unitae
596 1734 633 1756 ex
667 1723 728 1756 hac
752 1723 815 1755 vita
842 1722 1058 1764 migraverint,

313 1789 460 1822 quaeque
487 1783 663 1820 antequam
700 1776 892 1809 decederent
924 1775 1060 1807 aliorum

313 1832 571 1865 christifidelium
580 1830 738 1873 suffragiis
750 1829 849 1861 iuvari
859 1833 1059 1866 meruerunt,

314 1886 353 1918 de
378 1885 571 1918 coelestibus
599 1883 753 1917 ecclesiae
783 1881 954 1920 thesauris,
981 1891 1062 1924 quo-

317 1949 386 1971 rum
406 1939 669 1981 dispensatoresa
680 1935 816 1969 Domino
831 1935 868 1967 ad
882 1935 1062 1967 animarum

316 1993 450 2024 salutem
472 1991 635 2026 constituti
665 2000 788 2028 sumuS,
802 1994 934 2032 paterne
955 1987 1065 2020 subve-

317 2046 456 2084 niamus,
479 2045 584 2077 divina
609 2042 815 2076 miseratione
844 2041 966 2081 confisi,
987 2051 1064 2073 con-

319 2098 463 2130 cedimus
483 2103 518 2130 ut
545 2098 672 2140 quoties
701 2095 837 2138 quilibet
869 2094 999 2137 aliquod
1030 2104 1065 2126 ex

320 2151 505 2183 huiusmodi
528 2149 776 2183 numismatibus
801 2159 909 2181 secum
931 2147 1064 2186 habens,

320 2214 378 2246 pro
396 2204 554 2236 dictarum
570 2204 752 2237 animarum
765 2202 878 2240 salute,
894 2200 1068 2245 praemissa

321 2267 470 2289 eorumve
488 2257 596 2299 aliqua
612 2255 847 2298 adimpleverit,
861 2255 908 2286 vel
921 2253 1068 2296 quicum-

321 2321 383 2351 que
409 2310 490 2342 alius
509 2309 672 2348 ecclesias,
701 2309 733 2341 in
753 2308 869 2352 quibus
889 2307 1000 2339 <tradem
1014 2316 1071 2338 nu-

325 2368 469 2395 mismata
493 2363 609 2406 exponi
641 2361 821 2403 contigerit,
859 2360 952 2392 dictis
985 2359 1071 2392 sestis

324 2411 436 2443 diebus
456 2411 650 2445 Inventionis
669 2416 700 2443 et
720 2409 925 2443 Exaltationis
938 2408 1072 2441 Sanctae

326 2460 436 2491 ‹Ji-imis
457 2460 640 2499 visitaverit,
660 2460 746 2503 ipsae
767 2459 906 2495 animae,
923 2467 982 2500 pro
1003 2455 1073 2499 qui-

328 2512 384 2538 bus
405 2507 434 2539 id
461 2509 581 2549 l'cccrit,
604 2507 833 2542 efficacissimis
863 2506 932 2538 lesu
957 2505 1071 2538 Christi

328 2556 450 2588 l'loiiiiui
467 2557 567 2589 nostri
589 2556 719 2595 meritis,
741 2567 776 2588 ac
797 2554 939 2587 ciusdem
961 2554 1074 2586 Beatac

329 2605 442 2641 §taam
464 2615 590 2648 :temper
610 2604 756 2646 Virginis,
777 2609 960 2636 sanctorum
982 2611 1075 2643 ange·
1093 2594 1097 2649 ᾗ

108 238 158 263 Διὶ.
175 237 203 263 (ἶ.
225 238 288 264 1587

130 567 185 593 Quae
209 566 286 585 eccle—

105 604 146 617 sia»
195 600 286 616 visu-in·-

103 632 136 647 tes
146 628 286 648 ..idtitzvnitas

103 665 113 679 c
124 662 267 684 insequantur.

130 1044 236 1064 Numisma
267 1044 287 1063 in

105 1075 289 1096 tantalideceden-

106 1108 131 1126 tis
152 1107 176 1126 :id
196 1106 289 1132 propin-

106 1139 201 1164 quiorem
213 1137 290 1157 Eccle-

106 1171 158 1189 siam
173 1170 263 1195 spectat.

134 1312 156 1333 tn
180 1312 289 1332 articulo-

109 1350 148 1370 que
158 1344 232 1364 mortis
243 1349 291 1364 cun·

109 1378 188 1394 stitutis
201 1380 292 1393 accom—

110 1406 188 1426 modari
203 1405 277 1431 possit.

139 1635 295 1661 Animabusque

113 1667 229 1694 purgatorii
245 1672 295 1692 pro-

114 1700 148 1720 sit,
163 1697 254 1722 impletis
263 1697 295 1717 liic

115 1729 226 1753 enarratis.

1077 1546 1169 1578 .aliis
1199 1545 1483 1579 constitutionibus
1520 1551 1551 1578 et
1588 1545 1847 1578 ordinationibus

1104 226 1254 250 ROMANUM

1097 278 1216 318 lorum,
1244 277 1478 320 apostolorum,
1502 282 1688 320 mai-tymim,
1722 275 1843 309 confes—

1096 337 1218 366 sorum,
1240 325 1398 368 virginum
1419 325 1630 368 omniumque
1656 331 1841 359 sanctorum

1096 381 1127 408 ct
1146 380 1329 407 sanctarum
1347 373 1498 416 precibus
1515 379 1543 406 et
1560 373 1842 407 intercessionibus

1095 423 1367 465 suffragantibus,
1394 422 1522 454 casdem
1561 421 1777 464 indulgentias
1811 428 1843 456 et

1095 477 1303 516 peccatorum
1326 471 1531 504 remissiones
1547 476 1795 513 consequantur.

1138 521 1152 563 ξ
1177 520 1229 553 ΞΗ.
1248 521 1435 553 Praesentes
1453 530 1528 552 vero
1541 519 1674 560 linei-as,
1697 519 1754 551 sub
1772 519 1862 562 qui-¹
1882 523 1994 560 chusai„
2007 519 2018 542 ν’

1093 569 1201 602 busvis
1212 569 1367 602 similium
1386 569 1433 602 vel
1450 568 1654 602 dissimilium
1675 567 1843 610 indulgen·
1857 555 2020 617 ζῖζθξζῖᾞῖξῖ

1096 617 1211 650 tiarum
1236 623 1267 650 et
1285 618 1461 660 gratiarum
1492 616 1761 656 revocationibus,
1789 626 1843 648 su-

1093 666 1341 709 spensionibus,
1377 666 1640 708 abrogationibus
1682 669 1737 697 aut
1773 664 1844 697 aliis

1095 715 1266 747 contrariis
1298 714 1574 758 dispositionibus,
1610 725 1667 756 per
1704 723 1762 746 nos
1794 713 1843 746 vel

1094 775 1296 797 successores
1328 769 1455 796 nostros
1477 763 1638 796 Romanos
1658 762 1842 802 Pontifices,

1095 812 1188 845 ctiam
1214 819 1302 845 motu
1323 812 1456 856 proprio
1477 818 1506 844 et
1527 823 1562 845 ex
1584 817 1670 844 certa
1694 811 1841 851 scientia,

1095 872 1130 893 ac
1151 861 1183 893 in
1201 862 1340 894 savorem
1355 861 1522 894 Cruciatae
1544 861 1678 894 Sanctae
1698 861 1746 893 vel
1765 860 1843 893 alias

1094 910 1337 952 quomodolibet
1356 909 1523 949 faciendis,
1546 909 1678 942 minime
1698 919 1844 952 compre-

1096 959 1201 998 hendi,
1227 959 1281 991 sed
1298 959 1423 1002 quoties
1438 958 1511 990 illae
1527 959 1736 998 emanabant,
1749 958 1843 991 toties

1096 1008 1223 1041 casdem
1248 1014 1433 1052 praesentes
1463 1007 1502 1039 ab
1532 1007 1594 1040 illis
1627 1012 1787 1051 exceptas,
1814 1013 1845 1040 et

1097 1056 1155 1089 nisi
1179 1056 1218 1089 de
1241 1057 1286 1089 eis
1310 1067 1459 1100 expressa
1483 1062 1514 1088 et
1534 1056 1696 1089 individua
1723 1057 1845 1089 mentio

1097 1105 1161 1144 liat,
1183 1106 1333 1138 adversus
1366 1105 1437 1138 illas
1467 1105 1499 1137 in
1525 1105 1695 1148 pristinum
1715 1110 1746 1138 et
1765 1105 1844 1138 vali-

1096 1154 1263 1187 dissimum
1289 1157 1403 1187 statum
1434 1154 1608 1194 restitutas,
1630 1165 1666 1187 ac
1704 1154 1742 1187 de
1763 1165 1845 1187 novo

1097 1213 1267 1236 concessas
1300 1214 1367 1236 esse
1399 1201 1600 1243 ercenseri,
1632 1208 1663 1235 ct
1686 1209 1844 1247 perpetuo

1098 1252 1214 1284 validas
1243 1258 1275 1285 ct
1307 1253 1453 1285 efficaces
1487 1253 1565 1291 sore,
1594 1263 1629 1284 ac
1655 1251 1846 1296 supradictis

1099 1301 1242 1343 personis
1254 1308 1285 1334 et
1305 1301 1448 1334 ecclesiis
1460 1301 1627 1344 perpetuis
1639 1300 1754 1333 suturis
1767 1306 1847 1334 tem-

1100 1350 1230 1392 poribus
1254 1351 1422 1394 suffragari
1450 1350 1566 1383 debere
1587 1349 1792 1383 decernimus
1815 1355 1847 1382 ct

1097 1398 1310 1431 declaramus.

1141 1447 1155 1490 ἓ
1176 1447 1228 1480 ⁶22.
1257 1448 1326 1480 Non
1347 1447 1546 1480 obstantibus
1579 1452 1689 1479 nostra
1713 1447 1761 1481 de.
1781 1457 1846 1479 non

1099 1497 1315 1530 concedendis
1341 1497 1551 1539 indulgentiis
1585 1496 1625 1528 ad
1659 1495 1772 1537 instar,
1808 1507 1846 1529 ac

1885 1434 2024 1462 Clausal-‘iol

1859 1470 1987 1496 rogatorias.

1099 1595 1282 1639 apostolicis
1313 1595 1491 1638 ceterisque
1524 1594 1693 1627 contrariis
1712 1593 1848 1637 quibus·

1100 1655 1252 1687 cumque.

1144 1694 1158 1735 ἓ
1179 1692 1231 1726 23.
1254 1693 1408 1726 Volumus
1428 1697 1534 1725 autem
1566 1698 1601 1725 ut
1631 1691 1847 1736 praesentium

1101 1741 1278 1775 litterarum
1303 1741 1469 1785 exemplis,
1482 1745 1538 1774 etc.

1190 1792 1301 1824 Datum
1336 1791 1454 1824 Romae
1488 1791 1574 1834 apud
1606 1790 1757 1823 Sanctum
1791 1789 1851 1822 Pe-

1103 1846 1200 1880 trum,
1216 1851 1300 1873 anno
1320 1839 1553 1872 lucarnationis
1576 1839 1757 1872 dominicae
1779 1837 1851 1870 mil-

1103 1890 1216 1922 lesimo
1246 1888 1504 1932 quingentesimo
1524 1887 1742 1929 octuagesimo
1779 1896 1851 1929 sep-

1104 1939 1196 1977 timo,
1236 1939 1381 1970 kalendis
1418 1935 1608 1976 decembris,
1649 1935 1854 1979 pontificatus

1105 1987 1205 2020 nostri
1230 1997 1315 2019 anno
1335 1996 1380 2018 111.

1136 2040 1198 2069 Dat.
1218 2040 1291 2070 diel
1311 2038 1441 2068 decemb.
1466 2038 1554 2075 1587,
1572 2036 1676 2076 pontis.
1693 2045 1770 2065 anno
1788 2044 1831 2066 iit.

1888 1686 1950 1707 Fides
1969 1690 2027 1708 oum

1861 1718 1950 1745 plorum.

1111 2204 1323 2247 Confirmatio
1348 2203 1592 2246 prz'vilesliorum
1620 2200 1774 2237 civitatis,
1797 2203 1858 2231 ter-

1153 2264 1266 2286 rarum
1287 2257 1315 2285 et
1340 2252 1479 2284 locorum
1498 2250 1669 2282 comitatus
1688 2248 1762 2281 Esii
1787 2258 1858 2280 cnm

1155 2301 1322 2334 nonnullis
1348 2301 1479 2333 statutis
1501 2310 1559 2342 pro
1579 2297 1754 2331 directione
1776 2296 1858 2328 eius-

1155 2352 1226 2383 dem
1244 2350 1414 2382 comitatus
1434 2348 1461 2381 ¹.

1156 2418 1250 2445 Sixtus
1260 2417 1330 2452 Papa
1340 2415 1369 2447 V.
1385 2415 1419 2443 acl
1425 2415 1585 2450 perpetuam
1598 2413 1638 2441 rei
1648 2411 1816 2440 memoriam.

1157 2484 1199 2517 De
1233 2482 1354 2516 salubri
1392 2481 1569 2521 civitatum,
1599 2479 1793 2523 oppidorum
1827 2481 1859 2508 et

1117 2539 1262 2570 locorum
1294 2541 1403 2568 nostro
1436 2540 1465 2567 ct
1502 2533 1663 2566 Romanae
1701 2528 1860 2563 Ecclesiae

1157 2610 1163 2636 l
1182 2601 1229 2635 Ex
1250 2608 1361 2642 Rege-st.
1378 2606 1405 2633 in
1421 2605 1526 2633 Secrct.
1547 2602 1691 2631 Brevium.
