2059 3228
41 247 88 277 in.
102 237 132 275 η’.
149 244 215 276 tm

226 351 474 394 compellantur.

41 467 210 492 conenit-mu
224 455 350 490 occasio
365 456 529 489 monachis
546 456 747 500 praebeatur,
763 453 848 497 quod
865 464 902 486 ex
914 465 965 486 va-

45 498 209 552 ’,ηᾞξζζζῖἦῗζ
221 509 316 552 gandi
335 507 480 542 libertate
498 508 559 542 illis
574 520 591 542 a
611 506 891 542 commendatariis
906 507 962 540 ol)-

43 601 67 618 ω
79 564 208 616 ’ῖῦῡᾞὲζ
220 559 295 602 lata,
311 566 347 595 ut
365 561 512 606 expensis
527 566 671 606 parcant,
688 562 879 605 plerumque
891 571 961 594 eve-

44 631 70 648 o·
103 625 204 650 eit-etant.
218 618 280 655 nit,
319 613 536 658 praecipimus
556 619 584 648 et
606 614 825 648 interdicimus
844 625 883 647 ne
904 614 961 647 ulli

40 656 65 710 π
73 655 205 709 {ailiam
217 666 348 702 omnino
365 668 628 702 commendatarii
641 666 826 710 quicquam,
836 668 883 701 vel
899 668 960 700 mi-

214 721 353 762 nimum,
381 721 419 755 de
436 732 544 755 mensa
565 727 595 755 et
609 720 678 754 aliis
693 719 883 754 necessariis
903 721 959 754 de-

214 773 342 807 trahant
361 784 466 818 neque
490 774 665 808 ullomodo
685 773 882 813 diminuant,
905 779 959 806 aut

212 826 412 871 quempiam,
432 825 525 861 etiam
546 833 679 871 propter
708 826 874 867 delictum,
899 826 957 860 eii-

211 881 315 921 ciant·,
348 881 403 914 sed
422 878 691 924 quotiescumque
711 878 861 913 monachi
881 879 956 924 quid

210 933 409 974 admiserint,
429 932 514 977 quod
529 932 659 977 quidem
680 931 955 966 animadversione

210 986 344 1030 dignum
364 982 415 1026 sit,
436 985 468 1018 id
488 985 728 1029 quamprimum
745 984 845 1028 priori
866 986 955 1018 clau-

209 1039 297 1071 strali
310 1065 318 1079 ,
338 1039 408 1078 vel,
435 1038 460 1071 si
481 1038 608 1081 gravius
627 1038 666 1071 sit
686 1037 855 1078 delictum,
880 1039 954 1071 visi-

211 1091 302 1125 tatori
324 1091 518 1134 significent,
540 1091 595 1134 qui
616 1091 848 1124 correctionem
869 1092 953 1125 iuxta

208 1144 369 1178 Ecclesiae
402 1150 433 1178 et
458 1143 533 1178 dicti
559 1144 687 1178 Ordinis
706 1149 820 1176 statuta
840 1145 952 1185 saciat,

207 1197 274 1245 qui,
297 1197 323 1230 si
339 1197 424 1231 ultra
437 1208 490 1230 sex
505 1208 630 1230 menses
643 1196 817 1236 distulerit,
831 1208 868 1230 eo
885 1197 952 1242 ipso

206 1246 293 1283 sitab
304 1249 412 1283 officio
431 1249 606 1293 depositus,
629 1250 711 1282 etad
730 1248 809 1283 illud
831 1255 952 1284 cetera-

205 1312 269 1346 que
280 1302 390 1336 omnia
400 1302 526 1336 Ordinis
540 1302 683 1336 eiusdem
698 1302 802 1335 officia
814 1303 952 1338 triennio

205 1354 356 1389 inhabilis
375 1362 557 1395 censeatur,
583 1354 753 1398 statimque
767 1356 951 1399 praesiden-

207 1412 252 1441 tes
266 1408 501 1441 correctionem
521 1407 708 1441 huiusmodi
723 1407 792 1440 aliis
803 1409 950 1443 commit-

52 1454 76 1507 }
131 1460 137 1464 ’
204 1464 273 1494 tere
291 1466 472 1494 teneantur.

249 1513 264 1557 ἓ
287 1511 341 1547 ⁶23.
367 1513 413 1546 Ad
437 1514 530 1553 haec,
549 1515 698 1547 volumus
710 1519 740 1547 et
760 1514 951 1548 mandamus

22 1552 193 1625 ιὲϋᾶξῖῐὲᾞ
205 1571 242 1614 ut
270 1566 356 1610 apud
388 1563 509 1599 dictum
542 1566 774 1600 monasterium
807 1567 950 1602 Cistercii

22 1627 141 1656 ειιῗιειαὶι.
154 1637 192 1652 eu-
206 1619 432 1660 constituatur,
449 1619 696 1653 constitutumve
705 1619 892 1653 restituatur
903 1632 950 1653 ar-

67 1684 103 1717 ‘ru
115 1667 193 1714 ζῖῗξ,
206 1672 346 1707 chivium
359 1699 367 1713 ,
401 1672 432 1705 in
457 1682 522 1716 quo
542 1672 635 1706 index
655 1673 768 1706 ordine
789 1674 949 1718 composi-

21 1729 136 1781 ζῇς-Ψ
167 1730 192 1778 :2
206 1731 257 1760 tus
303 1724 447 1759 omnium
486 1725 624 1759 aliorum
657 1727 925 1760 monasteriorum
939 1755 946 1768 ,

20 1781 88 1817 ¹¹²¹&
100 1791 170 1810 eorum
205 1777 418 1823 prioratuum,
439 1779 646 1812 ecclesiarum
669 1785 698 1812 et
716 1780 948 1813 beneficiorum

59 1839 61 1841 '
203 1830 280 1865 dicti
299 1829 426 1865 Ordinis
445 1832 478 1865 in
498 1829 585 1865 omni
610 1838 699 1875 parte
724 1833 811 1865 orbis
830 1834 949 1867 consti-

202 1889 366 1926 tutorum,
391 1883 485 1918 etiam
506 1884 538 1918 in
559 1886 782 1919 commendam
803 1886 949 1920 obtento-

203 1949 276 1971 rum
303 1939 353 1971 vel
373 1938 537 1971 unitorum
553 1963 560 1979 ,
599 1937 774 1979 habeatur,
809 1945 839 1972 et
873 1938 948 1973 item

203 1990 389 2025 distinctum
410 1990 567 2035 cuiusque
580 1991 792 2025 inventarium
812 1991 875 2025 sive
897 2003 949 2026 re-

203 2041 384 2087 pertorium
411 2043 591 2083 bonorum,
619 2044 852 2088 proprietatum
867 2072 874 2086 ,
896 2056 948 2079 re-

204 2106 296 2136 rum,
315 2096 436 2129 iurium
457 2102 488 2130 et
507 2097 669 2130 actionum
690 2097 853 2138 omnium,
875 2109 949 2131 nec-

204 2159 271 2182 non
296 2150 477 2193 exemplum
505 2149 725 2183 authenticum
753 2148 949 2184 instrumen-

205 2206 312 2234 torum
329 2227 337 2242 ,
381 2201 621 2245 privilegiorum
640 2230 647 2243 ,
693 2203 916 2236 fundationum
939 2230 946 2244 ,

204 2253 433 2294 donationum,
457 2255 650 2296 litterarum,
676 2256 901 2289 auctoritatum
919 2263 949 2290 et

205 2312 487 2340 monumentorum
503 2319 785 2352 quorumcumque
797 2309 948 2342 conficia-

203 2365 277 2402 tur,
299 2360 546 2404 confectumque
565 2358 702 2395 fideliter
721 2368 910 2395 asservetur.

249 2412 265 2457 §
287 2412 341 2445 ⁹24.
364 2412 561 2446 Revocamus
584 2424 714 2456 quoque
734 2420 764 2447 et
784 2415 949 2449 abolemus

40 2467 195 2492 nevmuoin-
206 2460 314 2495 omnia
338 2466 369 2494 et
392 2471 615 2504 quaecumque
630 2462 812 2506 privilegia,
836 2470 948 2498 aucto-

15 2499 195 2558 fflffisss‘hffi
207 2509 325 2549 ritates‚
344 2509 499 2548 licentias,
517 2509 767 2552 dispensationes
786 2517 813 2544 et
827 2512 948 2545 indulta

15 2600 127 2627 proprium.

818 241 993 267 cancontcs
1018 241 1071 265 x’nt
1090 239 1136 264 rr.

227 296 404 343 capitulum
432 306 469 330 ac
488 295 583 330 etiam
604 306 662 341 per
688 295 773 340 ipsos
792 296 968 329 visitatores
1009 293 1118 334 nibus,
1145 293 1379 336 cuiuscumque
1402 291 1519 335 gradus
1538 296 1568 324 et
1587 287 1749 332 dignitatis

1668 227 1708 259 ‘⁷9
1761 235 1808 260 An.
1826 233 1853 259 c.
1877 234 1940 261 157'1

1009 345 1173 379 monachis
1194 346 1268 378 dicti
1293 346 1430 385 Ordinis,
1453 356 1511 389 per
1527 353 1748 388 quoscumque

267 403 283 447 ᾗ
306 402 360 436 2⁶2.
386 402 430 436 Ne
459 414 556 447 porro
589 402 758 437 deserendi
779 400 964 434 monasterii
1007 399 1748 442 RomanosPontificespraedecessoresnostros

1006 462 1041 483 ac
1061 461 1119 483 nos
1145 456 1175 483 et
1195 451 1310 483 dictam
1338 452 1450 483 Sedent
1472 450 1604 492 eiusque
1628 449 1748 489 legatos

1005 515 1041 536 ex
1075 504 1333 555 quilnisputnque
1369 503 1490 541 causis,
1528 503 1624 535 etiam
1658 507 1745 534 tnotu

1005 557 1135 600 proprio
1147 562 1227 590 etex
1239 562 1322 589 certa
1339 556 1468 588 scientia
1486 566 1646 594 concessa,
1668 565 1745 587 con-

1004 610 1128 642 tirmata
1148 615 1179 643 et
1199 610 1362 648 innovata,
1389 609 1646 651 quibuscumque
1667 618 1744 640 con-

1002 668 1092 706 cepta
1114 663 1261 696 formulis
1276 689 1283 702 ,
1314 673 1350 694 ac
1384 661 1534 694 clausulis
1560 667 1587 693 et
1609 661 1744 693 decretis

1001 716 1129 749 suffulta
1143 744 1150 757 ,
1183 726 1322 759 quorum
1339 715 1483 748 omnium
1504 720 1630 746 tenores
1650 725 1743 757 prae-

1000 768 1142 802 sentibus
1177 769 1288 801 haberi
1317 768 1467 800 volumus
1490 778 1546 809 pro
1567 767 1740 809 oxstressis,

998 833 1035 856 ac
1053 822 1203 855 volumus
1229 821 1282 854 illa
1301 819 1409 854 omnia
1428 819 1510 851 vires
1537 825 1565 852 et
1593 819 1740 852 effectum

998 875 1036 908 de
1065 881 1172 908 cetero
1201 885 1266 907 non
1286 874 1425 912 habere;
1451 872 1529 916 quin
1550 873 1643 905 etiarn
1668 872 1740 905 visi-

997 933 1114 961 tatores
1142 933 1171 960 et
1201 933 1325 960 ceteros
1345 936 1456 959 omnes
1484 927 1536 968 qui
1572 926 1603 957 in
1627 925 1740 957 liuius-

997 981 1083 1013 modi
1108 981 1338 1025 proprietarios
1364 990 1472 1013 severe
1502 990 1566 1011 non
1595 979 1740 1011 animad-

996 1034 1164 1073 verterint,
1197 1034 1235 1066 ad
1265 1032 1370 1066 officia
1402 1031 1585 1064 huiusmodi
1618 1038 1647 1064 et.
1679 1031 1740 1064 alia

996 1086 1094 1130 ipsius
1127 1086 1254 1120 Ordinis
1274 1085 1451 1118 ministeria
1475 1090 1628 1129 perpetuo
1650 1085 1739 1117 inha-

995 1139 1073 1172 biles
1089 1149 1167 1172 esse.

1037 1192 1124 1237 gaf).
1151 1192 1311 1232 Ceterum,
1335 1197 1370 1224 ut
1388 1191 1491 1224 vicina
1507 1190 1597 1235 plebs
1624 1201 1735 1233 egena,
1783 1202 1933 1231 steen-0250„

995 1257 1051 1290 pro
1071 1245 1245 1289 Religionis
1265 1245 1499 1278 consuetudine
1519 1250 1549 1276 et
1580 1243 1735 1284 instituto,
1752 1236 1934 1287 fifissssfissfflsgssj

994 1299 1168 1339 confoveri,
1190 1310 1226 1331 ac
1247 1298 1344 1331 ceteri
1365 1298 1451 1341 piam
1476 1303 1507 1330 et
1535 1297 1662 1330 fidelem
1685 1308 1736 1330 re-·
1751 1298 1882 1318 ¹¹¹0ffl¹³⁸⁴¹¹*·

993 1363 1064 1386 rum
1085 1351 1392 1385 administrationem
1409 1350 1591 1383 collaudare
1602 1350 1733 1392 possint,

992 1406 1112 1439 eisdem
1145 1403 1426 1438 commendatariis
1458 1402 1674 1447 praecipimus
1702 1408 1738 1435 ut

992 1460 1024 1492 in
1036 1459 1102 1493 suis
1121 1457 1323 1491 monasteriis
1347 1466 1506 1502 pauperes
1526 1455 1737 1500 eleemosrnis

991 1523 1049 1557 pro
1069 1512 1164 1545 modo
1185 1511 1371 1544 facultatum
1392 1514 1640 1553 prosequantur.

1034 1566 1048 1609 ξ
1068 1565 1121 1598 26.
1139 1564 1218 1604 Quia
1232 1574 1306 1597 vero
1321 1563 1400 1595 nihil
1416 1573 1517 1605 aeque
1539 1562 1691 1595 dissolute
1705 1566 1735 1594 et
1763 1570 1932 1597 Appett..uonnn

992 1617 1225 1661 indisciplinate
1262 1617 1385 1649 vivendi
1432 1616 1593 1649 licentiam
1635 1601 1931 1652 adfertiginiifftiiififflsss

990 1683 1086 1716 quam
1106 1670 1305 1714 impunitatis
1331 1680 1414 1713 spes,
1445 1679 1581 1711 eamque
1601 1678 1665 1700 non
1692 1668 1734 1700 ita
1750 1663 1863 1689 0⁰⁵‘⁰¹⁵?⁰⁵
1915 1671 1927 1684 ³

1749 1696 1854 1713 sententia
1868 1694 1930 1713 abha-

991 1725 1113 1768 pridem
1125 1730 1188 1756 tam
1202 1723 1356 1756 nonnulla
1370 1722 1510 1755 eiusdem
1529 1720 1653 1754 Ordinis
1665 1731 1734 1754 mo-
1748 1725 1932 1781 sszsperssigffijffiffl

990 1778 1126 1810 nasteria
1151 1787 1247 1819 quarn
1279 1775 1407 1808 illorum
1443 1783 1599 1817 personae
1637 1784 1672 1806 ex
1697 1785 1734 1806 eo
1748 1771 1780 1806 {us
1793 1786 1885 1807 ominis.

990 1831 1131 1864 nancisci
1161 1829 1327 1873 coeperint
1359 1827 1458 1870 quod,
1481 1838 1496 1859 a
1528 1827 1690 1859 sententiis
1706 1833 1736 1859 et

990 1884 1125 1918 decretis
1149 1892 1207 1928 per
1226 1882 1328 1926 ipsius
1347 1879 1472 1914 Ordinis
1487 1880 1668 1922 «generalem
1680 1885 1736 1912 aut

990 1939 1058 1972 eius
1076 1936 1210 1969 vicarios
1219 1934 1251 1968 in
1265 1933 1436 1978 provinciis
1447 1933 1613 1976 deputatos
1624 1937 1736 1964 contra

989 2002 1022 2024 se
1043 1989 1115 2023 latis
1138 1989 1178 2022 ad
1207 1993 1334 2021 nostros
1354 1992 1385 2019 et
1405 1986 1506 2018 dictae
1532 1984 1620 2017 Sedis
1648 1985 1733 2027 lega-

988 2050 1036 2077 tos
1061 2048 1091 2076 et
1114 2041 1250 2075 nuncios
1271 2038 1485 2084 provocando,
1505 2047 1625 2080 poenas
1645 2037 1677 2069 in
1701 2048 1735 2069 se

989 2096 1176 2130 constitutas
1195 2093 1324 2126 eludere
1345 2096 1501 2133 satagunt,
1524 2090 1555 2122 in
1583 2090 1734 2133 antiqno-

990 2160 1061 2182 rum
1081 2152 1284 2185 statutorum,
1308 2142 1590 2182 consuetudinum,
1612 2142 1733 2175 rituum

989 2209 1019 2236 et
1048 2201 1287 2246 privilegiorum
1326 2198 1541 2240 praefatorum
1570 2196 1732 2238 praeiudi-

989 2256 1087 2295 cium,
1110 2259 1140 2286 et
1159 2253 1260 2296 ipsius
1284 2250 1409 2284 Ordinis
1429 2247 1633 2292 superiorum
1655 2259 1732 2281 con—

990 2313 1163 2352 temptu1n3
1186 2306 1267 2343 ideo,
1288 2314 1327 2335 ne
1348 2302 1466 2334 abusus
1481 2306 1511 2333 et
1530 2300 1733 2334 incommoda

989 2359 1173 2395 huiusmodi
1190 2363 1290 2390 tractu
1307 2354 1462 2397 temporis
1477 2353 1572 2385 altius
1592 2353 1736 2397 irrepant

990 2413 1155 2459 providere
1174 2411 1326 2447 volentes,
1350 2414 1449 2447 motu,
1470 2406 1600 2440 scientia
1626 2412 1655 2439 et
1677 2417 1732 2449 po-

991 2468 1099 2497 testate
1120 2460 1288 2497 sirnilihus,
1309 2456 1477 2489 statuimus
1497 2461 1525 2488 et
1547 2455 1734 2487 ordinamus

990 2524 1025 2545 ac
1045 2509 1186 2543 districte
1212 2505 1427 2551 praecipimus
1454 2510 1484 2537 et
1511 2498 1746 2536 interdicimus

15 2565 76 2588 benni
115 2569 192 2596 anquu
207 2558 363 2602 cuiusque
379 2557 491 2602 privati
506 2568 615 2590 rerum
633 2563 662 2591 et
680 2558 840 2592 bonorum
861 2572 948 2601 usus,
991 2571 1029 2593 ne
1057 2558 1113 2591 ulli
1146 2556 1275 2589 omnino
1300 2554 1402 2586 dictae
1439 2553 1526 2586 Sedis
1559 2552 1652 2594 leg-ati
1686 2551 1734 2583 vel

207 2608 424 2653 proprietatis,
446 2607 654 2652 possessionis
674 2613 704 2641 et
719 2608 863 2649 dominii,
879 2620 948 2643 om·
991 2607 1101 2642 nuncii
1136 2603 1366 2649 appellationes
1385 2613 1403 2635 a
1432 2602 1597 2635 sententiis
1624 2606 1652 2634 et
1677 2600 1732 2632 dea
