2059 3228
44 1976 52 1992 «l

29 2091 164 2120 &tutores

45 2159 47 2161 ι
63 2129 114 2149 tium
129 2129 164 2150 tit-

31 2163 82 2184 ¹¹¹..-

165 1729 315 1768 .queant‚
341 1724 426 1758 dicta
450 1725 625 1769 apostolica
648 1726 850 1766 auctoritate,
876 1731 924 1759 te-

794 237 968 263 GREGomUS
987 239 1041 262 xm
1061 239 1108 261 ΙΨ.

189 289 250 332 nis,
259 289 480 334 suspensionis
497 295 527 323 et
546 290 706 324 interdicti
727 290 861 334 aliisque
881 301 933 324 ec-

189 343 374 379 clesiasticis
397 344 562 377 sententiis
575 370 582 383 ,
605 344 750 377 censuris
763 349 794 377 et
804 343 927 387 poenis,

187 407 207 430 a
225 396 295 430 iure
318 397 364 429 vel
388 397 428 429 ab
453 396 602 437 homine,
629 396 739 440 quavis
762 397 929 430 occasione

187 449 236 484 vel
252 460 360 489 causa,
385 450 455 483 latis
467 476 475 489 ,
501 450 526 482 si
550 450 668 493 quihus
687 450 930 493 quomodolibet
948 481 949 486 ,

186 502 332 536 innodati
356 503 512 543 existunt,
541 504 579 536 ad
606 503 754 536 effectum
778 496 949 546 praesen-⁴³

185 555 928 600 tiumdumtaxatconsequendum,harumserie
948 575 949 578 =

184 609 385 643 absolventes
413 615 442 642 et
456 610 618 642 absolutos
643 609 726 651 sore„
741 615 924 650 censentes,
947 643 948 651 ¹

184 662 374 696 huiusmodi
394 663 848 707 supplicationibusinclinati,
868 663 928 696 eis-

184 715 259 749 dem
269 720 299 749 et
317 727 375 759 pro
391 722 535 760 tempore
551 715 759 749 existentibus
774 716 925 760 deputato

183 779 222 802 ac
228 769 367 802 auditori
379 769 611 809 ecclesiasticis,
619 775 654 802 ut
662 769 823 813 deinceps,
831 770 926 803 trien-

183 821 239 855 nio
253 822 453 866 praescripto
470 823 618 861 durante,
639 832 704 855 non
720 823 824 855 solum
840 823 926 855 fruc-

181 878 247 914 tus,
257 875 402 909 redditus
412 881 442 908 et
450 881 621 918 proventus
629 875 850 916 ecclesiarum,
859 887 926 909 mo-

181 928 396 962 nasteriorum
419 928 692 961 ethencficiornm
712 929 925 972 praescripto·
944 947 947 981 Ι

182 991 276 1022 rum,
311 981 367 1014 sed
399 980 494 1014 etiam
526 980 614 1021 iura,
649 981 855 1015 obventiones
895 987 926 1015 et
944 1005 947 1027 7

182 1034 400 1067 emolumenta
409 1045 633 1078 quaecumque
641 1045 677 1067 ac
684 1035 926 1068 distributiones

182 1087 398 1130 quotidianas,
415 1089 511 1120 etiam
523 1088 598 1120 solis
608 1088 830 1131 praesentibus
842 1094 871 1121 et
882 1088 926 1121 di·
944 1090 946 1134 g

181 1139 263 1173 vinis
276 1139 392 1173 officiis
405 1140 669 1173 interessentibus
684 1141 925 1174 dumtaxatdari

181 1197 277 1236 etper
289 1203 343 1226 eos
352 1193 471 1226 lucrari
483 1193 587 1233 solita,
599 1204 672 1226 cum
683 1204 720 1226 ea
730 1194 922 1236 integritate,

178 1256 256 1283 cum
275 1257 339 1289 qua
358 1246 412 1279 illa
422 1246 639 1290 perciperent,
661 1247 685 1280 si
706 1247 857 1280 omnibus
877 1247 924 1280 di·
945 1276 946 1292 3

179 1298 261 1332 vinis
280 1299 395 1333 officiis
422 1305 484 1333 tam
505 1300 630 1333 diurnis
642 1311 743 1343 ‹quam
758 1301 925 1334 nocturnis

179 1351 388 1393 interessent,
410 1353 579 1397 percipere
599 1353 701 1386 libere
721 1359 751 1386 et
769 1354 855 1386 licite
874 1365 926 1386 va-

179 1405 278 1446 leant;
294 1405 337 1439 ita
356 1407 442 1450 quod
462 1417 560 1450 super
578 1407 701 1450 integra
717 1408 925 1451 perceptione

178 1458 378 1500 huiusmodi,
404 1471 463 1503 per
485 1460 632 1493 locorum
656 1460 836 1493 ordinarios
869 1471 924 1493 seu

179 1512 309 1556 quosvis
319 1506 399 1547 alios
418 1513 660 1556 quomodolibet
674 1514 848 1553 molestari,
863 1514 924 1546 im-

179 1565 284 1608 pediri
309 1566 356 1599 vel
379 1566 587 1609 perturbari,
621 1571 676 1599 aut
699 1566 806 1610 aliqua
830 1566 924 1599 etiam

178 1617 315 1651 minima
325 1625 415 1662 parte
431 1619 696 1652 distributionum
708 1625 924 1663 praestantem
944 1638 946 1641 ·

178 1676 313 1716 propter
325 1672 502 1706 absentiam
520 1673 707 1705 huiusmodi
725 1673 843 1716 privari
867 1683 924 1706 ne-
944 1694 946 1719 1

178 1787 258 1810 nore
280 1778 513 1821 praesentium,
535 1779 574 1811 de
598 1779 729 1822 speciali
754 1779 854 1821 gratia
876 1779 924 1811 in-

177 1829 358 1874 dulgemus.
386 1832 598 1865 Decernentes
623 1832 750 1864 irritum
775 1837 805 1865 et
829 1832 924 1864 inane
944 1845 947 1874 ξ

176 1883 334 1927 quidquid
347 1895 439 1918 secus
449 1895 549 1928 super
559 1885 607 1917 his
618 1896 676 1928 per
690 1895 924 1928 quoscumque,
943 1875 946 1915 ¹3

175 1937 286 1979 quavis
296 1938 498 1979 auctoritate,
517 1938 656 1971 scienter
666 1939 712 1971 vel
724 1938 922 1981 ignoranter,

177 1989 347 2032 contigerit
366 1991 530 2024 attentari.

220 2042 237 2085 ἓ
258 2042 291 2076 lt.
313 2043 471 2082 Quocirca
494 2044 669 2077 venerabili
690 2044 777 2077 sratri
813 2050 923 2077 nostro

177 2094 329 2140 episcopo
348 2098 499 2131 Amerino
527 2104 558 2131 et
586 2097 711 2131 dilectis
742 2097 816 2131 filiis
845 2079 947 2144 Bar-i

177 2147 365 2182 chinonensi
385 2160 421 2183 ac
437 2149 636 2184 Get-undensi
653 2150 862 2184 ecclesiarum
875 2161 924 2183 ar·
944 2158 947 2200 ἑ

176 2200 375 2235 chidiaconis
404 2214 462 2247 per
485 2205 659 2248 apostolica
684 2205 802 2248 scripta
832 2214 922 2237 man—

175 2254 292 2287 damus
316 2260 475 2298 quatenus
499 2257 558 2302 ipsi
590 2259 638 2291 vel
663 2259 727 2291 duo
752 2263 807 2290 aut
838 2267 924 2290 unus

175 2317 302 2346 eornm,
322 2317 382 2350 per
399 2319 432 2341 se
450 2310 499 2342 vet
518 2311 616 2343 aliurn
637 2321 694 2344 seu
714 2311 805 2351 alios,
827 2321 920 2354 prae-
944 2308 947 2361 }
966 2309 1039 2343 ficia
1050 2307 1349 2342 liniusmodiforsan

173 2365 281 2394 sentes
305 2361 428 2394 litteras
455 2369 486 2395 et
509 2363 540 2395 in
573 2365 618 2396 eis
646 2370 795 2397 contenta
820 2374 921 2406 quae-

1630 228 1669 258 07

971 290 1004 322 in
1015 289 1187 333 pra-missis
1198 290 1336 323 efficacis
1351 289 1546 323 defensionis
1554 286 1714 332 praesidio

970 343 1161 382 assistentes,
1176 343 1290 375 saciant
1301 343 1489 376 auctoritate
1499 347 1670 375 nostraeos
1684 344 1715 372 et

970 406 1082 429 eorum
1108 397 1264 435 alterum,
1292 397 1376 429 dieto
1401 395 1539 429 triennio
1563 395 1711 433 durante,

970 448 1093 481 indulto
1128 449 1289 491 praedicto
1322 449 1453 492 pat-ilice
1486 449 1643 491 gaudere,
1676 458 1713 480 ac

970 503 1054 535 iuxta
1074 502 1160 535 illius
1182 508 1325 535 tenorem
1347 502 1391 534 ot<
1416 509 1445 535 et
1466 502 1609 545 ipsorum
1635 512 1712 544 pro-

969 556 1181 595 curatoribus,
1198 566 1309 588 eorum
1327 555 1468 595 mimine,
1490 555 1584 587 etiam
1605 554 1710 586 distri-

968 609 1116 641 butiones
1144 608 1346 651 quotidianas
1376 608 1495 649 integre
1525 606 1709 640 ministrari.

967 662 1035 694 Non
1057 662 1276 704 permittentes
1296 670 1349 692 eos
1375 670 1432 702 per
1453 660 1598 692 locorum
1624 659 1711 691 ordi-

946 717 948 724 *
966 715 1074 747 narios
1098 720 1128 747 et
1148 714 1280 747 dilectos
1303 713 1386 746 lilios
1402 713 1608 745 ecelesiarum
1624 713 1712 755 eapi-

966 768 1033 801 tula
1044 773 1072 800 et
1087 766 1355 800 monasteriorum
1368 771 1540 798 conventus
1551 776 1605 797 seu
1620 776 1713 808 quos-

967 832 1105 864 cumque
1133 821 1212 853 alios
1242 825 1352 852 contra
1383 818 1567 851 huiusmodi
1597 818 1710 850 indulti

966 874 1065 907 nostri
1077 880 1220 907 tenorem
1232 872 1476 916 quomodolibet
1488 871 1628 904 indebite
1642 881 1711 903 mo—

965 927 1097 967 lestari,
1131 926 1382 959 contradictores
1411 935 1468 968 per
1498 935 1649 957 censuras
1683 929 1714 956 et

966 991 1086 1024 poenas
1106 979 1336 1014 ecclesiasticas
1355 984 1385 1011 et
1406 978 1467 1011 alia
1491 977 1635 1011 remedia
1654 988 1711 1020 op-

944 1029 946 1037 *
965 1040 1117 1078 portuna,
1137 1033 1351 1077 appellatione
1371 1031 1558 1075 postposita,
1581 1040 1712 1073 compc-

966 1088 1102 1127 seendo‚
1129 1086 1343 1129 legitimisque
1367 1096 1464 1129 super
1487 1085 1536 1116 his
1559 1083 1714 1116 habendis

966 1141 1095 1174 servatis
1119 1139 1336 1184 processibuS,
1363 1148 1516 1172 censuras
1540 1143 1571 1170 et
1594 1147 1713 1180 poenas

945 1207 946 1242 ζ
966 1194 1051 1238 ipsas
1074 1194 1169 1227 etiam
1195 1193 1316 1226 iteratis
1341 1192 1462 1225 vicibus
1487 1190 1687 1234 aggravando
1703 1216 1710 1230 ‚

945 1246 946 1256 ¹
965 1248 1109 1280 invocato
1130 1247 1225 1279 etiam
1237 1247 1276 1279 ad
1293 1247 1367 1285 boc,
1388 1245 1414 1278 si
1430 1255 1512 1288 opus
1531 1243 1638 1279 fuerit,
1658 1254 1713 1274 au-

965 1300 1040 1333 xilio
1060 1300 1184 1333 brachii
1204 1298 1390 1332 saecularis.

1010 1354 1024 1395 ,ξ’
1045 1354 1075 1387 5.
1098 1354 1165 1386 Non
1183 1352 1382 1386 obstantibus
1402 1350 1503 1384 felicis
1519 1349 1714 1383 reeordatio-

966 1407 1013 1440 nis
1025 1407 1177 1440 Bonisacii
1189 1407 1282 1449 Papze.
1292 1405 1367 1445 Ylll,
1386 1403 1642 1448 praedecessoris
1653 1413 1712 1435 no-

967 1460 1040 1500 stri,
1062 1471 1125 1503 qua
1146 1465 1274 1492 caretur
1293 1469 1332 1490 ne
1356 1457 1428 1501 quis
1448 1462 1534 1489 extra
1555 1466 1644 1489 suam
1666 1455 1712 1488 ei-

965 1514 1093 1546 vitatem
1113 1513 1160 1545 vel
1181 1511 1368 1551 dioecesim,
1389 1510 1450 1543 nisi
1466 1511 1498 1542 in
1519 1509 1613 1542 certis
1624 1519 1714 1540 exve—

944 1560 946 1563 ¹
966 1567 1027 1609 ptis
1042 1566 1180 1605 casibus,
1198 1571 1229 1597 et
1244 1564 1277 1596 in
1294 1564 1357 1596 illis
1371 1564 1455 1596 ultra
1467 1573 1563 1595 unam
1576 1562 1711 1594 diaetam

967 1630 984 1652 a
994 1619 1058 1651 line
1078 1629 1143 1651 sua}
1155 1617 1310 1650 dioecesis
1321 1617 1358 1649 ad
1376 1616 1533 1649 iudicium
1545 1620 1712 1652 evocem-3

966 1684 1021 1706 seu
1038 1672 1210 1725 nffl'udices
1225 1682 1242 1703 a
1258 1671 1339 1703 Sede
1350 1669 1548 1714 praescripta
1560 1667 1713 1711 deputati.

944 1722 946 1733 ¹*
966 1732 1053 1758 extra
1059 1736 1148 1757 suam
1158 1725 1214 1757 civi
1221 1730 1315 1756 tatem
1322 1723 1370 1756 vel
1378 1721 1551 1755 dioecesim
1558 1721 1590 1753 in
1597 1720 1714 1764 quilius

966 1778 1107 1822 deputati
1116 1778 1245 1817 suerint,
1253 1782 1364 1809 contra
1372 1785 1594 1819 quoscumque
1604 1784 1716 1817 proce-

966 1831 1051 1871 dere,
1060 1836 1115 1863 aut
1124 1831 1178 1863 alii
1189 1831 1237 1863 vel
1247 1830 1318 1862 aliis
1327 1828 1411 1862 vices
1426 1839 1499 1860 suas
1511 1826 1711 1859 committere

966 1889 1187 1928 praesumant,
1198 1883 1271 1916 etin
1283 1882 1420 1916 concilio
1428 1880 1568 1924 generali
1578 1879 1660 1911 edita
1673 1879 1711 1909 ‹le

966 1938 1089 1971 duabus
1110 1937 1232 1977 diaetis,
1251 1947 1287 1969 ac
1303 1936 1373 1968 aliis
1388 1933 1569 1977 apostolicis
1584 1941 1711 1963 necnon

944 2003 946 2019 t
966 1990 998 2023 in
1023 1990 1273 2034 provincialibus
1292 1994 1323 2021 et
1341 1986 1546 2031 synodalibus
1565 1984 1710 2017 conciliis

966 2044 1069 2083 editis,
1090 2043 1294 2086 generalibus
1309 2042 1356 2074 rel
1376 2039 1578 2084 specialibus,
1595 2037 1712 2069 consti-

965 2096 1143 2129 tutionibus
1152 2102 1179 2128 et
1194 2093 1460 2128 ordinationibus:
1470 2100 1596 2123 necnon
1609 2090 1712 2122 eccle-

967 2149 1108 2188 siarum,
1138 2148 1233 2181 etiam
1254 2147 1286 2180 in
1315 2146 1432 2189 quibus
1456 2143 1646 2182 saecularia,
1682 2148 1715 2175 et

968 2202 1238 2235 monasteriorum
1275 2200 1479 2241 aliorumque
1512 2196 1710 2239 regularium

968 2258 1124 2294 locorum,
1148 2255 1242 2287 etiam
1262 2254 1294 2285 in
1306 2250 1593 2295 quibusregularia
1613 2249 1711 2281 benc-

1359 2304 1489 2343 fuerint,
1500 2314 1554 2335 seu
1563 2313 1580 2335 a
1592 2303 1711 2346 quilius

967 2363 1035 2406 ipsa
1055 2361 1213 2404 regularia
1232 2357 1388 2392 beneficia
1407 2357 1589 2400 dependere
1609 2355 1713 2388 conti-

175 2425 330 2458 cumque,
351 2414 408 2447 ubi
428 2420 459 2448 et
484 2416 613 2458 quando
642 2428 722 2460 opus
750 2417 844 2449 suerit
858 2443 865 2455 ,
884 2426 921 2448 ae
945 2425 948 2468 ἱ
967 2416 1060 2457 gerit,
1076 2421 1103 2446 et
1125 2413 1293 2449 Ordinum,
1314 2420 1452 2454 quorum
1472 2410 1526 2441 illa
1537 2408 1707 2447 extiterint,

175 2465 302 2508 quoties
329 2474 388 2508 pro
416 2469 506 2508 parte
534 2465 694 2497 dictorum
723 2464 866 2509 deputati
892 2471 920 2497 et
945 2465 1164 2506 liniamento,
1193 2460 1436 2493 confirmatione
1462 2469 1512 2502 ap.
1535 2458 1583 2490 vel
1601 2457 1712 2500 quavis

175 2513 333 2546 auditoris
362 2513 654 2546 ecclesiasticorum
688 2524 748 2556 pro
777 2519 922 2556 tempore
945 2507 1116 2565 {firmani--
1142 2510 1203 2541 alia
1229 2507 1405 2547 roboratis,
1431 2506 1554 2539 statutis
1579 2511 1609 2538 et
1633 2516 1711 2538 con-

173 2562 382 2596 existentium
402 2573 458 2595 seu
468 2563 721 2595 alteriuseorum
743 2562 859 2594 suerint
874 2573 923 2595 re·
945 2568 948 2604 ξ

175 2611 307 2654 quisiti,
343 2611 534 2644 solemniter
563 2611 762 2654 publicantes
777 2636 784 2649 ,
812 2611 922 2654 eisquc
945 2606 997 2662 {et
1013 2604 1712 2650 noniinpetrandislitterisap.contraeaaut

245 2655 332 2690 Ball.
349 2659 424 2690 Rom.
447 2660 500 2690 t'ol.
524 2659 594 2689 t'lll.
769 2658 805 2688 113

968 2559 1202 2596 suetudiuilins,
1216 2556 1312 2589 etiam
1325 2556 1349 2588 si
1364 2556 1403 2588 de
1417 2555 1478 2588 illis
1492 2554 1706 2591 observandis,

1731 232 1779 259 An.
1798 231 1827 259 C.
1846 231 1913 258 ¹570

1779 1354 1896 1374 neronum

1728 1388 1896 1406 eunitarum-in».
