2059 3228
127 229 179 257 Au.
196 230 225 258 C.
246 233 309 259 158³?

134 2274 251 2301 Appticauo
266 2274 299 2294 bor

120 2312 194 2326 ''ti-iuni
223 2307 288 2331 elargl

120 2341 187 2357 lorum
199 2341 217 2357 et
229 2337 301 2362 elargi-

121 2370 222 2388 mntornm
232 2368 303 2388 ..t-tini-

121 2399 254 2419 ntifidclitnns.

369 221 433 255 880

324 281 540 316 visitatoribus
559 291 595 314 ae
608 279 822 314 confratribus
832 278 977 314 eiusdem
990 291 1069 314 con-

325 334 543 373 fraternitatis,
578 344 664 367 nunc
696 338 723 366 et
751 343 809 376 pro
838 338 984 378 tempore
1006 334 1069 368 exi-

322 387 490 427 stentibus,
517 387 611 420 aliam
630 388 770 431 puellam
792 392 821 420 et
833 388 992 431 virginem
1014 399 1067 421 seu

322 442 449 474 viduam
471 442 566 474 modo
578 441 753 485 praemisso
769 442 985 485 qucdificatam
997 443 1068 475 loco

321 505 475 538 egressae,
496 500 551 527 ant
575 495 651 527 alias
678 495 763 528 iuxta
783 496 950 529 facultates
965 496 1067 529 dictae

319 547 599 587 confraternitatis,
622 548 831 592 ipsorumque
846 549 975 593 prioris,
998 549 1069 582 visi-

318 606 457 633 tatorum
479 607 506 633 et
530 601 758 645 deputatorum
787 602 919 635 arbitrio
948 602 1066 635 ibidem

319 654 489 694 collocare,
518 654 694 697 subrogare
727 661 758 688 et
783 655 974 689 substituere
1007 667 1066 700 pro

318 707 505 740 earumdem
527 708 708 751 puellarum
730 720 765 742 ac
790 709 972 749 viduarum,
992 720 1065 753 per-

318 761 425 804 petuis·
442 773 500 794 usu
523 768 551 794 et
573 762 778 802 habitatione,
799 773 948 796 unacum
962 764 1065 796 eccle-

317 814 360 846 sia
383 816 525 858 praefata
555 816 745 849 Sanctorum
779 816 851 854 Viti,
878 817 1010 850 Modesti
1036 822 1064 850 et

316 867 516 901 Crescentiae
538 874 725 912 martyrum,
752 870 801 903 rel
827 870 887 903 alia
917 870 973 903 ubi
1006 881 1064 914 pro

316 927 471 965 tempore,
494 928 529 955 ut
549 922 738 966 praefertur,
755 923 874 956 dictum
892 917 1063 967 collegium

315 981 345 1008 et
366 976 596 1009 monasterium
624 976 787 1009 transferri
819 978 1003 1020 contigerit,
1026 980 1062 1011 ad

316 1029 504 1062 eorumdem
539 1030 723 1063 monasterii
751 1031 936 1074 et‘collegii
958 1043 1063 1072 usum,

316 1082 347 1114 in
373 1093 437 1125 qua
463 1082 558 1116 missa
596 1083 752 1116 celebrari
788 1095 825 1117 ac
864 1091 1063 1118 sae-ramenta

315 1136 529 1169 ecclesiastica
571 1137 764 1177 ministrari,
807 1138 960 1171 cadavera
1000 1144 1061 1171 tarn

314 1189 456 1233 ipsarum
477 1201 574 1233 quam
595 1190 688 1223 etiam
712 1190 855 1224 eiusdem
877 1192 1062 1225 monasterii

315 1244 503 1280 monialium
520 1244 755 1277 ecclesiasticae
771 1245 953 1288 sepulturae
968 1245 1060 1286 tradi,

313 1301 341 1329 et
364 1297 499 1329 verbum
532 1297 585 1329 tlei
616 1297 803 1340 praedicare
827 1298 965 1338 valeant,
989 1309 1062 1332 cum

314 1350 486 1394 campanili
498 1355 526 1383 et
541 1351 716 1394 campanis.
731 1361 856 1384 necnon
876 1352 1060 1393 refectorio,

1082 1387 1084 1405 l

922 227 1100 252 BULLARIUM
1125 226 1274 251 notit-ANUM

1113 290 1179 313 non
1192 289 1410 323 quaecumque
1425 290 1476 314 res
1486 285 1517 313 et
1527 280 1612 315 bona
1622 293 1680 326 per
1689 293 1860 327 quoscum-

1111 345 1177 378 que
1211 333 1434 367 christifideles
1459 334 1563 367 eidem
1597 337 1731 380 collegio
1760 339 1858 371 relin-
1896 332 1898 335 ’

1113 388 1242 431 quenda
1262 394 1291 421 et
1313 389 1484 431 eroganda.
1502 389 1546 421 Ita
1562 390 1649 433 quod
1662 390 1764 425 dictae
1781 402 1859 425 con-

1111 441 1320 474 fraternitatis
1340 441 1441 484 prior,
1463 442 1641 475 visitatores
1674 449 1705 476 et
1732 445 1860 478 confra-

1112 498 1176 533 tres
1193 504 1280 527 nunc
1300 499 1329 526 et
1349 504 1408 537 pro
1428 490 1574 538 tempore
1595 495 1776 536 existentes,
1803 508 1858 531 seu

1109 549 1148 581 ab
1163 547 1209 580 eis
1220 548 1367 592 deputati·
1382 548 1429 581 vel
1445 548 1620 592 deputandi
1648 549 1779 583 illorum
1792 561 1860 584 om-

1109 601 1201 634 nium
1236 602 1450 646 corporalem,
1483 602 1602 635 realem
1637 607 1668 636 et
1700 604 1859 637 actualem

1108 654 1343 698 possessionem
1360 655 1461 688 libere
1475 655 1718 699 apprehendere
1738 662 1769 690 et
1785 665 1860 700 pei·-

1109 713 1206 752 petuo
1231 708 1382 749 retinere,
1410 708 1527 752 illaque
1547 708 1655 742 omnia
1688 710 1726 742 ad
1746 720 1859 743 mona-

1108 761 1196 794 sterii
1214 765 1244 794 et
1255 761 1380 803 collegii
1393 772 1482 802 usus,
1503 772 1630 795 necnon
1648 772 1858 805 personarum

1108 815 1188 847 inibi
1213 825 1272 859 pro
1294 817 1438 859 tempore
1459 815 1663 849 existentium
1685 821 1716 849 et
1739 816 1858 859 degen-

1107 869 1197 901 tium·
1210 870 1485 902 manutentionem
1511 875 1695 902 convertere
1719 870 1856 912 valeant,

1107 922 1246 955 cuiusvis
1266 922 1396 956 lieentia
1410 922 1542 955 minime
1558 922 1723 966 requisita,
1746 929 1858 957 aucto-

1105 975 1199 1009 ritate
1214 980 1244 1009 et
1263 981 1375 1009 tenore
1386 976 1549 1020 praefatis,
1572 976 1668 1009 etiam
1688 981 1856 1021 perpetuo,

1105 1028 1319 1072 applicamus,
1351 1030 1615 1073 appropriamus,
1650 1030 1859 1066 concedimus

1105 1087 1136 1115 et
1153 1082 1364 1126 assignamus.

1149 1136 1163 1179 ξ
1183 1136 1215 1169 4.
1239 1136 1431 1179 Eisdemque
1452 1137 1567 1180 priori,
1585 1137 1789 1180 officialibus,
1809 1137 1857 1171 vi-
1896 1153 1976 1177 eom„
2010 1161 2024 1177 n

1866 1187 1976 1208 etot-itatis
2019 1190 2028 1206 u

1868 1217 1961 1238 cialibus

1104 1254 1140 1275 ex
1161 1244 1346 1288 approbatis
1361 1245 1400 1277 ab
1414 1245 1687 1278 examinatoribus
1702 1256 1762 1288 pro
1773 1251 1854 1280 tem·
1867 1251 1967 1300 Ῥῗιῗζῑίθ
1987 1272 1994 1274 -
2026 1288 2028 1290 v

1106 1308 1180 1338 pore
1201 1297 1364 1335 existentis
1388 1298 1491 1331 dictae
1511 1298 1604 1332 Urbis
1633 1299 1744 1332 vicarii
1775 1309 1852 1344 pro·
1866 1285 1899 1331 'sl's
1913 1284 1979 1332 titan*
1985 1298 1992 1314 ³
2024 1293 2029 1297 ’

1104 1356 1211 1384 vectae
1231 1351 1355 1392 aetatis,
1377 1352 1534 1392 doctrina,
1552 1352 1634 1385 vitae
1646 1352 1804 1387 munditia
1823 1357 1856 1386 et
1865 1346 1932 1393 mins.

1104 1190 1289 1223 sitatoribus
1310 1195 1341 1223 et
1359 1191 1586 1232 confratribus,
1605 1197 1645 1238 *nt
1672 1191 1854 1227 sacerdotes

313 1403 516 1443 dormitorio,
544 1404 646 1437 hortis
670 1409 700 1437 et
733 1404 903 1437 liortalitiis
927 1405 1062 1449 aliisque
1081 1409 1084 1452 t
1105 1416 1231 1456 morum
1252 1406 1418 1438 honestate
1438 1405 1669 1449 religionisque
1684 1407 1752 1451 zelo
1763 1417 1856 1450 prae-

313 1457 502 1490 necessariis
523 1458 560 1490 ad
583 1457 725 1490 eiusdem
748 1458 981 1502 collegiiusum
999 1458 1061 1491 iam
1103 1458 1198 1498 ditos,
1221 1464 1252 1492 et
1271 1469 1289 1491 a
1319 1464 1503 1503 protectore
1536 1459 1698 1492 dictorum
1727 1459 1852 1503 collegii

314 1511 507 1544 constructis
527 1516 554 1544 et
581 1511 816 1544 construendis.
840 1512 883 1544 lta
914 1512 1000 1555 quod
1030 1512 1063 1545 in

313 1565 398 1597 (licto
437 1565 572 1607 collegio
612 1565 657 1598 sic
695 1565 847 1608 erigendo
886 1566 1062 1600 nonnullae

313 1618 393 1651 aliae
416 1619 542 1661 puellae
562 1619 701 1662 virgines
719 1625 746 1652 et
773 1619 927 1652 honestae
948 1620 1062 1652 viduae

313 1673 417 1705 eidem
440 1673 576 1716 collegio
598 1673 730 1706 minime
751 1684 918 1714 onerosae,
936 1673 991 1706 sed
1009 1684 1063 1717 po-

315 1725 376 1758 tius
398 1726 503 1765 utiles,
526 1732 622 1770 atque
644 1727 739 1759 etiam
761 1737 818 1771 per
838 1737 895 1770 pro
917 1732 1061 1771 temporo

313 1779 491 1813 visitatores
514 1780 656 1813 eiusdem
679 1779 1059 1824 collegiiapprobandae‚

313 1844 372 1877 pro
391 1834 509 1866 salubri
531 1835 717 1867 earumdem
740 1835 942 1875 educatione,
956 1835 994 1868 ad
1016 1835 1062 1867 in-

313 1893 377 1920 star
397 1887 533 1920 aliorum
557 1888 824 1921 monasteriorum
836 1887 956 1921 similes
969 1889 1062 1932 puel-

313 1940 359 1973 las
377 1941 604 1984 recipientium
633 1947 662 1974 et
688 1941 937 1981 admittentium,
960 1942 1061 1985 recipi

313 1999 343 2026 et
364 1994 489 2027 admitti
510 1995 647 2035 valcant,
670 1994 737 2028 sinc
763 1994 900 2028 alicuius
930 1995 1061 2038 praeiu-

313 2046 409 2083 dicio,
432 2047 609 2091 apostolica
622 2048 823 2089 auctoritate,
839 2053 951 2081 tenore
963 2059 1060 2091 prae-

313 2101 465 2142 sentium,
499 2106 656 2146 perpetuo
676 2101 831 2145 erigimus
864 2107 894 2135 et
923 2101 1062 2135 institui—

315 2164 396 2187 mus.

359 2208 373 2251 ξ
394 2207 425 2240 3.
448 2208 491 2241 Ac
512 2208 614 2242 eidem
634 2208 768 2252 collegio
793 2208 838 2241 sic
859 2213 977 2249 erecto,
996 2219 1062 2241 om-

316 2271 371 2294 nes
391 2269 419 2294 et
442 2262 584 2305 singulas
605 2263 818 2306 pecuniarum
843 2272 985 2296 summas
1006 2273 1063 2306 per

317 2315 455 2347 Marcum
489 2316 663 2349 Antonium
694 2317 852 2349 llluretum
880 2316 1060 2355 Iuniorem,

317 2368 403 2401 iuxta
412 2369 459 2401 sui
471 2369 651 2402 testamenti
660 2369 912 2412 dispositionem,
922 2379 958 2402 ac
967 2369 1061 2402 etiam

318 2416 607 2450 instrumentorum
640 2423 670 2450 et
696 2418 946 2451 conventionum
979 2418 1064 2450 inter

318 2465 418 2498 dictos
431 2466 571 2508 priorem
589 2472 619 2498 et
633 2466 808 2499 confratres
820 2477 856 2499 ac
867 2466 1062 2500 Ludovicum

318 2514 497 2547 etltlarcum
518 2514 690 2548 Antonium
709 2516 922 2549 Lansrancum
941 2516 1063 2560 praesa-

321 2568 379 2602 tos,
393 2573 488 2605 quam
502 2563 596 2596 etiam
609 2564 703 2605 legati
719 2570 749 2597 et
767 2565 949 2597 donationis
970 2564 1063 2597 dictoe

320 2610 534 2656 Magdalenae,
548 2618 583 2646 ut
597 2612 779 2660 praefertur
799 2613 970 2656 sactorum,
986 2623 1062 2647 nec-

1103 1518 1133 1545 et
1153 1512 1340 1546 monasterii
1361 1523 1420 1556 pro
1453 1517 1603 1557 tempore·
1628 1513 1780 1546 existente
1800 1514 1859 1557 ap-'

1103 1564 1298 1609 probandos,
1334 1566 1390 1610 qui
1422 1577 1635 1610 personarum
1655 1567 1800 1600 omnium
1822 1566 1856 1600 in

1103 1619 1198 1652 dictis
1216 1620 1412 1653 monasterio
1427 1625 1457 1653 et
1474 1620 1611 1663 collegio
1624 1625 1730 1654 erecto
1741 1620 1856 1654 huius-

1104 1673 1204 1715 modi,
1238 1679 1275 1706 ut
1307 1674 1499 1717 praefertur,
1521 1674 1708 1717 degentium
1732 1673 1862 1707 confes-

1102 1727 1210 1760 siones
1241 1727 1385 1767 audiant,
1414 1727 1630 1760 ecclesiastica
1656 1732 1856 1761 sacramenta

1103 1780 1340 1821 administrent,
1363 1780 1494 1824 quique,
1518 1786 1549 1813 et
1568 1781 1606 1813 de
1626 1780 1751 1814 idoneis
1766 1780 1854 1814 verbi

1102 1834 1158 1867 Dei
1179 1834 1476 1875 concionatoribus,
1498 1834 1554 1877 qui
1575 1834 1645 1867 illas
1657 1834 1688 1867 in
1707 1834 1855 1878 spiritua-

1102 1887 1187 1920 libus
1206 1888 1386 1931 praeceptis
1407 1893 1436 1920 et
1457 1887 1661 1920 documentis
1681 1898 1717 1921 ac
1737 1887 1854 1921 sanctis

1103 1940 1246 1973 consiliis
1256 1940 1387 1974 adriam
1405 1940 1529 1973 Domini
1544 1940 1704 1974 instruere
1716 1940 1851 1984 possint,

1103 1993 1236 2026 omnino
1248 1993 1427 2037 providere.
1445 1993 1581 2038 Quique,
1595 2004 1660 2026 una
1680 2003 1754 2027 cum
1766 1993 1852 2026 eius-

1103 2047 1175 2080 dem
1196 2047 1466 2080 confraternitatis
1501 2047 1620 2090 priore,
1651 2047 1851 2087 custodibus,

1104 2100 1320 2133 visitatoribus
1340 2106 1369 2133 et
1390 2101 1462 2133 aliis
1481 2100 1672 2134 officialibus
1695 2111 1755 2145 pro
1774 2099 1855 2134 temss

1103 2165 1181 2198 pore
1202 2154 1422 2193 existentibus,
1446 2159 1475 2187 et
1496 2155 1534 2187 ad
1556 2145 1723 2188 id'sorsan
1749 2154 1853 2198 depu-

1103 2208 1176 2241 tatis
1201 2215 1231 2241 et
1251 2206 1511 2251 deputa11‹tis,‘‹te
1536 2207 1744 2251 qualitatibus
1762 2207 1854 2251 puel-

1104 2263 1207 2294 larum
1231 2267 1261 2295 et
1280 2262 1449 2295 viduarum
1472 2261 1549 2294 inibi
1571 2261 1666 2294 etiam
1687 2272 1747 2306 pro
1776 2261 1854 2294 edu-

1104 2315 1227 2348 catione
1248 2315 1506 2359 recipiendarum
1528 2320 1558 2348 et
1569 2315 1852 2354 admittendarum,

1104 2369 1338 2411 cuiuscumsple
1350 2374 1460 2408 status,
1474 2368 1604 2411 graduS,
1627 2368 1762 2408 ordinis,
1777 2377 1853 2401 con-

1105 2418 1236 2450 ditionis
1256 2418 1302 2449 vel
1331 2416 1469 2449 nationis
1495 2416 1625 2455 suerint,
1647 2421 1798 2449 accurate
1821 2421 1852 2449 et

1104 2466 1285 2509 diligenter,
1308 2467 1434 2509 quoties
1454 2465 1482 2497 id
1503 2476 1519 2497 a
1550 2464 1690 2508 praefata
1723 2465 1850 2497 confra-

1104 2515 1253 2548 ternitate
1274 2514 1335 2547 sive
1353 2515 1437 2547 illius
1453 2514 1657 2554 officialibus,
1678 2513 1849 2547 visitatori-

1104 2565 1164 2597 bus
1199 2569 1229 2597 et
1267 2563 1481 2596 confratribus
1519 2563 1668 2606 praefatis
1705 2561 1847 2606 requisiti

1106 2613 1235 2657 suerint,
1255 2612 1428 2658 inquirere.
1452 2612 1656 2655 Aedemque,
1672 2612 1756 2646 eirca
1776 2621 1849 2645 exa-
