2059 3228
821 233 923 257 Slx'l'US
947 233 964 257 V
989 232 1035 256 1²1³.

163 296 218 320 sus
241 287 500 331 praenoscendos
529 286 658 332 (tuturis
687 285 852 320 eventibus
872 297 908 319 cx

163 338 365 373 naturalibus
402 338 506 372 causis
544 339 724 373 necessario
763 339 810 372 vcl
850 339 909 372 sre-

163 397 300 436 quenter
334 393 617 435 provenientibus,
649 403 732 436 quac
762 392 799 424 ad
833 392 909 424 divi-

131 458 139 467 ·
163 444 326 479 nationem
348 456 411 479 non
437 446 609 489 pertinent,
637 446 797 478 dumtaxat
820 456 909 478 exce-

165 498 240 542 ptis)
263 498 348 531 ullae
368 504 443 531 sunt
469 509 563 532 verae
590 503 673 531 artos
699 504 753 531 aut
771 498 911 541 discipli-

164 561 236 593 nae,
250 551 304 585 sed
319 552 447 585 fallaces
458 557 488 586 et
497 562 608 593 vanae,
620 551 841 595 improborum
856 552 911 583 lio-

165 604 289 638 minum
323 606 439 639 astutia
463 611 494 640 et
523 606 717 639 daemonum
743 604 910 637 fraudibus

165 657 381 699 introductae,
407 669 444 692 ex
464 666 602 703 quorum
620 658 819 702 operatione,
839 668 912 690 con-

165 711 237 745 silio
257 713 306 745 vel
326 712 445 745 auxilio
466 712 569 746 omnis
594 711 747 745 divinatio
769 711 911 744 dimanat

165 764 228 798 sive
252 765 338 809 quod
350 776 497 810 expresse
508 766 547 798 ad
563 764 912 798 futuramanifestanda

165 817 367 859 invocentur,
389 818 453 852 sive
476 819 563 863 quod
584 818 656 862 ipsi,
679 818 831 862 pravitate
856 828 913 850 sua

165 876 198 905 et
216 871 290 906 odio
301 871 334 904 in
354 882 455 915 genus
470 872 662 912 humanum,
677 872 803 905 occulte
817 871 912 904 ctiam

165 930 293 969 praeter
304 925 445 959 hominis
456 924 667 958 intentionem
680 936 711 957 se
722 925 869 968 ingerant
883 930 914 957 et

165 978 334 1012 intrudant
343 978 431 1011 vanis
442 977 704 1022 inquisitionibus
717 978 913 1017 futurorum,

165 1036 202 1065 ut
221 1031 533 1065 mentes'hominum
554 1031 744 1076 perniciosis
764 1031 914 1064 vanitati-

165 1084 228 1118 bus
246 1090 278 1118 et
296 1083 402 1118 fallaci
422 1084 676 1128 contingentium
697 1084 913 1129 praenuncia-

165 1137 254 1172 tione
274 1137 493 1182 implicentur,
512 1144 541 1171 et
557 1138 645 1172 omni
666 1138 840 1182 impietatis
860 1149 915 1181 ge-

166 1201 245 1225 nere
269 1191 494 1235 depraventur.
517 1191 603 1230 Quae
623 1191 751 1235 quidem
774 1191 850 1234 ipsis
861 1201 916 1224 co-

168 1244 256 1288 gnita
270 1250 354 1286 sunt,
375 1255 439 1278 non
455 1245 620 1278 divinitate
639 1245 747 1286 aliqua
766 1255 825 1278 nec
844 1256 916 1278 vera

168 1295 351 1332 suturarum
376 1309 485 1341 rerum
512 1298 662 1339 scientia,
695 1299 748 1331 sed
783 1304 917 1331 naturae

170 1351 346 1386 subtilioris
373 1352 537 1392 acumine,
565 1357 595 1385 et
618 1352 695 1385 'aliis
724 1352 916 1395 quibusdam

169 1404 285 1446 modis,
307 1416 387 1448 quos
405 1405 727 1439 hominumobtusior
739 1405 919 1448 intellig-on-

170 1458 215 1492 tia
234 1458 371 1502 ignorat.
394 1458 610 1498 Quamobrem
626 1460 838 1492 dubitandum
853 1470 917 1492 non

171 1517 229 1554 est,
256 1511 289 1545 in
308 1512 494 1546 huiusmodi
520 1513 703 1546 futurorum
729 1514 917 1555 contingen-

170 1564 252 1598 tium
272 1570 303 1598 et
321 1564 529 1598 fortuitorum
542 1573 712 1600 eventuum
735 1566 917 1610 inquisitio-

160 1627 212 1652 >ne
232 1619 547 1663 etpraecognitione‚
561 1620 678 1652 diaboli
697 1620 918 1664 operationem

172 1682 206 1705 se
222 1671 379 1705 fallaciter
398 1672 592 1712 immiscere,
619 1679 650 1706 ut
678 1684 733 1706 sua
756 1674 866 1706 fraude
883 1684 919 1706 ac

173 1725 256 1758 dolis
275 1725 409 1759 miseros
433 1726 582 1759 homines
607 1738 623 1759 a
643 1727 691 1759 via
713 1727 822 1759 salutis
835 1737 920 1760 aver-

174 1783 231 1820 tat,
248 1784 279 1812 et
293 1779 411 1823 laqueo
429 1779 642 1812 damnationis
664 1781 809 1813 involvat.
832 1781 918 1820 Quae

147 1863 151 1866 ,
173 1841 246 1865 cum
267 1831 416 1873 ita-sint,
448 1833 596 1865 nonnulli
623 1834 701 1866 baec
726 1834 863 1866 tideliter
890 1841 920 1867 et

174 1884 333 1928 religiose,
355 1891 391 1918 ut
410 1886 540 1926 debent,
564 1897 625 1919 non
640 1887 851 1927 attendentes,
865 1889 920 1921 sed

175 1937 300 1971 curiosa
329 1944 497 1980 sectantes,
533 1940 670 1982 graviter
691 1940 789 1973 Deum
817 1942 920 1973 otten-

174 1990 267 2031 dunt‚
301 1998 446 2025 errantes
474 1992 531 2036 ipsi
564 1999 592 2025 et
617 1993 696 2026 alios
723 1993 751 2025 in
774 2005 918 2027 ‹‘·rrorem

176 2044 359 2085 mittentes,
380 2046 458 2078 tales
478 2046 508 2078 in
528 2046 642 2089 primis
661 2052 732 2079 sunt
757 2048 919 2091 astrologi,

176 2098 251 2131 olim
282 2099 511 2139 mathematici,
532 2100 722 2142 genethiuui
749 2106 778 2133 et
815 2102 921 2145 plane-

177 2144 248 2184 tarii
271 2152 385 2193 vocati,
407 2152 475 2195 qui,
499 2164 609 2185 vanam
634 2154 807 2197 salsammtc
828 2155 920 2199 syde-

178 2214 248 2236 rum
278 2211 309 2238 et
333 2211 492 2238 astrorum
525 2206 689 2240 scientiam
722 2210 920 2251 prolitentes,

177 2256 365 2300 divinaeque
413 2258 629 2302 dispositionis
686 2261 921 2294 ordinationem

178 2319 236 2342 suo
255 2314 399 2353 tempore
425 2312 624 2344 revelandam
649 2315 832 2356 praeienirc
866 2326 923 2347 au-

178 2361 344 2395 dacissime
369 2370 558 2406 satagentes,
586 2365 751 2399 bominum
779 2368 923 2401 nativita-

179 2416 225 2443 tes
243 2421 299 2443 scu
320 2412 483 2453 genituras
504 2424 540 2445 ex
568 2419 654 2446 motu
676 2415 823 2458 syderum
846 2423 874 2448 et
895 2428 925 2449 a·

179 2464 318 2492 stroruin
342 2471 437 2492 cursu
461 2462 647 2501 metiuntur,
664 2474 699 2495 ac
721 2463 862 2496 iudicant
880 2466 925 2497 su-

180 2513 252 2540 tura
276 2507 338 2541 sive
367 2509 462 2541 etiam
490 2511 669 2552 praesentia
701 2518 730 2544 et
755 2513 926 2556 praeterita

181 2556 325 2598 occulta3
346 2563 440 2601 atquc
461 2569 498 2591 ex
519 2570 694 2602 puerorum
721 2567 794 2593 ortu
818 2568 847 2594 ct
872 2573 926 2595 na-

181 2604 233 2638 tali
259 2604 330 2647 die,
363 2606 428 2640 sive
461 2607 572 2651 quavis
599 2608 660 2642 alia
690 2614 871 2654 temporum
897 2616 927 2644 ct

1582 221 1644 255 647

948 289 1186 318 momentorum
1216 284 1385 317 vanissima
1413 283 1632 318 observatione
1662 288 1692 317 et

949 337 1121 373 notatione,
1149 337 1187 369 dc
1209 337 1460 381 uniuscuiusque
1476 336 1614 370 bominis
1633 341 1694 369 sta-

950 396 994 430 tu,
1013 390 1210 429 conditione,
1224 390 1303 422 vitae
1318 402 1426 431 cursu,
1447 390 1635 431 bonoribus,
1649 389 1695 422 di-

950 444 1044 483 vitiis,
1067 444 1189 483 sobole,
1221 444 1334 481 salute,
1369 450 1481 484 morte,
1514 443 1693 483 itineribus,

951 497 1192 537 certaminibus,
1212 497 1397 535 innuit-niis,
1420 497 1615 538 carcerilnis,
1630 508 1697 530 cae-

951 551 1056 591 dibus,
1092 550 1186 583 variis
1207 550 1448 583 discriminibus
1469 551 1603 593 aliisque
1626 560 1698 593 pro-

951 603 1051 647 speris
1085 608 1115 636 et
1139 603 1279 635 adversis
1318 603 1442 635 casibus
1471 609 1501 635 ct
1532 603 1698 636 eventibus

953 666 1239 700 praecognoscere,
1257 655 1401 688 iudicare
1422 661 1452 687 ct
1476 657 1635 688 affirmare
1656 661 1698 688 tc-

952 720 1039 742 mere
1066 715 1288 753 praesumunt,
1310 719 1375 741 non
1392 709 1459 741 sinc
1480 720 1594 751 magno
1618 709 1699 752 peri-

952 763 1025 796 culo
1046 763 1165 796 erroris
1189 768 1220 796 et
1235 762 1450 803 infidelitatis3
1473 774 1546 795 cum
1573 763 1604 795 S.
1635 763 1698 795 Au-

952 817 1110 859 gustinus,
1145 816 1355 861 praecipuum
1381 816 1541 849 Ecclesiae
1572 817 1694 855 lumen,

952 881 1039 911 eum,
1060 871 1115 914 qui
1135 871 1214 903 haec
1227 871 1387 911 obscrvat‚
1410 869 1465 913 qui
1486 869 1697 912 attendit,‹[ui

953 924 984 956 in
996 924 1129 957 domum
1142 915 1268 968 recipit,
1282 924 1336 967 qui
1349 924 1535 965 interrogat,
1552 923 1695 956 christia-

952 987 1026 1009 nam
1038 977 1133 1010 sidem
1149 983 1179 1010 et
1192 977 1388 1021 baptismum
1408 976 1644 1020 praevaricasse
1657 976 1700 1007 as-

955 1031 1073 1071 firmet,
1095 1036 1130 1064 ut
1151 1031 1221 1063 illos
1251 1031 1366 1063 merito
1391 1030 1561 1073 Apostolus
1588 1035 1700 1071 arguat

955 1090 1052 1127 atque
1077 1084 1222 1127 increpet
1238 1084 1300 1116 illis
1313 1083 1429 1117 verbis:
1444 1084 1516 1116 Dies
1530 1083 1702 1115 observatis

955 1146 983 1170 et
1004 1148 1124 1170 menses
1144 1142 1172 1170 et
1194 1142 1336 1180 tempora
1351 1141 1380 1170 et
1400 1147 1514 1175 (timos,
1539 1137 1632 1169 timeo
1651 1147 1702 1168 vos

954 1201 994 1224 ne
1013 1190 1095 1233 sorte
1113 1191 1183 1223 sine
1207 1202 1302 1224 causa
1322 1191 1535 1223 laboraverim
1556 1190 1700 1223 invehis.

957 1244 992 1276 [ti
1007 1245 1104 1287 igitur
1128 1244 1280 1277 levissimi
1301 1250 1331 1277 et
1351 1243 1514 1277 temerarii
1541 1243 1700 1283 homines,

957 1298 987 1330 in
999 1298 1214 1331 miserandam
1225 1297 1406 1330 animarum
1417 1308 1548 1330 suarum
1561 1297 1700 1335 ruinam,

956 1362 1049 1393 grave
1070 1348 1215 1384 fidelium
1237 1351 1437 1392 scandalum,
1460 1355 1492 1384 et
1511 1350 1704 1384 christianae

957 1404 1285 1445 tideidetrimentum,
1302 1404 1429 1438 futuros
1447 1415 1556 1438 rerum
1574 1409 1704 1437 eventus

957 1465 988 1491 et
1033 1469 1259 1502 quaecumque
1305 1469 1459 1502 prospere
1493 1458 1539 1491 vel
1575 1458 1704 1492 adverse

958 1513 1135 1544 obventura
1163 1517 1249 1550 sunt,
1285 1522 1322 1545 ac
1342 1518 1430 1545 actus
1464 1512 1635 1551 humanos,
1667 1522 1704 1544 ea

957 1565 1096 1609 denique
1128 1576 1210 1609 quae
1245 1576 1282 1599 ex
1320 1565 1420 1598 libera
1454 1565 1623 1597 hominum
1653 1575 1705 1598 vo-

960 1620 1078 1652 luntate
1103 1618 1366 1663 proficiscuntur,
1392 1618 1483 1651 astris
1521 1618 1705 1662 syderibus-

958 1683 1020 1715 quc
1047 1672 1245 1713 adscribunt,
1275 1672 1385 1715 eisque
1411 1683 1481 1705 eam
1506 1671 1702 1712 facultatem,

958 1731 1018 1762 vim
1045 1741 1101 1763 scu
1131 1730 1282 1763 virtutem
1303 1736 1334 1763 et
1358 1730 1534 1763 efficaciam
1559 1729 1706 1762 tribuunt

959 1784 1159 1826 significandi
1180 1784 1299 1825 sutura,
1323 1789 1352 1817 et
1372 1784 1411 1817 ad
1434 1783 1639 1827 praecognita
1663 1783 1705 1815 ita

960 1837 1150 1877 inclinandi,
1172 1843 1206 1870 ut
1228 1837 1272 1870 sic
1292 1837 1424 1870 omnino
1441 1848 1500 1870 nec
1512 1837 1704 1870 alitercvcn-

960 1896 1029 1923 tura
1054 1891 1135 1931 sint,
1168 1895 1263 1934 atque
1290 1890 1331 1923 ob
1355 1901 1424 1924 eam
1447 1901 1573 1923 causam
1600 1890 1638 1923 de
1667 1890 1705 1923 iis

961 1944 1055 1977 rebus
1088 1944 1239 1976 omnibus
1274 1944 1392 1977 iudicia
1423 1944 1538 1984 facere,
1563 1953 1703 1988 progno-

960 1997 1048 2037 stica,
1062 1997 1296 2041 praedictiones
1311 1997 1628 2041 etpraecognitiones
1644 1996 1704 2029 sibi

960 2061 1122 2084 assumere
1137 2057 1164 2084 et
1177 2051 1281 2095 palam
1297 2051 1460 2084 venditare
1469 2061 1532 2083 non
1545 2050 1703 2091 dubitant;

960 2104 1078 2147 quibus
1103 2105 1198 2147 pauci
1224 2104 1320 2138 rudes
1340 2109 1370 2137 et
1399 2103 1551 2148 imperiti,
1585 2104 1705 2148 aliique

962 2157 1057 2189 nimis
1082 2158 1203 2190 creduli
1232 2164 1262 2190 et
1283 2158 1503 2201 imprudentes
1527 2162 1646 2190 tantam
1669 2157 1707 2190 fi-

962 2210 1031 2242 dem
1054 2217 1227 2254 praestant,
1255 2216 1289 2244 ut
1308 2222 1344 2244 ex
1370 2211 1556 2244 huiusmodi
1574 2210 1707 2244 iudicio-

964 2275 1032 2295 rum
1046 2269 1075 2296 et
1093 2264 1343 2307 praedictionum
1358 2265 1565 2308 praescripto,
1585 2263 1706 2308 aliquid

963 2316 1039 2348 certi
1069 2327 1135 2349 esse
1161 2317 1293 2349 credant
1316 2323 1370 2350 aut
1395 2323 1535 2361 sperent;
1566 2327 1706 2362 quorum

963 2379 1038 2401 sane
1058 2375 1087 2402 et
1114 2370 1316 2402 mendacium
1334 2371 1559 2413 magistrorum
1577 2371 1707 2404 temeri-

965 2423 1010 2450 tas
1029 2424 1059 2450 et
1081 2418 1258 2451 infelicium
1277 2419 1509 2463 discipulorum
1538 2421 1708 2454 credulitas

965 2477 1160 2509 magnopere
1181 2468 1377 2511 deploranda
1398 2474 1456 2508 est,
1478 2470 1545 2512 qui,
1567 2471 1614 2503 vel
1628 2470 1707 2503 divi-

965 2514 1013 2546 nis
1025 2515 1138 2547 litteris
1151 2516 1318 2557 admoniti,
1332 2528 1395 2550 non
1410 2518 1592 2559 intelligunt
1603 2521 1708 2553 bomi-

965 2563 1013 2595 nis
1038 2564 1278 2607 praestantiam,
1305 2566 1356 2599 cui
1382 2567 1461 2599 coeli
1483 2574 1514 2600 et
1542 2568 1651 2602 stellae
1680 2575 1711 2602 et

966 2613 1143 2647 clarissima
1164 2614 1243 2648 coeli
1264 2615 1389 2661 sydera,
1411 2616 1457 2649 sol
1478 2622 1506 2649 et
1532 2617 1621 2664 luna,
1646 2618 1709 2652 Deo

1704 228 1754 256 Λη.
1772 227 1791 253 C
1818 226 1895 255 158’2
