2059 3228
121 229 173 254 Aul
193 227 219 253 C.
242 228 308 252 1174}

1943 0 2000 136 t

365 226 427 259 ‘158
908 230 1090 255 nummum
1106 228 1260 253 Romnum
1847 219 1900 246 An.
1918 218 1947 246 c.
1962 136 2008 280 ἐν

322 288 413 320 dictis
439 286 536 318 tribus
561 283 721 316 mensibus
745 281 868 325 elapsis,
892 281 1012 324 gratiae
1036 285 1064 311 rt
1420 278 1503 311 LXII.

323 338 537 371 rouffl3=ssioiws
561 334 743 368 huiusmodi
768 335 871 366 nullae
896 334 1066 375 irritaeque

322 394 509 421 remeantur
533 393 561 419 ct
586 387 658 427 sint,
676 397 711 418 ae
725 386 844 419 nemini
858 386 988 418 omnino
1006 385 1066 416 sus·
1098 383 1297 425 [mlulyencia
1316 383 1462 425 plenaria
1485 383 1665 416 conceditur
1691 383 1839 416 omnibus

323 442 494 482 srageuturz
519 445 548 471 et
573 439 738 482 quibusvis
761 439 831 471 aliis
870 437 1066 470 constitutio·
1138 435 1401 477 christifidelibus,
1425 434 1481 477 qni
1499 435 1689 477 processioni
1701 434 1840 467 Sanctis-

324 493 417 524 nitur<
440 498 467 523 et
493 491 746 524 ordinationibus
769 490 955 534 apostolicis,
970 499 1004 520 ac
1021 487 1067 519 di·
1138 488 1212 519 simi
1246 486 1442 519 Socramenti
1481 487 1694 528 interfuerint,
1732 490 1767 519 ut
1804 487 1841 520 in

325 551 391 576 ctae
417 545 574 583 Gamerae,
598 544 792 583 iuramento,
831 540 1068 574 confirmatione
1140 539 1368 572 constitutione.

324 597 497 640 apostolica
515 597 560 629 vel
577 596 685 639 quavis
702 595 849 628 firmitate
865 594 924 626 alia
941 593 1070 625 robora-

327 651 376 689 tis,
395 649 520 681 statutis
543 654 573 681 et
598 643 1070 688 consuetudinibus3privilegiis

326 712 464 743 quoque,
490 700 619 733 indultis
642 706 673 732 et
696 699 810 732 litteris
835 697 1013 741 apostolicis
1037 696 1068 727 in

326 753 521 785 contrarium
536 752 779 795 quomodolibet,
797 752 889 784 etiam
907 761 962 793 per
979 760 1070 792 quor,-

327 816 462 848 cumque
492 806 651 837 Romanos
689 804 853 837 Pontifices
891 803 1070 846 praedeces-

328 868 414 891 sores
430 864 554 890 nostros
567 864 597 890 et
610 857 721 890 Sedem
738 856 956 900 Apostolicam,
975 859 1071 893 motu,

329 911 460 944 scientia
484 917 514 944 et
553 911 717 954 potestatis
754 909 949 953 plenitudine
987 907 1073 939 simi-

326 963 419 1004 libus,
443 974 478 996 ae
501 974 573 996 cum
597 963 768 1006 quibusvis,
793 962 887 994 etiam
911 961 1074 1003 derogato-

329 1017 450 1049 riarum
464 1016 674 1059 derogatoriis
697 1015 828 1057 aliisque
849 1012 1075 1046 efficacioribus

329 1074 360 1102 et
383 1069 528 1108 insolitis,
564 1068 720 1107 clausulis,
739 1078 773 1098 ac
787 1076 858 1098 cum
873 1065 1076 1108 quibuscum-

332 1131 394 1164 que
418 1120 685 1153 declarationibus
708 1124 738 1151 et
755 1118 896 1154 decretis,
914 1117 947 1149 in
963 1127 1076 1159 genere

330 1175 378 1207 vel
401 1175 434 1206 in
458 1173 570 1216 specie,
595 1183 631 1204 ac
654 1171 730 1204 alias
754 1170 986 1214 quomodolibet
1005 1179 1077 1201 con-

333 1227 439 1267 cessis,
464 1225 660 1258 confirmatis
699 1228 730 1256 et
767 1222 935 1255 innovatis.
960 1221 1079 1260 Quibus

335 1278 493 1317 omnihus,
519 1277 615 1310 etiarn
640 1276 665 1308 si
689 1276 726 1308 de
751 1275 811 1307 illis
835 1275 1021 1316 illorumque
1036 1278 1080 1305 to-

335 1330 376 1363 tis
399 1330 560 1363 tenoribus
585 1328 737 1372 specialis,
762 1328 905 1371 specilica
940 1332 967 1359 et
1000 1326 1082 1359 indi—

335 1382 440 1422 vidua,
464 1392 527 1414 non
551 1387 657 1414 autem
673 1392 730 1424 per
746 1382 898 1413 clausulas
922 1381 1083 1423 generales

337 1436 421 1468 idem
445 1435 664 1478 importantes,
678 1434 797 1466 mentio
814 1444 869 1466 seu
885 1433 1012 1476 quaevis
1024 1432 1084 1464 alia

337 1487 507 1530 expressio,
531 1491 585 1519 aut
608 1487 670 1519 alia
686 1486 840 1529 exquisita
857 1486 957 1518 forma
974 1485 1084 1518 adhoc

338 1541 492 1573 servanda
516 1540 606 1580 soret,
630 1549 740 1571 eorum
770 1538 911 1570 omnium
952 1543 1085 1578 tenores,

341 1603 376 1625 ac
399 1592 426 1624 si
451 1592 488 1624 de
519 1592 615 1624 verbo
639 1592 678 1624 ad
702 1591 833 1623 verbum
872 1591 1087 1623 insererentur

340 1645 569 1688 praesentibus,
593 1655 651 1687 pro
664 1644 855 1676 sufficienter
867 1642 1018 1686 expressis
1032 1643 1088 1674 ha-

340 1698 459 1737 bentes,
484 1696 544 1729 illis
567 1696 643 1728 alias
667 1696 700 1728 in
724 1706 780 1728 suo
804 1696 917 1728 robore
940 1705 1088 1738 perman-

341 1751 434 1791 suris,
460 1751 519 1782 hac
542 1750 609 1782 vice
648 1749 819 1788 dumtaxat,
859 1747 1034 1791 specialiter
1057 1751 1084 1778 et

341 1814 485 1847 expresse
521 1803 709 1845 derogamus
748 1801 916 1834 contrariis
956 1800 1087 1843 quibus-

339 1867 487 1900 cumque.
512 1858 573 1889 Aut
596 1856 620 1888 si
635 1855 804 1898 aliquibus,
818 1853 1029 1886 communiter
1043 1853 1088 1885 vel

342 1910 477 1949 divisim,
502 1909 542 1941 ab
565 1908 674 1940 eadem
692 1907 732 1939 sit
745 1907 821 1939 Sede
835 1906 991 1938 indultum
1005 1906 1087 1948 quod

342 1962 500 2001 interdici,
525 1960 673 2004 suspendi
686 1960 732 1992 vel
745 1959 1011 1992 excommunicari
1025 1969 1088 1990 non

342 2016 465 2059 possint
473 2025 529 2059 per
537 2014 656 2047 litteras
663 2011 849 2056 apostolicas
862 2021 926 2043 non
939 2010 1089 2043 facientes

343 2071 468 2112 plenam
493 2073 524 2100 et
540 2075 717 2110 expressam
733 2075 768 2096 ac
786 2064 822 2096 de
840 2063 934 2095 verbo
959 2062 998 2094 ad
1022 2072 1089 2094 ver-

344 2124 421 2155 bum
437 2123 475 2154 de
497 2121 619 2153 indulto
643 2116 825 2151 huiusmodi
842 2115 1045 2148 mentionem.

387 2176 499 2207 Datum
523 2174 640 2206 Romae
663 2171 747 2214 apud
771 2170 799 2203 S.
814 2169 952 2208 Petrum,
966 2167 1023 2200 sub
1036 2177 1091 2199 an-

344 2229 417 2261 nulo
442 2226 617 2267 Piscatoris,
631 2225 681 2258 die
697 2235 739 2257 xx
750 2221 929 2256 novembris
942 2231 1090 2262 MDLxxw,

345 2280 546 2324 pontificatus
569 2278 668 2312 nostri
693 2287 775 2310 anno
799 2285 830 2308 v.

380 2335 444 2361 Dat.
463 2335 507 2361 die
524 2336 559 2361 20
576 2342 639 2361 nov.
659 2333 736 2365 1576,
755 2330 855 2365 pontif.
873 2338 944 2357 anno
961 2339 987 2357 v.

1099 639 1232 673 Gregorius
1245 639 1315 672 Papa
1329 638 1378 665 ΧΙΙΙ
1391 636 1521 664 universis
1537 635 1748 664 christifidelibus
1763 643 1843 671 prae-

1137 682 1227 706 sentes
1251 679 1351 706 litteras
1372 676 1527 711 inspecturis
1561 676 1671 703 satutem
1693 678 1719 703 et
1739 678 1845 710 aposto-

1139 719 1213 746 ticam
1235 716 1452 746 benedictionem.

1143 817 1305 851 Reddituri
1330 815 1368 848 de
1392 814 1561 848 commisso
1578 812 1670 845 nobis
1683 821 1778 855 grege
1793 811 1847 844 do-

1103 871 1218 903 minico
1243 869 1276 901 in
1300 873 1439 901 extremo
1463 866 1631 906 rationem,
1648 865 1790 904 summis,
1815 869 1847 896 ut

1103 930 1258 963 tenemur,
1284 920 1448 953 affectibus
1475 924 1604 951 cunctos
1621 916 1850 956 christifideles,

1104 987 1182 1020 quos
1206 986 1224 1008 a
1247 974 1390 1008 iustitiae
1417 972 1543 1006 tramite
1582 970 1681 1003 hostis
1719 967 1851 1001 humani

1105 1027 1228 1072 generis
1253 1037 1344 1069 saepe
1361 1025 1498 1065 divertit,
1516 1029 1622 1057 nostro
1640 1022 1780 1066 piissimo
1793 1021 1851 1054 Re-

1106 1079 1272 1123 demptori,
1297 1078 1351 1121 qui
1376 1088 1440 1111 non
1465 1075 1676 1117 mortem,sed
1689 1074 1854 1118 poeniten-

1106 1133 1182 1165 tiam
1206 1132 1362 1165 desiderat
1386 1135 1597 1175 peecatorum,
1621 1129 1662 1162 ob
1685 1128 1771 1161 omni
1786 1127 1853 1160 labe

1108 1185 1276 1218 mundatos
1301 1184 1477 1224 restituere,
1500 1192 1616 1225 eosque
1640 1181 1856 1222 sibiaecepta-

1109 1238 1185 1271 biles
1208 1242 1235 1270 et
1261 1236 1419 1269 bonorum
1431 1245 1563 1278 operum
1576 1234 1699 1267 efficere
1712 1232 1857 1275 cupimus

1110 1295 1287 1330 sectatores,
1300 1294 1335 1321 ut
1347 1288 1417 1333 ipsi,
1431 1298 1486 1332 per
1500 1292 1589 1330 grata
1601 1292 1632 1319 et
1655 1290 1780 1329 accepta
1794 1285 1857 1316 Deo

1111 1354 1215 1387 opera.
1241 1342 1324 1375 lllius
1341 1368 1348 1381 ,
1373 1341 1427 1384 qui
1452 1339 1742 1373 misericordiarum
1766 1338 1858 1369 Pater

1112 1401 1167 1436 est,
1203 1395 1339 1438 gratiam
1377 1398 1406 1426 et
1446 1391 1696 1425 misericordiam
1733 1389 1857 1422 valeant

1113 1448 1234 1481 saeilius
1257 1445 1440 1490 promereri.

1157 1502 1172 1544 ἓ
1199 1501 1228 1533 ’1.
1268 1500 1344 1533 Cum
1382 1498 1488 1542 itaque
1505 1524 1512 1538 ,
1551 1495 1631 1530 sicut
1670 1494 1857 1537 accepimus,

1115 1607 1217 1641 elesiis
1233 1604 1360 1639 Ordinis
1371 1604 1505 1636 fratrum
1517 1601 1772 1634 praedicatorum
1788 1608 1862 1642 pro-

1116 1660 1237 1693 vinciae
1260 1656 1429 1700 Hispaniae
1446 1654 1607 1688 dominica
1624 1653 1705 1685 infra
1721 1657 1862 1685 octavam

1117 1710 1311 1747 Sanctissimi
1335 1707 1531 1743 Sacramenti
1545 1705 1677 1748 singulis
1690 1703 1780 1737 annis
1793 1701 1864 1736 sieri

1116 1762 1323 1802 consueverit,
1348 1771 1415 1801 nos,
1428 1765 1462 1793 ut
1479 1758 1698 1792 christifideles
1710 1767 1747 1789 eo
1764 1755 1865 1788 liben-

1118 1819 1179 1851 tius
1202 1814 1378 1849 devotionis
1390 1823 1484 1845 eausa
1497 1811 1598 1844 dictae
1611 1807 1803 1853 processioni
1817 1806 1866 1840 in-

1117 1869 1238 1909 tersint,
1262 1877 1325 1910 quo
1349 1876 1386 1898 ex
1409 1865 1470 1897 hoc
1494 1863 1576 1896 dono
1590 1861 1731 1895 eoelestis
1744 1859 1867 1903 gratiae

1118 1919 1337 1964 conspexerint
1360 1929 1393 1951 se
1416 1916 1546 1950 uberius
1570 1925 1636 1948 esse
1659 1914 1802 1958 resectos,
1819 1912 1868 1946 di-

1119 1975 1188 2008 lecti
1213 1973 1309 2006 etiam
1333 1970 1389 2003 filii
1415 1968 1515 2002 nostri
1541 1966 1710 2006 Michaelis,
1735 1965 1818 1998 tituli
1835 1964 1867 1998 S.

1118 2027 1231 2061 Mariae
1255 2035 1349 2067 super
1371 2022 1542 2056 Minervam
1565 2018 1740 2063 presbyteri
1764 2017 1867 2050 cardi-

1119 2080 1210 2118 nalis,
1233 2074 1433 2111 Alexandrini
1457 2072 1642 2116 nuncupati,
1667 2071 1722 2114 qui
1747 2070 1867 2104 dictum

1120 2131 1279 2171 Ordinem,
1297 2129 1372 2161 dum
1385 2128 1418 2160 in
1431 2126 1608 2159 minoribus
1620 2130 1710 2165 esset,
1723 2134 1869 2168 expresse

1121 2185 1278 2230 professus
1294 2187 1349 2223 est,
1366 2180 1514 2224 precibus
1527 2178 1618 2211 nobis
1631 2188 1725 2221 super
1737 2177 1798 2212 hoc
1809 2176 1870 2209 hu-

1121 2238 1237 2271 militer
1260 2233 1414 2280 porrectis
1441 2231 1580 2274 benigne
1618 2234 1808 2270 annuentes,
1832 2228 1872 2262 de

1121 2287 1347 2333 omnipotentis
1358 2285 1412 2319 Dei
1427 2283 1645 2317 misericordia
1657 2293 1694 2315 ac
1706 2282 1873 2314 beatorum

1122 2343 1203 2377 Petri
1227 2346 1258 2375 et
1273 2339 1360 2374 Pauli
1375 2337 1589 2380 apostolorum
1603 2335 1671 2368 eius
1683 2332 1873 2366 auctoritate

1121 2394 1242 2434 confisi,
1256 2391 1404 2426 omnihus
1416 2395 1447 2423 et
1460 2387 1592 2431 singulis
1604 2386 1770 2428 utriusque
1783 2394 1875 2417 sexus

1122 2445 1380 2483 christifidelibus
1403 2452 1473 2476 vere
1497 2438 1733 2484 poenitentibus
1756 2441 1785 2469 et
1799 2446 1874 2468 eon-

1124 2501 1220 2541 sessis,
1245 2500 1299 2542 qui
1325 2496 1427 2530 dietae
1451 2491 1655 2538 processioni,
1679 2490 1712 2523 in
1735 2487 1876 2522 ecclesiis

1125 2553 1301 2599 praedictis,
1320 2551 1403 2584 dieta
1427 2549 1478 2582 die
1502 2545 1662 2580 dominica
1685 2542 1768 2575 infra
1783 2546 1871 2574 octa-

1133 2611 1140 2628 ¹
1160 2610 1203 2636 Ex
1222 2608 1326 2635 Bullar.
1346 2605 1412 2634 Ord.
1431 2602 1538 2637 Praed„
1553 2603 1622 2629 tom.
1637 2607 1665 2634 v,
1681 2607 1746 2633 pag.
1766 2596 1833 2623 34⁷2

1883 821 2013 871 Exordium}

1995 879 2013 922 ,ἢ

1116 1553 1272 1598 processio
1296 1549 1491 1585 Sanctissimi
1530 1547 1724 1582 Sacramenti
1755 1546 1788 1578 in
1811 1539 2021 1582 ee-stffideubhzss

1869 1581 1893 1599 in
1897 1579 1991 1599 constitu
2026 1598 2029 1599 γ

2010 1324 2016 1346 ⁴-
2018 1287 2024 1302 ,,
2002 1175 2021 1266 ...fi-»c
1996 1078 2021 1148 *⁴24³

2019 2383 2042 2574 ''tvm-24⁸3&
2024 2365 2034 2376 ο
2016 2173 2037 2358 ωρῆκκ
2027 2149 2031 2159 ·
2024 2140 2028 2142 ¹
2023 2119 2031 2133 -’

2018 2598 2038 2673 ..Ἣ
