2059 3228
371 237 433 270 27ss

327 299 381 339 tia,
404 305 467 331 tam
489 296 639 340 propriae
663 306 760 339 quam
788 295 912 329 alienae
943 295 1073 339 provin-

327 351 406 389 ciae,
430 349 664 389 reformandos,
691 349 730 381 ad
758 348 910 382 Ordinem
935 360 971 381 ac
997 359 1073 392 pro-

327 404 496 436 fessionem
522 408 552 435 et
577 402 840 435 reformationem
860 413 920 446 pro
940 413 997 434 sua
1017 413 1073 434 cu-

327 456 440 495 stodia,
468 455 589 498 absque
609 455 676 488 ullo
686 455 813 499 penitus
829 455 1071 498 impedimento,

326 510 365 541 ‹le
385 509 521 541 consilio
543 514 650 541 tamen
684 513 715 541 et
747 518 904 541 consensu
940 508 1074 540 fratrum

327 561 415 593 illius
435 561 511 601 loci,
524 572 582 605 pro
591 572 655 605 quo
667 561 881 605 recipiuntur,
891 561 1072 593 admittere.

372 615 386 658 ἓ
407 615 437 647 7.
460 615 643 648 Tencantur
654 620 761 648 autem
783 615 930 647 minister
949 614 1077 657 provin-

328 667 488 708 c-iatisvel,
507 667 563 700 illo
575 668 717 708 absente,
732 667 919 710 praesidens
945 666 1076 710 capituli

329 720 376 753 vel
408 720 666 763 congregationis
700 720 916 764 provincialis,
948 719 1077 762 quando

329 773 469 807 familiae
494 774 612 807 mutari
628 774 743 814 solent,
766 774 805 806 ad
825 773 1013 816 petitionem
1028 772 1076 805 di-

120 255 168 280 An.
199 255 227 280 (’.
249 252 314 280 1539

137 691 194 710 Loca
206 689 318 708 Reforma-

127 719 154 737 tis
168 715 309 740 assignanda.

330 832 455 860 ctorum
475 825 748 866 Reformatorum,
780 825 841 858 alia
874 825 969 858 etiam
1002 835 1077 868 pro-
1096 836 1099 880 ἱ
1117 827 1197 863 tum,
1230 822 1364 866 locaque
1384 824 1570 857 huiusmodi
1603 825 1723 858 eisdem
1753 825 1865 859 Refor-

329 880 454 912 vinciae
474 880 545 912 loca
565 879 627 912 sive
649 879 854 919 monasteria,
882 878 952 911 aliis
967 878 1078 911 Refor-

331 938 492 966 matorum
527 932 619 973 locis,
652 938 809 976 quantum
844 932 914 964 fieri
947 931 1075 974 poterit,

332 986 485 1029 contigua
517 986 565 1019 vel
600 986 782 1025 commoda,
817 985 903 1018 iuxta
936 984 1078 1017 ciusdem

331 1039 505 1072 Clementis
524 1039 574 1071 VII
594 1039 730 1079 litteras,
751 1039 828 1071 dare
849 1043 880 1070 et
903 1037 1078 1079 assignare,

333 1097 364 1124 et
383 1092 546 1135 prioribus
566 1102 679 1125 eorum
700 1091 779 1124 locis
798 1091 929 1129 addere,
941 1100 1000 1122 nec.
1016 1090 1080 1122 fra-

333 1152 420 1179 trum
447 1146 705 1178 Reformatorum
737 1144 930 1188 paucitatem
972 1144 1081 1186 (dum—

334 1199 431 1231 modo
451 1199 489 1231 ad
511 1198 623 1231 decem
648 1197 762 1230 fratres
782 1197 988 1240 recipiendos
1021 1196 1083 1229 sint

333 1252 461 1292 idonea,
489 1252 537 1284 vel
562 1251 650 1284 brevi
674 1256 821 1293 tempore
841 1250 873 1282 in
893 1260 930 1282 ea
950 1250 1022 1282 illos
1038 1249 1084 1282 in-

334 1305 461 1338 troduci
486 1315 579 1348 posse
599 1303 795 1347 sperandum
820 1302 884 1346 sit),
906 1313 966 1335 nec
986 1302 1082 1335 aliam

335 1358 520 1401 quampiam
541 1357 780 1390 excusationem
801 1356 974 1400 quominus
994 1355 1025 1389 id
1041 1356 1085 1388 sa-

336 1411 422 1444 ciant
447 1411 588 1450 obiicere
613 1411 747 1454 possint.

380 1465 395 1508 g
415 1464 445 1497 8.
469 1464 634 1498 Generalis
657 1464 805 1497 minister
829 1463 990 1496 dictorum
1025 1462 1086 1495 sra-

339 1523 423 1550 trum
443 1518 482 1550 de
501 1516 707 1550 Observantia
724 1522 861 1557 tantum,
882 1516 1015 1549 minime
1032 1527 1088 1549 au-

340 1576 403 1604 tem
422 1570 631 1614 provincialis
651 1570 714 1603 sive
747 1570 801 1603 alii
835 1570 996 1603 dictorum
1026 1570 1088 1602 sra-

137 1623 426 1671 22.¹,¹,⁰,¹2m²,¹,³,{1,§,3211·111n
446 1624 485 1656 de
505 1622 713 1656 Observantia
729 1622 1089 1666 praelatiautcommis-

140 1676 427 1729 ξξὲξζέξῑῇξξζζεῑινίἰ,
450 1676 483 1708 in
503 1676 604 1708 dictos
637 1676 752 1709 fratres
785 1676 987 1709 Reformatos
1024 1676 1088 1709 sive

141 1733 220 1756 ¹¹²⁸t⁰⁵²
235 1733 260 1750 ¹¹²
273 1730 317 1749 ¹³³⁰·
340 1729 469 1762 illorum
505 1729 666 1762 custodias
682 1729 949 1768 iurisdictionem,
962 1729 1090 1762 visitan-

339 1783 437 1825 dique
456 1788 487 1816 et
505 1782 687 1825 corrigendi
712 1782 908 1823 facultatem,
939 1783 1002 1816 sive
1032 1794 1091 1827 per

340 1836 481 1879 seipsum
501 1835 565 1868 sive
589 1846 648 1878 per
671 1835 815 1868 eiusdem
832 1834 970 1877 Ordinis,
993 1837 1089 1870 etiam

340 1889 465 1922 alienae
486 1889 662 1929 custodiae,
690 1888 891 1922 Reformatos
911 1889 1008 1932 ipsos,
1036 1890 1092 1922 ha-

341 1943 428 1982 beat;
450 1942 584 1975 minime
605 1947 711 1975 tamen
741 1941 841 1986 possit
873 1942 1015 1986 aliquem
1052 1943 1091 1975 ad

162 1545 266 1565 Minister
291 1548 329 1568 ge-

138 1572 222 1592 nei-alis
236 1572 331 1590 fratrum

138 1601 167 1618 de
185 1596 332 1618 observantia

342 1995 577 2039 praelationem
595 1995 643 2028 vel
663 1994 781 2035 officia,
805 1995 901 2028 etiam
926 1995 958 2028 in
984 2001 1092 2029 custo-
1110 2009 1113 2019 v

343 2048 407 2088 dia,
430 2057 631 2091 promovere,
644 2052 700 2080 aut
719 2048 929 2081 correctionis
942 2049 989 2081 vel
1011 2056 1093 2093 quo-

343 2102 389 2133 vis
409 2107 588 2144 praetextu,
611 2101 747 2142 statutis,
770 2102 926 2142 censuris,
954 2102 1090 2143 casibus,

344 2153 614 2187 reservationihus
634 2154 775 2198 propriis
809 2155 856 2187 vel
881 2154 1007 2188 Ordinis
1032 2155 1094 2188 Re-

345 2207 501 2239 formatos
521 2207 708 2250 subiugare3
744 2214 800 2240 aut
834 2207 1008 2249 custodiae,
1037 2219 1094 2241 cu-

347 2260 446 2292 stodis
464 2260 513 2292 vel
534 2260 668 2293 fratrum
689 2261 947 2293 Reformatorum
969 2271 1096 2305 respec-

349 2313 409 2346 tive
420 2319 621 2356 potestaum,
636 2314 832 2354 facultatem,
845 2313 1093 2355 immunitatem,

348 2366 584 2406 concessiones,
607 2367 737 2409 gratias,
766 2372 882 2400 statuta
911 2373 942 2400 et
969 2378 1093 2410 pacem,

349 2419 459 2460 quovis
485 2425 661 2462 praetextu,
685 2420 780 2452 modo
806 2424 836 2453 et
867 2420 1011 2463 quaesito
1043 2431 1096 2453 co-

350 2467 430 2505 lore,
471 2468 590 2500 directe
625 2469 671 2501 vel
706 2468 874 2509 indirecte,
914 2469 1094 2510 annullare,

351 2516 557 2557 suspendere,
581 2523 716 2555 arctare,
739 2518 886 2559 alterare,
914 2517 1097 2559 immutare,

353 2562 522 2605 impedire,
537 2566 755 2599 ‹xoiitt-alacere
771 2572 826 2598 aut
837 2566 1028 2610 inquietare,
1040 2577 1098 2600 nec

356 2611 450 2644 ctiam
476 2613 513 2644 tlt·
534 2615 663 2656 propria
685 2626 797 2648 corum
829 2615 974 2650 custodia
998 2615 1100 2648 domi-

917 243 1095 267 BULLARIUM
1114 241 1264 265 ROMANUM

1877 212 1953 260 ΑῙΙ.ι
1989 241 2017 277 ἐμ
2046 228 2053 256 3*

1113 294 1238 336 busque
1259 297 1290 325 et
1308 292 1397 333 locis,
1420 293 1479 326 nisi
1500 303 1558 338 pro
1589 292 1724 326 aliarum
1756 297 1861 326 custo·
1930 291 1931 294 ’

1114 346 1238 378 diarum
1261 346 1345 379 dicta
1364 345 1556 387 visitatione,
1578 347 1681 380 dictos
1696 346 1861 380 Reforma-

1115 405 1163 431 tos
1182 399 1231 431 vel
1256 408 1369 431 eorum
1389 399 1528 442 aliquem
1559 410 1721 441 amovere,
1757 404 1861 433 extra-

1114 452 1205 491 here,
1234 452 1359 484 mittere
1379 452 1427 484 vel
1447 452 1632 491 transferre)
1653 463 1713 486 nec
1732 451 1804 485 illos
1823 452 1861 485 ad

1115 514 1335 547 quascumque
1355 504 1433 537 alias
1462 510 1581 548 partes,
1603 505 1785 549 provincias
1814 505 1862 539 vel

1116 557 1276 590 custodias
1296 562 1327 590 et
1345 557 1408 590 alia
1426 557 1864 602 propriaeipsorummetcu-
1911 576 1916 582 -
1944 553 1958 578 ‘''
1984 563 1986 565 ’

1116 610 1236 643 stodiae
1260 610 1342 651 loca,
1366 610 1460 643 etiam
1481 611 1540 643 sub
1559 611 1666 655 specie
1694 611 1863 655 praedica-

1116 663 1223 702 tionis,
1265 664 1402 705 mittere,
1435 665 1596 698 collocare
1629 665 1678 698 vel
1711 665 1863 706 retinere,

1116 716 1177 749 nisi
1198 721 1294 759 prout
1314 717 1345 749 in
1366 716 1567 759 singularum
1583 718 1803 751 custodiarum
1814 729 1865 751 ca-

1117 769 1228 812 pitulis
1246 770 1295 802 vel
1316 770 1355 802 ab
1376 770 1445 813 ipso
1470 771 1603 804 custode
1622 770 1720 804 suerit
1733 771 1864 805 ordina-

1097 889 1099 893 ·
1119 876 1212 908 matis
1231 876 1352 909 suerint
1382 878 1552 919 assignata3
1575 884 1606 911 et
1639 879 1740 912 multo
1761 879 1867 912 minus

1119 929 1158 961 ad
1191 928 1451 963 Reformatorum
1470 931 1519 963 vel
1544 931 1762 965 custodiarum
1796 932 1869 965 loca

1119 992 1184 1014 non
1204 982 1416 1024 Reformatos,
1439 984 1536 1017 etiam
1560 985 1699 1018 novitios
1724 986 1773 1018 vel
1797 995 1868 1019 mo-

1120 1035 1255 1068 nialium
1275 1037 1474 1070 confessores
1493 1043 1548 1070 aut
1581 1038 1661 1071 alios
1692 1049 1868 1082 quoscum-

1120 1099 1195 1131 que,
1209 1088 1305 1122 etiam
1321 1090 1545 1124 reformandos
1563 1102 1581 1124 a
1598 1091 1789 1126 Reformatis
1803 1103 1870 1125 non

1121 1146 1281 1184 receptos,
1300 1142 1428 1176 mittere
1448 1149 1502 1177 aut
1521 1144 1554 1176 in
1575 1143 1697 1177 eisdem
1711 1145 1870 1178 collocare

1121 1194 1169 1226 vel
1194 1194 1345 1228 retinere.

1166 1247 1181 1290 g
1201 1246 1232 1280 9.
1254 1247 1318 1281 Nec
1338 1248 1434 1281 etiam
1453 1249 1629 1282 Reformati
1648 1250 1709 1294 ipsi
1729 1250 1869 1294 aliquem
1995 1258 1999 1277 ἰ
2026 1242 2027 1249 ¹
2057 1274 2059 1283 ,

1123 1300 1364 1343 praedictorum
1380 1312 1444 1335 non
1459 1303 1700 1336 reformandum
1711 1303 1867 1348 recipere,
1880 1294 1963 1349 {3:¹2
1998 1306 2008 1337 J
2057 1328 2059 1336 Α

1125 1353 1172 1385 vel
1192 1353 1232 1386 ad
1252 1354 1486 1387 convivendum
1517 1355 1580 1389 sive
1614 1356 1654 1389 de
1685 1356 1807 1390 familia
1837 1357 1869 1390 in
1881 1346 1965 1393 {5⁸0¹ss
1988 1350 2009 1366 ’ἢ
2028 1391 2029 1395 ,

1127 1416 1240 1439 eorum
1257 1406 1336 1440 locis
1356 1407 1496 1441 retinere
1515 1409 1582 1442 ullo
1611 1409 1707 1443 modo
1737 1405 1967 1454 Ροεεὶῐιῐ,ἷῖῗῃι

1125 1460 1267 1504 exceptis
1303 1461 1480 1495 lectoribus
1498 1473 1517 1495 a
1544 1463 1695 1506 praelatis
1725 1463 1872 1507 ipsorum

1125 1513 1309 1555 licentiatis,
1332 1525 1391 1558 pro
1417 1514 1483 1548 riae
1495 1516 1660 1549 custodiae
1670 1517 1870 1550 necessariis.

1126 1565 1185 1605 Qui
1205 1572 1313 1600 tamen
1334 1567 1366 1600 in
1379 1525 1530 1601 gistodia
1544 1579 1656 1603 vocem
1671 1569 1806 1603 activam
1824 1570 1875 1604 vel

1129 1619 1285 1663 passivam
1305 1620 1424 1654 habere
1443 1631 1508 1654 non
1528 1622 1662 1665 possint,
1681 1623 1738 1656 sed
1756 1623 1811 1657 illa
1835 1625 1875 1658 ad

1128 1673 1328 1707 Reformatos
1341 1678 1466 1707 tantum
1486 1675 1519 1708 in
1539 1675 1685 1709 custodia
1699 1670 1883 1720 pertineat,

1129 1728 1269 1771 exceptis
1289 1738 1417 1772 quoque
1436 1729 1628 1772 opportunis
1647 1729 1878 1772 praedicatori-

1130 1781 1200 1822 bus,
1224 1780 1374 1814 similiter
1402 1781 1574 1815 licentiatis
1606 1782 1655 1815 vel
1688 1782 1876 1826 impetratis,

1130 1839 1161 1866 ct
1179 1833 1241 1867 hoc
1261 1844 1320 1877 pro
1342 1839 1487 1878 tempore
1515 1840 1641 1868 tantum
1674 1837 1875 1878 necessario;

1131 1886 1197 1927 sed,
1226 1886 1295 1920 sine
1325 1898 1485 1921 consensu
1505 1888 1647 1921 custodis
1674 1889 1708 1921 in
1736 1889 1876 1933 scriptis,

1131 1950 1197 1973 non
1216 1939 1339 1984 possint
1351 1939 1634 1984 quicumquedicti
1642 1940 1770 1975 Ordinis
1784 1952 1879 1986 prae-

1131 1993 1198 2033 lati,
1222 1993 1335 2026 fratres
1354 2004 1419 2026 non
1439 1993 1641 2028 Reformatos
1657 1994 1690 2028 in
1709 1995 1880 2029 auditoriis

1132 2046 1170 2079 ad
1191 2046 1335 2090 ipsorum
1355 2047 1502 2079 locorum
1523 2047 1677 2088 confines,
1697 2047 1785 2082 iuxta
1807 2059 1879 2082 mo-

1133 2109 1201 2131 rem
1221 2098 1358 2139 Ordinis,
1374 2100 1610 2142 pertinentibus
1629 2101 1669 2134 ad
1688 2101 1879 2146 praedicari·
1900 2094 1901 2097 Ἴ

1134 2153 1220 2192 dum,
1240 2162 1300 2185 nec
1320 2152 1440 2185 eisdem
1462 2153 1643 2186 confinibus
1658 2165 1880 2199 quoscumque

1135 2206 1246 2238 fratres
1265 2205 1305 2238 ad
1324 2206 1542 2250 eleemosynas
1561 2207 1758 2250 colligendas
1783 2207 1881 2242 desti-

1136 2267 1225 2290 nare.
2021 2291 2023 2294 .

1180 2311 1194 2353 g
1213 2310 1268 2343 10.
1289 2311 1352 2344 Pro
1370 2311 1561 2345 necessariis
1598 2317 1706 2346 autem
1738 2313 1881 2356 negociis
2020 2324 2022 2326 ’

1136 2369 1167 2396 et
1191 2363 1262 2396 aliis
1286 2364 1347 2408 piis
1379 2364 1482 2398 causis
1514 2365 1637 2409 possint
1665 2366 1813 2399 custodes
1840 2359 1920 2401 adli}
1942 2364 1973 2396 ,ᾞΫ
2020 2357 2021 2361 ¹

1137 2428 1361 2460 quaecumque
1403 2418 1529 2452 Ordinis
1563 2424 1594 2452 et
1627 2420 1763 2452 aliorum
1796 2409 1975 2460 loea‚{¹0¹‘¹'..
2006 2413 2017 2432 ⁸

1138 2470 1233 2503 etiam
1254 2475 1341 2503 extra
1357 2471 1616 2504 Reformatorum
1632 2471 1802 2513 custodias,
1817 2466 1947 2507 rna-32¹⁰.
2039 2476 2043 2515 ’ς

1138 2519 1221 2551 xime
1241 2519 1281 2551 ad
1301 2518 1414 2552 Sedem
1434 2520 1650 2563 Apostolicam
1670 2525 1701 2553 et
1719 2520 1759 2552 ad
1785 2512 1973 2554 totius⁰⁸⁰¹³⁹'
2016 2539 2021 2545 v·

1140 2568 1268 2600 Ordinis
1278 2574 1505 2611 protectorem,
1524 2575 1555 2602 et
1567 2579 1625 2615 pro
1644 2569 1882 2612 praedicatione
1967 2573 1970 2578 '

1142 2616 1200 2658 ire,
1223 2628 1259 2650 ac
1281 2618 1393 2650 fratres
1417 2627 1491 2651 suos
1524 2617 1647 2651 mittere
1657 2629 1666 2660 ;
1702 2618 1755 2651 sed
1788 2628 1883 2652 causa.
