2059 3228
76 2057 216 2080 communita-

40 2091 72 2112 m
97 2096 134 2110 ens
160 2091 215 2111 tole-

41 2122 107 2142 mnes
132 2122 216 2142 easdem

39 2155 117 2176 'noum
143 2152 215 2174 ineur-

40 2183 91 2202 ιιιι.

107 174 110 178 ’
129 187 240 218 ‹21525

909 186 1011 215 smws
1029 185 1050 209 V
1068 186 1117 210 FP.

251 241 312 274 alia·
341 239 419 274 iuris
453 244 483 273 et
512 239 586 273 sacti
612 239 813 275 solemnitate
836 238 994 281 habenda,

250 293 345 327 etiam
373 292 405 326 in
434 293 669 336 praeiudicium
689 293 843 334 tiliorum,
860 293 992 327 descen-

249 346 392 380 dentium
413 351 443 379 et
455 346 594 379 aliorum
607 356 888 390 quorumcumque
901 356 994 388 agna-

249 405 355 432 torum
376 399 408 432 in
428 399 633 440 investituris,
654 399 917 434 concessionibus
936 409 991 432 seu

247 451 318 486 aliis
336 452 600 496 dispositionibus
615 453 937 497 comprehensorum,
960 452 991 485 in

246 506 398 539 omnibus
421 512 451 539 et
471 517 529 550 per
549 506 666 547 omnia,
686 506 821 550 perinde
841 517 878 539 ac
892 505 917 539 si
934 516 992 550 per

245 559 371 603 lapsum
392 559 546 603 temporis
563 559 692 593 illorum
720 558 935 592 concessionis
959 564 991 592 et

244 611 367 645 finitam
388 611 504 646 lineam
525 612 562 645 ad
585 612 859 656 ipsamCameram
876 611 989 645 rediis-

242 669 313 698 sent
342 675 398 698 scu
432 665 579 698 devoluta
615 670 732 706 essent,
763 666 986 705 confiscamus,

240 718 443 762 applicamus
463 725 494 752 et
507 719 766 764 Incorporamus,
785 719 921 762 illaque,
943 719 989 752 sic

242 770 335 804 nobis
367 777 399 804 et
426 783 486 816 pro
518 777 666 817 tempore
690 772 896 806 existentibus
924 772 987 805 lto-

241 824 345 858 manis
364 825 574 859 Pontificibus
613 832 644 859 et
675 825 827 860 Gamerae
856 825 986 869 praedi-

240 882 310 912 ctae
333 883 454 922 aperta,
478 879 636 920 devoluta,
666 879 850 919 confiscata,
882 879 986 922 appli-

240 935 311 965 cata
347 937 379 965 et
414 931 637 977 incorporata,
669 933 728 966 sub
758 932 986 966 constitutione

239 983 383 1019 eiusdem
402 985 449 1018 Pii
468 986 503 1026 V,
526 985 796 1030 praedecessoris,
818 986 858 1019 de
874 985 985 1018 huius-

235 1038 327 1072 modi
346 1038 498 1072 dominiis
511 1045 543 1073 et
568 1039 844 1073 iurisdictionibus
864 1039 896 1072 in
914 1039 984 1072 seu-

237 1091 315 1124 dum
335 1097 390 1125 aut
409 1093 488 1126 alias
506 1103 571 1126 non
592 1093 817 1132 concedendis,
850 1092 984 1125 minime

237 1145 480 1188 comprehendi,
502 1146 598 1179 etiam
622 1146 834 1179 declaramus.
853 1146 984 1178 Necnon

236 1208 461 1243 quaecumque
493 1199 751 1239 fideicommissa,
784 1198 982 1232 substitutio-

236 1261 294 1285 nes
312 1256 343 1285 et
365 1252 444 1286 alias
469 1253 704 1297 dispositiones,
731 1253 790 1286 sub
823 1263 982 1296 quacum-

235 1315 298 1349 que
316 1306 488 1339 verborum
505 1306 619 1347 forma,
637 1306 732 1339 etiam
747 1317 821 1338 cum
835 1317 982 1349 expressa

233 1357 436 1392 alienationis
456 1359 673 1403 prohibitione
693 1360 828 1402 aliisque
847 1359 981 1393 strictis-

235 1410 322 1444 simis
341 1412 495 1446 clausulis
515 1419 546 1446 et
566 1413 709 1453 cautelis,
731 1418 914 1457 conceptas,
941 1413 981 1447 ad

234 1464 296 1498 hoc
306 1470 342 1498 ut
360 1466 484 1499 fructus
507 1466 666 1500 bonorum
691 1466 876 1499 huiusmodi
891 1466 982 1500 fidei-

233 1518 413 1552 commissis
432 1519 662 1559 subiectorum,
684 1520 819 1553 durante
842 1519 905 1552 vita
921 1530 979 1552 na-

233 1571 330 1604 turali
354 1572 584 1616 delinquentis,
619 1573 715 1606 etiam
750 1572 782 1604 in
814 1577 981 1606 contuma-

232 1624 325 1665 ciam,
355 1636 390 1658 ex
416 1626 590 1669 praedictis
624 1626 729 1658 causis
759 1625 976 1666 condemnati,

231 1676 310 1711 fisco
338 1678 553 1722 applicentur,
587 1684 618 1712 et
642 1679 675 1712 in
703 1679 806 1712 dictae
826 1664 1000 1739 Gamerae!
1063 1677 1077 1720 ἓ
1109 1676 1163 1710 14.
1190 1677 1298 1721 Neque
1332 1682 1569 1720 receptatores,
1607 1677 1759 1717 fautores,

230 1742 326 1765 usum
347 1737 588 1772 convertantur,
623 1732 900 1776 proprietatesque
933 1732 979 1766 di-

230 1789 359 1818 ctorum
388 1785 563 1826 bonorum,
595 1785 751 1829 quamdiu
781 1785 849 1828 ipse
874 1785 977 1818 delin-

230 1847 333 1880 quens
364 1838 556 1871 naturaliter
578 1838 702 1875 vixerit,
736 1848 795 1881 per
814 1838 927 1871 fiscum
948 1843 979 1872 et

230 1890 396 1924 Cameram
419 1891 607 1924 huiusmodi
638 1891 862 1934 possideantur
881 1897 911 1924 et
925 1891 992 1925 de-'

229 1944 404 1985 tineantur,
431 1945 574 1978 tollimus
594 1951 624 1978 ct
643 1945 846 1987 abrogamus.

273 1997 339 2041 §9-
361 1998 409 2031 Ad
442 1998 534 2036 hacc,
571 1998 820 2031 communitates
845 2002 877 2030 et
904 1997 977 2030 uni-

229 2050 393 2083 versitates
416 2051 616 2091 huiusmodi,
639 2050 663 2083 si
683 2050 831 2083 homines
855 2051 977 2083 facino-

229 2113 320 2137 rosos
339 2104 521 2148 praedictos
545 2104 792 2148 receptaverint,
818 2104 975 2137 tolerave-

229 2156 304 2198 rint,
327 2156 418 2197 cibis,
450 2162 645 2197 commeatu,
681 2156 811 2197 auxilio,
840 2157 975 2190 consilio

227 2210 276 2243 vel
301 2209 408 2243 favore
439 2216 494 2243 aut
523 2220 730 2253 quocumque
765 2210 828 2243 alio
864 2211 972 2251 modo,

227 2262 324 2296 etiam
344 2269 380 2295 ut
398 2263 543 2303 evadant,
565 2273 623 2306 per
642 2273 674 2296 se
694 2263 741 2296 vel
766 2263 858 2303 alios,
884 2263 974 2297 iuve-

228 2315 302 2357 rint,
325 2315 476 2348 omnibus
496 2316 609 2359 poenis
641 2316 834 2360 supradictis
853 2327 974 2359 suppo-

228 2364 352 2404 nimus,
385 2375 562 2407 eorumquc
597 2375 648 2397 res
682 2370 712 2397 et
748 2364 833 2397 bona
866 2365 974 2398 omnia

227 2423 353 2446 necnon
374 2414 497 2445 fructus
517 2419 546 2445 et
567 2413 785 2445 emolumenta
806 2412 910 2445 eidem
936 2416 972 2446 ti-

227 2472 293 2502 sco,
321 2461 416 2495 modo
432 2468 462 2495 et
484 2462 586 2494 [ortua
612 2462 805 2505 praemissiS,
827 2462 971 2506 applica·

228 2521 299 2544 mus
323 2517 355 2544 et
378 2511 638 2555 appropriamus.

271 2560 287 2602 ξ
312 2558 358 2592 10.
382 2559 633 2592 Particularibus
648 2566 754 2592 autem
769 2560 966 2599 hominibus,

1670 174 1733 209 589
1791 182 1841 210 An.
1859 183 1887 210 c.
1907 183 1973 211 1585

1832 244 1972 266 particulare·

1033 238 1089 283 qui
1099 238 1138 272 ad
1155 237 1350 273 facinorosos
1361 239 1542 282 praedictos
1555 237 1728 282 capiendos
1746 242 1778 270 et

1033 291 1319 336 apprehendendos
1341 293 1542 335 iustitiaeque
1554 290 1778 324 ministristra-
1790 279 1912 332 ζ’ζζῖωῃζῖἶ
1934 282 1973 327 3ζῖ

1033 345 1154 378 dendos
1165 345 1396 379 sufficientibus
1409 346 1530 379 viribus
1549 344 1667 378 suerint
1679 343 1775 378 desti·
1789 338 1904 395 ’ξξζῑξζῐω
1914 338 1972 389 ‘¹¹⁵2

1033 398 1105 437 tuti,
1127 398 1187 431 nisi
1203 399 1329 432 eosdem
1352 399 1438 432 illico
1459 397 1708 442 propalaverint,
1725 397 1972 452 0f·3321,³g'“;';,‚{2¹1·

1032 451 1217 494 ficialesque
1251 457 1282 484 et
1313 453 1450 496 populos
1479 452 1644 491 finitimos,
1667 451 1712 484 ita
1738 455 1774 483 ut
1963 443 1970 450 ”

1031 504 1120 537 nullo
1146 504 1240 537 modo
1261 505 1406 544 evadant,
1428 504 1683 537 convocaverint.

1047 557 1089 599 ἃς
1114 557 1166 589 11.
1190 558 1233 590 Ac
1258 558 1388 590 demum
1414 558 1461 598 iis,
1489 558 1544 601 qui
1577 557 1715 600 ailquem
1743 556 1772 589 in
1813 563 1912 598 Scieptgu
1947 564 1968 585 tu

1030 609 1213 652 praemissis
1237 611 1429 653 culpabilem
1451 610 1607 650 sciverint,
1632 620 1691 643 nec
1715 594 1971 651 no-ssiiff'it’ssieiiil

1029 663 1078 696 bis
1097 663 1146 696 vel
1178 664 1418 696 successoribus
1451 663 1568 696 nostris
1595 674 1651 696 seu
1676 663 1772 696 alicui
1786 656 1968 709 fgbsszssgfflf'*

1030 727 1087 761 per
1106 727 1203 760 quem
1229 717 1266 749 ad
1288 728 1345 750 nos
1374 718 1420 750 vel
1450 718 1552 750 dictos
1572 727 1772 750 successores

1028 769 1165 803 fideliter
1193 770 1368 810 deseratur,
1402 771 1485 803 intra
1514 771 1611 802 trium
1645 770 1769 803 dierum

1028 823 1166 867 spatium
1211 824 1430 863 revelaverint,
1466 834 1602 868 poenam
1638 823 1769 856 arbitrio

1028 876 1145 910 iudicis
1181 887 1240 920 pro
1265 877 1359 909 modo
1393 877 1519 920 culpae,
1551 876 1646 909 etiam
1668 887 1770 919 usque

1026 930 1066 963 ad
1100 935 1238 963 mortem
1274 929 1440 971 inclusive,
1480 929 1685 973 infligendam
1710 935 1770 962 sta-

1026 983 1157 1016 tuimus.

1068 1035 1156 1080 54⁶2.
1188 1036 1403 1070 Deccrnentes
1437 1046 1534 1080 super
1567 1036 1715 1069 omnibus
1739 1042 1769 1070 et
1808 1038 1891 1090 {ffffifess
1911 1045 1964 1066 ⁵²³⁰-

1024 1089 1160 1133 singulis
1178 1090 1363 1135 praemissis
1382 1101 1440 1133 per
1452 1089 1699 1129 accusationem,
1715 1090 1768 1122 dc-
1782 1076 1962 1129 {{,“?„q„,{,¹:,³0‘¹3

1024 1143 1188 1184 lationem,
1224 1143 1466 1186 inquisitionem
1499 1148 1530 1176 et
1561 1142 1674 1186 quovis
1705 1143 1766 1176 alio
1782 1135 1881 1154 'mmm'

1024 1196 1149 1229 meliori
1171 1197 1266 1229 modo
1288 1196 1418 1239 procedi
1443 1206 1547 1239 posse.

1065 1250 1080 1293 ἓ
1099 1249 1153 1283 13.
1175 1250 1219 1282 Ac
1240 1260 1465 1293 quaecumque
1490 1255 1612 1282 vetusta
1641 1247 1961 1306 ρι’ἰνίἰθ-Μξῐῑςᾞξςξὲὶἣάηἶ

1022 1302 1072 1346 gia
1092 1303 1156 1336 sive
1175 1304 1407 1347 exemptiones,
1444 1302 1537 1335 etiam
1559 1302 1765 1335 immemora-
1780 1311 1960 1333 disbanninsre-

1021 1357 1113 1397 biles,
1136 1357 1183 1390 vel
1195 1358 1273 1390 alias
1286 1367 1507 1401 quascumque
1527 1355 1766 1400 praetensiones
1781 1345 1890 1363 vocamur.

1021 1410 1060 1443 de
1092 1410 1286 1454 recipiendis
1311 1416 1342 1443 et
1360 1420 1423 1443 non
1446 1410 1672 1453 consignandis
1702 1410 1764 1441 hu-

1020 1463 1160 1496 iusmodi
1180 1464 1319 1496 bannitis
1344 1469 1375 1496 et
1401 1463 1471 1496 aliis
1495 1463 1683 1496 facinorosis
1705 1463 1764 1495 ho-

1020 1517 1174 1558 minibus,
1197 1517 1318 1550 nemini
1340 1521 1451 1550 contra
1475 1517 1693 1560 praesentium
1717 1522 1763 1549 te-

1019 1581 1131 1604 norem
1152 1570 1333 1613 suffragari,
1356 1570 1451 1603 etiam
1465 1570 1489 1602 si
1503 1570 1541 1603 de
1557 1570 1601 1603 eis
1616 1569 1764 1614 specialis

1019 1629 1050 1656 et
1069 1623 1233 1657 individua
1254 1623 1375 1657 mentio
1400 1623 1545 1656 facienda
1565 1629 1657 1656 esset.

1806 1682 1957 1710 necepiatoree

1774 1720 1815 1735 nou
1828 1720 1956 1736 excusawur

1018 1730 1235 1771 auxiliatores,
1267 1731 1469 1763 consultores
1502 1736 1531 1763 et
1558 1729 1637 1762 alios
1666 1740 1760 1773 quos·
1773 1748 1883 1772 ,mmm
1895 1752 1956 1771 agn...

1018 1793 1170 1826 cumque,
1192 1783 1415 1827 praesentibus
1436 1783 1551 1815 nostris
1568 1793 1604 1815 ac
1628 1783 1760 1826 praede·
1773 1777 1956 1828 2³jiffi⁵1315⁶s⁰¹¹⁵221

1018 1847 1182 1870 cessorum
1208 1842 1392 1870 nostrorum
1413 1836 1538 1877 litteris,
1557 1842 1590 1869 ut
1617 1836 1758 1879 praefer·
1772 1828 1956 1889 3¹⁰⁰tff¹⁰¹ft⁵³ew

1017 1895 1071 1922 tur
1084 1890 1270 1934 approbatis
1283 1895 1313 1923 et
1328 1890 1498 1930 innovatis,
1516 1889 1760 1933 quomodolibet
1773 1875 1810 1896 ων
1824 1874 1888 1890 ιοω

1017 1943 1307 1981 contravenientes,
1338 1953 1546 1987 quocumque
1579 1948 1757 1986 praetextu,

1017 1997 1111 2029 etiam
1132 1996 1312 2038 agnationis
1332 2002 1360 2028 et
1382 1995 1615 2038 cuiuscumque
1627 2005 1759 2028 consan-

1016 2049 1192 2092 guinitatis,
1224 2049 1318 2082 etiam
1344 2049 1376 2081 in
1410 2049 1514 2092 primo
1551 2048 1664 2091 gradu,
1703 2055 1759 2081 aut

1015 2103 1127 2136 amicae
1144 2108 1248 2136 etnon
1264 2102 1381 2135 dolosae
1398 2107 1427 2134 et
1441 2101 1570 2145 penitus
1587 2101 1758 2145 inculpatte

1015 2167 1074 2189 nec
1096 2156 1135 2189 ad
1161 2156 1280 2188 malum
1301 2156 1397 2188 tinem
1427 2154 1622 2199 receptionis
1646 2155 1758 2187 ullate-

1015 2219 1076 2242 nus
1096 2209 1250 2249 excusari,
1272 2220 1345 2241 cum
1374 2207 1568 2241 beneficium
1590 2207 1756 2251 publicum

1014 2263 1054 2295 sit
1073 2263 1213 2306 privatae
1241 2261 1468 2295 necessitudini
1494 2261 1753 2304 praeferendum,

1014 2326 1073 2349 nec
1093 2315 1184 2348 dolus
1217 2315 1299 2348 absit
1332 2314 1370 2347 ab
1395 2324 1433 2347 eo
1453 2313 1507 2357 qui
1528 2313 1606 2357 ipsis
1625 2313 1756 2347 nefariis

1014 2364 1198 2397 hominibus
1229 2370 1259 2397 et
1291 2363 1430 2407 publicis
1451 2362 1590 2395 inimicis
1610 2373 1756 2405 quoquo-

1015 2414 1109 2447 modo
1127 2424 1159 2446 se
1183 2413 1323 2446 amicum
1346 2418 1496 2456 praestat,
1523 2422 1687 2454 genusque
1699 2412 1755 2444 ho-

1013 2463 1138 2495 minum
1175 2462 1364 2494 huiusmodi
1403 2460 1495 2494 facile
1529 2467 1751 2504 cognoscatur.

1012 2511 1092 2544 Eum
1126 2520 1256 2554 quoque
1289 2510 1344 2553 qui
1377 2519 1445 2542 sese
1472 2509 1503 2542 vi
1535 2515 1567 2542 et
1594 2514 1693 2550 metu,
1715 2509 1753 2541 ad

1013 2560 1216 2592 manifestum
1243 2563 1273 2592 et
1304 2559 1424 2591 instans
1456 2558 1538 2592 vitae
1570 2558 1752 2602 periculum
