2059 3228
178 312 219 346 .lii
235 311 424 346 ⁴Tridentini
445 324 510 347 non
527 320 720 359 repugnent,
743 313 931 346 aun-toritatc

148 360 150 364 ¹
180 366 372 410 apostolica,
395 372 506 400 tenore
526 368 756 411 praesentium,
776 366 933 410 approba-

184 429 257 453 mus
275 424 306 453 et
329 419 573 461 confirmamus,
599 432 637 455 ac
661 421 724 454 illis
757 426 931 464 perpetuae

184 477 216 506 et
239 472 428 506 inviolabilis
448 474 608 508 firmitatis
628 474 728 507 robur
747 473 929 511 adiit-inlus,

184 535 286 570 eaque
306 526 443 560 firmiter
462 527 623 560 observari
645 527 762 560 debere
783 526 931 560 decerni-

184 589 267 620 mus,
289 580 476 623 supplentes
501 591 613 614 omnes
632 586 662 614 et
681 580 826 622 singulos
853 580 932 612 iuris

184 637 215 666 et
232 632 306 666 sacti
326 633 481 674 desectus,
505 634 529 667 si
549 634 603 678 qui
625 634 731 667 forsan
752 633 931 666 intervenc-

180 685 248 719 rint
267 686 300 719 in
321 686 454 720 eisdem.

227 739 242 783 ἓ
266 738 299 772 3.
321 739 358 772 Et
377 740 592 773 nihilominus
620 739 796 784 praemissa
824 739 931 772 onmia

127 804 134 811 ·
182 797 214 826 et
232 792 371 837 singula,
388 799 487 837 prout
505 804 564 838 per
582 794 847 838 praedecessores
876 804 933 827 no-

182 851 275 887 stros,
294 846 518 891 imperatores,
539 857 630 891 reges
642 847 759 880 aliosve
770 847 932 891 principes

182 909 336 933 concessa
354 906 441 941 sunt,
463 901 638 945 apostolica
659 900 862 941 auctoritate,
884 907 931 933 te-

181 964 261 988 nore
280 954 513 999 praesentium,
539 954 578 987 de
602 965 684 988 novo
709 954 930 994 concedimus;

140 1043 144 1050 .
181 1017 219 1041 ac
238 1018 352 1041 omnes
375 1013 406 1041 et
425 1007 569 1051 singulos
589 1008 736 1041 doctores
761 1008 794 1040 in
814 1008 931 1041 artium

181 1060 366 1095 liberalium
386 1061 611 1105 philosophiae
631 1066 662 1094 et
677 1060 855 1094 medicinae
867 1062 934 1094 col-

181 1169 320 1210 suturos,
341 1169 459 1203 milites
479 1175 511 1203 et
524 1169 647 1213 equites
662 1175 804 1209 auratos,
821 1174 932 1202 aucto-

180 1222 274 1256 ritate
298 1222 486 1267 apostolica,
514 1223 700 1257 earumdem
722 1228 832 1256 tenore
842 1233 933 1267 prae-

181 1276 332 1317 sentium,
353 1287 514 1318 creamus,
537 1276 774 1317 constituimus,
802 1287 839 1309 ac
855 1276 934 1309 alio-

181 1339 256 1363 rum
275 1329 417 1363 militum
442 1335 473 1363 et
493 1329 640 1374 equitum
665 1334 853 1362 auratorum
871 1339 933 1362 nu-

181 1394 272 1418 mero
292 1389 323 1417 et
342 1383 506 1418 consortio
536 1383 755 1416 favorabiliter
782 1393 934 1426 aggrega-

181 1447 266 1479 mus,
288 1447 408 1481 eosque
420 1448 481 1482 pro
500 1437 620 1470 talibus
634 1436 760 1476 haberi,
772 1436 933 1470 nominari

182 1496 214 1524 et
235 1491 392 1535 reputari,
417 1501 545 1525 necnon
570 1490 721 1523 omnibus
744 1495 776 1523 et
799 1490 934 1533 singulis

182 1544 425 1588 praerogativis,
462 1544 638 1588 privilegiis
663 1550 694 1577 et
725 1543 935 1587 exemptioni-

181 1597 252 1639 bus,
272 1598 446 1639 favoribus,
469 1597 579 1641 gratiis
599 1603 629 1630 et
649 1597 794 1638 indultis,
816 1596 934 1640 quibus

183 1651 282 1686 ceteri
306 1651 426 1685 milites
457 1657 488 1685 et
511 1652 636 1695 equites
656 1651 761 1684 aurati
795 1651 834 1684 de
863 1651 934 1684 iure

182 1705 232 1739 vel
251 1705 485 1739 consuetudine
506 1712 561 1739 aut
585 1705 662 1738 alias
690 1704 935 1749 quomodolibet

182 1763 330 1801 utuntur,
369 1759 540 1804 potiuntur
564 1764 595 1792 et
627 1758 785 1802 gaudent,
812 1768 849 1791 ac
873 1757 932 1797 uti,

183 1812 281 1857 potiri
300 1818 330 1846 et
349 1813 490 1857 gaudere
514 1818 668 1857 poterunt
691 1810 937 1856 quomodolibet

183 1865 390 1908 infuturum,
407 1867 550 1910 gaudere
570 1866 672 1900 libere
693 1870 723 1899 et
743 1865 831 1898 licite
842 1864 936 1910 p‘osse

184 1924 216 1953 et
233 1919 350 1954 debere
365 1920 581 1954 decernimus.

230 1973 246 2018 ᾗ
263 1973 296 2008 h.
309 1974 348 2007 Et
366 1974 499 2018 insuper
509 1973 629 2007 eisdem
644 1972 832 2006 doctoribus
842 1981 937 2016 quos-

65 2070 267 2127 Vhss'ffmre
290 2081 405 2125 dignos
424 2091 493 2115 esse
526 2080 718 2125 putaverint,
749 2079 936 2112 huiusmodi

64 2133 176 2165 ”²⁸¹¹ss
190 2132 342 2176 dignitate
362 2139 393 2168 et
410 2134 547 2175 honore,
571 2144 645 2167 cum
666 2133 760 2167 solita
789 2132 938 2165 militaris

62 2186 66 2189 ’
164 2184 166 2186 ’
191 2186 310 2231 cinguli
328 2194 359 2222 et
370 2188 546 2222 calcarium
566 2187 795 2220 deauratorum
811 2185 937 2218 exhibi-

190 2240 290 2282 tione,
303 2241 495 2282 decorandi,
518 2247 549 2275 et
568 2241 707 2274 aliorum
738 2239 878 2272 militum
908 2244 938 2271 ct

192 2300 386 2338 equestnum
409 2295 553 2328 virorum
587 2293 699 2328 Ordini
729 2292 935 2335 aggregandi,

192 2349 321 2393 plenam
338 2354 370 2383 et
386 2348 535 2387 liberam,
562 2347 751 2380 auctoritate
773 2351 803 2378 et
824 2351 935 2378 tenore

194 2402 380 2446 praedictis,
420 2401 644 2435 auctoritatem
685 2406 715 2432 et
754 2398 936 2431 facultatem

194 2451 410 2486 concedimus.
446 2451 627 2489 Praeterea,
650 2448 738 2491 quod
772 2457 884 2479 omncs
908 2453 939 2479 et

194 2501 325 2544 singuli,
343 2500 377 2535 in
397 2498 542 2542 collegiis
560 2496 748 2531 huiusmodi
769 2496 808 2528 ad
830 2496 939 2528 docto-

195 2545 283 2583 riuus
301 2561 349 2583 ve¹
367 2547 545 2592 magisterii
569 2557 626 2579 scu
646 2545 871 2578 licentiaturae
885 2550 939 2576 aut

195 2598 274 2632 alios
296 2598 412 2642 gradus
436 2607 495 2642 pro
511 2602 657 2639 tempore
668 2593 820 2637 promoti,
834 2592 938 2625 omni-

194 2647 255 2681 bus
273 2654 301 2681 ct
325 2647 458 2690 singulis
472 2643 733 2683 antelationibus‚
748 2640 937 2686 privilegiis,

273 2698 348 2729 Ball.
368 2698 444 2729 Rom.
463 2697 518 2727 vot.
542 2694 612 2725 t'm:
785 2692 822 2721 55

181 1114 274 1159 legiis
293 1115 483 1149 huiusmodi
501 1120 679 1159 cooptatos,
701 1120 887 1160 praesentes
903 1120 934 1147 ct
953 1132 954 1137 =

68 2032 171 2071 sugga-
190 2037 339 2072 cumque,
368 2038 449 2071 quos
474 2027 606 2060 militari
636 2027 791 2069 dignitate
823 2031 853 2059 et
876 2025 958 2058 ho·-

798 259 972 284 cnr-:contus
986 259 1041 282 xm
1056 258 1102 281 PF.

974 311 1214 354 praerogativis,
1226 312 1437 353 libertatibus,
1450 311 1720 352 immunitatibus,

1612 245 1676 279 433
1734 254 1787 283 Aa.
1803 254 1832 283 c.
1850 254 1917 282 aasz

973 363 1243 406 exemptionibus,
1259 363 1719 407 praesumendis,honoribus,
1746 367 1754 373 ”

973 416 1190 455 lacunalibus,
1218 417 1341 457 gratiis,
1369 418 1531 451 favoribus
1555 423 1586 451 et
1610 417 1720 450 indul-

974 469 1024 509 tis,
1063 469 1181 512 quibus
1216 470 1270 502 alii
1305 471 1464 512 doctores,
1502 470 1656 504 licentiati
1691 475 1722 503 et

973 522 1121 564 graduati
1146 522 1179 554 in
1207 523 1466 567 quilmscumque
1492 524 1564 557 aliis
1587 524 1720 557 Univer-

973 575 1131 615 sitatihus,
1155 581 1217 608 tam
1252 577 1331 609 citra
1355 588 1451 620 quam
1473 578 1557 611 ultra
1582 583 1718 618 montes,

974 630 1011 662 ad
1037 630 1223 663 doctoratus
1247 631 1295 663 rel
1322 631 1498 671 magisterii
1530 637 1585 664 aut
1621 632 1721 665 licen-

975 683 1111 716 tiaturae
1145 684 1281 726 gradum
1307 684 1394 716 iuxta
1427 685 1556 718 illorum
1588 685 1668 717 ritus
1692 689 1723 718 et

973 747 1080 769 mores
1093 737 1247 781 promoti,
1270 737 1309 770 de
1330 737 1399 770 iure
1419 739 1468 770 rel
1489 738 1722 771 cousuetudine

973 794 1028 823 aut
1048 789 1125 823 alias
1138 790 1393 833 quomodolibet,
1421 796 1569 832 utuntur,
1596 791 1723 834 potiun-

974 850 1028 876 tur
1052 849 1084 876 et
1106 844 1258 885 gaudent,
1294 844 1354 884 uti,
1395 843 1491 887 potiri
1520 850 1551 877 et
1583 844 1724 887 gaudere

973 897 1006 930 in
1027 897 1180 930 omnibus
1200 903 1231 930 et
1249 908 1308 941 per
1332 896 1453 937 onmia,
1479 898 1612 941 perinde
1642 908 1678 929 ac
1698 897 1724 929 si

974 951 1175 993 doctoratus,
1214 950 1409 994 magisterii,
1448 950 1670 984 licentiaturae
1695 955 1725 983 et

974 1004 1053 1037 alios
1073 1005 1192 1047 gradus
1215 1004 1403 1037 huiusmodi
1428 1004 1461 1037 in
1491 1004 1611 1037 eisdem
1645 1003 1722 1036 Uni-

973 1058 1179 1091 versitatibus
1198 1058 1287 1091 iuxta
1306 1057 1439 1091 illorum
1463 1057 1544 1090 ritus
1564 1063 1594 1090 et
1619 1067 1724 1090 mores

975 1112 1203 1156 suscepissent,
1237 1112 1340 1145 libere
1371 1117 1402 1145 et
1432 1110 1518 1144 licitc
1551 1111 1675 1154 possint
1693 1115 1725 1143 et

973 1166 1111 1206 valeant,
1137 1165 1306 1210 praedicta
1324 1164 1514 1198 auctoritate
1534 1164 1722 1207 apostolica,

974 1219 1163 1252 earumdem
1183 1225 1297 1252 tenore
1306 1218 1539 1263 praesentium,
1554 1217 1724 1250 statuimus

975 1279 1005 1306 et
1025 1273 1226 1306 ordinamus.

1019 1327 1034 1370 ἓ
1066 1326 1097 1360 5.
1131 1326 1291 1365 Quocirca
1313 1325 1553 1359 venerabilibus
1572 1324 1726 1357 fratribus

975 1379 1221 1424 archiepiscopo
1258 1379 1466 1419 Bononiensi,
1506 1384 1537 1412 et
1574 1378 1726 1422 episcopo

974 1434 1136 1475 Imolensi‚
1163 1440 1194 1467 ct
1213 1434 1331 1467 dilecto
1351 1434 1418 1466 filio
1438 1433 1544 1466 abbati
1564 1437 1726 1465 monaste-

974 1488 1015 1520 rii
1039 1487 1071 1521 S.
1095 1488 1262 1532 Stephani,
1282 1487 1410 1521 Ordinis
1430 1487 1462 1520 S.
1485 1485 1651 1522 Benedicti
1666 1486 1722 1518 Bo-

975 1541 1155 1582 noniensis,
1188 1552 1247 1585 per
1278 1546 1463 1584 praesentes
1494 1539 1725 1573 committimus

975 1601 1006 1629 et
1030 1595 1221 1629 mandamus
1241 1600 1401 1638 quatenus
1434 1593 1496 1637 ipsi
1513 1593 1562 1626 vel
1582 1593 1647 1626 duo
1671 1597 1726 1625 aut

976 1660 1060 1682 unus
1081 1659 1206 1689 eorum,
1227 1659 1285 1691 per
1304 1659 1336 1681 se
1361 1648 1410 1681 vel
1431 1647 1531 1680 alium
1551 1657 1607 1679 seu
1630 1646 1721 1685 alios,

975 1708 1161 1747 praesentes
1176 1702 1299 1735 litteras
1316 1707 1347 1735 et
1359 1701 1391 1734 in
1405 1701 1450 1734 eis
1465 1706 1616 1734 contenta
1628 1710 1725 1743 quae-

977 1767 1130 1800 cumque,
1158 1756 1214 1789 ubi
1240 1762 1270 1788 et
1294 1755 1424 1799 quando
1444 1765 1525 1798 opus
1545 1753 1652 1794 suerit,
1688 1763 1725 1785 ac

976 1810 1104 1854 quoties
1120 1820 1178 1854 pro
1191 1814 1282 1853 parte
1293 1809 1463 1842 doctorum
1485 1807 1726 1852 praedictorum

976 1874 1034 1897 seu
1054 1863 1192 1897 alicuius
1222 1873 1336 1896 eorum
1371 1862 1510 1905 desuper
1530 1860 1650 1893 suerint
1674 1870 1726 1892 re-

977 1918 1101 1962 quisiti,
1123 1917 1312 1951 solemniter
1330 1915 1543 1960 publicantes,
1564 1924 1673 1958 elsque
1693 1913 1727 1945 in

978 1971 1163 2016 praemissis
1183 1971 1321 2004 efficacis
1340 1968 1535 2003 detensionis
1565 1967 1727 2011 praesidio

978 2025 1174 2065 assistentes,
1188 2024 1305 2057 faciant
1320 2022 1727 2064 auctoritatenostraprae-

978 2084 1084 2112 sentes
1114 2079 1237 2111 litteras
1261 2083 1292 2110 et
1316 2077 1348 2109 in
1369 2076 1415 2109 eis
1440 2081 1590 2108 contenta
1614 2074 1727 2107 huius-

979 2132 1066 2165 modi
1077 2132 1213 2165 firmiter
1224 2129 1397 2170 observari,
1421 2139 1458 2162 ac
1477 2128 1622 2169 singulos
1647 2137 1728 2171 quos

962 2191 1164 2230 praesentes
1186 2185 1312 2217 litterae
1341 2185 1559 2221 concernunt,
1586 2181 1650 2213 illis
1669 2191 1727 2224 pa-

980 2239 1072 2273 cifice
1092 2239 1155 2272 frui
1180 2245 1211 2271 et
1230 2237 1385 2281 gaudere;
1411 2246 1477 2268 non
1505 2234 1727 2278 permittentes

980 2304 1034 2326 cos
1058 2293 1198 2336 desuper
1216 2302 1275 2335 per
1293 2299 1516 2333 quoscumque
1542 2293 1653 2321 contra
1673 2298 1727 2321 ea-

980 2347 1128 2380 rumdem
1148 2345 1367 2389 praesentium
1381 2348 1526 2376 tenorem
1545 2341 1728 2386 quomodo-

979 2396 1059 2428 libet
1083 2393 1263 2433 molestari,
1291 2391 1543 2425 contradictores
1567 2391 1729 2434 quoslibet

981 2452 1011 2478 et
1031 2444 1167 2477 rebelles
1191 2453 1250 2485 per
1270 2452 1422 2474 censuras
1441 2447 1472 2474 et
1487 2451 1608 2484 poenas
1623 2441 1728 2473 eccle-

980 2493 1134 2532 siasticas,
1157 2490 1374 2534 appellatione
1386 2489 1577 2534 postposita,
1597 2499 1728 2533 compc-

981 2542 1119 2576 scendo;
1142 2551 1188 2579 ac,
1210 2539 1360 2581 legitimis
1387 2549 1485 2582 super
1503 2538 1554 2572 his
1572 2538 1729 2572 habendis

981 2591 1110 2624 servatis
1135 2588 1351 2632 processibus,
1378 2598 1530 2621 censuras
1550 2593 1582 2621 et
1608 2598 1730 2631 poenas

982 2640 1067 2683 ipsas
1086 2638 1182 2672 ctiam
1212 2637 1482 2671 iteratis-vicibus
1512 2636 1727 2683 aggravando,

1753 1340 1862 1364 Mandatur
1874 1346 1924 1364 exe-

1740 1375 1804 1394 0¹:110.
