2059 3228
24 199 27 202 ’
41 192 79 224 GK*
89 191 157 222 1³ss

24 298 159 355 3:¹¹2*ng
171 296 254 330 salus
273 301 301 329 et
317 295 463 329 Fenizius
483 296 628 336 Alfanus,
655 299 850 328 mercatores
876 293 920 326 la-

56 359 159 385 mma
171 359 243 389 nae,
267 359 334 382 sese
355 348 459 382 eidem
472 349 658 389 obtulerint,
672 354 702 381 et
715 352 840 391 paratos
852 356 919 379 esse

172 401 310 436 dixerint
335 401 365 434 id
386 411 468 434 onus
488 407 518 434 ct
539 401 622 434 hanc
647 411 756 434 curam
782 399 857 432 artis
876 400 921 431 la-

172 464 232 488 nae
262 459 292 487 et
322 454 408 487 illius
438 455 625 488 exercitium
657 454 689 486 in
710 453 825 486 dietam
860 452 920 485 Ur-

171 507 245 541 bem
266 507 506 547 introducendi,
527 513 558 540 et
577 513 611 540 ut
624 506 721 550 panni
738 506 921 539 cuiuscum-

172 571 236 605 que
255 561 382 604 generis
416 561 631 594 conficiantur
663 559 796 592 curandi
823 557 922 591 susei-

174 623 263 658 pere,
290 614 350 648 sub
380 614 417 647 iis
446 613 698 653 conditionibus,
721 611 870 656 capitulis
891 617 922 644 et

120 685 127 692 ·
174 666 310 707 statutis,
331 666 498 699 nimirum:

217 719 236 764 ξ
255 719 286 753 2.
309 719 398 759 Quod
420 731 478 763 per
497 719 662 753 Cameram
678 724 819 752 nostram
836 719 921 762 Apo-

45 772 319 828 ⁸23¹15211'13st01icam
340 773 512 806 duodecim
535 773 633 806 millia
646 779 734 806 scuta
752 772 797 805 eis
808 777 921 805 mutuo

37 835 142 861 ..nium
175 831 206 860 et
219 827 252 860 in
267 827 409 860 contanti
429 827 557 871 (idonee
577 838 635 871 per
655 837 708 860 eos
728 832 820 859 cauto
837 826 875 859 de
888 825 923 857 il-

175 879 214 913 lis
233 879 317 913 infra
336 881 447 914 decem
468 891 569 914 annos
599 880 744 924 proxime
769 885 923 912 venturos

175 933 395 976 restituendis)
410 934 575 967 darentur.

220 987 236 1030 ἓ
258 986 290 1020 3.
317 987 355 1020 Et
373 993 539 1030 praeterea
567 987 629 1020 alia
654 987 740 1020 mille
769 992 860 1020 scuta
887 997 923 1020 ex

36 1041 163 1097 ”ggffiss‘
176 1039 325 1085 pecuniis
339 1040 484 1073 eiusdem
501 1039 665 1079 Gamerae,
678 1040 717 1073 ad
733 1040 922 1073 satisfactio-

107 1088 114 1100 '
178 1103 251 1126 nem
281 1098 313 1127 et
340 1104 397 1127 seu
431 1093 693 1127 commoditatem
733 1093 923 1126 eorumdem

172 1145 344 1180 Alexandri
361 1152 394 1180 et
417 1146 535 1180 Fenizii
553 1157 612 1191 pro
637 1146 786 1180 aedificio
804 1157 924 1190 purga-

173 1200 285 1241 menti,
300 1201 396 1244 vulgo
415 1200 491 1234 dicti
507 1201 532 1234 il
546 1201 665 1243 Purqo,
685 1201 771 1245 quod
792 1201 924 1240 dudum,

174 1258 322 1297 tempore
342 1253 549 1297 pontificatus
569 1253 671 1287 seticis
692 1253 927 1287 recordationis

175 1305 223 1340 Pii
250 1306 309 1340 ΡΡ.
342 1306 376 1347 V,
409 1307 665 1350 praedecessoris
684 1307 798 1347 nostri,
827 1318 927 1351 prope

119 1351 125 1358 ’
177 1360 300 1394 fontem
327 1359 422 1393 Trivii
449 1360 488 1394 de
513 1360 596 1394 Urbe
628 1366 779 1404 coeptum
805 1360 875 1400 suit,
896 1366 927 1394 et

179 1412 338 1447 tincturae
367 1424 404 1447 ac
424 1413 646 1448 instrumentis
670 1415 710 1447 ad
731 1414 850 1447 dictam
875 1425 927 1447 ar-

179 1471 244 1501 tem
273 1468 487 1508 necessariis,
525 1468 632 1502 statim
669 1473 927 1512 exponerentur3

177 1530 239 1554 nec
258 1515 319 1565 ips'i
340 1521 518 1555 Alexander
538 1529 569 1555 et
589 1522 734 1555 Fenizius
758 1522 796 1554 ad
810 1522 926 1554 horum

179 1573 279 1615 mille,
302 1585 362 1608 nec
379 1575 516 1608 aliorum
538 1575 626 1609 mille
650 1582 828 1614 scutorum,
847 1586 930 1619 quae

181 1632 326 1672 tempore
353 1628 517 1672 praedicto
539 1639 597 1672 pro
620 1630 732 1662 eodem
751 1628 897 1662 aedificio
914 1639 932 1661 a

183 1680 270 1730 dicta
288 1680 421 1715 Camera
430 1682 505 1715 data
524 1683 626 1723 suere,
649 1682 741 1716 aliter
761 1682 932 1716 restituere

182 1738 372 1768 tenerentur
385 1761 394 1776 ,
413 1735 466 1768 sed
484 1735 551 1779 ipsa
571 1736 620 1769 bis
641 1735 728 1768 mille
747 1742 835 1769 scuta
846 1746 935 1769 com-

187 1786 285 1821 modo
304 1793 336 1822 et
348 1787 507 1823 beneficio
527 1789 631 1822 dictae
651 1789 727 1822 artis
740 1789 871 1823 omnino
885 1800 936 1823 ce-

186 1840 312 1875 derent.

228 1894 245 1938 5
267 1893 300 1928 4.
326 1894 364 1928 Et
382 1900 498 1929 statuta
525 1896 651 1939 collegii
679 1896 744 1930 sive
774 1896 936 1930 societatis

53 1950 109 2002 Ἓξ·
122 1950 173 1971 ·“““
186 1954 404 1982 mercatorum
438 1950 514 1983 artis
538 1949 630 1983 lanae
651 1950 832 1983 huiusmodi
860 1961 936 1984 nec-

103 1998 109 2007 '
187 2012 251 2035 non
271 2007 388 2036 statuta
411 2009 443 2036 et
472 2003 533 2037 alia
553 2005 728 2048 praemissa
756 2004 834 2049 ipsis
859 2015 936 2038 con-

187 2055 408 2089 firmarentur.

231 2109 248 2152 5
281 2109 313 2143 5.
348 2109 413 2143 Nec
449 2110 503 2154 qui
545 2110 584 2144 de
614 2110 697 2144 dicta
726 2117 795 2145 arte
830 2117 937 2145 essent

57 2163 177 2218 &taff-:f
190 2167 388 2203 tenerentur,
417 2174 476 2208 pro
503 2175 616 2197 eorum
647 2165 775 2198 creditis
804 2175 937 2198 concer-

73 2226 178 2264 humata·-
189 2215 339 2249 uentibus
363 2216 530 2250 materiam
559 2223 590 2251 et
625 2218 813 2251 exercitium
848 2219 938 2252 lanae

69 2262 179 2312 '’fess'ffl
190 2274 286 2313 atque
315 2269 472 2303 tincturae
502 2270 636 2315 eiusque
662 2271 819 2311 membra,
841 2272 939 2305 deco-

191 2322 250 2356 ctis
269 2322 481 2364 debitoribus,
503 2335 576 2357 cum
588 2324 658 2357 aliis
669 2325 883 2358 creditoribus
894 2325 939 2357 di-

138 2371 146 2379 “
191 2377 339 2405 scutere:
361 2371 415 2405 sed
435 2383 562 2416 semper
586 2374 820 2416 praeferantur,
845 2380 940 2416 prout

193 2426 224 2454 et
234 2420 506 2467 quemadmodum
525 2428 720 2455 mercatores
736 2422 834 2464 Ripae
851 2432 941 2465 prae-

195 2469 353 2502 seruntur.

809 187 911 212 Stxrt'S
930 188 949 211 V
967 187 1016 211 PF.

1601 172 1663 208 639
1720 180 1774 209 An.
1791 179 1820 208 G.
1836 179 1906 209 1585

960 237 1036 271 artis
1055 236 1146 270 lanae
1167 238 1204 270 ad
1226 233 1290 271 tres
1309 231 1408 271 annos
1419 236 1582 281 proximos
1591 241 1622 269 et
1633 245 1709 270 con·
1748 240 1852 263 Gom-²¹⁶·
1865 241 1907 262 ¹¹¹²-

962 291 1068 323 tinuos
1099 291 1390 329 confirmarentur,
1423 296 1455 323 ut
1475 290 1518 323 sic
1543 289 1659 323 melius
1678 293 1710 322 et
1722 280 1754 326 ἐἶ’
1792 274 1908 325 tiiemnssi'iii

962 343 1163 377 commodius
1185 344 1243 387 ipsi
1267 346 1400 377 sormam
1418 350 1447 376 et
1464 343 1708 376 modumintro-
1723 335 1884 362 ⁰⁰¹¹“mfflu'3

963 396 1103 429 ducendi
1123 402 1222 430 artem
1244 404 1274 430 et
1296 398 1480 430 exercitium
1502 397 1593 429 lanae
1614 401 1710 440 atque

962 449 1132 490 tincturae,
1156 461 1228 483 cum
1249 450 1313 483 suis
1333 450 1463 483 annexis
1483 449 1711 493 etdependen-

963 503 1026 543 tiiS‚
1055 504 1193 543 tradere,
1214 514 1251 536 ac
1271 509 1386 536 statuta
1398 503 1523 545 collegii
1537 503 1600 537 sive
1610 503 1712 536 socie·

964 556 1036 589 tatis
1052 557 1234 600 praedictae
1254 557 1293 589 ad
1318 567 1409 589 usum
1431 562 1461 589 et
1475 556 1710 590 observantiam

964 610 1134 642 reducere.

1007 663 1021 707 ἓ
1046 663 1077 696 7.
1104 663 1168 696 Nec
1188 663 1352 707 praedicta
1373 663 1543 696 duodecim
1564 662 1664 696 millia
1680 668 1712 696 et

963 717 1026 750 alia
1056 717 1144 750 mille
1177 723 1267 750 scuta
1296 717 1372 761 ipsis
1392 717 1570 749 Alexandro
1599 721 1629 749 et
1653 716 1711 749 Fe-

964 770 1047 804 nizio
1080 781 1139 814 per
1172 771 1381 804 succedentes
1405 771 1450 803 eis
1480 771 1628 804 consules
1657 775 1713 803 aut

964 824 1046 857 alios
1088 835 1309 869 quoscumque
1343 825 1446 858 dictae
1480 824 1556 857 artis
1590 824 1709 857 auferri

964 884 1105 922 possent.

1008 933 1023 976 5
1047 932 1078 965 8.
1106 931 1261 976 Quodque
1281 932 1429 965 consules
1449 931 1633 964 huiusmodi
1653 941 1711 975 pro
1725 931 1911 985 κῃὲἳηῗῖῖιξῦῃῖζ

964 990 1109 1028 tempore
1138 985 1308 1018 existentes
1337 995 1574 1028 quemcumque
1596 985 1626 1017 in
1648 985 1712 1017 ulla
1727 996 1911 1031 sessoremque-

965 1038 1111 1071 asslictiva
1131 1049 1246 1082 poena,
1268 1038 1362 1072 etiam
1384 1038 1417 1070 in
1438 1049 1532 1071 causa
1553 1037 1712 1071 criminali
1726 1032 1759 1047 ¹¹¹⁵
1774 1026 1889 1052 “¹⁰¹⁰‘¹'¹⁸⁵

964 1092 1012 1124 vel
1033 1092 1142 1133 mixta,
1160 1093 1279 1136 absque
1290 1097 1363 1125 voto
1375 1091 1541 1125 assessoris
1554 1092 1710 1135 ipsorum,

966 1157 1000 1178 ex
1016 1146 1164 1179 omnibus
1179 1146 1233 1189 qui
1250 1147 1287 1179 de
1304 1146 1389 1179 dicta
1404 1151 1470 1179 arte
1491 1144 1651 1178 extiterint
1675 1145 1715 1178 ad

967 1206 1093 1244 tempus
1120 1200 1165 1232 eis
1195 1199 1277 1232 bene
1297 1199 1398 1232 visum
1420 1198 1572 1242 eligendi,
1596 1198 1714 1231 conde-

968 1264 1079 1286 mnare
1100 1253 1283 1297 nequirent.

1012 1308 1026 1350 ς
1050 1307 1081 1340 9.
1109 1307 1146 1340 Et
1166 1313 1278 1340 eontra
1294 1317 1369 1340 vero
1389 1306 1465 1340 dicti
1483 1306 1661 1339 Alexander
1685 1310 1717 1339 et
1741 1314 1844 1336 eonium
1862 1314 1913 1350 qm

968 1361 1113 1394 Fenizius
1130 1361 1261 1404 obligati
1281 1366 1384 1395 essent
1396 1361 1471 1394 dare
1489 1361 1596 1393 lanam
1615 1360 1717 1393 omni·
1730 1346 1795 1398 ’,ζ”,ῗῑῗω
1807 1345 1912 1397 ρῖἳῐῗῇῗξ

968 1415 1028 1447 bus
1043 1414 1080 1448 iis
1093 1415 1148 1458 qui
1168 1415 1327 1448 voluerint
1347 1414 1400 1447 tali
1421 1414 1571 1448 exercitio
1591 1425 1715 1454 vacare,
1730 1408 1861 1434 „canutam

970 1469 1168 1502 observando
1195 1475 1311 1501 statuta
1331 1479 1367 1502 ac
1394 1468 1545 1512 praestita
1571 1468 1719 1501 cautione

971 1523 1009 1555 de
1031 1522 1226 1555 restituendo
1246 1523 1351 1555 valore
1372 1522 1462 1555 lanae
1483 1521 1513 1554 in
1536 1521 1720 1554 terminoab

972 1575 1049 1619 ipsis
1069 1576 1256 1609 consulibus
1277 1575 1463 1614 statuendo,
1483 1580 1514 1607 ut
1528 1575 1571 1607 sic
1584 1574 1720 1618 capitale

973 1636 1002 1663 et
1030 1640 1147 1673 corpus
1171 1635 1327 1674 perpetuo
1347 1628 1449 1662 eidem
1471 1627 1621 1661 Gamerae
1642 1638 1720 1660 con-

974 1690 1164 1716 servaretur.

1019 1738 1033 1780 ξ
1058 1737 1110 1771 10.
1138 1737 1272 1780 Insuper
1292 1734 1721 1778 tenerenturpraedietiAle·
1759 1744 1841 1766 certum
1867 1750 1917 1779 ppu-

975 1790 1095 1823 xander
1120 1796 1148 1824 et
1178 1790 1332 1829 Fenizius,
1353 1790 1457 1822 statim
1487 1788 1603 1821 habitis
1627 1787 1720 1820 dictis
1734 1777 1919 1832 {²2⁰ff'nqfflgssiss

975 1845 1134 1888 per-umis,
1158 1844 1300 1887 incipere
1321 1845 1424 1876 faeere
1441 1848 1469 1875 et
1491 1842 1662 1880 conficere,
1683 1851 1719 1873 ac
1734 1838 1918 1894 ἓὲἓῑεζζὲηω·

976 1897 1047 1930 sieri
1068 1904 1097 1931 et
1119 1898 1232 1931 confit-i
1250 1898 1353 1930 facere
1375 1897 1425 1929 liic
1451 1895 1481 1928 in
1502 1896 1586 1928 Urbe
1598 1905 1721 1938 pannos

978 1952 1209 1995 cuiuscumque
1238 1950 1374 1992 generis,
1407 1957 1434 1982 et
1458 1950 1488 1981 in
1514 1949 1620 1993 specie
1645 1958 1723 1981 con-

978 2006 1073 2038 ticere
1095 2012 1125 2038 et
1146 2005 1301 2037 fabricare
1323 2003 1455 2047 singulis
1474 2003 1577 2042 annis,
1591 2007 1724 2046 excepto

979 2059 1085 2102 primo
1106 2069 1190 2091 anno
1204 2058 1361 2090 dictorum
1384 2058 1506 2096 decem,
1520 2055 1726 2099 quolibetre—

980 2113 1140 2155 liquorum
1163 2122 1273 2144 novem
1292 2122 1463 2149 annorum,
1478 2116 1606 2143 centum
1624 2108 1726 2153 petias

980 2175 1173 2209 pannorum,
1196 2170 1228 2197 ut
1249 2164 1371 2203 dicunt,
1395 2164 1578 2204 mix-torum,
1593 2162 1726 2206 etquin-

980 2219 1130 2261 quaginta
1157 2228 1337 2260 pannorum
1372 2216 1618 2259 exqui>itorum,
1649 2214 1727 2247 alias

981 2273 1134 2310 tinorum,
1157 2276 1200 2312 et·
1219 2271 1473 2314 vigintiquinque
1502 2269 1727 2312 stameggiato—

982 2336 1051 2358 rum
1082 2325 1248 2365 nigrorum
1279 2324 1372 2366 guadi
1403 2324 1440 2355 de
1469 2323 1670 2366 septuaginta
1694 2323 1727 2355 in

982 2374 1177 2415 octuaginta,
1218 2379 1248 2405 ut
1283 2379 1410 2411 vocant,
1442 2383 1622 2416 pannorum
1652 2383 1728 2406 vero

983 2423 1251 2455 monachium-um
1282 2422 1376 2454 etiam
1399 2421 1652 2465 vigintiquinque
1673 2433 1729 2465 pc-

983 2473 1053 2509 tias,
1082 2478 1109 2504 et
1141 2472 1270 2504 totidem
1302 2471 1434 2510 rasciae,
1458 2482 1492 2503 ae
1515 2471 1616 2514 petias
1635 2471 1731 2516 quin-

1762 673 1855 696 Pecunia
1868 679 1911 701 1³0-

1725 710 1764 727 nes
1774 711 1812 728 eos
1825 707 1912 732 exi-ku

238 2518 254 2562 ἓ
277 2518 310 2552 6.
335 2518 482 2563 Dictique
502 2520 678 2553 Alexander
698 2526 728 2553 et
744 2521 887 2555 Fenizius
905 2533 941 2555 ac
983 2521 1134 2564 quaginta
1155 2521 1297 2553 saiettae.
1320 2520 1388 2552 Non
1403 2526 1647 2564 possentautem
1662 2520 1728 2553 ullo

196 2576 260 2613 prov
284 2573 431 2612 tempore
456 2569 624 2603 existentes
657 2571 805 2604 consules
839 2571 942 2604 dictae
984 2571 1092 2609 modo,
1111 2580 1168 2612 pro
1189 2569 1304 2612 pannis
1323 2568 1548 2613 stameggiatis,
1563 2568 1729 2602 monachi-
