2059 3228
45 219 52 230 '
76 210 148 266 tc.
162 215 232 264 ffia'e

59 2510 62 2513 ”
106 2524 131 2546 ,ιο
146 2520 214 2544 subur.

898 237 1001 262 Stst
1020 238 1039 262 V
1062 238 1111 262 1²1².

245 293 301 320 :nit
331 294 440 322 contra
462 291 630 324 statuentis
654 296 830 336 contraque
852 291 996 325 facientis

245 341 380 382 obitum,
400 343 536 376 libet-nm
548 356 616 377 csse
630 345 882 386 successoribus,
895 356 930 379 ea
943 345 994 378 dc-

246 395 407 437 rogationc
429 402 456 428 et
487 397 653 440 quibusvis
677 398 748 430 aliis
772 410 854 442 quac
882 404 993 431 contra

243 452 359 482 statuta
380 455 453 482 sunt
482 460 544 482 non
572 451 784 490 obstantibus,
812 463 869 495 pro
895 463 993 496 pecu-

244 500 294 533 nia
325 508 434 535 contra
458 503 553 535 liuius
574 504 811 537 constitutionis
835 505 993 548 praescri-

242 559 331 598 ptum
353 562 479 598 sumpta
500 568 536 589 ac
557 557 744 601 deprompta
759 559 989 601 recuperanda,

241 607 392 640 adversus
412 609 573 642 Pontiticis
594 610 775 650 derogantis
796 613 993 644 etcontrasa-

241 660 356 693 cientis
377 668 404 694 et
432 663 642 695 cardinalium
676 663 759 696 idem
789 665 991 697 consentien-

241 713 319 746 tium
340 721 486 759 posteros
506 727 559 748 seu
573 715 762 750 coniunctos
779 727 903 757 oanS‚
922 718 992 761 qui-

239 766 300 800 bus
328 768 367 800 ab
396 767 465 810 ipso
496 768 650 802 Pontifice
679 775 734 802 aut
770 770 990 804 cardinalibus

239 818 323 852 bona
342 820 454 864 quovis
475 821 567 854 titulo
587 822 634 854 vel
655 822 766 866 quavis
784 823 907 857 ratione
931 824 989 856 ol)-

238 874 400 914 venerint,
434 886 540 918 agere,
571 881 601 908 et
629 876 862 919 possessionem
890 878 990 910 bono-

238 937 322 967 rum,
344 937 426 970 qnae
440 928 479 960 ad
497 928 582 971 ipsos
605 936 750 973 posteros
770 930 986 973 pervenerint,

237 979 370 1024 adipisci
383 981 588 1024 retinerique,
603 983 705 1016 donec
721 983 875 1027 quiequid
888 995 987 1027 pecu-

237 1033 309 1066 niae
329 1033 556 1078 depromptum
583 1041 638 1075 est,
664 1036 694 1068 id
724 1047 819 1069 omne
841 1037 870 1069 in
897 1048 987 1071 aera-

237 1086 321 1119 rium
341 1087 499 1121 reseratur
518 1094 548 1121 et
569 1088 772 1129 restituatur3
800 1096 894 1134 atque
916 1091 987 1134 ipsa

236 1139 332 1182 bona,
354 1140 379 1174 si
399 1152 462 1184 quo
483 1143 591 1183 modo,
612 1147 647 1175 ut
667 1153 764 1187 supra
784 1143 907 1176 dictum
929 1149 986 1185 est,

235 1204 252 1226 a
264 1193 365 1227 forma
383 1205 440 1238 per
455 1206 512 1228 nos
529 1195 702 1228 constituta
716 1196 823 1229 recedi
844 1197 986 1240 contige-

235 1246 288 1288 rit,
305 1247 490 1281 huiusmodi
512 1249 699 1291 obligationi
720 1254 812 1292 atque
824 1250 914 1283 oneri
931 1251 986 1283 oh·
1025 1263 1051 1268 ’-

234 1300 330 1334 noxia
358 1306 389 1334 et
412 1302 537 1334 addicta
561 1312 628 1335 esse
654 1303 812 1343 volumus,
835 1303 982 1342 singulis,

234 1364 316 1398 quae
340 1353 373 1387 in
393 1355 510 1388 nostris
527 1356 648 1389 litteris
667 1357 826 1389 adversari
854 1363 984 1400 possent
1025 1369 1050 1375 ··

234 1408 281 1440 vel
299 1409 530 1452 quoquomodo
555 1409 677 1450 obesse,
696 1411 824 1454 penitus
848 1411 982 1444 remotis

232 1471 270 1494 ac
288 1472 353 1495 non
369 1463 580 1496 obstantibus.

275 1514 290 1559 ἓ
313 1514 367 1550 15.
394 1515 479 1549 Nulli
501 1527 577 1558 ergo
602 1517 735 1550 omnino
756 1517 926 1551 hominum
943 1518 981 1551 li-

206 1574 303 1602 -ceat
324 1569 408 1602 hanc
438 1570 588 1613 paginam
620 1577 748 1603 nostrae
774 1571 980 1605 constitutio—

232 1621 301 1662 nis,
320 1622 562 1662 collocationis,
585 1623 811 1666 repositionis,
838 1635 980 1658 asserva-

232 1675 339 1716 tionis,
366 1675 603 1719 assignationis,
640 1677 820 1717 oblationis,
845 1677 980 1711 dicatio-

232 1729 292 1768 nis,
311 1729 532 1769 abdicationis,
547 1730 779 1772 promissionis,
791 1730 978 1772 iuramenti,

229 1782 307 1824 voti,
337 1783 557 1827 professionis,
584 1783 770 1824 sanctionis,
799 1785 979 1818 adstrictio-

230 1846 322 1874 num,
362 1837 581 1877 decretorum,
615 1843 821 1878 statutorum,
852 1838 980 1871 ordina-

230 1889 339 1931 tionis,
360 1890 551 1931 iussionum,
574 1891 802 1924 admonitionis
821 1897 852 1924 et
868 1892 980 1925 volun-

229 1947 331 1977 tatum
364 1943 539 1987 insringere
570 1945 618 1977 vel
639 1944 667 1977 ei
697 1955 775 1977 ausu
807 1946 978 1979 temerario

230 1997 404 2031 contraire.
436 1997 468 2030 Si
492 1998 564 2040 quis
596 2003 703 2030 autem
733 1998 795 2030 hoc
819 2003 977 2032 attentare

231 2051 502 2094 praesumpserit,
540 2051 794 2093 indignationem
828 2053 977 2096 omnipo—

229 2102 324 2137 tentis
351 2103 406 2137 Dei
440 2116 477 2138 ac
504 2106 672 2138 beatorum
706 2105 790 2138 Petri
824 2111 854 2138 et
886 2106 975 2139 Pauli

229 2158 447 2200 apostolorum
473 2158 540 2191 eius
561 2169 592 2190 se
618 2159 740 2191 noverit
756 2159 973 2192 incursurum.

272 2210 387 2244 Datum
410 2211 529 2244 Romae
550 2213 634 2255 apud
659 2212 810 2245 Sanctum
831 2213 974 2255 Petrum,

230 2273 314 2296 anno
343 2264 576 2297 incarnationis
601 2265 781 2298 dominicae
806 2266 975 2300 millesimo
1018 2267 1033 2286 ·'

229 2316 485 2360 quingentesimo
509 2319 727 2361 octuagesimo
755 2325 852 2360 sexto,
872 2320 975 2353 unde-

229 2369 313 2402 cimo
339 2369 492 2403 kalendas
525 2371 608 2411 maii,
643 2371 848 2415 pontificatus
877 2373 976 2406 nostri

228 2427 313 2451 anno
333 2429 355 2452 1.

271 2468 300 2509 ἦ·
323 2467 388 2510 Ego
400 2467 519 2507 Sinus,
538 2469 714 2501 catholicae
729 2469 887 2502 [helesiae
910 2470 975 2514 epi-

227 2524 357 2560 scopus,
381 2517 546 2559 promitto,
569 2528 664 2549 voveo
685 2524 713 2550 et
735 2518 818 2550 iuro.
954 2530 971 2545 υ

277 2564 324 2599 ΒΕ
347 2575 467 2598 vetunt:
494 2576 601 2598 nirrnis
627 2577 697 2599 unse
716 2577 754 2600 τυ
781 2577 815 2600 es
839 2567 922 2600 Deus

454 2624 633 2649 rnorsscron
653 2625 745 2650 MEUS.

1678 226 1741 261 690

1037 293 1066 333 ἦ·
1089 290 1154 333 Ego
1174 291 1209 325 Α.
1222 291 1396 326 cardinalis
1415 291 1596 331 Farnesius,
1614 290 1786 336 episeopus

1080 342 1214 385 ostien,
1224 344 1533 386 viee-cancellarius,
1551 344 1718 388 promitto,
1733 355 1787 379 vo-

1078 406 1136 429 vco
1161 402 1191 429 et.
1212 397 1296 431 iuro.

1034 451 1062 492 ἢ·
1085 450 1150 492 Ego
1175 450 1308 483 lacobus
1336 451 1506 484 cardinalis
1526 452 1684 492 Sabellus,
1714 452 1784 498 epi-

1079 513 1197 546 scopus
1212 503 1410 544 Portuensis,
1428 504 1598 548 promitto,
1625 515 1723 539 voveo
1751 510 1785 539 et

1079 556 1163 589 iuro.

1032 611 1060 652 †
1084 609 1149 652 Ego
1169 609 1305 643 Ioannes
1325 610 1482 643 Antonius
1495 611 1666 645 cardinalis
1675 611 1781 646 Sancti

1077 663 1223 705 Georgii,
1252 664 1423 707 episcopus
1456 665 1674 706 Tusculanus,
1705 675 1780 709 pro-

1078 716 1181 755 mitto,
1203 727 1300 749 voveo
1320 722 1351 749 et
1370 716 1453 749 iuro.

1031 771 1058 810 >1-
1083 768 1148 812 Ego
1169 769 1212 802 lo.
1230 769 1421 802 Franciscus
1434 770 1606 804 cardinalis
1625 772 1665 804 de
1684 771 1780 805 Gam-

1074 822 1164 863 bara,
1177 822 1348 866 episcopus
1363 823 1600 864 Praenestinus,
1612 825 1777 868 promitto,

1074 886 1172 909 voveo
1193 881 1224 908 et
1247 876 1330 909 iuro.

1028 930 1056 970 ἦ·
1079 929 1146 972 Ego
1161 929 1200 962 M.
1222 929 1253 963 S.
1267 929 1440 963 cardinalis
1455 930 1495 963 de
1512 931 1674 976 Altaemps
1702 943 1778 976 pro-

1073 982 1173 1023 mitto,
1192 993 1291 1016 voveo
1312 989 1341 1016 ct
1362 982 1446 1017 iuro.

1027 1036 1054 1077 ᾗ·
1078 1035 1144 1078 Ego
1163 1035 1292 1069 Innicus
1317 1036 1432 1069 Avalus
1451 1036 1623 1070 cardinalis
1639 1037 1678 1070 de
1697 1039 1776 1070 Ara-

1070 1089 1165 1131 gonia
1190 1089 1356 1133 promitto,
1379 1099 1478 1123 voveo
1499 1095 1530 1123 et
1546 1091 1628 1123 iuro.

1043 1156 1054 1161 -
1077 1142 1142 1185 Ego
1162 1142 1288 1176 Marcus
1305 1141 1463 1175 Antonius
1477 1143 1654 1176 ‘cardinalis
1679 1144 1775 1177 Colu-

1070 1206 1144 1229 mna
1163 1195 1329 1240 promitto,
1356 1207 1454 1230 voveo
1479 1202 1510 1229 et
1528 1197 1612 1230 iuro.

1077 1249 1142 1291 Ego
1168 1249 1201 1282 P.
1230 1249 1404 1282 cardinalis
1430 1250 1680 1284 Sanctacrucius
1704 1261 1775 1295 pro—

1069 1302 1173 1343 mitto,
1194 1312 1292 1336 voveo
1317 1308 1347 1336 et
1371 1303 1455 1336 iuro.

1075 1355 1124 1388 Fr.
1149 1355 1283 1389 lllicliael
1294 1356 1444 1390 Bonellus
1459 1357 1630 1390 cardinalis
1640 1357 1772 1390 Alexan-

1067 1408 1179 1442 drinus
1199 1409 1364 1453 promitto,
1386 1421 1482 1443 voveo
1507 1416 1538 1443 et
1556 1410 1639 1443 iuro.

1001 1462 1049 1503 νζ*
1073 1462 1138 1505 Ego
1167 1463 1347 1496 Ludovicus
1380 1463 1551 1496 cardinalis
1590 1464 1771 1498 Mudrucius

1066 1517 1233 1559 promitto,
1255 1528 1352 1550 voveo
1372 1523 1403 1550 et
1419 1517 1503 1550 iuro.

1023 1571 1039 1610 -ζ
1067 1570 1132 1612 Ego
1152 1570 1187 1603 N.
1211 1570 1383 1603 cardinalis
1396 1570 1590 1604 Senonensis
1601 1571 1766 1615 promitto,

1063 1634 1162 1656 voveo
1179 1629 1211 1657 et
1229 1624 1313 1657 iuro.

1022 1677 1049 1718 ·1-
1071 1677 1172 1710 lulius
1190 1677 1350 1710 Antonius
1370 1677 1542 1710 cardinalis
1562 1678 1695 1711 Sanctae
1712 1679 1767 1711 Se-

1062 1731 1191 1764 verinae
1211 1731 1378 1774 promitto,
1401 1742 1499 1764 voveo
1519 1737 1548 1763 et
1575 1732 1659 1764 iuro.

1020 1784 1048 1825 †
1069 1784 1101 1816 P.
1126 1784 1297 1818 cardinalis
1325 1785 1454 1818 Caesius
1479 1785 1642 1828 promitto,
1670 1796 1765 1818 voveo

1068 1844 1093 1871 et
1111 1838 1194 1872 iuro.

1020 1892 1047 1932 ᾗ·
1068 1892 1133 1934 Ego
1158 1892 1370 1936 Hieronymus
1380 1891 1549 1925 cardinalis
1561 1892 1765 1925 Rustiencius

1063 1945 1226 1989 promitte,
1248 1956 1345 1978 voveo
1366 1952 1394 1978 ct
1414 1946 1497 1977 iuro,

1019 1999 1043 2040 ἐς
1068 1999 1132 2041 Ego
1156 1999 1200 2032 Io.
1215 1998 1764 2042 IIIcronyn‘mscardinalisAllianus

1059 2052 1224 2096 promitto,
1247 2063 1343 2085 voveo
1363 2057 1393 2084 et
1418 2052 1499 2084 iuro.

1019 2119 1030 2125 ·
1068 2105 1132 2147 Ego
1157 2105 1325 2149 Philippus
1359 2106 1626 2147 Brmcornpagnus
1657 2105 1763 2137 cardi-

1060 2159 1142 2191 nalis
1161 2158 1268 2192 Sancti
1302 2158 1377 2190 Sixti
1413 2158 1564 2201 promitto
1581 2184 1588 2196 ,
1609 2168 1705 2190 voveo
1734 2163 1764 2190 et

1060 2211 1144 2245 iuro.

1028 2294 1034 2307 ,
1067 2266 1132 2304 Ego
1158 2265 1370 2309 {lieronymus
1391 2264 1561 2296 cardinalis
1585 2264 1762 2298 Simoncel-

1060 2319 1109 2352 lus
1127 2318 1292 2362 promitto,
1315 2329 1410 2350 voveo
1430 2323 1456 2350 et
1481 2317 1563 2349 iuro,

1017 2375 1033 2415 »ζ
1066 2373 1100 2405 Ρ.
1130 2372 1302 2405 cardinalis
1328 2372 1408 2404 Deza
1428 2370 1594 2414 promitto,
1617 2381 1713 2403 voveo
1733 2376 1763 2404 et

1060 2432 1142 2454 mro.

1067 2471 1131 2510 Ego
1157 2469 1311 2502 Antonius
1345 2468 1516 2502 cardinalis
1535 2468 1656 2501 Caratl'a
1686 2478 1762 2510 pro-

1060 2519 1164 2558 mitto,
1186 2528 1281 2551 voveo
1302 2523 1332 2550 et
1352 2518 1436 2550 iuro.

1016 2570 1043 2610 ἢ·
1068 2568 1132 2610 Ego
1158 2568 1201 2599 Io.
1238 2567 1393 2600 Antonius
1427 2565 1599 2599 cardinalis
1633 2565 1763 2598 Sancto-

1060 2627 1132 2649 rum
1152 2616 1295 2657 Quatuor
1314 2615 1478 2660 promitto,
1505 2625 1601 2649 voveo
1621 2621 1652 2648 et
1676 2614 1758 2648 iuro.

1027 2473 1043 2490 '⁴

1017 2485 1033 2512 Ἰ

1802 235 1854 264 An.
1871 235 1900 263 C.
1919 236 1986 264 ¹586

1846 296 1985 319 cardinalium

1800 327 1940 354 nunubncrtpt.
