2059 3228
59 2472 80 2497 ’,ῆι

45 2218 87 2282 ἱῖ;
64 2182 71 2196 .,
58 2091 74 2132 n<

60 2424 73 2449 ·.-
58 2295 77 2394 ἄμης,

76 2402 84 2414 ⁷
78 2339 85 2371 ..
80 2291 90 2298 2

212 323 287 356 larii
305 323 410 356 dictae
429 321 597 355 Socii-tatis
620 322 666 354 vel
695 320 813 355 notarii
839 318 961 364 publici

212 377 414 420 subscriptis,
437 382 467 409 et
491 376 595 419 sigillo
625 375 799 420 praepositi
827 384 960 417 genera-

213 429 251 463 lis
269 430 414 464 eiusdem
435 429 604 463 Societatis
622 429 671 462 vel
692 428 825 462 alterius
848 438 959 471 perso-

212 494 271 517 nae
288 483 320 517 in
341 483 497 527 dignitate
523 483 740 517 ecclesiastica
765 482 959 515 constitutae

211 537 355 578 munitis,
375 538 486 571 eadem
505 538 637 571 omnino
658 537 736 570 fides
755 535 958 575 adhibeatur,

210 590 242 623 in
263 590 382 624 iudicio
400 597 431 624 et
451 591 641 631 extraillud,
656 600 739 633 quae
749 589 866 622 litteris
882 588 959 632 ipsis

209 643 421 686 originalibus
439 644 626 686 haberetur,
644 643 670 677 si
681 648 788 678 essent
798 641 957 675 exhibitae

208 697 256 730 vel
277 703 435 731 ostensae.

250 749 337 784 Nulli
357 757 435 794 ergo
455 755 514 785 etc.

250 803 367 837 Datum
417 804 537 838 Romae
581 804 668 849 apud
703 803 857 837 Sanctum
897 802 956 835 Pe-

207 863 306 899 trum,
328 868 413 892 anno
438 858 671 892 incarnationis
683 857 866 892 dominicae
886 857 957 889 mil-

207 912 319 946 lesimo
327 912 586 956 quingentesimo
598 911 818 955 octuagesimo
828 915 955 955 quarto,

206 970 318 999 octavo
342 965 495 999 kalendas
511 965 604 1006 iunii,
626 965 835 1009 pontificatus
853 963 956 998 nostri

217 1029 291 1052 ‚nno
314 1028 381 1052 xm.

245 1075 309 1106 Dat.
325 1076 372 1107 (lie
387 1076 426 1108 25
441 1076 511 1132 maii
529 1077 618 1115 1584,
636 1076 741 1117 pontis.
758 1085 835 1107 anno
851 1084 914 1107 xm.

517 1274 640 1308 CLXIV.

292 1379 422 1418 Erectio
446 1383 571 1426 colleyz'i
591 1382 762 1416 Societatz‘s
794 1383 868 1416 Iesu

387 1437 424 1470 in
443 1437 575 1470 civitate
596 1436 727 1480 Iprensz'
746 1436 773 1469 Ἰ.

250 1526 396 1562 Gregorius
415 1525 567 1562 episcopus,
585 1532 682 1554 servus
698 1532 839 1555 servorum
852 1525 909 1560 Dei,

345 1581 379 1608 ad
397 1582 560 1616 perpetuam
577 1580 619 1608 rei
641 1580 812 1608 memoriam.

249 1661 408 1695 Immensa
415 1661 471 1694 Dei
480 1660 696 1705 providentia,
708 1672 725 1694 a
732 1671 797 1720 qua
807 1660 954 1694 omnium

49 1715 168 1748 ἔκιιιιιιιι
204 1715 367 1748 bonorum
379 1712 457 1758 oper
459 1715 524 1748 uio
536 1714 695 1758 plocedit,
713 1725 751 1748 ea
767 1714 801 1747 in
821 1725 955 1748 suorum

207 1768 353 1802 fidelium
370 1768 485 1801 animis
504 1768 693 1811 frequente1
711 1768 767 1812 im
770 1768 843 1810 erit,
873 1779 955 1813 quae

188 1821 248 1855 'ad
276 1821 469 1855 christianae
497 1821 663 1865 religid'nis
685 1822 954 1856 instaurationem

208 1881 241 1909 et
263 1874 542 1920 propagationem,
574 1875 804 1920 publicamque
831 1876 955 1910 utilita-

193 1934 274 1962 'tem
293 1934 326 1962 et
344 1929 482 1962 salutem
503 1934 578 1962 sunt
604 1929 742 1963 maxime
770 1930 953 1973 profutura.

207 1981 299 2016 Unde
316 1992 388 2025 nos,
410 1982 529 2025 quibus
548 1993 627 2016 cura
644 1993 682 2016 ac
699 1983 785 2015 salus
801 1982 955 2016 dominici

209 2035 315 2079 gregis
344 2035 497 2069 divinitus
524 2041 573 2069 est
602 2035 785 2076 commissa,
810 2035 956 2080 ipsorum

210 2089 369 2133 fidelium,
378 2090 566 2134 praesertim
579 2091 814 2124 catholicorum
830 2100 955 2132 regum,

209 2149 283 2176 vota
300 2143 335 2177 in
354 2143 387 2177 id
407 2144 572 2177 tendentia
587 2155 624 2177 ex
643 2144 757 2178 intimo
768 2143 874 2177 cordis
884 2143 958 2176 affe-

212 2202 267 2230 ctu
285 2196 424 2231 libenter
442 2202 682 2242 promovemus,
697 2203 729 2230 et
741 2197 881 2240 desuper
892 2197 959 2230 offi-

213 2250 253 2284 cii
269 2251 370 2283 nostri
390 2256 498 2294 partes
530 2251 748 2285 favorabiliter
777 2250 958 2293 interponi-

214 2313 298 2344 mus,
319 2305 429 2348 prout,
451 2315 560 2338 rerum
579 2305 793 2347 locorumque
818 2303 959 2337 circum-

212 2357 338 2391 stantiis
363 2357 471 2392 debite
499 2358 652 2402 pensatis,
685 2358 902 2402 conspicimus
927 2357 960 2390 in

211 2410 348 2445 Domino
368 2411 540 2445 salubrite1
559 2411 721 2454 expedire.

228 2465 272 2509 ·§
290 2464 423 2498 ‘1.Cum
443 2464 563 2507 itaque,
586 2464 669 2497 sicut
681 2463 876 2507 accepimus,
897 2474 963 2496 mo-

58 2514 201 2563 Μῑθθῑῑθ·
213 2518 390 2551 nasterium
410 2516 599 2550 monialium
619 2517 657 2549 de
677 2516 884 2555 Mei-:Uheten
908 2515 964 2549 01-

214 2570 297 2605 dinis
315 2571 347 2613 S.
361 2570 538 2610 Benedicti,
557 2569 695 2613 iprensis
714 2567 880 2609 dioecesis,
911 2569 963 2601 cui

219 2651 223 2657 ¹
254 2667 264 2692 1
287 2664 328 2692 Ex
348 2664 459 2699 Regest.
477 2663 507 2690 in
522 2663 628 2691 Secret.
646 2661 784 2690 Brevium.

337 2703 407 2734 Ball.
431 2703 509 2733 Rom.
538 2702 591 2731 l'ul.
610 2701 680 2731 l'lll.
808 2699 845 2729 59

819 252 994 292 mmaomffs
1012 266 1067 289 xm
1086 266 1134 290 rr.

1640 256 1704 291 465

1002 318 1164 361 quondam
1198 318 1364 362 Margarita
1393 319 1459 352 Van
1493 318 1612 360 Suelle,
1647 319 1749 363 ipsius

1002 371 1189 404 monasterii
1210 373 1380 414 abbatissa,
1404 373 1482 406 dum
1501 373 1631 414 viveret,
1653 383 1749 417 prae-

1001 424 1136 465 sidebat,
1160 436 1218 468 per
1237 426 1360 459 obitum
1381 427 1525 460 ciusdem
1542 426 1750 469 Margaritae

1001 477 1189 519 abbatissae,
1211 485 1299 512 extra
1310 480 1485 513 Romanam
1494 480 1622 513 Curiam
1636 479 1753 527 desun7

1001 536 1083 571 ctae,
1102 533 1260 565 vacaverit
1280 538 1311 565 et
1336 540 1425 567 vacet
1451 534 1489 566 ad
1517 544 1686 578 praesens,
1717 538 1749 567 et

999 583 1084 617 sicut
1104 585 1312 618 charissimus
1339 587 1371 619 in
1388 586 1511 619 Christo
1534 586 1620 619 filius
1640 591 1750 619 noster

1000 637 1748 682 PhilippusHispaniarumrexcatliolicusnobis

999 701 1105 735 nuper
1123 692 1283 736 exposuit,
1305 693 1330 725 si
1351 692 1383 725 in
1404 693 1546 726 infcriori
1567 692 1748 734 Germania,

998 744 1030 776 in
1051 755 1126 788 qna,
1158 751 1295 790 propter
1319 746 1489 779 intestinos
1520 753 1551 779 et
1576 747 1747 779 diuturnos

998 798 1155 831 tumultos
1171 798 1304 832 bellicos
1322 799 1449 843 aliaque
1466 800 1653 833 turbulenta
1665 806 1748 832 tem-

998 861 1089 894 pora,
1112 851 1288 885 christiana
1307 852 1421 895 religio
1438 863 1502 885 non
1527 864 1641 896 parum
1659 853 1747 887 lahe-

998 905 1116 938 factata
1155 906 1331 949 reperitur,
1371 907 1548 950 presbyteri
1580 906 1747 939 Societatis

997 958 1081 999 Iesu,
1103 959 1159 1003 qui
1180 959 1268 992 iuxta
1288 970 1402 993 eorum
1428 959 1588 992 laudabile
1619 959 1747 992 institu-

998 1017 1067 1045 tum
1087 1012 1290 1046 iuventutem
1308 1013 1402 1046 bonis
1427 1012 1571 1045 moribus
1588 1012 1744 1052 imbuant,

997 1065 1159 1109 simulque
1172 1066 1321 1100 liberales
1337 1066 1523 1110 disciplinas
1542 1066 1690 1105 doceant,
1710 1076 1748 1099 ac

997 1119 1130 1153 verbum
1161 1120 1216 1153 Dei
1248 1120 1449 1164 praedicent,
1486 1120 1613 1164 aliaque
1650 1130 1748 1163 opera

997 1178 1178 1214 exerceant,
1201 1173 1507 1214 introducerentur,
1530 1184 1567 1206 ex
1586 1173 1647 1206 boc
1671 1183 1748 1216 pro·

996 1227 1082 1260 fecto
1101 1226 1214 1270 religio
1234 1227 1304 1272 ipsa
1322 1227 1497 1260 restaurari
1518 1238 1554 1260 ac
1568 1232 1748 1260 restaurata

997 1281 1180 1314 conservari
1200 1286 1330 1324 posset,
1348 1286 1380 1313 et
1399 1286 1573 1324 propterea
1593 1280 1659 1324 ipse
1676 1280 1751 1325 Phi-¹

996 1334 1106 1378 lippus
1124 1344 1290 1368 rexunum
1300 1334 1472 1376 collegium
1481 1333 1623 1367 eiusdem
1637 1334 1748 1367 Socie-

997 1387 1072 1420 tatis
1088 1387 1122 1420 in
1151 1387 1279 1421 civitate
1307 1387 1430 1431 Iprensi
1464 1393 1624 1431 perpetuo
1653 1387 1745 1429 erigi,

996 1439 1162 1484 illiquesic
1178 1441 1345 1484 erigendo,
1364 1451 1421 1484 pro
1438 1440 1508 1474 eius
1519 1440 1747 1482 stabilimento,

995 1504 1033 1527 ac
1052 1494 1190 1528 rectoris
1210 1500 1243 1528 et
1262 1494 1479 1537 collegialium
1492 1494 1524 1526 iu
1545 1505 1582 1527 eo
1597 1494 1748 1527 introdu-

997 1548 1177 1581 cendorum
1186 1548 1441 1581 substentatione
1449 1553 1479 1581 et
1488 1553 1641 1581 manuten
1648 1548 1744 1588 tione,

996 1602 1168 1647 dictaeque
1184 1603 1352 1646 religionis
1366 1602 1612 1642 instauratione,
1633 1612 1746 1635 mona-

995 1656 1129 1690 sterium
1151 1657 1365 1700 praedictum,
1387 1657 1474 1700 quod
1487 1667 1503 1689 a
1519 1656 1605 1689 dicta
1621 1655 1748 1689 civitate

995 1709 1045 1742 vix
1064 1710 1168 1743 tribus
1188 1711 1289 1744 leucis
1308 1710 1579 1753 distat‚quodque
1598 1709 1642 1742 ita
1658 1709 1747 1741 diru-

996 1769 1065 1797 tum
1085 1770 1115 1798 et
1145 1765 1323 1808 collapsum
1359 1770 1418 1803 est,
1455 1770 1490 1797 ut
1521 1763 1588 1796 sine
1621 1762 1745 1806 ingenti

996 1823 1128 1862 sumptu
1148 1818 1276 1851 restitui
1295 1823 1447 1861 nequeat,
1471 1817 1536 1849 imo
1548 1816 1587 1849 ob
1607 1816 1639 1849 id
1656 1817 1747 1849 nulla

997 1871 1039 1904 sit
1054 1878 1127 1915 spes
1147 1871 1227 1904 illud
1244 1881 1398 1914 umquam
1415 1875 1631 1903 restauratum
1643 1869 1695 1909 iri,
1714 1873 1748 1902 et

998 1925 1030 1957 in
1050 1935 1114 1968 quo
1135 1930 1258 1958 tantum
1281 1924 1364 1957 duae
1384 1923 1538 1956 moniales
1559 1928 1744 1966 supersunt,

997 1989 1062 2011 una
1083 1990 1157 2012 cum
1174 1978 1319 2022 prioratu
1339 1978 1532 2012 Sanctorum
1555 1977 1681 2010 Martini
1709 1987 1748 2010 ac

999 2033 1102 2065 Amati
1115 2033 1178 2066 loci
1198 2032 1236 2065 de
1248 2032 1457 2069 Merchete11.,
1471 2030 1599 2064 Ordinis
1615 2030 1747 2063 etdioe-

999 2085 1078 2118 cesis
1098 2085 1353 2129 praedictorum,
1373 2095 1445 2117 cum
1456 2084 1662 2127 primumper
1677 2094 1746 2116 ces-

999 2149 1069 2171 sum
1091 2139 1138 2171 vel
1169 2139 1338 2172 decessum
1373 2137 1464 2169 illum
1497 2136 1673 2169 obtinentis
1692 2148 1746 2184 va-

1000 2203 1073 2225 care
1105 2192 1288 2235 contigerit,
1319 2190 1403 2224 uniri
1431 2200 1637 2234 summopere
1662 2190 1746 2224 desi-

1001 2246 1103 2279 derat.

1046 2299 1060 2342 ἓ
1076 2298 1106 2331 2.
1121 2299 1226 2337 Quare
1236 2298 1319 2331 idem
1335 2297 1502 2341 Philippus
1522 2307 1588 2338 rex,
1602 2307 1748 2331 asserens

1003 2351 1186 2385 monasterii
1217 2360 1262 2391 cc,
1284 2350 1446 2394 prioratus
1465 2360 1540 2382 vero
1568 2350 1749 2393 praedicto-

1003 2416 1074 2437 lum
1097 2411 1128 2438 et
1153 2404 1214 2437 illis
1243 2405 1349 2437 forsan
1384 2413 1582 2436 annexorum
1612 2404 1747 2444 fructus,

1004 2454 1150 2486 redditus
1169 2464 1206 2486 ac
1225 2459 1400 2496 proventus
1412 2462 1467 2486 cci.
1481 2452 1615 2485 ducatos
1631 2453 1750 2485 auride

1004 2502 1148 2542 Camera,
1170 2502 1349 2534 secundum
1369 2501 1644 2541 aestimationem,
1665 2501 1751 2534 valo-

1005 2562 1073 2583 iem
1089 2561 1232 2583 annuum
1252 2561 1317 2583 non
1337 2550 1502 2591 excedere,
1526 2550 1619 2584 nohis
1641 2549 1750 2583 humi-

950 2640 954 2644 .
1006 2599 1079 2632 liter
1095 2599 1271 2643 supplicari
1285 2599 1361 2632 fecit
1373 2604 1532 2642 quatenus
1541 2598 1610 2632 eius
1629 2598 1683 2642 pio
1695 2597 1750 2630 de-

1007 2647 1124 2681 siderio
1145 2658 1298 2689 annuere,
1329 2648 1471 2692 aliasque
1505 2647 1539 2680 in
1567 2645 1752 2692 praemissis

1763 264 1814 292 An.
1832 263 1862 294 C.
1880 264 1946 292 158t
