2059 3228
128 255 179 283 An.
196 255 225 283 c.
239 229 307 284 isso
367 244 432 278 35ss

917 246 1097 273 nuttttnu‘xt
1120 245 1269 271 noumm

322 316 396 339 rum
424 304 568 338 omnium
604 312 696 336 casus
721 306 752 335 et
784 305 891 346 partes
925 301 1069 334 subsidio
1111 300 1198 333 statis
1223 309 1314 332 reum
1335 303 1366 332 et
1385 297 1417 332 S.
1438 297 1475 331 R.
1491 297 1526 331 E.
1543 296 1697 332 rebellem
1712 304 1860 342 pronun·
1915 305 1949 328 cri
2012 296 2014 302 '

320 359 396 392 sint.

363 413 378 455 ξ
405 411 434 444 ⁶2.
458 411 525 444 lloc
545 409 650 443 edicto
683 415 852 454 perpetuo,
875 408 913 442 de
933 408 1067 442 fratrum

146 478 227 499 Subdiu
244 478 303 505 1³29ae
319 470 503 498 nostrorum
520 463 667 503 consitio,
680 463 852 496 statuimus
866 467 902 495 ut
921 462 1068 506 quicum-

120 509 302 531 ³¹¹¹⁵¹¹⁸⁵¹¹⁵⁵¹³¹⁰
318 529 391 561 quc,
417 517 510 550 etiam
548 517 765 550 ecclesiastica
797 521 829 550 et
861 526 1066 560 quacumque

120 542 175 562 bona
190 544 302 568 possiden*

116 573 300 626 ἷξε-ειζὶῒυῑῑξξί
317 570 470 613 dignitate
490 570 667 614 praeditus,
690 570 753 603 sive
773 570 837 603 dux
870 575 924 603 aut
944 580 1064 609 comes,

118 638 178 670 eura
209 636 230 656 tn
246 636 299 657 lot-ts
316 624 475 664 marchio,
497 624 647 663 vicarius,
673 623 882 664 feudatarius,
904 624 1065 667 guberna-

116 671 160 721 1⁸:³²2?
184 670 299 694 '‘mmm'‘
315 684 364 711 tor
383 678 447 711 sive
467 678 550 711 alius
574 677 714 711 cuiusvis
743 677 937 710 conditionis
957 682 986 709 et
1011 687 1064 710 or-

313 731 407 772 dinis,
421 731 520 764 huius
531 731 637 765 Status
652 736 682 765 et
701 731 832 764 ditionis
842 737 970 763 nostrae
984 735 1064 762 tem-

312 786 445 829 poralis,
466 785 498 819 S.
522 785 558 819 R.
581 786 616 818 E.
639 785 672 818 in
697 785 819 818 eisdem
830 784 1064 828 temporalibus

312 839 450 872 mediate
471 839 519 872 vel
545 839 728 872 immediate
759 839 934 879 subiectus,
966 838 1063 871 etiam

310 893 466 934 dominia,
486 893 726 926 iurisdictiones
747 898 777 926 et
797 893 869 925 loca
889 898 976 925 extra
991 891 1062 925 Sta-

309 952 379 980 tum
407 946 609 991 praedictum
634 945 792 986 obtinens,
819 957 856 979 ac
873 946 969 979 etiam
989 945 1062 989 qui-

309 1011 449 1044 cumque
469 1006 642 1034 extraneus
665 1001 750 1033 bona
774 1000 806 1032 in
832 1000 945 1033 eodem
972 1000 1062 1033 Statu

307 1055 444 1095 habens,
470 1055 663 1095 homicidas,
684 1055 839 1094 latrones,
866 1060 1062 1097 grassatores

307 1113 338 1142 et
357 1108 438 1142 alios
457 1119 666 1152 quocumque
680 1108 816 1141 crimine
830 1108 959 1151 capitali
980 1108 1059 1140 ban-

308 1162 392 1196 nitos
411 1163 459 1196 vel
480 1162 671 1203 diffamatos,
695 1162 727 1194 in
752 1161 818 1194 suis
837 1161 974 1205 quisque
1001 1161 1059 1194 do-

305 1215 425 1257 miniis,
448 1216 528 1249 locis
548 1227 605 1249 seu
636 1215 800 1255 domibus,
837 1220 900 1247 tam
924 1215 956 1247 in
989 1215 1059 1259 ipso

305 1269 395 1303 Statu
412 1280 509 1314 quam
531 1275 619 1303 extra
640 1280 714 1302 eum
733 1269 993 1309 consistentibus,
1010 1280 1058 1302 re-

305 1324 491 1368 ceptaverit,
514 1335 570 1357 seu
591 1324 678 1368 quod
699 1323 732 1356 in
760 1323 949 1356 huiusmodi
978 1324 1058 1357 locis

305 1383 513 1421 receptentur
533 1377 716 1422 permiserit
735 1376 978 1420 quoquomodo.

348 1430 364 1473 §
384 1430 414 1464 3.
429 1431 475 1464 Ac
496 1431 591 1464 ctiam
612 1430 812 1474 quicumque
831 1440 872 1463 ne
892 1429 1056 1474 iicapian-

132 1495 289 1523 ruentesque,
304 1488 358 1517 tur
376 1484 595 1528 impediverit,
618 1491 794 1527 captosque
819 1483 976 1528 eripuerit
1009 1485 1056 1517 vel

303 1538 529 1578 occultaverit,
552 1542 780 1582 potestatemve
799 1537 953 1570 evadendi
974 1537 1058 1570 fece·
1097 1568 1101 1572 .

303 1590 357 1634 rit,
379 1593 427 1625 vel
448 1602 612 1625 carcerem
633 1597 688 1623 aut
708 1591 802 1623 aliam
815 1601 1056 1634 quamcumque

305 1646 486 1680 custodiam
502 1645 635 1688 fregerit
651 1649 850 1688 conatusque
866 1645 975 1684 suerit,
993 1645 1056 1678 sive

303 1701 343 1734 ad
363 1701 425 1734 hoc
453 1700 614 1740 homines,
649 1709 739 1732 arma
770 1699 869 1731 aliave
898 1698 1056 1732 ministra-

303 1754 396 1795 verit,
419 1765 476 1788 seu
501 1754 580 1787 alias
608 1753 776 1793 auxilium,
809 1752 982 1786 consilium
1007 1753 1055 1786 vel

304 1809 458 1850 savorem,
481 1807 588 1851 palam
613 1807 662 1840 vel
683 1807 715 1839 in
736 1807 865 1839 occulto
893 1811 948 1839 aut
973 1817 1055 1850 quo-

304 1873 445 1906 cumque
466 1861 564 1895 modo
588 1860 795 1905 praestiterit.

349 1916 363 1960 §
386 1916 419 1949 4.
442 1916 611 1949 Praeterea
632 1914 830 1958 quicumque
844 1913 978 1953 iudices,
994 1913 1055 1945 mi-

151 1981 288 2009 tristitiaeque
303 1969 422 2003 nistros
442 1970 489 2002 vel
511 1973 699 2002 executores
718 1967 858 1999 iustitiae
875 1967 908 1999 in
926 1967 1057 2010 perqui-

107 2013 288 2069 222⁰³Z¹0TJWJ¹J
304 2023 432 2063 sitione,
455 2028 591 2067 captura
615 2033 671 2054 seu
696 2021 890 2054 adductione
914 2031 951 2052 ac
986 2031 1055 2053 om-

107 2074 139 2124 ζ’ἑζ
170 2074 290 2100 mmmm·
304 2077 382 2110 nino
403 2077 435 2109 in
461 2076 563 2109 libera
596 2086 709 2109 eorum
735 2074 834 2108 officii
866 2074 1056 2107 executione

305 2130 519 2173 impediverit,
541 2128 769 2168 verberaverit,
791 2128 957 2161 insecutus
986 2128 1055 2160 sue-

306 2185 358 2225 rit,
380 2184 592 2224 concusserit,
617 2182 887 2227 pertcrresecerit,
911 2181 951 2214 ad
968 2192 1057 2214 arma

306 2237 567 2276 conclamaverit,
603 2237 720 2269 aliosve
755 2235 965 2269 concitaverit
1001 2245 1057 2268 scu

306 2291 514 2324 mandaverit.

350 2349 365 2392 ξ
384 2349 415 2381 5.
438 2349 532 2390 Eum,
559 2349 779 2393 praesentium
790 2346 992 2389 auctoritate,
1007 2358 1059 2381 ex-

148 2416 292 2438 ffieommuni-
307 2408 610 2440 communicationis
630 2407 761 2440 maioris
791 2406 947 2440 sententia
967 2405 1058 2438 inno-

108 2449 191 2473 ⁰⁸⁰m¹³
307 2465 433 2504 damus,
472 2476 489 2497 a
514 2476 578 2508 qua
598 2466 686 2498 solus
717 2465 883 2498 Romanus
913 2464 1058 2497 Pontifex

308 2522 470 2554 absolvere
502 2522 612 2565 possit,
635 2523 696 2555 nisi
717 2522 749 2554 in
769 2521 882 2555 mortis
907 2521 1055 2562 articulo,

309 2584 339 2612 et
359 2578 574 2612 satisfactione
594 2580 700 2613 debita
721 2580 947 2625 praecedente.

353 2637 369 2680 ξ)
388 2636 419 2670 6.
442 2637 485 2670 Ac
505 2644 671 2682 praeterea
691 2638 798 2683 ipsum
818 2639 923 2672 laesae
960 2636 1058 2672 maie·

1110 363 1245 387 ciamus.

1153 406 1217 451 57.
1251 406 1384 440 Necnon
1416 405 1547 447 ducatu,
1574 405 1740 447 comitatu,
1772 415 1858 439 mar·
1911 412 1985 452 Ιῑιιιι-Ι
2004 411 2014 433 ι’

1109 461 1278 501 chionatu,
1299 460 1405 501 terris,
1427 459 1564 504 oppidis,
1596 459 1720 501 castris,
1752 459 1858 494 domi-
1872 443 1956 472 ”⁰⁸⁹⁶
1974 452 1981 472 '¹
2026 469 2029 480 ·

1108 514 1180 555 niis,
1215 513 1434 555 vicariatibus,
1474 513 1652 557 guberniis,
1686 512 1790 547 feudis
1827 519 1860 547 et

1107 569 1188 608 aliis,
1215 579 1299 612 quae
1319 579 1336 601 a
1369 568 1513 601 Romana
1536 572 1568 601 et
1597 567 1857 611 quibuscumque

1107 623 1179 655 aliis
1200 622 1343 655 ecclesiis
1364 622 1488 655 obtinet
1506 632 1543 655 ac
1563 621 1720 655 obtinebit
1743 621 1777 655 in
1808 621 1858 655 su-

1106 681 1225 716 turum,
1247 676 1426 720 ceterisque
1446 675 1596 709 omnibus
1614 674 1707 708 bonis
1738 675 1855 710 immo-

1106 729 1237 769 bilibus,
1256 730 1432 762 mobilibus
1445 734 1476 762 et
1490 729 1739 771 semoventibus,
1758 728 1856 764 rebus

1106 788 1136 815 et
1156 783 1282 816 iuribus
1303 784 1380 824 suis,
1402 794 1530 816 necnon
1542 782 1631 816 omni
1650 788 1682 816 et
1700 794 1854 826 quacum-

1105 847 1180 880 que,
1203 837 1298 870 etiam
1319 837 1547 878 ecclesiastica,
1565 836 1730 880 dignitate,
1741 837 1854 881 gratia,

1105 891 1308 935 exemptione
1339 892 1417 925 reali
1447 897 1478 924 et
1506 891 1682 935 personali,
1713 891 1851 934 honore,

1105 945 1272 988 privilegio
1306 951 1336 979 et
1368 945 1526 979 beneficio
1575 945 1790 980 eeclesiastico
1822 952 1854 981 et

1104 999 1272 1043 temporali
1293 1000 1456 1043 privamus
1475 1010 1513 1033 eo
1533 1000 1614 1044 ipso.
1983 1033 1985 1037 ,

1146 1052 1211 1095 ἓὸ.
1235 1053 1279 1086 Ac
1299 1053 1404 1097 ipsum
1431 1058 1461 1087 et
1490 1054 1559 1087 eius
1587 1053 1672 1087 filios
1701 1053 1852 1098 indignos
1890 1057 1989 1096 ΔΗῖε,
2013 1071 2015 1077 ¹

1102 1106 1308 1140 decernimus
1320 1107 1358 1140 ad
1378 1107 1433 1140 illa
1448 1112 1479 1140 et
1493 1107 1554 1140 alia
1566 1107 1599 1140 in
1610 1113 1774 1151 posterum
1792 1109 1850 1142 oh—
1864 1090 1974 1143 ffliugii'
1995 1134 2001 1144 t

1103 1160 1243 1200 timenda,
1258 1166 1287 1193 et
1297 1161 1337 1194 ad
1358 1171 1580 1204 quoscumque
1591 1167 1680 1194 actus
1690 1161 1851 1205 legitimos

1101 1214 1308 1255 exercendos,
1329 1214 1448 1258 quibus
1482 1214 1578 1248 etiam
1614 1221 1726 1259 portae
1757 1226 1852 1250 num-

1100 1279 1197 1312 quam
1218 1269 1375 1312 patebunt
1393 1268 1492 1302 ullius
1506 1268 1669 1312 dignitatis
1701 1269 1851 1304 ecclesia-

1100 1322 1198 1355 sticae
1218 1322 1267 1355 vel
1287 1323 1484 1356 mundanae.

1144 1377 1158 1419 ξ
1178 1376 1209 1410 9.
1233 1376 1367 1420 Sintque
1382 1375 1520 1417 vassalli,
1534 1376 1682 1410 custodes
1691 1381 1722 1411 et
1735 1377 1850 1422 populi
1862 1378 1958 1432 Ιξοηξῠ,

1099 1440 1116 1462 a
1136 1429 1298 1463 fidelitatis
1318 1430 1501 1463 iuramento
1522 1435 1550 1463 et
1567 1441 1775 1474 quocumque
1785 1431 1848 1466 alio
1871 1417 1876 1431 Ι
1893 1417 1926 1433 ⁶¹⁸
1939 1417 1995 1446 ΜΤ

1100 1483 1170 1516 iure
1190 1484 1342 1517 absoluti.

1143 1538 1158 1580 g
1178 1537 1232 1571 10.
1253 1536 1367 1570 Omnia
1382 1537 1452 1571 eius
1472 1537 1618 1571 aedificia
1634 1537 1847 1580 disiiciantur,
1885 1549 1992 1572 mma
2016 1566 2018 1569 .

1098 1595 1153 1623 aut
1173 1591 1244 1624 aliis
1263 1590 1416 1624 Gamerae
1430 1591 1633 1635 Apostolicae
1646 1592 1774 1626 iuribus
1789 1593 1846 1626 ad·
1858 1584 2005 1635 {fflfflf'
2032 1637 2033 1642 Ἰ

1098 1644 1292 1678 scribantur.
1858 1647 1942 1671 nemun

1141 1699 1156 1742 ξ
1175 1699 1228 1731 Η.
1251 1699 1391 1732 Ducatus
1414 1710 1490 1733 vero
1510 1711 1547 1733 ac
1567 1699 1722 1741 dominia,
1760 1700 1846 1735 vica-
1885 1713 1994 1739 nomint*
2033 1695 2034 1698 ¹

1098 1752 1210 1793 riatus,
1233 1753 1400 1795 gubernia,
1433 1753 1528 1786 feuda
1558 1759 1727 1797 ceteraque
1761 1754 1847 1788 hona
1858 1746 1998 1797 ἕξζῬκΡτ

1098 1812 1129 1840 et
1147 1807 1219 1840 iura
1253 1807 1427 1851 praedicta,
1467 1818 1645 1850 corumque
1670 1807 1793 1841 fructus
1816 1813 1848 1841 et
1859 1810 1901 1829 ²¹¹¹·
1978 1811 1979 1814 ’

1098 1861 1317 1894 emolumenta
1337 1861 1410 1894 aliis
1431 1861 1498 1893 fisci
1516 1861 1616 1894 nostri
1635 1861 1761 1894 iuribus
1775 1872 1848 1906 per-

1098 1920 1196 1959 petuo
1224 1915 1436 1958 applicamus.
1461 1915 1498 1947 Et
1523 1915 1564 1947 ita
1588 1914 1740 1948 Gamerae
1763 1916 1848 1960 Apo-

1098 1967 1227 2001 stolicae
1247 1978 1284 2001 eo
1309 1968 1391 2011 ipso,
1414 1968 1533 2011 absque
1558 1968 1775 2002 declaratione
1791 1980 1846 2002 su-

1099 2032 1156 2064 per
1171 2021 1304 2054 incursu
1316 2032 1438 2064 poenae
1451 2021 1636 2064 privationis
1646 2021 1846 2063 huiusmodi,

1098 2079 1153 2106 aut
1173 2074 1325 2107 citatione
1345 2074 1414 2107 eius
1434 2075 1480 2107 vel
1496 2085 1621 2113 eorum,
1641 2075 1694 2116 qui
1708 2086 1845 2118 poenam

1098 2128 1284 2160 huiusmodi
1305 2127 1513 2168 incurrerint,
1536 2127 1695 2169 facienda,
1716 2133 1772 2162 aut
1794 2129 1846 2162 iu-

1098 2181 1178 2214 dicis
1197 2181 1353 2214 sententia
1376 2181 1424 2214 vel
1452 2181 1595 2218 decreto,
1617 2182 1664 2215 vel
1685 2182 1746 2215 alia
1766 2182 1846 2216 iuris

1099 2240 1129 2268 et
1161 2234 1235 2266 sacti
1269 2233 1471 2267 solemnitate
1503 2234 1661 2274 habenda,
1688 2241 1846 2279 perpetuo

1098 2288 1270 2332 applicata,
1310 2287 1516 2332 appropriata
1537 2294 1565 2320 et
1588 2288 1792 2332 incorporata
1815 2293 1847 2322 et

1098 2342 1137 2374 ad
1169 2347 1311 2375 nostram
1349 2341 1550 2385 Romanique
1586 2341 1748 2375 Pontificis
1785 2352 1845 2386 pro

1098 2404 1243 2444 tempore
1264 2400 1426 2434 existentis
1444 2400 1577 2433 liberam
1602 2399 1845 2444 dispositionem

1099 2459 1261 2503 pertinere
1291 2459 1452 2498 volumus,
1492 2469 1528 2491 ac
1563 2458 1588 2490 si
1623 2468 1682 2502 per
1718 2458 1843 2501 lapsum

1099 2517 1253 2561 temporis
1272 2517 1488 2551 concessionis
1513 2527 1625 2550 eorum
1643 2522 1699 2550 aut
1720 2516 1842 2549 finitam

1098 2577 1216 2610 lineam
1242 2577 1278 2610 ad
1302 2576 1404 2621 ipsam
1426 2575 1640 2609 revertissent.

1143 2634 1230 2679 §12
1252 2635 1317 2669 Nec
1346 2635 1516 2679 quisquam
1551 2631 1760 2677 exemptionis
1794 2631 1843 2666 vel
