2059 3228
29 206 77 276 ,ΞΩ
92 239 159 270 ¹586

32 293 88 373 Ψ

64 327 110 355 Μ·

817 232 920 257 sixrus
939 232 958 254 v
977 231 1025 255 ιφ.

89 290 323 324 unm-similium
344 289 392 323 vcl
413 289 616 322 dissimilium
637 286 826 331 gratiarum,
840 296 915 320 con-

173 343 352 377 cessionum
373 341 686 386 etindulgentiarum
705 339 915 373 revocationi-

170 397 243 437 bus,
256 395 516 436 limitationibus,
531 394 807 437 suspensionibus,
821 394 915 426 dero-

171 448 353 490 gationibus
373 459 409 481 ac
429 449 500 481 aliis
517 445 917 491 contrariisdispositioni·

172 502 243 543 bus,
265 501 375 545 quavis
395 501 597 541 auctoritate,
618 501 710 533 etiam
733 512 790 544 per
814 510 872 532 nos
888 505 918 532 et

172 565 232 600 pro
251 560 396 598 tempore
416 555 584 588 existentes
605 555 764 588 Romanos
785 553 915 586 Pontifi-

173 618 226 642 ces
248 617 450 641 successores
474 613 599 640 nostros
628 618 664 640 ac
693 607 806 640 Sedem
836 617 919 639 eam-

174 661 258 702 dem,
281 666 335 694 aut
355 661 432 694 alias
449 671 487 694 ex
506 671 724 704 quacumque,
747 665 919 703 quantum-

173 713 218 748 vis
249 714 476 757 urgentissima
509 725 545 747 ac
576 713 772 753 necessaria,
809 723 916 753 causa,

174 767 269 800 etiam
286 768 319 800 in
339 768 479 801 favorem
495 767 646 800 basilicae
666 766 825 809 Principis
846 778 921 810 apo-

174 820 329 854 stolorum
347 821 385 854 de
405 821 489 853 dicta
500 820 595 860 Urbe,
609 820 774 853 Cruciatae
787 820 920 853 Sanctae

174 873 224 907 vel
243 873 453 917 expeditionis
478 879 589 906 contra
603 873 758 911 infideles,
773 884 809 905 ae
823 874 920 906 etiam

177 932 278 967 motu,
298 927 432 960 scientia
452 933 482 960 et
492 927 656 971 potestatis
668 927 867 970 plenitudine
879 927 921 959 si-

177 979 328 1021 milibus,
359 981 392 1013 in
411 991 529 1024 genere
547 981 595 1013 vel
616 980 648 1012 in
668 980 774 1023 specie
795 986 823 1013 et
845 981 923 1013 alias

176 1033 431 1077 quomodolibet,
452 1034 544 1066 sactis
557 1038 588 1067 et
603 1033 771 1073 einanatis,
785 1034 922 1067 nullate-

177 1096 239 1120 nus
258 1097 412 1130 umquam
433 1087 694 1131 comprehensas,
717 1086 770 1120 sed
797 1097 925 1130 semper

178 1139 218 1173 ab
241 1138 303 1173 iltis
323 1144 482 1184 exceptas,
505 1145 537 1172 et
551 1139 676 1183 quoties
701 1140 773 1172 illae
794 1151 924 1173 emana-

178 1191 271 1233 bunt‚
292 1193 385 1226 toties
402 1193 434 1226 in
454 1193 624 1237 pristinum
646 1198 677 1226 et
695 1193 924 1226 validissimum

180 1250 296 1280 statum
320 1246 482 1280 restitutas
496 1252 527 1280 et
542 1246 685 1290 plenarie
703 1246 924 1289 reintegratas,

180 1309 219 1334 ac
247 1299 287 1333 de
310 1310 412 1341 novo,
436 1301 530 1334 etiam
556 1301 614 1334 sub
644 1300 812 1345 posteriori
841 1302 925 1341 data,

181 1363 241 1398 per
260 1364 320 1397 pro
345 1360 490 1397 tempore
510 1354 680 1388 existentes
700 1354 801 1398 ipsius
821 1355 927 1388 archi-

183 1407 454 1441 consraternitatis
477 1408 625 1442 custodes
652 1408 818 1452 eligenda,
851 1418 928 1442 con-

184 1471 288 1495 cessas
311 1461 379 1495 fore
403 1466 435 1494 et
458 1471 526 1495 esse
550 1473 588 1495 ac
613 1462 757 1502 censeri,
788 1462 929 1506 ipsisque

185 1514 372 1548 custodibus
390 1520 421 1548 et
440 1515 656 1548 confratribus
675 1527 712 1549 ac
732 1515 804 1548 aliis
814 1526 929 1559 supra-

186 1567 281 1601 dictis
299 1567 470 1611 suffragari
490 1569 607 1602 debere
627 1568 845 1609 decernimus,
858 1580 931 1613 per-

186 1621 290 1665 petuis
301 1621 418 1654 suturis
428 1622 627 1666 temporibus
639 1622 930 1662 duraturis,etiam-

187 1673 213 1707 si
231 1673 578 1708 archiconfraternitati
598 1680 629 1708 et
649 1675 785 1718 singulis
804 1676 932 1709 confra-

187 1727 390 1761 ternitatibus
417 1738 454 1761 ac
482 1728 553 1761 aliis
572 1728 720 1761 fidelibus
747 1728 931 1772 praedictis,

187 1790 247 1825 pro
266 1781 450 1825 praemissis
468 1781 660 1825 peragendis
679 1786 734 1814 aut
753 1781 849 1822 alias,
876 1782 934 1815 ali-

188 1840 253 1874 qua
275 1830 338 1864 alia
357 1830 567 1874 indulgentia,
581 1836 737 1875 perpetuo
750 1832 797 1864 vel
808 1832 847 1865 ad
859 1837 936 1865 tem-

189 1890 252 1924 pus
269 1880 414 1913 nondum
427 1881 571 1924 elapsum
585 1881 751 1920 duratura,
774 1892 831 1924 per
842 1892 937 1924 quos-

192 1939 330 1972 cumque
344 1929 504 1962 Romanos
515 1929 685 1962 Pontifices
709 1931 937 1973 praedecesso-

192 1987 244 2010 res
262 1982 388 2011 nostros
403 1989 440 2011 ac
451 1989 509 2013 nos
521 1984 551 2011 et
571 1978 683 2011 Sedem
696 1978 841 2011 eamdem
859 1989 938 2011 con-

194 2037 282 2060 cessa
301 2027 408 2060 suerit.
430 2027 468 2060 Et
486 2038 526 2060 ne
542 2032 726 2070 praesentes
741 2027 865 2060 litterae
879 2028 939 2060 sub

195 2076 463 2117 revocationibus,
483 2076 741 2115 limitationibus,
756 2076 939 2119 suspensio-

195 2124 302 2166 nibus,
329 2125 593 2167 derogationibus
612 2135 649 2157 ac
668 2124 739 2156 aliis
759 2124 942 2166 dispositio-

197 2172 292 2206 nibus
314 2173 486 2217 praedictis
511 2173 840 2216 comprehendantur,
863 2173 941 2216 ipsi-

197 2232 260 2265 que
276 2222 425 2256 custodes
444 2227 474 2255 et
494 2222 669 2256 confratres
689 2232 725 2254 ac
737 2222 776 2254 ab
788 2221 833 2254 eis
845 2222 943 2265 depu-

198 2269 253 2302 tati
273 2280 371 2313 super
389 2270 574 2313 praemissis
594 2274 648 2302 aut
667 2280 779 2302 eorum
801 2269 908 2312 aliquo
926 2280 943 2302 a

200 2328 363 2361 quoquam
388 2319 599 2352 molestentur
618 2329 672 2351 seu
699 2319 942 2361 perturbentur,

202 2367 328 2401 easdem
342 2373 526 2411 praesentes
538 2369 628 2401 nullo
648 2377 802 2410 umquam
821 2372 944 2411 tempo-

202 2426 249 2456 re,
281 2416 377 2450 etiam
404 2417 443 2448 ad
473 2416 660 2459 quorumvis
685 2416 879 2455 instantiam,
910 2424 966 2449 ex*

202 2474 406 2508 quacumque
419 2475 527 2505 causa,
542 2465 695 2505 revocari,
715 2465 879 2508 suspendi,
906 2465 949 2498 al-

204 2514 311 2554 terari,
342 2513 473 2546 limitari
498 2518 552 2546 aut
571 2513 610 2545 ad
630 2513 709 2545 iuris
729 2513 883 2546 terminos
902 2524 949 2546 re-

956 283 1005 315 nis
1023 280 1071 315 vel
1092 281 1291 325 obreptionis
1307 286 1362 314 aut
1377 279 1531 314 nullitatis
1548 279 1634 321 vitio,
1646 289 1703 313 seu

957 330 1143 364 intentionis
1160 337 1287 364 nostrae
1307 331 1354 363 vel
1372 331 1483 374 quovis
1501 329 1562 363 alio
1574 330 1703 364 defectu

957 381 1059 414 notari
1082 391 1185 424 posse,
1209 391 1267 413 nec
1287 391 1416 413 causam
1429 383 1485 412 'sou
1497 389 1619 420 causas,
1631 389 1705 424 pro-

959 435 1028 473 pter
1047 440 1142 473 quam
1165 440 1219 462 seu
1240 441 1317 472 quas
1340 429 1411 461 illae
1432 433 1635 469 emanarunt,
1649 439 1706 462 co·

959 490 1025 511 ram
1051 480 1196 512 locorum
1219 479 1401 518 ordinariis,
1424 478 1519 511 ctiam
1540 484 1711 521 tamquam<

958 540 974 560 a
993 528 1078 561 dicta
1098 528 1178 560 Sede
1199 528 1361 567 delegatis,
1382 528 1428 559 vel
1449 527 1519 559 aliis
1540 526 1707 569 quibusvis

961 576 1120 609 iudicibus
1139 577 1297 609 verim-ari
1318 576 1444 615 dubi-re,
1462 581 1709 620 nequepropte·

961 636 1025 663 rea,
1048 630 1099 657 aut
1118 635 1153 657 ex
1175 625 1309 667 eoquod
1323 625 1473 657 interesse
1486 624 1639 657 babentes
1651 634 1709 657 seu

961 674 1206 717 praetendentes
1227 674 1266 706 ad
1286 674 1348 706 lioc
1372 673 1473 706 vocati
1490 683 1555 706 non
1575 673 1706 720 fueript,

960 733 1019 766 per
1048 723 1287 765 subreptionem
1318 723 1463 756 obtentas
1491 722 1653 766 praesumi
1677 727 1710 756 et

961 771 1082 803 viribus
1108 782 1228 804 carere.

1006 821 1020 863 ἓ
1047 821 1092 853 16.
1121 820 1236 863 Sicque
1256 830 1314 863 per
1334 830 1556 863 quoscumque
1585 819 1709 852 iudices

962 869 1141 902 ordinarios
1162 875 1191 902 et
1212 870 1384 911 delegatos,
1400 868 1507 911 quavis
1520 869 1709 902 auctoritate

963 919 1145 961 fungentes,
1175 917 1268 950 etiam
1290 928 1458 950 raus-arum
1486 918 1597 950 Palatii
1622 919 1710 961 Apo-

964 967 1067 1000 stolici
1088 967 1251 1000 auditores
1276 977 1311 999 ac
1332 967 1362 999 S.
1391 967 1425 998 R.
1454 966 1487 998 E.
1517 967 1707 1008 cardinales,

964 1018 1087 1050 sublata
1104 1017 1148 1050 cis
1169 1023 1197 1050 et
1215 1027 1326 1049 eorum
1345 1017 1477 1049 cuilibet
1497 1016 1605 1058 quavis
1619 1017 1712 1050 aliter

966 1067 1127 1100 iudicandi
1146 1072 1176 1100 et
1196 1066 1425 1109 interpretandi
1447 1066 1597 1098 facultate
1609 1071 1640 1098 et
1652 1076 1711 1098 au-

966 1117 1124 1155 ctoritate,
1147 1116 1267 1158 ubique
1297 1114 1431 1147 iudicari
1457 1120 1488 1147 et
1507 1114 1634 1147 definiri
1656 1114 1712 1147 de-

966 1166 1054 1205 bere,
1068 1165 1195 1198 irritum
1209 1175 1337 1207 quoque
1350 1168 1379 1196 et
1393 1164 1486 1196 inane
1499 1162 1653 1206 quiequid
1666 1174 1714 1197 se-

967 1225 1024 1248 cus
1036 1213 1193 1257 superbis
1204 1225 1220 1246 a
1232 1223 1408 1257 quoquam,
1423 1213 1533 1256 quavis
1541 1212 1715 1245 auctorita-

967 1263 1152 1303 te,scienter
1164 1262 1210 1295 vel
1223 1262 1419 1304 ignoranter,
1433 1261 1602 1305 eontigerit
1612 1266 1716 1294 atten-

967 1312 1027 1344 tari
1040 1311 1255 1345 decernimus.

1014 1361 1027 1404 g
1051 1360 1104 1393 47.
1132 1360 1167 1392 Et
1180 1359 1392 1392 nibilominus
1402 1359 1639 1393 venerabilibus
1650 1359 1714 1393 sra-

971 1518 1077 1541 sarum
1099 1506 1251 1539 Gamerae
1272 1506 1474 1550 Apostolicae
1498 1506 1641 1549 generali
1662 1517 1719 1540 au-

971 1556 1080 1596 ditori,
1093 1560 1182 1588 motu
1198 1555 1311 1595 simili,
1333 1566 1391 1598 per
1410 1555 1584 1598 apostoliea
1600 1555 1720 1599 scripta

972 1606 1162 1639 mandamus
1181 1610 1340 1648 quatenus
1364 1604 1423 1647 ipsi
1454 1605 1502 1637 vel
1521 1605 1586 1638 duo
1606 1610 1661 1637 aut
1683 1615 1721 1637 u-

973 1666 1034 1689 nus
1061 1665 1193 1693 eorum,
1214 1664 1272 1697 per
1298 1664 1330 1686 se
1348 1654 1397 1686 rel
1417 1654 1517 1686 alium
1540 1664 1596 1686 seu
1625 1653 1718 1695 alios,

974 1710 1158 1749 praesentes
1177 1703 1297 1736 litteras
1317 1708 1348 1735 et
1359 1702 1390 1734 in
1403 1703 1447 1735 eis
1459 1707 1608 1736 contenta
1618 1714 1720 1746 quae-

976 1765 1114 1798 cumque
1129 1780 1136 1794 ,
1166 1752 1221 1786 ubi
1241 1757 1272 1785 et
1297 1752 1425 1796 quando
1447 1762 1528 1796 opus
1548 1751 1656 1794 fuerit,
1683 1763 1721 1786 ao

976 1802 1102 1846 quoties
1121 1813 1178 1845 pro
1207 1807 1295 1845 parte
1320 1801 1490 1834 custodum
1519 1802 1568 1834 vel
1596 1800 1723 1834 confra-

976 1858 1063 1885 trum
1087 1862 1143 1884 seu
1164 1851 1202 1883 ab
1225 1850 1269 1883 eis
1293 1849 1519 1893 deputatorum
1541 1848 1724 1892 praedicto-

978 1911 1049 1933 rum
1071 1911 1126 1933 seu
1146 1899 1281 1933 alicuius
1301 1909 1413 1932 eorum
1434 1898 1552 1931 suerint
1563 1897 1723 1942 requisiti,

979 1948 1165 1982 solemniter
1181 1948 1393 1992 publicantes,
1407 1947 1516 1990 eisque
1528 1946 1558 1979 in
1572 1946 1727 1990 praemis-

979 1998 1021 2030 sis
1041 1997 1177 2031 effieacis
1197 1996 1391 2029 defensionis
1406 1995 1564 2040 praesidio
1576 1995 1726 2028 assisten-

980 2052 1038 2086 tes,
1051 2046 1168 2079 saciant
1178 2045 1365 2078 auctoritate
1378 2050 1486 2077 nostra
1497 2044 1624 2077 easdem
1634 2054 1728 2088 prae-

981 2101 1086 2128 sentes
1114 2095 1236 2127 litteras
1265 2099 1295 2127 et
1323 2094 1356 2126 in
1385 2094 1430 2126 eis
1454 2098 1603 2127 contenta
1626 2103 1728 2136 quae-

983 2154 1122 2187 cumque
1152 2143 1191 2175 ab
1212 2142 1373 2182 omnibus,
1396 2152 1523 2185 semper
1541 2147 1572 2175 et
1590 2142 1726 2185 ubique,

983 2193 1120 2226 firmiter
1140 2198 1171 2225 et
1190 2191 1416 2225 inviolabiliter
1440 2191 1613 2230 observari,
1635 2202 1728 2225 suos-

983 2253 1044 2285 que
1066 2241 1225 2283 plenarios
1246 2247 1278 2274 et
1302 2241 1442 2282 integros
1461 2240 1592 2273 effectus
1608 2240 1641 2274 in
1660 2251 1729 2274 om·-

985 2291 1080 2323 uibus
1100 2296 1130 2323 et
1151 2300 1209 2332 per
1228 2289 1335 2322 omnia
1352 2288 1458 2321 sortiri
1473 2299 1510 2322 ac
1521 2289 1647 2323 debitae
1659 2299 1731 2323 exe-

986 2338 1107 2372 cutioni
1151 2337 1350 2374 demandari.
1373 2337 1386 2359 1
1414 2337 1484 2371 Non
1508 2337 1730 2380 permittentes

986 2398 1182 2432 qtiemquam
1202 2386 1346 2429 ipsorum
1367 2396 1424 2430 per
1443 2397 1665 2431 quoscumque
1676 2398 1732 2421 su-

1023 2461 1033 2486 1
1062 2459 1184 2486 Cherub.
1208 2465 1332 2492 sequens
1356 2457 1481 2492 fragmen
1509 2458 1594 2486 addit:
1622 2446 1734 2486 Necnon

988 2500 1118 2531 custodes,
1139 2498 1290 2532 confratres
1299 2501 1323 2525 et
1335 2498 1472 2532 deputatos
1482 2506 1513 2526 ac
1524 2499 1634 2526 illorum
1651 2507 1734 2533 quae-

988 2542 1071 2566 stores
1087 2538 1237 2573 praedictos
1253 2540 1402 2572 ceterosque
1425 2546 1524 2572 omnes,
1545 2547 1610 2573 quos
1631 2539 1734 2568 litterae

206 2561 292 2616 duci,
309 2563 358 2596 ἿΕῙ
379 2563 451 2596 fflOS
470 2568 582 2595 comm
602 2572 654 2615 97¹5
674 2562 705 2594 in
720 2561 880 2604 integrum
897 2572 950 2616 ¹:⁴3·
990 2580 1062 2613 ipsae
1084 2580 1248 2606 concernunt
1271 2580 1294 2606 et
1319 2581 1476 2606 cancer-nent
1497 2579 1692 2613 quomodolibet
1705 2579 1735 2606 in

159 2618 162 2622 ’
209 2614 308 2652 stitu13
329 2621 432 2655 neque
444 2611 573 2645 easdem
589 2611 710 2645 litteras
720 2610 758 2645 de
770 2611 952 2654 subreptio·
968 2617 972 2657 g
990 2621 1126 2656 satarum,
1143 2619 1195 2647 illis
1204 2619 1316 2654 pacifice
1330 2619 1390 2654 frat
1404 2621 1427 2647 ec
1442 2619 1560 2655 (laudere
1575 2624 1615 2655 (a.
1631 2619 1685 2663 T),

1594 215 1658 255 ,679
1717 220 1773 253 An.
1787 218 1818 251 c.
1833 221 1903 252 ¹586

1750 828 1806 850 neci·
1810 826 1868 851 otun'
1875 828 1905 851 tu

1723 862 1799 883 riuus.

1774 1366 1914 1388 moeniorum

969 1410 1072 1443 tribus
1092 1409 1208 1442 nostris
1227 1408 1459 1442 Ravennatensi
1480 1408 1714 1442 etBononiensi
1729 1399 1792 1452 ξ’,ζζζξζ
1806 1399 1914 1456 ἀξορζῗζζῗζ

970 1458 1234 1502 archiepiscopis,
1253 1468 1289 1490 ac
1305 1457 1422 1490 dilecto
1437 1457 1504 1490 filio
1515 1457 1630 1491 Curiae
1642 1468 1718 1491 cau·
1731 1464 1754 1484 ei
1766 1460 1891 1485 ‘acunum-
