2059 3228
43 1581 124 1608 91111Βο
140 1583 173 1605 sa-

54 1613 171 1639 metentis.

787 284 961 310 GREGORWS
980 283 1035 307 Xlll
1055 282 1102 305 PF.

180 344 398 385 christianam,
409 345 691 387 ememlamlosque
714 343 744 375 in
761 353 797 375 ea
809 350 925 378 mores,

181 398 289 439 corde,
316 397 424 430 animo
454 398 637 441 viribusque
667 395 829 435 omnibus,
861 393 928 425 sinc

181 450 431 490 intermissione,
455 451 581 491 insistit,
599 451 701 484 votivo
716 459 848 482 munere
858 458 929 491 per-

181 504 318 537 sruatur.
348 504 432 536 Motu
462 504 593 548 proprio
618 508 768 546 certaque
797 500 928 535 scientia

180 562 291 590 nostra
310 562 340 590 et
360 557 399 590 de
420 558 613 600 apostolieae
638 556 801 600 potcstatis
826 554 929 598 pleni-

183 609 306 649 tudine,
331 610 495 644 laudabile
515 610 701 644 huiusmodi
731 609 927 647 institutum,

181 673 219 697 ac
242 663 407 707 praedicta
425 669 593 708 ceteraque
614 662 722 696 omnia
745 662 849 695 dictae
873 660 930 694 So-

182 716 306 751 cietatis
336 717 513 761 privilegia,
544 718 723 755 facultates,
751 715 929 759 exemptio-

181 780 250 811 nes,
273 770 503 812 immunitates,
525 771 643 814 gratias
663 776 693 803 et
708 768 843 809 indulta,
866 775 929 802 tam

182 834 201 857 a
219 824 392 868 praedictis
411 835 508 867 quam
533 823 603 857 aliis
628 822 931 867 praedecessoribus

183 876 300 910 nostris
318 883 349 911 et
366 877 461 910 etiam
472 877 590 910 anobis
600 887 764 916 concessa,
778 875 931 909 eonstitu-

183 929 287 964 tiones
319 941 449 974 quoque
474 936 505 963 et
529 935 656 971 statuta,
683 929 931 973 qualiacumque

183 983 258 1025 sint,
280 994 318 1017 ea
337 984 457 1024 omnia,
479 995 516 1017 ac
535 983 560 1017 si
581 983 619 1016 ad
634 983 768 1017 verbum
782 993 933 1027 praesen-

182 1036 506 1078 tibusinsererentur,
521 1048 580 1081 pro
592 1037 750 1081 expressis
763 1037 929 1076 habentes,

183 1090 373 1125 auctoritate
380 1091 567 1135 apostoliea,
577 1096 687 1124 tenore
701 1090 930 1135 praesentium,

183 1143 401 1188 approbamus
429 1150 459 1178 et
479 1145 726 1185 confirmamus,
749 1144 934 1188 supplentes

184 1207 297 1231 omnes
316 1197 396 1231 iuris
416 1203 446 1231 et
462 1198 536 1231 sacti
553 1198 710 1238 desectus,
728 1197 754 1231 si
767 1196 822 1241 qui
832 1197 933 1230 inter-

184 1250 330 1284 venerint
348 1251 382 1284 in
406 1251 581 1296 praedietis
600 1250 885 1285 constitutionibus
904 1256 935 1284 et

183 1305 328 1346 statutis;
354 1315 391 1338 ac
411 1305 621 1339 decernentes
641 1316 678 1338 ex
698 1315 785 1338 nunc
805 1305 934 1338 irritum

184 1364 216 1392 et
234 1358 329 1392 inane
348 1358 507 1402 quidquid
524 1369 617 1392 secus
635 1369 735 1402 super
750 1358 800 1391 his
814 1369 832 1391 a
851 1368 934 1403 quo-

184 1422 296 1455 quam,
328 1412 441 1456 quavis
478 1411 681 1453 auctoritate,
716 1411 856 1445 scienter
886 1411 935 1445 vel

186 1464 384 1507 ignoranter,
406 1465 576 1509 contigerit
595 1464 754 1498 attentari.

230 1519 246 1562 ἓ
263 1518 294 1552 5.
316 1518 364 1552 Ad
379 1519 470 1560 haee,
489 1519 606 1552 dictam
631 1519 822 1553 Societatem
842 1519 936 1552 firmo

188 1572 415 1606 declarationis
426 1578 554 1606 nostrae
562 1572 723 1617 praesidio
735 1573 937 1606 communire

187 1626 340 1668 volentes,
366 1625 536 1660 statuimus
559 1636 596 1659 ac
615 1626 709 1659 etiam
734 1627 938 1660 decernimus

186 1690 253 1714 non
272 1680 368 1713 modo
398 1690 465 1722 eos,
486 1680 543 1724 qui
574 1680 608 1713 in
633 1680 856 1713 coadiutorum
878 1681 939 1714 sor-

186 1739 360 1775 matorum,
385 1734 449 1768 sive
475 1734 701 1778 temporalium
721 1734 940 1778 sivespiritua-

187 1787 284 1830 lium,
315 1788 434 1831 gradus
449 1793 481 1821 et
499 1787 677 1821 ministeria
705 1787 936 1828 admittuntur,

188 1842 243 1876 sed
262 1842 358 1876 etiam
378 1841 458 1876 alios
474 1852 586 1875 omnes
595 1846 625 1874 et
633 1852 858 1885 quoscumque
869 1842 937 1885 qui,

189 1895 222 1929 in
245 1896 316 1940 ipsa
333 1895 490 1933 Societate
510 1895 653 1934 admissi,
673 1895 803 1928 biennio
823 1895 939 1938 proba-

191 1948 284 1983 tionis
303 1959 497 1993 aquaquam
517 1953 659 1992 peracto,
681 1948 742 1980 tria
761 1953 831 1981 vota
851 1958 942 1992 prae-

190 2002 286 2045 dicta,
309 2002 435 2037 tametsi
455 2003 624 2047 simplicia,
651 2001 815 2036 emiserint
853 2002 942 2035 emit-

191 2062 323 2100 tentque
347 2056 380 2089 in
399 2056 557 2097 futurum,
577 2066 650 2090 vere
670 2062 700 2089 et
720 2055 849 2100 proprie
869 2056 942 2089 reli·

191 2110 298 2154 giosos
317 2109 414 2143 fuisse
433 2115 464 2144 et
483 2121 563 2150 esse,
587 2115 617 2143 et
636 2109 757 2152 ubique
777 2114 943 2152 semperet

193 2163 233 2197 ah
260 2163 411 2197 omnibus
440 2163 563 2197 censeri
584 2168 613 2196 et
634 2162 795 2195 nominari
814 2163 942 2202 debere,

114 2208 120 2216 ⁰
139 2221 144 2225 ⁴
193 2227 231 2251 ac
250 2217 276 2250 si
295 2217 329 2250 in
348 2217 564 2261 professorum
578 2216 819 2260 praedictorum
832 2226 944 2249 nume-

193 2281 270 2304 rum
294 2271 446 2315 adscripti
480 2271 634 2311 fuissent3
661 2269 944 2314 praecipimusque

194 2329 227 2357 et
244 2323 467 2358 interdicimus
496 2335 537 2357 ne
557 2323 727 2367 quisquam
755 2323 944 2365 scrupulum

150 2378 153 2381 '
195 2376 236 2411 de
257 2377 320 2410 hoc
343 2376 531 2420 neutiquam
551 2375 693 2416 iniicere,
730 2385 834 2418 neque
867 2374 945 2407 illud

196 2430 230 2464 in
253 2430 514 2470 controversiam,
546 2429 680 2462 dubium
709 2429 757 2461 vel
788 2427 945 2471 suspicio-

197 2495 272 2519 nem
291 2494 413 2529 ponere
434 2483 550 2516 audeat
569 2492 701 2525 quoquo
726 2481 834 2514 modo.

241 2533 316 2578 ἐῢ.
355 2533 424 2567 Non
460 2531 660 2565 obstantibus
691 2529 874 2573 praemissis
911 2540 948 2563 ac

70 2585 185 2642 ufflffitio
199 2581 482 2616 constitutionibus
492 2585 521 2613 et
531 2578 787 2612 ordinationibus
799 2578 949 2621 apostoli-

148 2664 151 2669 ,
200 2631 258 2672 eis;
278 2641 405 2664 necnon
425 2629 527 2663 dictae
550 2627 727 2667 Scaienum,
754 2627 946 2666 iuramento,

146 2672 151 2679 ’
202 2679 445 2714 confirmatione
473 2677 648 2722 apostoliea
680 2676 726 2708 vel
759 2675 868 2718 quavis
894 2675 948 2707 lir-

320 2728 393 2759 Ball.
417 2727 493 2758 Rom.
524 2727 574 2755 t'ot.
599 2724 658 2756 Vll(
834 2724 870 2753 52

971 336 1079 369 mitate
1099 334 1159 368 alia
1187 335 1353 374 roboratis,
1374 334 1498 368 statutis
1525 339 1556 368 et
1581 344 1720 369 consue-

970 388 1148 427 tudinibus,
1184 389 1364 432 ceterisque
1385 388 1554 422 contrariis
1585 388 1720 432 quibus-

970 453 1121 486 cumque.
1487 444 1493 449 ’
1635 445 1636 448 ’

1015 497 1030 540 g
1061 496 1091 529 7.
1126 497 1282 530 Volumus
1307 502 1412 530 autem
1441 502 1476 530 ut
1504 497 1721 542 praesentium

972 551 1193 593 transumptis
1216 551 1310 584 etiam
1336 551 1511 595 impressis,
1549 563 1647 586 manu
1672 563 1722 586 ‘se-

971 600 1100 633 cretarii
1120 600 1345 634 Societatisvel
1367 601 1482 634 notarii
1504 602 1625 645 publici
1646 603 1723 637 suh-

971 653 1111 697 seriptis,
1123 659 1153 687 et
1165 654 1270 696 sigillo
1279 655 1452 698 praepositi
1469 656 1628 699 generalis
1636 656 1724 690 eius-

971 706 1044 740 dem
1084 706 1252 741 Societatis
1272 709 1320 741 vel
1345 709 1476 741 alterius
1500 720 1658 754 personae
1691 710 1724 742 in

971 759 1124 803 dignitate
1136 762 1352 795 ecclesiastiea
1365 763 1556 797 constitutae
1576 764 1722 805 munitis,

972 813 1086 847 eadem
1106 825 1240 858 prorsus
1259 815 1338 849 fides
1357 816 1526 858 habeatur,
1540 817 1725 861 quaehabe-

972 871 1062 900 retur
1077 868 1312 911 praesentibus,
1334 869 1360 903 si
1381 875 1485 904 essent
1504 870 1662 904 exhibitae
1677 871 1725 904 vel

974 926 1132 955 ostensae.

1017 975 1032 1018 ἓ
1051 974 1083 1008 8.
1105 976 1190 1009 Nulli
1211 987 1287 1021 ergo
1299 977 1432 1012 omnino
1446 978 1616 1012 hominum
1631 979 1727 1012 liceat

973 1027 1057 1061 hanc
1076 1029 1227 1072 paginam
1237 1036 1364 1064 nostrae
1375 1031 1628 1075 approbationis,
1650 1043 1727 1066 con-

973 1081 1176 1125 firmationis,
1202 1085 1323 1125 statuti,
1346 1085 1551 1119 decretorum
1571 1091 1602 1119 et
1617 1086 1729 1119 volun-

975 1136 1047 1169 tatis
1066 1136 1254 1181 infringere,
1266 1139 1314 1171 vel
1326 1139 1355 1172 ei
1372 1149 1453 1172 ausu
1468 1139 1641 1173 temerario
1655 1150 1729 1173 con-

975 1191 1070 1225 traire
1082 1203 1090 1232 ;
1112 1192 1137 1225 si
1157 1193 1229 1236 quis
1249 1198 1356 1227 autem
1377 1194 1440 1228 hoc
1464 1199 1620 1228 attentare
1639 1205 1729 1239 prae-

975 1246 1162 1290 sumpserit,
1198 1246 1455 1290 indignationem
1497 1248 1728 1292 omnipotentis

975 1304 1030 1338 Dei
1050 1315 1087 1338 ac
1110 1305 1278 1339 beatorum
1299 1306 1383 1340 Petri
1400 1312 1431 1340 et
1455 1307 1546 1340 Pauli
1566 1307 1728 1351 apostolo-

976 1369 1049 1392 rum
1070 1359 1139 1393 eius
1155 1371 1187 1393 se
1208 1361 1333 1394 noverit
1352 1361 1573 1395 incursurum.

1019 1412 1133 1446 Datum
1180 1414 1301 1448 Romae
1339 1415 1426 1459 apud
1471 1415 1623 1449 Sanctum
1670 1415 1729 1449 Pe-

978 1470 1075 1509 trum,
1097 1478 1181 1502 anno
1201 1469 1435 1503 lncai‘nationis
1459 1469 1642 1503 dominicae
1662 1468 1730 1501 mil-

978 1525 1089 1558 lesimo
1106 1526 1364 1569 quingentesimo
1379 1527 1599 1570 octuagesimo
1620 1526 1725 1566 tertio,

978 1579 1123 1613 kalendis
1160 1581 1337 1623 februarii,
1383 1582 1589 1626 pontificatus
1629 1579 1729 1614 nostri

979 1644 1063 1667 anno
1084 1644 1126 1668 xl.

1059 1687 1123 1718 Dat.
1142 1689 1189 1719 die
1206 1690 1219 1720 1
1239 1689 1297 1720 feb.
1315 1690 1404 1728 1583,
1418 1689 1497 1730 pont.
1515 1697 1592 1721 anno
1607 1696 1647 1719 Χι.

1295 1850 1414 1884 CXLVI.

1105 1927 1280 1961 Dissolutio
1297 1928 1396 1960 trium
1410 1928 1617 1970 prioratuum

1001 1978 1259 2015 Camaldulensis
1275 1992 1384 2024 conyr.
1407 1980 1490 2013 alias
1504 1980 1670 2012 unitorum
1684 1979 1710 2011 ¹.

983 2062 1128 2098 Gregorius
1139 2063 1209 2099 Papa
1218 2062 1286 2098 xm,
1300 2063 1333 2090 ad
1344 2061 1504 2097 perpetuam
1513 2061 1554 2089 rei
1562 2059 1731 2089 memoriam.

1027 2133 1185 2176 Regimini
1217 2132 1405 2166 universalis
1433 2131 1599 2174 eeclesiae,
1628 2131 1734 2176 dispo-

984 2188 1079 2220 nente
1098 2187 1246 2227 Domino,
1261 2186 1493 2230 praesidentes,
1510 2195 1569 2229 pro
1578 2190 1733 2218 monaste-

985 2240 1109 2274 riorum
1126 2246 1157 2273 et
1174 2240 1313 2273 aliorum
1333 2239 1559 2281 religiosorum
1585 2238 1731 2272 locorum

985 2295 1205 2339 quorumlibet
1231 2299 1313 2328 statu
1347 2293 1517 2326 salubriter
1549 2292 1730 2336 dirigendo,

986 2354 1082 2393 prout
1102 2360 1139 2382 ex
1157 2348 1265 2381 debito
1285 2347 1377 2380 nobis
1397 2345 1533 2379 iniuncti
1566 2345 1734 2390 pastoralis

987 2402 1082 2435 officii
1116 2408 1275 2442 tenemur,
1310 2399 1444 2433 sollicite
1468 2399 1735 2433 considerationis

988 2456 1138 2489 intuitum
1159 2456 1412 2497 circumquaque
1447 2452 1683 2497 protendimus,
1704 2458 1735 2485 et

988 2510 1027 2542 ad
1048 2520 1084 2542 ea
1104 2520 1161 2552 per
1180 2519 1262 2552 quae
1279 2506 1405 2540 meliori
1418 2516 1531 2539 eorum
1551 2505 1732 2546 directioni,

989 2571 1266 2605 personarumque
1300 2560 1343 2593 ibi
1378 2559 1491 2592 divinis
1526 2557 1735 2603 beneplacitis

990 2617 1168 2650 dicatarum
1185 2613 1402 2648 commoditati
1424 2613 1621 2655 consulitur,
1641 2611 1736 2646 mini-

1027 2685 1036 2709 11
1056 2682 1096 2709 Ex
1115 2683 1226 2717 Regest.
1243 2681 1271 2709 in
1285 2681 1393 2710 Secret,
1408 2680 1550 2710 Brevium.

1610 268 1674 303 409
1732 270 1784 301 An.
1799 269 1831 301 C.
1846 266 1915 299 1583

1782 504 1843 529 Fides
1857 508 1920 529 tnn-

1737 541 1877 569 sumptoruffl

1767 991 1853 1013 Sanctio
1869 996 1923 1018 poe-

1742 1024 1804 1044 naliS.

1775 2142 1895 2165 E=ordiu1m
