2059 3228
143 255 197 286 Aa.
214 254 241 283 C.
257 255 322 283 1588

167 315 249 337 Poenae
271 322 322 337 eon-

138 344 306 363 invenientium.

383 245 467 279 1002

337 312 476 339 nostram
498 303 747 348 prohibitionem
761 308 793 336 et
803 302 1022 343 interdictum,
1036 302 1082 335 di-

335 364 420 391 recte
451 358 498 390 vel
530 357 684 390 indirecte
721 356 896 400 quicquam
925 362 1081 390 attentare

333 415 388 444 aut
410 410 481 443 aliis
520 410 673 443 mandare
707 410 756 442 vel
792 410 1081 453 transgressoribus

332 462 509 496 adhaerere
527 464 577 496 vel
597 462 702 495 favere
718 462 981 506 praesumpserit,
993 473 1080 503 eum,

330 517 356 549 si
381 517 457 556 dux,
479 515 640 560 princeps,
660 515 818 556 marchio,
840 526 958 556 comeS,
985 516 1078 556 baro,

330 568 533 609 domicellus,
544 568 694 609 vicarius,
707 569 905 602 feudatarius
914 575 969 602 aut
979 579 1078 613 quae-

330 623 374 655 vis
386 622 449 655 alia
463 622 635 666 singularis
645 633 785 666 persona
802 622 951 662 extiterit,
973 623 1079 656 laesae

328 675 504 709 maiestatis
523 681 649 709 reatum
669 686 793 717 verum,
815 687 852 709 ac
878 676 968 709 nulla
999 675 1079 709 iuris

328 735 385 762 aut
408 728 548 762 hominis
580 728 710 762 fictione
743 729 920 763 confictum
953 729 1076 762 crimen

327 781 514 822 incurrisse,
535 788 567 815 et
586 782 730 815 eiusdem
741 782 904 816 Romanae
916 782 1077 816 Ecclesiae

326 834 494 875 rebellem,
523 834 739 878 omnibusque
764 840 795 868 et
823 835 958 879 singulis
977 835 1077 880 privi-

324 887 429 930 legiis,
442 888 564 930 gratiis,
575 888 789 929 libertatibus,
803 889 945 929 indultis,
968 899 1076 922 exem-

324 941 501 984 ptionibus,
516 941 774 975 immunitatibus
787 942 945 983 realibus,
966 952 1077 986 perso-

324 994 452 1027 nalibus
468 1001 499 1028 et
514 995 630 1036 mixtis,
645 1005 772 1029 necnon
787 996 969 1036 ducatibus,
985 995 1076 1038 prin-

324 1047 499 1091 cipatibus,
524 1048 797 1082 marchionatibus
812 1075 820 1088 ,
845 1049 1051 1082 comitatibus
1064 1075 1072 1088 ‚

323 1101 517 1142 civitatibus,
539 1103 676 1146 oppidis,
697 1103 803 1143 terris,
825 1103 947 1143 castris,
968 1103 1073 1136 domi-

322 1155 395 1195 niis,
416 1156 631 1196 vicariatibus,
658 1156 834 1199 gubernus,
859 1157 949 1196 locis,
977 1157 1073 1190 iuris-

322 1209 530 1249 dictionibus,
549 1210 771 1253 dignitatibuS,
793 1210 887 1243 etiam
904 1211 1072 1244 ecclesias-

323 1263 406 1303 ticis,
431 1263 622 1305 honoribus,
644 1264 781 1304 iuribus,
814 1264 929 1297 officiis
952 1275 989 1297 ac
1017 1265 1073 1298 be-

322 1315 457 1357 neficiis,
479 1327 620 1360 quorum
640 1328 699 1361 per
728 1316 967 1361 infrascriptam
1002 1318 1071 1362 pri-

320 1370 479 1403 vationem
501 1371 682 1404 vacantium
704 1371 844 1411 collatio,
879 1371 1018 1415 provisio
1041 1378 1072 1405 et

320 1424 507 1458 omnimoda
522 1425 690 1468 dispositio
711 1426 804 1457 nobis
824 1431 855 1458 et
868 1424 1070 1469 Apostolicae

320 1477 394 1510 Sedi
420 1483 578 1521 perpetuo
607 1483 766 1510 reservata
791 1478 832 1510 sit
851 1483 882 1511 et
901 1488 969 1511 esse
997 1489 1072 1512 cen-

320 1536 438 1570 seatur,
455 1530 498 1563 ita
518 1536 553 1563 ut
572 1531 611 1564 de
632 1530 695 1563 illis
710 1542 768 1574 per
782 1531 881 1564 alium
902 1543 998 1576 quam
1012 1543 1070 1576 pel·

319 1594 390 1622 nos,
412 1589 467 1616 aut
491 1594 550 1626 pro
580 1590 724 1627 tempore
749 1584 937 1618 existentem
955 1585 1070 1618 Roma-

318 1647 396 1669 num
417 1633 618 1678 Pontificem,
631 1637 757 1681 disponi
775 1638 865 1670 nullo
886 1638 981 1671 modo
996 1649 1070 1683 pos-

317 1689 358 1723 sit
380 1696 436 1723 aut
468 1690 594 1731 debeat,
624 1701 751 1723 necnon
787 1691 998 1735 pensionibus
1037 1698 1067 1725 et

318 1743 476 1776 fructibus
509 1743 745 1784 ecclesiasticis,
767 1754 804 1776 ac
832 1744 928 1776 etiam
948 1744 1066 1787 quibu-

316 1806 471 1840 scumque
492 1797 596 1830 feudis
626 1805 657 1830 et
685 1797 961 1837 concessionibus,
983 1809 1066 1842 quae

315 1861 333 1883 a
346 1850 489 1883 Romana
508 1851 671 1894 praedicta
684 1857 714 1884 et
726 1851 797 1883 aliis
807 1851 1066 1896 quibuscumque

315 1903 458 1937 ecclesiis
478 1904 600 1937 obtinet
620 1910 650 1937 et
675 1904 706 1937 in
727 1905 873 1937 futurum
894 1905 1063 1945 obtinebit,

316 1957 497 2000 ceterisque
517 1957 667 1990 omnibus
691 1958 725 1990 in
748 1957 837 1991 Sedis
862 1958 1065 2002 Apostolicae

312 2010 483 2054 temporali
496 2010 642 2043 dominio
655 2011 820 2055 possessis,
829 2010 1063 2052 immobilibus,

314 2064 488 2096 mobilibus
508 2069 541 2097 et
564 2064 816 2104 semoventibus,
841 2064 946 2104 honis,
983 2065 1063 2098 iuri-

312 2116 370 2149 bus
380 2123 411 2150 et
423 2118 614 2158 actionibus,
629 2128 667 2150 eo
679 2118 747 2161 ipso
757 2117 927 2161 privatum,
944 2118 951 2150 i
957 2129 1064 2162 psum-

311 2180 374 2212 que
394 2177 425 2203 et
449 2171 535 2204 illius
554 2171 639 2204 filios
657 2171 695 2204 ad
709 2171 762 2203 illa
782 2177 813 2204 et
825 2172 987 2213 quaelibet
1001 2173 1063 2206 alia

313 2224 346 2256 in
370 2230 535 2266 posterum
569 2224 758 2262 obtinenda,
781 2235 817 2258 ac
837 2235 1062 2269 quoscumque

311 2282 402 2310 actus
412 2278 572 2319 legitimos
583 2278 778 2311 exercendos
793 2278 951 2312 inhabiles
967 2285 998 2311 et
1014 2279 1062 2311 in-

312 2330 427 2372 dignos
451 2331 518 2364 sore
538 2337 568 2364 et
588 2343 667 2364 esse.
689 2332 732 2365 Ac
752 2337 918 2374 praeterea
938 2343 955 2365 a
975 2332 1061 2365 dicto

312 2383 399 2415 Statu
421 2384 642 2417 Ecclesiastico
661 2385 820 2424 universo,
834 2396 982 2418 unacum
1004 2396 1062 2418 sua

312 2432 444 2473 familia,
481 2434 628 2477 perpetui
663 2435 748 2467 exilii
779 2445 882 2478 poena
913 2435 1060 2468 damnari

311 2481 442 2520 debere,
479 2482 673 2525 domosque,
707 2484 862 2523 aedificia,
904 2494 993 2517 arces
1030 2490 1061 2517 et

311 2529 462 2562 fortalitia
499 2531 642 2564 eiusdem
677 2532 881 2565 demolienda
919 2538 949 2565 et
991 2533 1060 2566 solo

311 2579 487 2619 aequanda,
515 2590 568 2611 svn
587 2580 656 2612 aliis
680 2580 830 2613 Gamerae
857 2581 1060 2624 Apostolicae

313 2626 437 2657 iuribus
458 2627 667 2661 adscribenda
688 2639 768 2669 csse3
782 2630 912 2663 net-illis
933 2636 1058 2674 portam

929 249 1108 278 mlLLARiUM
1132 249 1284 276 Romnum

1122 301 1222 335 ullius
1238 302 1400 345 dignitatis
1418 303 1650 339 ecclesiastieae
1662 306 1711 340 vel
1730 307 1868 341 munda-

1122 365 1183 387 nae
1209 365 1352 398 unquam
1373 361 1484 399 patere
1507 357 1693 400 statuimus,
1719 360 1869 395 decerni-

1123 418 1195 440 mus
1219 413 1250 441 et
1287 408 1501 442 declaramus.
1541 410 1676 454 Insuper
1703 414 1866 454 vassallos,

1121 460 1283 500 custodes,
1299 460 1447 502 vicarios,
1473 461 1667 505 capitaneos,
1687 471 1868 507 potestates,

1121 513 1286 554 officiales,
1308 514 1446 557 populos
1465 519 1497 547 et
1515 515 1659 549 subditos
1679 519 1868 552 eorumdem

1120 576 1138 598 a
1158 565 1321 599 fidelitatis
1340 567 1521 601 iuramento
1535 579 1573 601 ac
1592 568 1734 612 homagii
1747 575 1779 603 et
1788 582 1870 615 quo-

1121 630 1261 663 cumque
1285 620 1348 654 alio
1368 621 1451 661 iure,
1479 632 1546 665 quo
1570 622 1648 666 ipsis
1666 624 1871 667 quomodoli-

1119 672 1173 705 bet
1205 673 1349 707 adstricti
1375 674 1507 715 suerint,
1546 686 1584 708 ex
1617 686 1704 709 nunc
1741 676 1871 721 penitus

1119 726 1314 760 absolvimus
1345 734 1375 760 et
1403 728 1590 762 liberamus
1613 729 1754 763 Ducatus
1777 740 1866 772 vero,

1117 778 1274 821 dominia,
1295 780 1478 821 vicariatus,
1503 782 1672 825 gubernia,
1693 783 1802 824 feuda,
1822 783 1870 817 ci-

1117 832 1241 873 vitates,
1263 833 1393 878 oppida,
1410 839 1524 875 terras,
1540 839 1643 868 castra
1662 841 1694 869 et
1712 836 1794 877 loca,
1818 847 1870 870 ce·

1116 891 1250 931 teraque
1274 887 1359 921 bona
1383 888 1560 932 praedicta,
1593 899 1722 923 necnon
1745 889 1818 924 iura
1836 895 1870 926 et

1117 940 1261 973 actiones
1281 951 1355 973 cum
1382 941 1540 974 fructibus
1556 969 1564 982 ,
1587 942 1745 976 reditibus
1758 970 1767 985 ,
1787 953 1867 988 pro-

1116 993 1262 1026 ventibus
1282 999 1312 1026 et
1329 994 1555 1028 emolumentis
1570 996 1773 1038 eorumdem,
1787 997 1865 1030 fisco

1117 1051 1229 1079 nostro
1245 1053 1276 1080 et
1288 1046 1440 1081 Gamerae
1453 1048 1637 1091 praedictae,
1651 1049 1721 1093 ipso
1740 1050 1824 1083 facto
1835 1056 1866 1084 et

1115 1100 1239 1142 absque
1259 1100 1368 1144 aliqua
1382 1101 1613 1143 declaratione,
1625 1102 1721 1135 etiam
1736 1102 1768 1135 in
1776 1114 1867 1147 prae-

1115 1152 1273 1186 iudicium
1297 1154 1440 1188 filiorum
1461 1160 1491 1187 et
1510 1154 1648 1188 aliorum
1668 1156 1866 1190 descenden-

1114 1206 1195 1239 tium
1230 1207 1263 1239 in
1287 1207 1493 1248 investituris,
1521 1210 1783 1243 concessionibus
1807 1220 1866 1244 seu

1114 1260 1186 1292 aliis
1223 1260 1488 1303 dispositionibus
1529 1261 1839 1305 comprehensorum
1853 1288 1862 1303 ,

1114 1313 1146 1346 in
1180 1313 1330 1347 omnibus
1357 1320 1388 1347 et
1408 1325 1465 1357 per
1484 1314 1604 1355 omnia,
1627 1315 1761 1358 perinde
1780 1326 1818 1349 ac
1837 1316 1864 1349 si

1113 1378 1172 1411 per
1195 1368 1320 1412 lapsum
1342 1367 1496 1411 temporis
1515 1368 1646 1401 illorum
1678 1369 1866 1404 concessio-

1112 1421 1162 1454 nis
1181 1427 1212 1454 et.
1228 1421 1351 1454 linitam
1372 1422 1489 1454 lineam
1511 1422 1550 1454 ad
1570 1422 1673 1466 ipsam
1694 1422 1862 1456 Cameram

1112 1475 1260 1507 devoluta
1286 1479 1402 1515 essent,
1421 1474 1636 1508 confiscamus
1661 1480 1691 1507 et
1715 1476 1860 1519 applica-

1112 1539 1195 1561 mus.
1219 1528 1274 1561 Sin
1286 1535 1394 1561 autem
1404 1528 1653 1562 communitates
1663 1534 1694 1562 et
1706 1528 1862 1563 universi·

1111 1583 1189 1610 tates
1215 1577 1245 1609 in
1267 1577 1475 1621 praemissis1
1493 1577 1628 1610 consilio
1650 1578 1858 1622 deliquerint,

1110 1637 1164 1659 eas
1183 1626 1336 1658 omnibus
1371 1631 1402 1659 et
1442 1625 1703 1669 quibuscumque
1733 1627 1858 1667 castris,

1108 1675 1189 1708 villis
1213 1682 1244 1708 et
1267 1675 1553 1715 iurisdictionibus,
1571 1686 1608 1708 ac
1633 1676 1860 1709 communibus

1108 1725 1214 1765 bonis,
1237 1724 1334 1757 rebus
1349 1731 1379 1757 et
1399 1724 1525 1757 iuribus
1545 1724 1584 1756 ad
1604 1724 1674 1757 illas
1694 1724 1858 1768 pertinen-

1108 1775 1204 1815 tibus,
1228 1773 1495 1812 immunitatibus,
1522 1772 1792 1816 exemptionibus,
1818 1774 1856 1807 li-

1107 1820 1287 1856 bertatibus
1323 1827 1354 1855 et
1377 1822 1510 1855 indultis
1539 1821 1583 1854 eis
1612 1820 1858 1865 quomodolibet

1108 1872 1270 1906 concessis
1289 1872 1438 1905 similiter
1460 1871 1634 1915 privamus,
1652 1871 1856 1916 privatasque

1108 1922 1324 1962 declaramus,
1350 1931 1388 1953 ac
1400 1920 1483 1953 dicta
1504 1925 1619 1959 castra,
1641 1919 1732 1952 villas
1751 1930 1788 1954 ac
1807 1920 1857 1954 iu-

1106 1970 1322 2010 risdictiones,
1361 1970 1456 2009 bona,
1486 1979 1538 2001 res
1563 1973 1594 2001 et
1617 1967 1688 2002 iura
1706 1968 1856 2002 similiter

1105 2019 1183 2052 fisco
1203 2026 1233 2052 et
1253 2019 1405 2052 Gamerae
1424 2017 1599 2062 praedictis
1610 2017 1813 2060 applicamus
1824 2024 1856 2051 et

1105 2068 1364 2112 appropriamus.
1398 2067 1580 2100 Statuentes
1615 2065 1711 2099 etiam
1741 2071 1854 2099 contra

1105 2117 1300 2160 principales
1322 2121 1470 2149 auctores
1492 2121 1524 2148 et
1542 2114 1780 2159 particulariter
1798 2114 1853 2148 de-

1103 2166 1285 2209 linquentes
1304 2171 1467 2209 tamquam
1489 2164 1566 2198 dicti
1584 2164 1730 2198 criminis
1746 2164 1852 2197 laesae

1103 2215 1278 2248 maiestatis
1297 2225 1378 2254 reos,
1390 2220 1425 2247 ut
1435 2213 1628 2258 praefertur,
1649 2213 1781 2257 procedi
1796 2214 1851 2247 de-

1090 2264 1191 2297 ‘hei-e.
1222 2264 1259 2296 Et
1281 2263 1492 2296 nibilominus
1520 2272 1649 2296 omnem
1674 2268 1706 2294 et
1737 2272 1850 2305 quam-

1103 2323 1243 2355 cumque
1271 2312 1519 2356 posscssionem,
1536 2321 1592 2344 seu
1608 2309 1722 2353 quasi,
1744 2309 1789 2343 sic
1810 2311 1850 2344 de

1102 2361 1198 2401 sacto,
1221 2367 1333 2394 contra
1346 2366 1548 2404 praesentem
1569 2364 1712 2392 nostram
1728 2359 1849 2392 consti-

1101 2412 1272 2451 tutionem,
1295 2421 1370 2443 cum
1388 2420 1482 2442 manu
1509 2419 1565 2441 seu
1590 2406 1725 2440 collecta
1744 2417 1849 2440 arma-

1102 2466 1208 2493 torum
1229 2459 1397 2492 hominum
1411 2458 1442 2490 in
1459 2458 1602 2490 futurum
1623 2466 1682 2499 pro
1702 2461 1847 2499 tempore

1102 2509 1357 2552 apprehensam,
1384 2512 1590 2550 usurpatam,
1613 2505 1773 2537 detentam
1796 2503 1842 2536 vel

1101 2563 1303 2601 occupatam,
1331 2557 1393 2589 sive
1420 2554 1639 2598 adipiscendo,
1660 2553 1723 2586 sive
1740 2551 1854 2594 taliter,

1140 2642 1162 2667 1.
1182 2639 1303 2667 Cherub.
1325 2638 1400 2666 addit
1415 2636 1549 2664 communi
1568 2638 1608 2670 (n.
1625 2635 1674 2669 τ.).

1864 237 1935 282 'Aa
1952 253 2006 284 (Η

1969 0 2032 57 ’ΪῈ
