2059 3228
89 211 142 238 Au.
155 210 184 238 C.
205 212 270 241 1587

118 1770 236 1797 Superior-il
247 1777 271 1791 ns

93 1810 134 1830 qne
149 1804 233 1824 [inlinis
249 1802 275 1821 fa-

95 1835 198 1855 cultatem
223 1840 255 1853 rm

93 1867 150 1887 cedit
167 1866 277 1885 remitten-

96 1898 114 1917 di
138 1902 218 1923 poenas
242 1897 277 1917 in-

95 1933 176 1948 cursus.

333 204 396 235 9013

286 265 323 297 ad
345 264 404 296 lior
432 269 462 295 ut
485 262 637 304 deinceps
671 261 759 304 prior
787 260 947 303 generalis
976 270 1033 304 pro

286 323 431 360 tompore
451 315 599 348 existens.
624 324 749 346 necnon
772 314 791 346 ii
809 325 846 346 cx
867 314 958 347 dictis
974 314 1035 346 sra-

288 369 387 402 tribus
422 379 477 400 seu
509 366 684 405 canonicis,
707 366 826 410 quibus
849 367 879 400 id
899 368 939 400 ab
966 367 1034 410 ipso

287 421 383 465 priori
405 420 548 463 generali
573 426 625 453 aut
651 419 723 452 aliis
749 431 861 453 eorum
887 420 1033 464 superio-

286 475 374 507 ribus
393 474 574 517 specialiter
591 473 785 517 permissum
802 479 857 506 aut
873 474 1033 506 indultum

285 528 392 568 suerit,
409 539 445 560 ex
466 527 612 570 pecuniis
628 527 788 570 rebusque
809 533 839 560 ct
854 527 948 560 bonis
964 526 1035 559 uni·

285 580 403 624 cuique
423 591 536 613 eorum
559 579 719 623 sigillatim
742 580 859 613 intuitu
878 590 1034 624 personae

285 645 361 666 suae
388 633 514 666 donatis
537 634 585 665 vel
611 632 741 673 relictis,
762 644 798 666 ac
824 633 1033 677 inposterum

285 686 443 720 donandis
471 687 519 719 vel
545 686 778 728 relinquendis,
801 692 853 719 aut
887 686 952 719 suis
986 686 1032 718 la-

283 739 362 772 bore
382 744 414 772 et
432 739 592 772 industria
616 739 665 772 vel
690 739 767 772 alias
793 740 1033 782 undecumque,

285 793 371 826 licite
392 798 497 826 tamen
518 798 549 826 et
567 793 724 836 legitime,
747 793 911 837 acquisitis
930 804 966 825 ac
984 803 1035 825 ac-

284 846 462 891 quirendis,
490 847 630 891 exceptis
650 846 797 890 pecuniis
822 857 880 890 per
903 846 1034 879 eosdem

285 899 399 933 fratres
418 905 449 934 et
477 900 650 934 canonicos
669 900 777 944 vigore
802 900 962 933 dictarum
980 900 1034 932 lit-

286 959 428 987 terarum
447 953 648 997 ubicumque
669 953 871 998 deposimus,
898 964 978 996 quas
1003 953 1035 985 in

285 1007 555 1041 monasteriorum
577 1013 608 1040 et
640 1006 898 1050 congregationis
921 1007 1035 1039 buius-

286 1061 373 1094 modi
398 1061 569 1095 utilitatem
583 1061 716 1094 omnino
729 1061 843 1094 cedere
872 1061 1033 1100 volumus,

285 1125 355 1148 eam
383 1119 507 1159 partem
532 1120 564 1148 et
583 1115 778 1158 portionem,
801 1125 884 1157 quae
903 1124 960 1157 pro
981 1125 1036 1147 eo-

286 1180 359 1202 rum
380 1169 546 1203 moderato
566 1169 651 1202 victu
677 1174 708 1201 et
726 1167 838 1201 vestitu
859 1179 896 1202 ac
920 1179 1037 1201 occur-

287 1222 432 1256 rentibus
451 1222 707 1261 nccessitatibus,
725 1221 906 1255 secundum
927 1222 1037 1254 cuius-

286 1287 350 1320 que
383 1277 518 1320 gradum
552 1281 582 1309 et
611 1276 816 1320 qualitatem,
858 1276 1039 1309 necessaria

285 1330 460 1371 videbitur,
483 1330 631 1374 privatim
651 1330 831 1374 percipere,
844 1330 976 1371 habere,
992 1340 1041 1363 re-

287 1384 401 1426 tinere,
430 1395 467 1417 ac
498 1384 530 1417 in
555 1394 631 1417 suos
659 1394 737 1416 usus
770 1389 801 1416 et
835 1384 1041 1417 necessitates

286 1437 473 1472 huiusmodi
490 1438 787 1471 converterelibere
805 1442 837 1470 et
856 1437 957 1475 licite,
973 1437 1041 1470 sine

287 1491 425 1524 alicuius
460 1502 584 1535 poenae
615 1491 662 1523 vel
702 1501 860 1523 censurae
894 1491 1040 1532 incursu,

289 1545 411 1588 possint
431 1551 461 1578 et
485 1546 622 1585 valeant,
649 1544 826 1587 apostolica
850 1544 1042 1578 auctoritate

288 1603 316 1630 ot
348 1604 460 1631 tenore
494 1598 681 1641 praedictis,
714 1598 906 1639 relaxamus,
932 1598 1044 1642 eisque

290 1652 430 1696 desuper
452 1652 669 1695 indulgemus.

337 1705 350 1746 ξ
371 1705 401 1738 4.
425 1706 554 1739 Necnon
575 1705 676 1749 priori
696 1705 839 1748 generali
859 1710 889 1738 et
904 1704 974 1738 aliis
993 1716 1046 1738 su-

275 1759 479 1804 'pcrioribus
499 1759 759 1802 congregationis
784 1759 984 1799 huiusmodi,
1012 1766 1046 1793 ut

265 1845 277 1848 s
295 1823 518 1857 quoscumque
540 1812 627 1845 illius
647 1812 761 1845 fratres
781 1823 835 1845 seu
858 1812 1043 1852 canonicos,

294 1866 349 1911 qui
367 1867 523 1899 hactenus
540 1865 790 1910 praemissorum
808 1865 978 1898 occasione
994 1876 1047 1898 ex-

295 1919 601 1954 communicationis
613 1919 751 1952 vinculis
768 1924 798 1952 et
809 1918 880 1952 aliis
901 1919 1046 1952 censuris

294 1973 468 2017 praedictis
489 1972 615 2011 irretiti,
639 1972 677 2005 ad
704 1972 788 2016 ipsos
807 1972 973 2005 humiliter
994 1983 1045 2006 re-

295 2027 458 2059 currerint
477 2026 753 2060 etabsolutioncm
768 2025 932 2069 petierint,
956 2036 1048 2069 prae-

296 2081 343 2113 ria
374 2081 480 2113 debita
507 2079 710 2113 restitutione
731 2089 787 2112 seu
816 2079 1045 2120 satisfactione,

295 2135 318 2167 si
345 2143 427 2177 quac
458 2133 553 2167 fuerit
578 2133 734 2170 sacieltla,
755 2133 794 2165 ab
825 2133 1047 2166 excommuni-

297 2187 430 2220 cationis
451 2193 480 2219 ct
493 2187 562 2219 aliis
582 2186 727 2219 censuris
749 2191 920 2229 propterea
940 2187 1049 2220 incur-

297 2242 338 2273 sis
359 2240 542 2273 absolvendi
565 2246 595 2272 et
620 2239 761 2273 totaliter
785 2239 957 2280 liberandi,
985 2240 1049 2272 dic-

300 2300 410 2337 tasque
441 2305 560 2338 poenar-
581 2293 627 2326 cis
654 2293 838 2326 remittendi
871 2300 899 2326 et
926 2294 1048 2327 condo-

301 2347 409 2387 nandi,
425 2357 618 2388 omnemque
632 2346 843 2379 inhabilitatis
855 2353 884 2379 et
901 2347 1049 2380 infamiae

302 2396 460 2427 maculam
479 2396 543 2428 sive
560 2401 668 2428 notam
690 2401 802 2428 contra
822 2406 876 2429 eos
895 2396 1051 2440 praemis-

302 2454 408 2475 ¹‹sn-um
431 2444 598 2477 mensione
619 2444 867 2487 quomodolibet
882 2444 1052 2487 insurgen—

303 2498 364 2524 tem
387 2493 425 2524 ab
451 2493 495 2525 eis
515 2493 667 2532 abdeiidi,
699 2493 851 2537 ipsosque
881 2500 911 2526 et
937 2504 1050 2526 eorum

303 2541 445 2584 singulos
466 2542 496 2574 in
518 2542 687 2585 pristimum
710 2548 738 2574 et
757 2553 844 2582 eum,
866 2542 895 2575 in
919 2554 980 2585 quo
997 2554 1052 2576 an-

306 2596 353 2624 tea
371 2591 613 2634 quomodolibet
642 2598 744 2636 erant,
772 2598 890 2627 statum
921 2592 1051 2626 restitu-

882 208 981 232 liutet
987 209 1060 232 utun
1082 207 1232 232 Romnum

1075 259 1163 299 endi,
1188 258 1367 302 reponendi
1384 263 1416 292 et
1434 258 1579 303 plenarie
1595 258 1827 304 reintegrandi,

1075 312 1204 355 plenam
1226 317 1257 344 et
1276 311 1425 353 liberam,
1448 311 1566 346 eisdem
1587 313 1776 348 auctoritate
1795 318 1828 348 et.

1075 372 1199 405 tenore,
1227 364 1438 398 concedimus
1458 364 1657 399 facultatem.

1119 418 1134 461 ἓ
1154 417 1184 451 5.
1208 418 1277 451 Non
1289 416 1491 450 obstantibus
1505 417 1727 461 prohibitione
1742 418 1828 453 aliis-

1075 481 1138 513 que
1158 470 1344 514 praemissis
1364 476 1394 503 et
1423 470 1623 513 apostolicis,
1646 481 1684 504 ac
1702 471 1736 504 in
1751 481 1827 515 pro-

1076 523 1278 564 vincialibus,
1300 523 1508 567 synodalibus
1533 529 1565 557 et
1593 524 1828 558 universalibus

1076 577 1221 610 conciliis
1249 577 1360 618 editis,
1390 577 1584 620 specialibus
1615 578 1665 611 vel
1693 588 1828 621 genera-

1075 630 1161 663 libus
1188 630 1475 664 constitutionibus
1505 636 1536 664 et
1569 631 1829 665 ordinationibus

1075 694 1202 716 necnon
1224 684 1496 727 congregationiS,
1518 683 1647 718 Ordinis
1667 689 1699 718 et
1717 685 1830 718 domo-

1076 748 1146 769 rum
1164 737 1363 778 huiusmodi,
1381 737 1477 770 etiam
1498 737 1693 780 iuramento,
1711 739 1829 771 contir-

1077 790 1217 823 matione
1246 791 1425 834 apostolica
1454 792 1503 825 vel
1528 791 1640 835 quavis
1672 791 1827 826 firmitate

1076 843 1138 876 alia
1156 844 1326 884 roboratis,
1342 845 1466 878 statutis
1479 850 1510 879 et
1521 845 1823 887 consuetudinibus,

1076 897 1256 941 ceterisque
1277 898 1447 931 contrariis
1467 899 1738 942 quibuscumque.

1120 951 1134 994 ξ
1154 950 1185 984 6.
1208 951 1363 985 Volumus
1397 958 1504 985 autem
1529 953 1616 997 quod
1637 952 1831 991 earumdem,

1077 1005 1296 1048 praesentium
1310 1006 1520 1050 transumptis
1540 1010 1597 1039 etc.

1121 1058 1235 1091 Datum
1256 1059 1375 1092 Rornae
1396 1060 1481 1102 apud
1502 1060 1653 1093 Sanctum
1674 1059 1827 1101 Marcum,

1078 1112 1137 1145 sub
1163 1113 1283 1146 annulo
1310 1113 1494 1154 Piscatoris,
1517 1113 1568 1147 die
1592 1124 1611 1146 v
1636 1114 1829 1158 septembris

1078 1176 1260 1207 iimLxxxvu,
1284 1166 1491 1210 pontificatus
1510 1167 1612 1201 nostri
1629 1178 1714 1201 anno
1735 1178 1781 1202 111.

1148 1224 1212 1254 Dat.
1230 1225 1277 1255 die
1293 1225 1310 1255 5
1326 1229 1401 1265 sept.
1418 1226 1505 1263 1587,
1520 1230 1602 1265 pont.
1619 1236 1696 1257 anno
1715 1235 1770 1264 tu„

1841 443 1970 470 regaturne.
1989 445 1999 478 ᾗ

1838 982 1859 1010 pt
1866 988 1942 1009 erum.

1405 1397 1507 1431 XCIX.

1084 1472 1268 1505 prohibitio
1289 1472 1484 1506 adinittendi
1509 1473 1548 1505 ab
1568 1473 1720 1516 beneficia
1741 1474 1835 1518 requi

1132 1526 1509 1570 l'alentirteoliem'qenax
1524 1537 1695 1569 regnum-um
1717 1527 1836 1570 Hispa-

1127 1580 1214 1619 niae,
1229 1580 1387 1623 inquibus
1399 1580 1462 1623 ipsi
1479 1580 1642 1613 Vati-nuni
1652 1581 1694 1613 ad
1710 1581 1837 1614 similia

1130 1644 1195 1666 nott
1215 1634 1451 1666 aclmitlmztur.

1153 1715 1251 1743 Sixtus
1265 1714 1418 1750 episcopus.
1436 1720 1532 1743 servus
1546 1721 1688 1742 servorum
1701 1714 1759 1748 Dei,

1233 1769 1266 1796 ad
1284 1769 1445 1804 perpetuam
1464 1768 1505 1797 rei
1521 1769 1690 1797 memoriam.

1132 1840 1165 1872 ln
1203 1845 1407 1873 sacrosancto
1440 1839 1526 1873 Beati
1565 1840 1647 1872 Petri
1681 1839 1838 1885 principis

1087 1895 1309 1937 apostolorum
1330 1893 1423 1934 solio,
1447 1893 1545 1926 nullis
1565 1894 1682 1927 nostris
1702 1893 1836 1934 meritis,

1087 1949 1141 1981 scd
1163 1948 1229 1981 sola
1260 1947 1487 1990 Redemptoris
1506 1947 1607 1980 nostri
1626 1947 1837 1990 benignitate,

1088 2002 1264 2043 constituti,
1289 2002 1323 2034 in
1357 2001 1497 2034 universi
1518 2001 1603 2034 orbis
1634 2001 1782 2045 regiones
1810 2007 1842 2036 et

1088 2055 1280 2099 provincias,
1304 2054 1494 2099 praesertim
1520 2054 1706 2087 infidelibus
1719 2060 1749 2088 et
1768 2055 1841 2089 bar-

1089 2109 1174 2142 baris
1194 2109 1378 2143 nationibus
1390 2108 1584 2149 adiacentes,
1598 2109 1700 2142 aciem
1713 2114 1842 2143 nostrae

1090 2163 1318 2202 meditationis,
1343 2173 1432 2195 more
1456 2161 1559 2205 vigilis
1578 2162 1716 2206 pastoris
1736 2163 1841 2196 domi-

1089 2217 1152 2250 nici
1177 2217 1294 2259 gregis,
1312 2215 1430 2258 passim
1449 2215 1655 2256 reflectimus,
1678 2220 1709 2249 et
1728 2221 1763 2249 ut
1783 2216 1842 2249 ibi-

1090 2272 1163 2303 dem
1184 2270 1281 2303 divini
1294 2269 1435 2302 nominis
1451 2279 1488 2302 ac
1513 2269 1690 2302 catholicae
1712 2269 1841 2312 religio-

1091 2324 1140 2356 nis
1163 2324 1270 2357 cultus
1304 2322 1441 2356 feliciter
1468 2327 1676 2355 conservetur
1694 2328 1723 2356 et
1751 2323 1841 2355 efflo-

1092 2383 1171 2417 reat,
1187 2378 1381 2421 illarumque
1395 2376 1565 2420 indigenae
1584 2377 1617 2409 in
1633 2376 1709 2409 fidei
1733 2382 1765 2409 et
1790 2377 1842 2410 de-

1093 2431 1230 2464 votionis
1263 2442 1339 2474 erga
1353 2431 1501 2474 Sanctam
1523 2431 1636 2465 sedam
1657 2430 1842 2464 sinceritate

1092 2484 1283 2528 apostolicis
1306 2483 1468 2516 favoribus
1496 2494 1531 2516 ac
1560 2483 1842 2527 spiritualibuset

1093 2537 1325 2582 temporalibus
1344 2536 1538 2570 adiumentis
1555 2536 1673 2580 iugiter
1692 2536 1841 2570 confove-

1093 2598 1199 2632 antur,
1222 2601 1316 2636 opem
1342 2596 1374 2624 et
1393 2601 1524 2636 operam
1545 2591 1682 2624 libenter
1701 2588 1840 2623 intendi-

1867 409 1979 434 Ctausulns
2023 410 2025 439 i

1866 950 1928 973 riuos
1949 955 1974 977 ογ
1996 963 1997 970 ι
2026 963 2028 991 ὲ

1879 1840 1968 1865 Pmoemi
1974 1849 1975 1856 ι
1984 1863 1991 1866 Δ
