2059 3228
474 254 484 263 Ἰ

423 254 486 287 ἓῧυ

421 316 436 358 ἓ
469 314 500 347 4.
538 314 668 347 Necnon
707 315 826 348 eisdem
866 315 1127 348 christifidelibus

220 382 361 404 visitantibus
377 368 546 411 utriusque
572 378 676 408 sexus,
703 369 770 411 qui,
794 370 1023 402 coemeterium
1039 381 1127 413 prae-

176 415 340 435 ‘⁰⁰'¹³²¹⁹‘³¹¹¹”·
376 420 537 454 dictorum
563 420 712 463 ingressi,
739 421 838 461 inibi,
864 433 922 466 pro
943 423 1124 455 animarum

376 473 635 507 christifidelium
669 474 896 508 defunctorum
932 476 1048 509 ibidem
1075 487 1124 509 se-

375 528 541 570 pultorum
558 528 674 568 salute,
691 529 864 573 psalmum,
880 530 934 573 qui
953 530 1064 572 incipit
1081 531 1125 563 De

369 581 554 624 profundis,
565 581 628 614 sive
645 588 693 615 ter
716 582 898 615 Orationem
924 583 1122 616 Dominicam

373 639 404 667 et
428 635 522 668 toties
547 635 777 669 Salutationem
804 637 987 679 Angelicam
1012 637 1122 670 devote

372 687 589 726 recitaverint,
617 695 745 722 centum
772 690 840 722 dics
854 690 893 722 de
910 690 954 722 cis
971 690 1123 723 iniunctis

371 740 422 774 vel
447 741 525 774 alias
548 743 789 785 quomodolibet
815 743 929 775 debitis
953 743 1121 786 poeniten-

370 793 435 833 tiis,
456 795 646 828 auctoritate
670 800 701 828 et
726 802 835 829 tenore
860 796 1035 833 similibus,
1059 797 1120 829 mi-

371 847 578 882 sericorditer
602 849 634 881 in
654 849 790 881 Domino
806 850 1007 889 rclaxamus3
1028 861 1120 893 prae-

368 901 526 942 sentibus,
548 913 627 944 quas
643 903 702 935 sub
718 903 884 946 quibusvis
898 903 1053 936 similium
1069 904 1119 937 vel

367 953 574 987 dissimilium
596 955 870 997 indulgentiarum
890 966 926 988 ac
941 957 1118 999 gratiarum

365 1008 626 1041 revocationibus
640 1035 648 1047 ,
674 1009 961 1052 suspensionibus,
999 1009 1118 1042 limita-

366 1059 527 1101 tionibus‚
558 1062 872 1102 modificationibus,
899 1063 1117 1106 derogationi-

365 1113 426 1146 bus
450 1119 505 1147 aut
529 1115 600 1147 aliis
632 1115 802 1148 contrariis
830 1116 1114 1159 dispositionibus,

364 1166 460 1199 etium
486 1167 518 1199 in
539 1167 678 1200 savorem
700 1168 839 1201 fabricae
854 1169 1005 1203 basilicae
1026 1170 1117 1203 Prin-

366 1218 447 1263 cipis
480 1221 699 1263 apostolorum
734 1222 830 1255 etiam
855 1222 894 1255 de
917 1223 1017 1263 Urbe,
1036 1224 1116 1257 Cru-

365 1272 466 1306 eiatae
478 1273 613 1307 Sanctae
631 1280 659 1307 et
681 1276 894 1318 expeditionis
915 1282 1024 1309 contra
1039 1278 1117 1310 Tur-

365 1336 418 1359 cas
438 1337 495 1359 seu
516 1327 750 1372 redemptionis
765 1329 978 1372 captivorum,
993 1335 1024 1363 et
1038 1331 1116 1364 alias

364 1379 423 1411 sub
444 1380 607 1423 quibusvis
628 1382 799 1414 verborum
817 1383 983 1416 tenoribus
1003 1391 1032 1416 et
1053 1385 1116 1417 sor—

366 1433 436 1471 mis,
461 1444 519 1476 per
537 1444 596 1466 nos
615 1440 645 1466 et
665 1435 779 1468 Scdem
801 1436 1016 1479 Apostolicam
1036 1448 1116 1481 quo-

365 1485 542 1519 modolibet
568 1487 658 1520 factis
684 1494 716 1521 et
734 1489 904 1529 faciendis,
931 1490 1115 1523 nullatenus

361 1540 626 1582 comprehensas,
638 1541 692 1574 sed
704 1552 832 1585 semper
841 1543 958 1575 abillis
967 1549 1115 1587 exceptas

365 1602 432 1624 esse
448 1598 477 1624 et
495 1594 630 1634 censeri,
653 1605 689 1626 ac
703 1595 823 1628 eisdem
845 1596 1061 1629 confratribus
1085 1603 1115 1630 et

365 1644 436 1677 aliis
471 1646 736 1680 christifidelibus
768 1649 938 1691 suffragari
967 1650 1113 1683 decerni-

366 1708 448 1738 mus,
469 1699 635 1742 perpetuis
657 1699 775 1733 suturis
796 1702 995 1745 temporibus
1015 1703 1113 1735 dura-

364 1756 458 1783 turis.

409 1804 521 1837 Datum
542 1805 661 1838 Romae
684 1807 769 1850 apud
795 1807 948 1841 Sanctum
968 1809 1111 1847 Petrum,

365 1857 425 1889 sub
445 1859 565 1891 annulo
585 1859 755 1893 Piscatoris
769 1888 776 1901 ,
799 1861 849 1894 die
869 1871 900 1894 xl
920 1863 1009 1902 maii,
1031 1874 1112 1907 pon-

367 1909 505 1943 tificatus
525 1912 627 1945 nostri
647 1923 732 1946 anno
747 1923 802 1947 vn.

405 1967 469 1998 Dat.
493 1968 539 1998 die
555 1970 587 1999 11
607 1970 676 2000 maii
696 1971 784 2007 1579,
804 1972 910 2011 pontif.
927 1981 1004 2002 anno
1020 1982 1072 2002 vu.

174 268 226 297 An.
246 268 273 297 c.
296 269 362 297 1579

685 2113 784 2147 XCVII
790 2141 796 2146 .

364 2177 532 2211 Decretum
555 2180 637 2223 quod
657 2181 852 2223 capitulares
883 2186 912 2214 cl
937 2183 1021 2215 aliae
1039 2193 1112 2227 per·
1129 2167 1134 2233 1

407 2241 505 2264 sonae
518 2233 664 2266 ecclesiae
677 2233 953 2267 Barchinonvnsis
964 2247 1030 2268 non
1044 2246 1114 2279 pos-

408 2285 475 2318 sint
499 2287 663 2330 percipere
690 2288 932 2321 distributiones
953 2291 1113 2333 quotidia-

408 2348 469 2370 nas
496 2344 667 2382 praetextu
696 2341 871 2384 officiorum
905 2343 1113 2386 principatus

411 2389 604 2425 cataloniae
623 2393 649 2425 ¹.

367 2459 514 2499 Gregorius
520 2463 590 2498 Papa
599 2464 668 2496 Xlll,
678 2465 712 2492 ad
724 2467 884 2500 perpetuam
894 2466 935 2494 rei
943 2462 1111 2494 memoriam.

410 2521 546 2556 Romani
565 2525 730 2558 Pontifici>-
750 2527 951 2570 providentia
971 2527 1112 2560 circum-

197 2582 257 2606 neu
275 2583 353 2605 series.
366 2580 484 2619 specta,
505 2576 591 2610 circa
610 2585 696 2620 gesta
717 2590 776 2623 per
795 2591 882 2621 eum,
899 2580 955 2613 ubi
971 2581 1110 2624 expedit,

405 2648 415 2674 1
438 2646 478 2674 Ex
495 2646 604 2681 [ts-gest.
622 2649 649 2676 in
660 2649 768 2679 secret.
786 2651 868 2678 Brev.

971 263 1148 287 nt'ttantmt
1169 263 1319 288 nonaxon

1168 314 1307 358 desuper
1326 315 1458 348 adducit
1472 315 1628 355 officium,
1644 321 1739 359 prout
1756 314 1914 359 conspicit.

1168 368 1200 400 iu
1222 369 1356 402 Domino
1373 369 1544 402 salubriter
1556 369 1718 413 expedire.
1734 369 1856 412 Expoui
1872 369 1915 402 si-

1168 421 1298 464 quidem
1321 422 1415 454 nobis
1433 432 1540 465 nuper
1558 422 1702 455 fecerunt
1726 422 1834 455 dilecti
1853 421 1914 455 filii
1952 419 1962 450 ’-

1166 474 1343 517 capitulum
1364 474 1519 508 ecclcsiae
1530 474 1809 515 BarchinonensiS,
1826 474 1913 518 quod
1955 499 1958 502 -

1165 527 1302 566 dudum,
1317 538 1376 572 pro
1389 533 1480 571 parte
1492 533 1570 561 tunc
1588 528 1792 561 existentium
1812 528 1913 573 depu-
1951 554 1953 559 .

1164 586 1303 613 latorum
1333 587 1364 614 et
1391 580 1576 615 auditorum
1605 587 1833 626 computorum
1852 593 1909 626 ge-

1164 634 1282 667 neralis
1302 634 1506 678 principatus
1525 633 1720 676 Cataloniae,
1739 635 1842 669 felicis
1859 646 1911 669 re-

1163 687 1358 720 eordationis
1373 686 1517 730 Eugenio
1536 687 1640 731 Papae
1655 688 1704 728 lv,
1720 689 1911 732 praedeces-
1951 710 1955 714 -

1162 740 1227 772 sori
1246 746 1378 781 nostro,
1401 741 1544 784 exposito
1570 741 1657 784 quod
1683 742 1723 774 ad
1747 743 1911 785 guberna-
1960 783 1961 786 Ἴ

1161 792 1295 833 tionem,
1322 794 1559 837 protectionem
1584 799 1616 827 et
1648 794 1818 828 tuitionem
1848 794 1910 827 im-

1162 846 1355 879 munitatum
1377 852 1408 879 et
1427 847 1624 888 libertatum,
1644 857 1772 880 necnon
1787 847 1911 881 utilita-

1161 904 1224 931 tem
1244 910 1453 933 communem
1473 906 1504 933 et
1523 901 1645 933 bonum
1665 900 1810 944 regimen
1823 901 1910 934 eius-

1159 952 1231 985 dem
1259 953 1472 997 principatus,
1502 964 1659 997 personae
1687 965 1740 988 sex
1758 965 1909 998 numero,

1159 1005 1242 1039 duae
1261 1007 1409 1040 videlicet
1433 1006 1688 1048 ecclesiasticae,
1710 1013 1742 1041 et
1763 1008 1910 1052 reliquae
1951 1041 1960 1047 ἢ

1159 1059 1349 1100 saeculares,
1369 1060 1497 1103 quaein
1511 1060 1638 1093 civitate
1652 1060 1909 1096 Barchinonensi

1158 1122 1282 1145 moram
1303 1113 1443 1153 trahere,
1460 1119 1491 1146 et
1510 1113 1543 1146 in
1563 1113 1660 1146 domo
1679 1114 1719 1147 ad
1735 1113 1769 1147 id
1787 1114 1908 1148 ibidem

1158 1166 1304 1198 ordinata
1325 1166 1420 1199 certis
1448 1166 1561 1200 diebus
1586 1166 1718 1199 insimul
1737 1166 1908 1201 convenire
1954 1171 1963 1202 ’,

1158 1218 1363 1259 tenebantur,
1385 1230 1525 1263 quarum
1546 1225 1611 1253 tres
1632 1220 1775 1266 deputati
1797 1231 1836 1254 ac
1857 1230 1908 1254 re·
1960 1235 1966 1238 ·

1157 1271 1238 1314 liqui
1259 1277 1323 1305 tres
1342 1272 1506 1306 auditores
1525 1278 1753 1316 computorum
1770 1273 1907 1317 singulis

1157 1324 1305 1358 trienniis
1315 1325 1391 1368 eligi
1413 1331 1669 1366 consueret-anm
1693 1331 1725 1359 et
1747 1337 1907 1370 personae

1156 1378 1391 1412 ecclesiasticae
1428 1379 1473 1412 sie
1513 1380 1633 1412 electae
1648 1406 1656 1419 ‚
1690 1391 1772 1423 quae
1809 1381 1905 1413 etiarn

1156 1432 1352 1476 quandoque
1368 1432 1547 1476 pontificali
1561 1438 1590 1466 et
1603 1432 1756 1466 abbatiali
1771 1444 1828 1467 seu
1842 1433 1906 1467 alia
1951 1444 1969 1460 v·

1156 1484 1310 1527 dignitate
1329 1486 1558 1528 fungebantur,
1579 1496 1638 1529 pro
1655 1496 1693 1519 eo
1713 1487 1818 1529 quod,
1843 1497 1904 1531 gu·
1952 1487 1956 1489 “

1155 1539 1336 1572 bernationi
1350 1565 1358 1578 ‚
1379 1539 1572 1582 protectioni
1593 1546 1624 1573 et
1642 1539 1770 1573 tuitioni
1791 1541 1905 1574 huius-

1156 1592 1242 1624 modi
1263 1592 1454 1632 insistentes,
1474 1593 1514 1625 ab
1535 1593 1680 1626 ecclesiis
1699 1599 1731 1626 et
1746 1600 1907 1628 monaste-

1156 1644 1222 1684 riis,
1241 1645 1360 1688 quibus
1379 1651 1551 1689 praeerant,
1570 1651 1601 1679 et
1617 1647 1785 1680 beneficiis
1799 1647 1906 1680 eccle—

1155 1698 1310 1738 siasticis,
1331 1709 1413 1742 quae
1433 1699 1639 1739 obtinebant,
1661 1699 1808 1733 absentes
1837 1701 1903 1734 exi-

1154 1752 1291 1792 stebant,
1311 1752 1400 1785 iuxta
1417 1753 1626 1786 ecclesiarum
1645 1759 1677 1786 et
1696 1755 1906 1788 monasterio-

1154 1816 1226 1838 rum
1247 1816 1283 1838 ac
1302 1806 1536 1839 beneficiomm
1556 1807 1744 1840 eorumdem
1763 1808 1905 1849 decreta,

1154 1863 1281 1896 statuta,
1304 1859 1555 1892 consuetudines
1572 1864 1602 1892 et
1618 1860 1851 1902 ordinationes,
1865 1862 1904 1894 il-

1154 1908 1259 1940 lorum
1269 1907 1440 1948 fructibus,
1454 1908 1634 1942 redditibus
1649 1914 1680 1942 et
1694 1911 1903 1953 proventibus

1153 1967 1210 1989 seu
1236 1956 1398 2000 aliquibus
1424 1968 1538 1991 eorum
1566 1958 1771 2001 portionibus
1796 1959 1903 2003 priva·
1939 1957 1947 1964 '

1152 2004 1288 2045 hamum
1304 2005 1388 2039 idem
1402 2006 1644 2049 praedecessor,
1661 2007 1903 2050 praedictorum
1953 2006 1955 2010 ⁴

1153 2053 1296 2096 deputati
1310 2060 1341 2087 et
1358 2054 1515 2087 auditoris
1528 2054 1820 2089 ecclesiasticorum
1835 2055 1850 2079 1
1867 2056 1903 2091 in

1153 2113 1188 2135 ea
1209 2108 1298 2145 parte
1319 2102 1502 2142 inclinatus,
1522 2102 1642 2136 eisdem
1671 2109 1702 2137 et
1729 2115 1789 2148 pro
1823 2110 1904 2139 tem-

1153 2160 1231 2193 pore
1251 2150 1459 2183 existentibus
1479 2151 1632 2194 deputato
1648 2158 1679 2184 et
1691 2153 1832 2186 auditori
1853 2164 1904 2188 ec-

1152 2194 1337 2228 clesiasticis
1368 2196 1556 2229 eorumdem
1593 2202 1843 2240 computorum,
1870 2203 1902 2232 et
1924 2201 1932 2210 ¹

1152 2254 1265 2276 eorum
1281 2244 1427 2283 cuilibet,
1440 2244 1686 2288 utdeputationi
1700 2251 1731 2278 et
1741 2245 1902 2280 auditioni
1931 2251 1934 2255 ’

1152 2298 1380 2336 computorum
1406 2293 1592 2327 huiusmodi
1613 2300 1675 2327 tam
1697 2294 1730 2327 in
1750 2294 1836 2328 dicta
1853 2295 1900 2328 ci-

1151 2342 1248 2375 vitate
1262 2352 1359 2385 quam
1377 2342 1454 2375 alibi
1471 2342 1658 2384 insistendo,
1675 2343 1810 2384 fructus,
1829 2343 1902 2377 red-
1943 2345 1946 2350 '

1152 2390 1236 2423 ditus
1255 2397 1286 2423 et
1305 2397 1479 2434 proventus
1492 2391 1638 2424 omnium
1653 2397 1684 2424 et
1699 2390 1898 2434 singularum

1152 2441 1363 2473 ecclesiarum
1376 2466 1384 2480 ,
1411 2441 1682 2473 monasteriorum
1712 2446 1741 2473 et
1775 2439 1899 2473 beneli-
1937 2454 1942 2476 1

1152 2489 1278 2522 ciorum
1320 2489 1614 2522 ecclesiasticorum
1656 2489 1899 2533 praedictorum
1923 2527 1927 2529 λ

1153 2549 1210 2582 per
1220 2548 1275 2571 eos
1285 2548 1344 2582 pro
1352 2543 1498 2582 tempore
1508 2537 1726 2579 obtentorum,
1739 2537 1901 2581 ipsorum-

1152 2597 1215 2631 que
1234 2588 1411 2629 sructuum‚
1431 2587 1614 2621 reddituum
1634 2592 1665 2619 et
1684 2591 1899 2630 proventuum

1189 2651 1199 2676 Ι
1221 2650 1303 2678 Deest
1322 2649 1560 2684 supplicationibus
1578 2651 1618 2682 (a.
1637 2650 1687 2680 τ.).
