2059 3228
792 239 889 264 nvnnx
916 236 1028 263 nanum
1384 232 1387 235 ·
1550 223 1629 258 1037

219 293 270 321 nat
297 288 397 323 sixtus
429 290 450 322 V
487 290 597 324 haberi
635 291 739 334 prima
774 291 826 324 die
848 289 1116 332 Quadragesimae
1153 289 1184 321 in
1218 287 1351 322 ecclesia
1375 288 1508 320 Sanctae
1533 286 1674 319 Sabinae

221 345 379 387 martyris,
404 345 478 377 ibid.
504 345 545 382 Ιις
571 346 717 379 hortatur
740 346 836 379 etiam
861 343 1082 379 christifideles
1117 342 1156 375 ad
1187 353 1291 376 veram
1329 341 1568 376 conversionem
1594 345 1673 374 tem-

225 409 301 440 pore
319 399 585 442 quadragesimali
604 399 851 443 stationalesque
875 397 1022 432 ecelesias.
1046 408 1117 431 vere
1143 398 1341 440 poenitentes
1364 401 1395 429 et
1420 395 1471 440 pie
1487 395 1670 433 visitandas,

220 452 284 483 titit'»
308 463 348 489 ιη.
373 452 542 494 Collegium
569 462 624 485 xm
642 458 809 485 cantorum
827 462 885 496 pro
901 451 1027 495 capellis
1044 451 1216 493 pontificiis
1228 450 1363 493 erigitur
1381 449 1443 484 737
1461 461 1493 488 a;
1505 449 1670 483 concessio

221 505 470 548 privilegiorum,
495 507 655 540 redituum
680 511 709 540 et
734 506 910 550 insignium
935 505 1056 548 collegii
1080 515 1117 537 ac
1143 504 1298 538 facultatis
1328 503 1464 547 eligendi
1489 503 1528 537 de
1550 514 1663 537 eorum

217 568 351 591 numero
377 559 565 602 magistrum
590 560 727 603 capellae
751 564 780 592 et
806 558 883 592 alios
908 558 1081 599 ministros,
1106 558 1181 591 ibid.
1207 558 1237 598 b,·
1253 562 1370 591 statuta
1394 567 1453 600 pro
1476 557 1561 590 bono
1585 556 1669 600 regi-

219 613 304 647 mine
328 615 451 657 collegii
476 615 655 656 condendi,
691 616 778 655 ibid,
803 615 962 658 exemptio
985 615 1025 648 ab
1048 615 1134 648 omni
1167 614 1391 659 superioritate
1425 613 1664 646 ordinariorum

217 673 248 700 et
272 668 414 701 iudicum
440 669 471 701 in
497 669 579 702 Urbe
602 674 634 702 et
658 674 756 708 extra3
782 668 845 702 738
869 679 902 707 a,·
925 668 1124 701 confirmatio
1148 673 1242 711 atque
1260 667 1423 701 innovatio
1439 667 1584 701 omnium
1601 666 1667 710 pri·

218 721 404 764 vilegiorum
431 722 493 755 iam
518 732 754 762 concessorum,
779 722 870 761 ibai„-
892 727 1040 754 cantores
1063 732 1081 754 a
1105 721 1236 764 collegio
1264 731 1327 754 non
1358 726 1577 762 amoveantur,
1602 721 1662 754 nisi

217 776 290 809 data
306 776 353 809 eis
376 777 466 819 prius
488 776 680 820 equivalenti
695 777 964 816 remuneratione,
989 775 1014 809 si
1040 785 1100 809 xxv
1123 786 1281 809 annorum
1295 776 1397 820 spatio
1424 776 1593 810 servierint
1616 777 1664 810 vel

214 831 354 874 legitime
379 831 524 876 impediti
543 832 673 872 suerint,
698 831 787 870 wid4
810 831 975 874 privilegia
999 836 1167 864 cantorum
1192 830 1288 863 etiam
1305 836 1486 863 amotorum
1512 836 1665 874 perpetua

215 890 301 926 sunt,
324 885 399 918 ibid.
424 886 452 926 b;
476 886 640 930 deputatio
665 886 853 929 protectoris
880 885 1003 929 collegii
1032 896 1104 919 cum
1129 885 1276 918 facultate
1291 885 1456 928 praedicta
1479 886 1588 919 onmia
1611 896 1663 918 or-

214 938 346 972 dinandi
370 944 401 973 et
425 939 647 982 gubernandi,
672 945 704 974 et
731 950 842 973 causas
869 950 978 972 omnes
1002 939 1124 982 collegii
1149 938 1282 982 eiusque
1306 949 1515 982 personarum
1544 950 1662 983 oogno-

215 993 323 1027 scendi
360 994 535 1027 summarie
553 1020 561 1035 ,
584 993 660 1026 ibid.
700 999 731 1028 et
767 993 830 1026 739
855 1004 898 1032 a,·
921 992 1046 1036 reliqua
1078 992 1119 1025 ad
1144 992 1308 1026 servitium
1334 993 1492 1036 decusque
1526 994 1664 1037 capellae

217 1045 361 1079 eiusdem
386 1045 590 1089 pertinentia,
615 1045 654 1078 ad
678 1045 868 1089 capellanos
891 1044 1041 1078 sacristas
1064 1048 1119 1078 aec.
1143 1049 1291 1078 accurate
1313 1045 1578 1088 praescribuntur
1601 1045 1666 1080 862

217 1098 235 1131 b
258 1104 289 1132 et
311 1110 372 1142 seq.

126 1153 307 1186 Cardinales
330 1158 403 1186 sunt
427 1154 519 1197 Papae
535 1153 707 1187 consiliarii
720 1157 750 1185 et
767 1151 978 1193 coadiutores,
994 1152 1058 1186 808
1069 1152 1496 1196 b;optimietlectissimiviri
1510 1155 1549 1188 ad
1558 1155 1662 1188 cardi-

153 1205 157 1210 “
213 1208 355 1241 nalatum
371 1213 578 1241 assumuntur
595 1207 680 1252 quia,
694 1207 778 1241 inter
795 1207 866 1247 alia,
886 1217 923 1240 ex
940 1207 1082 1251 ipsorum
1104 1208 1236 1251 collegio
1251 1214 1380 1241 creatur
1395 1219 1540 1242 summus
1555 1209 1662 1242 Ponti-

213 1263 271 1304 fex,
295 1262 359 1297 809
375 1263 405 1302 b;
421 1273 590 1297 numerum
607 1262 809 1307 septuaginta
821 1262 972 1295 excedere
988 1272 1053 1295 non
1070 1262 1197 1302 debent,
1221 1262 1286 1295 810
1296 1263 1327 1301 b;
1344 1262 1471 1306 sintque
1486 1273 1522 1296 ex
1535 1262 1580 1296 eis
1592 1263 1658 1307 epi-

213 1318 300 1363 scopi
317 1328 380 1360 sex,
393 1317 569 1362 presbyteri
587 1317 823 1363 quinquaginta
832 1315 870 1350 ’et
885 1316 1011 1349 diaconi
1025 1316 1268 1361 quatuordecim
1285 1316 1345 1350 811
1367 1327 1399 1356 α;
1415 1317 1541 1350 diaconi
1559 1318 1662 1351 cardi-

213 1374 300 1407 nales
316 1383 379 1407 non
395 1373 461 1406 sint
477 1372 616 1406 minores
629 1381 695 1405 xxn
713 1376 811 1411 an.,et
824 1371 907 1404 infra
923 1381 1044 1404 annum
1060 1370 1253 1404 adordinem
1267 1370 1452 1404 diaconatus
1459 1381 1668 1414 promovean-

215 1431 279 1468 tur,
294 1437 385 1460 secus
401 1431 510 1460 carent
535 1435 608 1459 voce
625 1425 727 1458 activa
740 1430 768 1458 et
786 1424 921 1469 passiva;
940 1423 993 1467 qui
1012 1423 1036 1456 si
1055 1424 1094 1456 ad
1118 1423 1373 1467 presbyteratum
1390 1429 1639 1467 promoveantur
1656 1451 1663 1464 ,

212 1480 337 1514 diaconi
369 1480 543 1514 cardinales
561 1478 771 1512 nihilominus
787 1478 996 1521 appellentur,
1022 1477 1097 1510 ibid.
1121 1477 1152 1515 b;
1179 1477 1339 1521 quomodo
1367 1477 1576 1522 promovendi
1600 1478 1663 1511 sint

211 1535 250 1569 ad
275 1535 422 1569 ecclesias
445 1534 638 1578 episcopales
661 1538 819 1573 vacantes,
843 1531 908 1566 81⁶2
932 1543 964 1570 α,·
981 1531 1063 1565 inter
1087 1542 1148 1565 Lxx
1172 1531 1349 1565 cardinales
1377 1537 1580 1565 assumantur
1604 1533 1662 1565 sal-

212 1596 277 1624 tem
301 1595 440 1635 quatuor
464 1589 607 1632 magistri
643 1589 676 1621 in
700 1587 861 1630 theologia
879 1614 887 1627 ,
911 1587 986 1619 ibid.
1005 1598 1016 1626 ‚·
1040 1591 1288 1630 promoveantur
1312 1586 1418 1619 idonei
1443 1597 1480 1619 ex
1510 1586 1660 1620 omnibus

214 1644 399 1677 nationibus
415 1642 610 1683 christianis,
628 1641 703 1674 ibid.
727 1641 757 1678 b,-
781 1640 937 1683 illegitimi
955 1639 1135 1683 promoveri
1149 1649 1214 1673 non
1231 1644 1363 1683 possunt
1379 1640 1420 1673 ad
1432 1640 1665 1674 cardinalatum

213 1708 277 1731 non
301 1708 392 1731 secus
416 1708 452 1730 ac
476 1696 530 1741 qui
555 1695 595 1728 ad
618 1694 746 1728 ordines
769 1694 949 1738 promoveri
973 1694 1100 1734 debent,
1125 1692 1190 1727 813
1206 1704 1239 1732 α;
1262 1693 1468 1737 promovendi
1500 1694 1541 1727 ad
1564 1694 1666 1728 cardi-

210 1751 353 1785 nalatum
378 1750 495 1794 quibus
526 1748 734 1793 qualitatibus
758 1747 896 1791 praediti
921 1757 988 1780 esse
1019 1746 1181 1787 debeant,
1207 1746 1281 1779 ibid.
1301 1758 1310 1782 .·
1334 1747 1388 1791 qui
1428 1747 1662 1791 prohibeantur

211 1805 251 1838 ad
274 1804 506 1839 cardinalatum
532 1802 724 1847 promoveri,
748 1801 823 1834 ibid.
849 1806 880 1834 et
903 1800 969 1834 814
992 1811 1024 1840 a;
1048 1800 1194 1834 absentes
1222 1806 1471 1844 promoveantur
1493 1802 1552 1835 sub
1590 1813 1667 1835 con-

213 1859 335 1893 ditione
369 1858 519 1892 visitandi
544 1857 627 1891 infra
651 1867 772 1890 annum
796 1855 908 1889 limina
932 1855 1148 1899 apostolorum
1167 1882 1175 1896 ,
1213 1861 1244 1889 et
1279 1861 1353 1889 ante
1386 1855 1662 1900 consignationem

210 1914 305 1948 bireti
329 1914 421 1948 rubri
446 1913 553 1946 iurent
587 1921 620 1943 se
653 1911 878 1944 observaturos
902 1908 1146 1942 constitutiones
1168 1909 1360 1952 pontificias,
1385 1909 1527 1955 alioquin
1555 1911 1661 1955 digni-

211 1972 275 2001 tate
298 1967 413 2012 privati
446 1969 659 2004 censeantur,
684 1962 761 1995 ibid.
787 1967 818 1996 et
841 1962 886 2000 b;
925 1962 1078 1996 diaconus
1113 1963 1284 1997 cardinalis
1323 1965 1452 2008 quando
1481 1965 1662 2009 promoveri

209 2023 310 2069 possit
332 2023 371 2057 ad
396 2023 614 2067 episcopatum
638 2019 839 2056 declaratur,
865 2015 930 2050 816
961 2016 991 2055 b;
1015 2016 1098 2049 tituli
1122 2022 1154 2050 et
1177 2017 1343 2051 diaconiae
1366 2029 1426 2062 pro
1449 2019 1665 2053 cardinalibus

211 2077 242 2110 S.
267 2076 302 2110 R.
326 2076 359 2109 E.
383 2074 630 2120 praefiniuntur,
662 2070 727 2105 833
751 2071 781 2110 b‚·
804 2069 890 2103 tituli
914 2069 1152 2113 quinquaginta
1176 2071 1370 2115 presbyteris
1393 2071 1585 2105 ordinantur
1608 2071 1668 2105 eis-

212 2140 275 2174 que
298 2129 514 2173 assignantur,
538 2127 605 2161 834
627 2137 646 2159 α
670 2131 701 2159 et
724 2126 754 2165 b;
778 2122 944 2158 diaconiae
967 2132 1095 2166 quoque
1119 2134 1173 2157 xlv
1189 2123 1331 2157 diaconis
1347 2124 1492 2158 similiter
1508 2124 1660 2158 ordinan-

211 2187 273 2222 tur,
297 2185 352 2214 etc.
377 2181 441 2215 835
465 2191 494 2221 a;
519 2179 719 2224 episcopatus
743 2188 795 2211 sex
819 2174 976 2219 episcopis
1000 2176 1197 2220 delegantur,
1221 2176 1311 2216 ibid.;
1334 2177 1414 2210 alius
1447 2176 1557 2211 titulus
1581 2177 1662 2212 vice-

211 2233 401 2267 cancellario
424 2232 588 2273 tribuitur,
612 2231 702 2271 ibid.;
728 2229 877 2264 ecclesiae
901 2240 956 2263 seu
979 2230 1135 2264 beneficia
1158 2230 1267 2263 omnia
1291 2240 1372 2273 quae
1396 2230 1436 2263 ab
1470 2230 1517 2264 eis
1541 2230 1665 2265 obtine-

211 2289 332 2322 bantur
355 2299 392 2321 ex
415 2297 501 2321 nunc
524 2297 637 2320 vacare
659 2285 878 2319 decernuntur
894 2311 901 2324 ‚
926 2283 1020 2322 ibim
1044 2283 1171 2317 licentia
1195 2282 1352 2316 retinendi
1376 2283 1541 2316 ecclesiam
1575 2283 1664 2327 prio-

211 2341 257 2375 ris
279 2340 364 2375 tituli
387 2341 436 2374 vel
459 2339 625 2374 diaconiae
648 2338 864 2372 cardinalibus
887 2348 951 2371 non
976 2338 1172 2379 conceditur,
1197 2337 1261 2371 826
1284 2348 1313 2369 α.
1332 2337 1392 2381 Ipsi
1417 2337 1587 2381 obsignent
1610 2337 1660 2371 lit-

210 2399 296 2428 teras
319 2393 506 2437 apostolicas
521 2391 728 2436 exprimendo
751 2401 869 2425 nomen
885 2391 969 2425 tituli
987 2391 1153 2426 diaconiae
1176 2392 1223 2425 vel
1240 2392 1449 2435 episcopatus,
1479 2392 1570 2432 ibid.‚·
1593 2403 1664 2426 car-

210 2445 367 2480 dinalium
390 2455 525 2480 munera
556 2444 642 2478 circa
658 2444 801 2487 regimen
818 2449 849 2478 et
865 2444 1175 2478 administrationem
1200 2443 1416 2485 ecclesiarum,
1432 2445 1508 2477 ibid.
1533 2444 1560 2477 b.
1585 2444 1663 2479 Gon—

209 2498 356 2543 gregatio
379 2497 560 2532 instituitur
583 2509 601 2532 a
625 2498 711 2532 Sixto
736 2499 759 2531 V
782 2508 841 2542 pro
864 2499 963 2532 classe
985 2497 1129 2541 paranda
1153 2503 1184 2531 et
1207 2498 1360 2531 servanda
1383 2498 1422 2530 ad
1447 2503 1547 2531 status
1563 2499 1663 2532 eccle-

211 2552 331 2586 siastici
367 2552 583 2586 defensionem
618 2552 751 2597 eiusque
786 2561 921 2585 munera
955 2550 1178 2595 explicantur,
1211 2550 1276 2584 990
1312 2562 1331 2583 a
1354 2556 1385 2585 et
1410 2551 1454 2587 b:
1491 2551 1566 2584 item
1602 2551 1664 2585 alia

212 2606 252 2639 ad
276 2609 377 2639 status
399 2605 603 2639 ecclesiastici
640 2605 826 2649 gravamina
850 2604 1043 2638 sublevanda
1067 2616 1139 2638 eum
1164 2605 1232 2637 eius
1255 2604 1469 2645 facultatibus,
1502 2604 1566 2638 992
1590 2615 1609 2637 a
1633 2611 1664 2638 et

215 2660 245 2698 b;
269 2659 329 2693 alia
354 2660 394 2693 ab
429 2659 540 2693 eodem
575 2664 680 2693 erecta
705 2659 743 2692 ad
768 2659 852 2699 vias,
878 2663 1011 2702 pontes,
1037 2669 1135 2702 aquas
1159 2657 1300 2691 curanda
1326 2669 1397 2691 cum
1423 2658 1491 2691 eius
1530 2658 1665 2693 attribu-
