2059 3228
121 214 173 242 Au.
194 215 221 243 C.
237 217 301 244 1582

145 466 298 487 (Tutili-ariorum

138 503 142 509 ¹
151 504 154 506 “
172 504 180 509 ““
189 505 201 516 Ι(

118 498 136 516 d.
147 504 181 521 in„
206 504 223 518 ιυ

128 1441 214 1463 Sanctio
232 1447 285 1469 poe-

103 1473 163 1491 nali>-

137 2524 254 2545 [mr-tium.

362 207 425 242 ,1284

316 317 354 348 ad
386 315 476 354 illud,
509 314 586 346 dum
617 323 676 356 pro
703 318 850 356 tempore
879 317 981 350 vacat,
1009 317 1065 345 aut

314 365 391 396 alias
412 362 584 401 concessis,
606 361 795 405 approbatis
815 366 847 394 et
865 361 1034 394 innovatis.

358 413 372 452 ξ
396 412 425 444 8.
454 411 577 449 Quibus
597 409 762 449 omnibus,
780 409 917 451 etiamsi,
932 419 990 453 pro
1002 410 1064 443 sus-

314 454 429 492 tit-ionii
452 459 581 492 illorum
610 458 837 501 derogatione,
860 459 899 491 de
919 458 980 491 illis
1008 469 1063 492 eo-

312 519 449 552 rumque
472 508 547 540 totis
555 508 721 540 tenoribus
732 507 892 552 specialis,
902 507 1061 552 specifica,

311 557 476 589 individua
497 561 526 589 et
548 567 697 600 expressa
717 556 801 589 aede
820 556 918 589 verbo
936 557 974 589 ad
990 566 1061 589 ver-

309 607 399 645 bum,
419 616 484 638 non
505 610 615 638 autem
635 615 694 649 per
713 605 876 638 clausulas
895 605 1062 647 generales

309 655 393 687 idem
416 655 640 698 imponantes,
658 653 780 687 mentio
792 664 848 686 seu
860 653 990 697 quaevis
1000 653 1061 687 alia

309 703 469 746 expressio
486 703 646 743 habenda,
671 708 727 740 aut
746 702 855 745 aliqua
875 702 937 735 alia
952 702 1060 745 exqui-

307 752 368 784 sita
389 752 491 785 forma
509 752 548 784 ad
569 752 631 785 hoc
651 751 805 784 servanda
822 751 918 791 foret,
932 756 1060 784 tenores

308 801 508 842 huiusmodi,
531 812 569 834 ac
589 800 772 834 sideverbo
784 799 824 832 ad
834 800 967 833 verbum
979 800 1059 834 inse-

307 856 459 883 rei-entur
496 850 734 893 praesentibus,
771 860 829 892 pro
862 849 1059 883 sufficienter

307 899 463 942 expressis
484 899 650 938 babentes,
660 897 723 931 illis
731 897 809 930 alias
822 897 855 930 in
869 908 928 930 suo
938 898 1055 931 robore

304 947 540 990 permansuris,
555 947 615 980 hac
628 947 696 979 vice
708 947 885 986 dumtaxat,
909 946 1057 990 speciali-

305 1003 354 1029 ter
373 1002 403 1029 et
422 1007 571 1040 expresse
589 995 974 1038 derogamus,contrariis
984 995 1056 1038 qui-

304 1044 517 1088 buscumque.
532 1045 594 1078 Aut
610 1044 635 1077 si
652 1044 828 1087 aliquibus,
840 1044 1057 1076 communiter

303 1094 352 1131 vel
371 1094 506 1130 divisim,
527 1094 566 1126 ab
586 1093 699 1126 eadem
721 1092 758 1125 sit
785 1093 866 1126 Sede
893 1092 1055 1125 indultum

307 1144 393 1186 quod
416 1142 577 1182 interdici,
599 1142 812 1186 suspendive]
833 1142 1055 1174 excommuni-

301 1193 367 1225 cari
387 1202 451 1224 non
473 1191 596 1234 possint
630 1199 692 1234 per
711 1191 834 1223 litteras
862 1190 1055 1233 apostolicas

300 1251 365 1273 non
386 1241 538 1274 facientes
558 1241 688 1284 plenam
713 1245 744 1273 et
765 1249 946 1283 expressam
963 1250 1000 1272 ac
1015 1239 1053 1273 de

300 1290 396 1323 verbo
417 1290 457 1323 ad
482 1291 614 1323 verbum
641 1290 681 1322 de
712 1289 839 1322 indulto
866 1288 1051 1322 huiusmodi

300 1339 512 1372 mentionem.

342 1389 357 1432 ἓ
383 1388 414 1421 9.
442 1388 529 1420 Nulli
546 1397 622 1430 ergo
635 1386 768 1420 omnino
778 1386 1052 1420 hominumliceat

298 1438 382 1471 hanc
401 1438 553 1481 paginam
575 1442 704 1469 nostrae
731 1436 954 1476 absolutionis,
980 1447 1050 1470 ere-

299 1487 426 1526 ctionis,
449 1485 670 1525 institutionis,
689 1484 1050 1529 suppressionis,extin-

300 1535 428 1576 ctionis,
440 1534 747 1575 dismembrationis,
760 1534 982 1577 separationis,
997 1545 1050 1578 ap-

297 1582 786 1629 plicationis,appropriationis‚
797 1582 938 1623 unionis,
953 1593 1049 1617 anne-

299 1633 416 1673 xionis,
438 1631 723 1675 incorporationiS,
758 1631 888 1671 indulti,
911 1632 1045 1668 decreti,

297 1681 438 1714 mandati
461 1686 490 1713 et
520 1679 741 1723 derogationis
778 1679 966 1723 infringere,
1000 1682 1048 1715 vel

297 1730 325 1764 ei
349 1741 427 1763 ausu
450 1729 626 1762 temerario
646 1728 821 1761 contraire.
848 1727 880 1761 Si
897 1729 970 1772 quis
989 1740 1047 1763 au-

295 1786 371 1818 tem,
391 1783 448 1811 etc.

338 1829 453 1861 Datum
461 1826 602 1867 Tusculi,
611 1836 695 1859 anno
704 1826 938 1860 incarnationis
946 1827 1046 1861 domi-

294 1878 386 1910 nicae
405 1876 578 1909 millesimo
606 1876 868 1919 quingentesimo
893 1882 1045 1920 octuage-

297 1927 376 1959 simo
396 1934 523 1969 quarto,
545 1935 631 1958 nono
650 1924 805 1958 kalendas
825 1924 909 1966 iulii,
938 1927 1045 1969 pontim

296 1977 410 2008 ticatus
431 1973 533 2007 nostri
554 1976 638 2007 anni)
657 1983 725 2006 xm.

344 2031 407 2063 Dat.
430 2033 477 2063 die
499 2032 537 2063 23
553 2031 627 2062 iunii
648 2031 734 2067 1584,
751 2030 855 2072 pontif.
876 2040 923 2062 an.
938 2041 1003 2063 xm.

606 2151 732 2185 CLXIX.

388 2226 516 2261 Erectio
535 2227 660 2272 colleqii
681 2227 851 2262 Societatis
866 2227 941 2262 Iesu

449 2281 484 2314 in
504 2281 635 2315 civitate
651 2281 835 2315 Mantuam
855 2280 882 2314 ¹.

344 2352 487 2387 Gregorius
503 2353 656 2389 episcopus.
667 2359 764 2382 servus
782 2359 923 2383 servorum
940 2352 997 2386 Dei.

430 2406 464 2434 ad
483 2407 645 2442 perpetuam
663 2406 705 2435 rei
726 2407 896 2436 memoriam.

338 2466 541 2500 Laboriosam
555 2467 786 2502 etindet'essam
793 2477 1038 2514 operam,quam

295 2518 435 2551 Societas
454 2520 537 2560 lesu,
560 2521 593 2553 in
604 2521 771 2555 militantis
785 2522 947 2558 Ecclesiae
963 2533 1040 2567 agro

334 2591 343 2617 t
362 2590 401 2617 Ex
419 2591 527 2627 Regest.
545 2592 573 2621 in
589 2592 694 2622 Secret.
710 2593 853 2624 Brevium.

911 211 1088 236 nrrmmrm
1108 210 1257 234 ROMANUM

317 268 494 301 scutationc
515 267 562 299 vel
596 264 818 299 nominatione
851 274 1064 308 personarum
1084 272 1087 318 J
1107 262 1242 295 colendo
1267 260 1479 305 vepribusque
1493 259 1660 304 purgando
1680 264 1709 292 et
1731 258 1850 294 saluta-

1106 315 1150 347 ris
1169 314 1358 358 disciplinae
1367 313 1521 347 sementis
1535 312 1753 353 instaurando,
1767 311 1851 344 inter

1105 374 1229 401 eeteros
1258 367 1345 400 illius
1373 366 1514 400 cultores
1537 365 1664 399 assidue
1693 368 1849 410 praestat,

1104 422 1187 454 intra
1209 420 1315 453 cordis
1326 420 1552 454 nostriarcana
1563 419 1772 460 revolventes,
1780 427 1849 451 me-

1103 475 1164 507 rito
1186 474 1370 507 inducimur
1388 479 1425 507 ut
1433 473 1473 506 ad
1482 484 1531 513 ea»,
1549 482 1606 516 per
1616 482 1697 516 quae
1705 470 1848 505 eiusdem

1103 527 1272 561 Societatis
1305 527 1441 570 collegia
1464 526 1586 570 ubique
1615 524 1786 570 propagari
1817 528 1850 558 et

1102 580 1236 614 stabiliri
1244 581 1382 620 valeant,
1394 580 1533 613 libenter
1545 578 1762 620 intendamus,
1772 577 1849 611 acin

1101 635 1151 668 liis
1165 634 1331 678 pastoralis
1344 634 1441 667 officii
1452 633 1554 667 nostri
1570 638 1679 677 partes
1693 631 1848 666 favorabi-

1101 688 1176 721 liter
1195 688 1462 732 interponamus,
1490 692 1589 731 prout
1619 686 1659 719 ad
1692 685 1846 719 maiorem

1100 741 1201 785 ipsius
1212 741 1280 785 agri
1292 741 1530 774 foecunditatem
1540 738 1846 784 opportunumfore‚
1878 785 1886 792 -

1100 795 1348 839 principumque
1369 794 1544 828 illustrium
1568 799 1640 827 vota
1658 793 1691 826 id
1711 792 1847 828 salubri-

1100 853 1149 881 ter
1169 848 1320 892 expedire
1335 847 1563 891 conspicimus.

1142 901 1159 944 5
1181 902 1212 934 1.
1239 901 1365 934 Dudum
1386 900 1543 944 siquidem
1565 899 1674 933 omnia
1685 899 1845 945 beneficia

1099 954 1328 995 ecclesiastica,
1351 965 1424 988 curn
1445 965 1523 987 cura
1534 953 1642 987 etsine
1657 953 1845 998 cura,apud

1096 1007 1211 1041 Sedem
1236 1008 1453 1052 Apostolicam
1479 1013 1556 1040 tunc
1584 1006 1731 1040 vacantia
1760 1006 1842 1040 etin

1096 1067 1191 1094 antea
1210 1067 1374 1102 vacatura,
1397 1060 1562 1094 collationi
1581 1065 1614 1094 et
1641 1059 1842 1104 dispositioni

1096 1119 1222 1147 nostrae
1242 1114 1485 1155 reservavimus,
1495 1114 1704 1147 decernentes
1717 1118 1842 1146 extunc

1096 1167 1224 1201 irritum
1245 1173 1276 1201 et
1295 1167 1402 1205 inane,
1421 1168 1447 1200 si
1458 1178 1550 1200 secus
1565 1166 1747 1211 superhisa
1760 1175 1841 1210 quo-

1095 1232 1206 1265 quam,
1215 1221 1324 1265 quavis
1332 1221 1539 1262 auctoritate,
1549 1220 1686 1254 scienter
1694 1220 1742 1253 vel
1752 1219 1842 1263 igno-

1095 1280 1222 1316 ranter,
1245 1266 1418 1318 contigerit
1436 1274 1598 1308 attentari.
1630 1273 1710 1307 Cum
1732 1273 1840 1316 itaque

1094 1329 1301 1372 postmodum
1309 1328 1504 1372 parochialis
1512 1327 1647 1361 ecclesia
1657 1327 1765 1361 Sancti
1773 1327 1840 1361 Sal-

1093 1381 1208 1415 vatoris
1228 1382 1409 1422 Mantuana,
1423 1391 1482 1425 per
1499 1381 1634 1414 liberam
1651 1380 1840 1425 resignatio-

1092 1445 1165 1468 nem
1186 1435 1295 1468 dilecti
1312 1435 1370 1468 filii
1388 1434 1519 1468 Antonii
1537 1435 1576 1468 de
1592 1434 1758 1477 Ferrariis‚
1779 1446 1839 1469 nu-

1092 1500 1149 1533 per
1159 1489 1260 1533 ipsius
1271 1488 1425 1522 ecclesiae
1435 1488 1543 1522 Sancti
1555 1489 1726 1522 Salvatoris
1735 1495 1839 1522 recto-

1091 1542 1146 1582 ris,
1173 1542 1212 1575 de
1237 1542 1302 1583 illa,
1322 1552 1420 1586 quam
1439 1542 1703 1583 tuncobtinebat,
1717 1542 1750 1576 in
1767 1553 1836 1576 ma-

1090 1595 1185 1628 nibus
1204 1595 1335 1636 nostris,
1357 1595 1397 1628 ad
1431 1595 1580 1628 effectum
1611 1605 1722 1628 eorum
1753 1606 1836 1640 quae

1089 1655 1282 1692 sequuntur,
1305 1654 1418 1694 sponte
1439 1649 1565 1689 saetam,
1586 1654 1616 1682 et
1632 1659 1691 1692 per
1709 1657 1768 1683 nos
1781 1649 1843 1682 ad-·

1089 1702 1230 1743 missam,
1251 1703 1337 1747 apud
1366 1702 1482 1736 Sedem
1512 1702 1656 1735 eamdem
1676 1702 1836 1736 vacaverit

1089 1761 1120 1789 et
1130 1761 1220 1789 vacet
1233 1755 1272 1788 ad
1283 1766 1435 1799 praesens,
1446 1756 1619 1799 nullusque
1629 1756 1669 1789 de
1678 1755 1744 1797 illa,
1753 1767 1835 1800 prae-

1087 1814 1136 1842 ter
1154 1820 1225 1849 nos,
1247 1809 1307 1842 hac
1326 1809 1394 1842 vice
1411 1808 1583 1853 disponere
1603 1809 1746 1853 potuerit
1769 1808 1834 1843 sive

1088 1862 1195 1906 possit,
1216 1863 1433 1896 reservatione
1452 1868 1484 1896 et
1500 1863 1629 1896 decreto
1648 1862 1833 1896 obsistenti-

1086 1916 1146 1950 bus
1171 1916 1377 1960 supradictis.
1401 1916 1436 1949 Et
1466 1916 1549 1949 sicut
1577 1916 1719 1949 exhibita
1740 1916 1833 1950 nobis

1086 1979 1202 2013 nuper,
1215 1980 1274 2012 pro
1295 1975 1385 2013 parte
1405 1969 1513 2002 dilecti
1546 1969 1601 2001 filii
1629 1968 1746 2002 nobilis
1770 1968 1831 2002 viri

1085 2022 1261 2065 Gusslelmi,
1281 2029 1311 2056 et
1321 2022 1456 2056 dilectae
1473 2023 1501 2054 in
1514 2021 1830 2056 Christofiliaenobi-

1087 2075 1125 2108 lis
1136 2076 1281 2109 mulieris
1291 2076 1470 2109 Eleonorae
1490 2076 1529 2108 ab
1549 2076 1689 2115 Austria‚
1710 2075 1829 2109 ducum

1084 2129 1230 2163 Mantuae
1250 2135 1283 2163 et
1301 2129 1415 2162 Montis
1435 2127 1567 2169 Ferrafi,
1588 2128 1702 2172 petitio
1726 2128 1829 2162 conti-

1085 2184 1191 2223 nebat,
1214 2183 1275 2227 ipsi
1295 2183 1348 2228 pio
1368 2183 1583 2226 religiosoque
1603 2181 1829 2226 ergaSocieta-

1084 2242 1146 2269 tem
1168 2235 1383 2280 praedictam,
1403 2236 1443 2269 ob
1462 2235 1659 2269 certissimos
1678 2241 1710 2268 et
1719 2233 1828 2268 multi·
1860 2271 1866 2277 .

1083 2289 1183 2333 plices
1201 2290 1328 2322 fructus
1347 2300 1382 2322 ex
1404 2288 1490 2322 illius
1509 2288 1652 2332 collegiis
1671 2288 1712 2329 in,
1734 2287 1829 2321 variis

1083 2343 1249 2376 christiani
1268 2342 1355 2376 orbis
1374 2343 1520 2386 partibus
1535 2341 1708 2375 salubriter
1736 2339 1828 2374 insti-

1085 2392 1161 2424 tutis
1195 2391 1299 2425 eidem
1325 2392 1474 2425 militanti
1503 2390 1664 2425 Ecclesiae
1694 2389 1827 2423 uberius

1082 2440 1226 2484 quotidie
1235 2440 1468 2484 provenientes,
1478 2440 1545 2473 zelo
1556 2446 1588 2473 et
1595 2439 1710 2473 affectu
1723 2438 1824 2478 ducti,

1083 2500 1183 2522 unum
1204 2488 1376 2532 collegium
1397 2489 1540 2523 ciusdem
1559 2486 1764 2521 Societatisin
1780 2486 1826 2518 ci-

1080 2537 1176 2571 vitate
1196 2538 1379 2578 Mantuam,
1391 2537 1431 2570 ad
1441 2536 1670 2581 omnipotentis
1688 2535 1742 2569 Dei
1755 2535 1825 2578 glo-

1082 2586 1161 2619 riam
1188 2585 1417 2630 religionisque
1436 2591 1466 2619 et
1486 2584 1702 2630 spiritualium
1729 2583 1825 2616 mini·
