2059 3228
143 245 269 275 An.Ct
312 250 320 261 ⁹

276 247 292 275 U!

295 246 328 274 ΐέ

166 997 211 1018 Ana
220 997 320 1018 Hadriani

136 1028 164 1049 Ἣ
203 1028 320 1055 privilegia,

138 1067 176 1081 seu
204 1065 322 1081 concesso-

137 1097 182 1112 rum
205 1092 320 1113 innovatio.

388 236 449 269 510

340 355 429 392 geret
457 347 610 387 revocari,
635 344 787 388 suspendi
815 344 864 377 vel
891 342 1084 380 modificari,

340 414 394 436 sou
424 402 487 434 iam
516 407 593 433 tunc
613 403 778 432 revocatas
807 397 913 438 fuisse,
939 401 1084 435 extunc,

340 460 436 499 prout
455 465 491 487 ex
513 464 550 486 eo
571 453 634 493 die,
660 457 691 485 et
710 451 836 495 quoties
857 450 902 483 sic
922 454 1087 483 revocatae

339 509 387 541 vel
399 517 573 551 suspensae
590 507 704 546 forent„
729 504 763 536 in
793 514 888 536 suum
913 502 1085 547 pristinum

339 567 366 594 et
397 561 430 593 in
455 571 541 601 eum,
574 559 607 592 in
636 569 700 602 quo
729 562 802 590 ante
836 556 1085 594 revocationem,

338 612 584 657 suspensionem
606 612 653 643 vel
679 609 952 643 modificationem
972 607 1085 640 huius-

338 665 425 699 modi
450 664 694 709 quomodolibet
711 668 813 703 erant,
836 667 952 695 statum
979 661 1086 704 plena-

337 719 385 752 rie
409 718 565 763 reposuit,
595 717 734 751 restituit
753 721 784 749 et
802 713 1022 757 reintegravit,
1050 723 1087 745 ac

336 773 482 817 plenarie
501 771 668 816 repositas,
685 769 848 804 restitutas
867 773 897 801 et
909 767 1086 809 reintegra-

336 831 383 859 tas
402 825 498 859 fuisse
513 831 544 859 et
568 835 635 858 esse
655 821 840 863 declaravit,
869 821 1014 854 irritante
1034 819 1087 852 de-

337 885 425 914 creto
441 879 590 912 similiter
609 878 769 922 apposito.

379 933 394 977 g
414 933 445 967 5.
472 932 618 976 Cumque
639 932 736 965 etiam
747 930 1086 976 postmodumareco-

334 986 449 1019 lendae
470 985 646 1019 memoriae
665 985 827 1018 Hadriano
838 982 980 1027 PapaVI,
996 980 1086 1014 simi—

335 1039 409 1073 liter
432 1039 678 1083 praedecessore
690 1042 811 1077 nostro,
824 1037 863 1069 ad
875 1034 993 1068 summi
1007 1044 1086 1078 apo-

335 1094 469 1127 stolatus
478 1093 602 1137 apicem
618 1096 795 1136 assumpto,
811 1090 988 1123 nonnullae
998 1098 1087 1121 revo-

335 1147 477 1180 cationes
497 1146 685 1180 nominandi
706 1145 896 1178 facultatum
908 1148 939 1176 et
954 1142 1086 1175 illarum

333 1200 442 1244 vigore
484 1201 642 1233 saetarum
680 1198 957 1237 nominationum,
1003 1206 1086 1239 quae

334 1264 429 1287 suum
449 1264 515 1287 non
539 1258 632 1286 erant
649 1252 780 1286 sortitae
804 1251 969 1291 effectum,
998 1261 1085 1283 ema-

334 1313 475 1347 nassent,
498 1307 602 1340 dictus
634 1306 817 1339 Hadrianus
842 1305 1083 1348 praedecessor,

334 1360 476 1404 singulas
496 1360 618 1393 litteras
642 1360 721 1393 Sixti
749 1364 780 1392 et
806 1358 922 1391 Leonis
950 1357 1085 1401 praede-

336 1425 498 1448 cessorum
529 1413 733 1454 huiusmodi,
766 1423 840 1445 cum
874 1411 1027 1445 omnibus
1057 1415 1087 1443 et

335 1467 469 1511 siugulis
489 1466 764 1509 derogationibus,
788 1465 924 1498 decretis
949 1470 980 1497 et
1000 1465 1087 1497 clau-

335 1522 412 1555 sulis
430 1521 463 1554 in
476 1521 521 1554 eis
541 1520 710 1559 contentis,
721 1529 848 1552 necnon
865 1518 968 1562 ipsam
985 1517 1086 1550 facul-

334 1579 432 1608 tatem
447 1574 565 1608 artium
586 1579 617 1607 et
636 1574 883 1616 illiuspersonas
898 1572 1086 1605 huiusmodi

334 1629 484 1662 adversus
507 1628 650 1671 singulas
674 1627 896 1660 revocationes
907 1626 1086 1670 praedictas

333 1681 367 1715 in
390 1681 559 1725 pristinum
576 1687 608 1715 et
627 1692 701 1714 eum
722 1686 853 1721 statum,
876 1681 909 1713 in
929 1691 994 1724 quo
1014 1685 1086 1713 ante

334 1734 406 1768 illas
425 1734 672 1779 quomodolibet
691 1741 793 1774 erant,
825 1739 985 1777 quatenus
1005 1744 1086 1777 opus

337 1794 431 1830 esset,
467 1789 652 1829 restituenS,
692 1798 852 1832 reponens
883 1793 914 1821 et
943 1787 1087 1831 plenarie

335 1841 548 1885 reintegrans,
571 1841 714 1884 singulas
732 1841 855 1874 litteras
874 1840 953 1874 Sixti
967 1841 1086 1874 etLeo-

335 1895 385 1929 nis
413 1895 700 1939 praedeeessorum
724 1894 912 1927 huiusmodi
936 1898 966 1926 et
986 1894 1017 1926 in
1043 1894 1088 1927 cis

332 1953 488 1983 'contenta
507 1958 746 1991 quaecumque,
777 1952 867 1981 motu
897 1952 928 1980 et
952 1948 1088 1981 scientia

335 2002 496 2037 similibus
515 2013 552 2036 ac
572 2002 612 2035 de
631 2001 827 2045 apostolicae
840 2001 1006 2044 potestatis
1018 2002 1087 2045 ple-

335 2056 497 2097 nitudine,
514 2055 703 2100 approbavit
718 2060 750 2088 et
769 2054 943 2095 innovavit,
961 2066 998 2087 ac
1014 2065 1088 2098 per-

337 2116 454 2154 petuae
473 2109 634 2142 firmitatis
655 2109 755 2142 robur
775 2108 921 2142 obtinere
934 2109 1086 2149 decrevit,

338 2169 366 2196 et
383 2174 441 2208 pro
466 2163 585 2207 potiori
598 2163 734 2203 cautela,
748 2162 920 2196 illaomnia
935 2163 974 2196 de
992 2173 1087 2201 novo,

338 2216 381 2249 ita
392 2218 477 2261 quod
488 2217 629 2251 decanus
639 2218 687 2250 vel
704 2217 933 2250 vice-decanus
953 2216 1088 2250 faculta-

339 2270 380 2303 tis
408 2271 526 2303 artium
558 2270 757 2309 huiusmodi⁷
790 2270 887 2303 modo
921 2269 955 2302 in
974 2269 1090 2302 litteris

340 2324 453 2356 Leonis
465 2324 722 2368 praedecessoris
733 2323 920 2357 huiusmodi
930 2333 1089 2367 expresso,

340 2377 599 2421 quibuscumque
620 2376 774 2420 collegiis,
797 2376 946 2421 capitulis
966 2382 996 2410 et
1021 2376 1091 2409 aliis

341 2427 498 2468 personis,
521 2427 617 2459 etiam
638 2437 845 2470 quacumque
866 2426 1021 2469 dignitate
1042 2426 1091 2458 vel

341 2474 464 2508 honore
489 2475 1007 2518 fungentibus,-qualemcumque
1026 2475 1090 2507 dis·
1111 2475 1113 2481 '

343 2522 534 2566 positionem
566 2524 800 2557 beneficiorum
826 2525 874 2557 vel
908 2523 1091 2557 officiorum

933 235 1108 260 munimen
1135 233 1283 258 nomiman

341 307 396 329 san
413 296 478 328 ullo
500 294 594 326 modo
615 292 738 324 litteras
756 288 944 323 huiusmodi
960 288 1086 322 contin·
1129 297 1165 319 ac
1185 285 1310 318 civitate
1330 287 1360 315 et
1374 281 1476 326 patria
1495 275 1664 313 Leodicnsi
1679 279 1709 310 et
1720 273 1876 309 comitatu
1914 291 1916 295 >
1957 297 1964 307 .

1129 337 1278 382 Loysensi
1300 342 1331 369 et
1350 336 1468 368 ducatu
1489 329 1700 370 Bulloniensi,
1726 338 1786 361 nec
1809 335 1876 360 non

1130 391 1161 423 in
1187 390 1310 424 civitate
1334 385 1556 423 Cameracensi
1576 390 1607 418 et.
1639 381 1794 417 comitatu
1817 378 1876 413 Ca-

1130 443 1320 484 meracensi,
1333 454 1370 476 ac
1378 439 1584 478 Tornacensi‚
1592 434 1776 475 Morinensi,
1786 434 1876 466 Atre-

1129 498 1252 531 batensi
1273 496 1453 531 civitatibus
1472 499 1503 527 et
1523 490 1725 526 dioecesibus
1743 485 1876 531 singulis

1130 551 1313 595 praedictis,
1339 561 1376 584 ac
1403 550 1435 583 in
1456 548 1582 582 civitate
1603 551 1635 580 et
1661 542 1758 578 etiam
1786 540 1875 574 dioe-

1128 606 1192 638 cesi
1210 603 1405 638 Traiectensi
1431 599 1687 638 consistentium,
1708 594 1876 638 magistros

1129 659 1159 691 in
1181 659 1303 692 artibus
1323 659 1356 691 in
1383 657 1466 690 dicta
1485 656 1633 689 facultate
1653 650 1770 685 artium
1799 657 1875 691 pro-

1130 718 1232 745 motos
1253 718 1284 745 ct
1305 711 1490 755 graduatos‚
1512 714 1548 742 ut
1567 703 1875 752 praesertur,nomi-

1128 776 1218 806 nare,
1241 777 1278 798 ac
1289 764 1443 798 nominati
1455 761 1638 796 huiusmodi
1652 766 1876 804 quaecumque

1128 819 1286 852 beneficia
1306 824 1336 851 et
1355 818 1472 858 officia,
1495 817 1643 850 videlieet
1662 814 1805 848 seniores
1823 822 1875 845 ar-

1128 872 1208 905 tium
1237 873 1393 916 magistri,
1426 873 1481 916 qui
1510 872 1632 905 dictum
1651 875 1779 915 tempus
1802 870 1876 904 atti-

1128 927 1259 969 gissent,
1282 928 1329 961 vel
1348 939 1400 960 sex
1411 927 1503 960 annis
1515 927 1546 959 in
1555 926 1705 959 facultate
1713 925 1877 970 praedicta

1128 980 1279 1023 legissent
1298 992 1354 1014 seu
1375 981 1540 1021 rexissent,
1562 981 1610 1014 vel
1639 980 1680 1013 ob
1711 980 1877 1015 doctrinae

1128 1035 1334 1068 eminentiam
1347 1036 1385 1069 ad
1397 1035 1725 1078 docendumlogieam
1734 1035 1783 1068 vel
1799 1036 1877 1080 phy-

1127 1091 1227 1123 sicam
1246 1090 1425 1124 Aristotelis
1444 1090 1585 1131 admissi,
1609 1100 1666 1122 seu
1690 1089 1724 1122 in
1743 1089 1798 1124 illa
1816 1100 1876 1123 no-

1127 1155 1197 1178 vem
1218 1145 1310 1178 annis
1334 1144 1474 1188 promoti
1496 1151 1526 1177 et
1544 1143 1691 1186 graduati
1710 1144 1826 1185 forent,
1845 1148 1894 1179 et'

1127 1198 1166 1231 de
1186 1198 1272 1231 illius
1281 1197 1415 1231 consilio
1428 1202 1533 1231 essent
1547 1198 1595 1231 vel
1610 1197 1784 1241 aliquando
1795 1197 1875 1231 exti-

1129 1253 1250 1293 tissent,
1273 1262 1310 1285 ea
1330 1262 1470 1295 quorum
1496 1252 1660 1295 sexaginta
1683 1252 1875 1286 ducatorum

1128 1305 1197 1339 auri
1229 1306 1268 1339 de
1297 1305 1447 1347 (lamera,
1474 1306 1617 1339 iuniores
1635 1317 1723 1347 vero,
1754 1307 1811 1351 qui
1830 1307 1876 1341 di-

1128 1365 1215 1393 etum
1235 1365 1362 1403 tempus
1381 1359 1525 1393 nondum
1537 1360 1716 1403 attigerant,
1734 1371 1876 1405 quorum

1130 1413 1259 1456 triginta
1274 1413 1471 1446 florenorum
1484 1413 1689 1447 Remensium
1701 1425 1875 1449 aureorum

1128 1466 1230 1509 grossi
1250 1467 1384 1507 fructus,
1407 1466 1559 1500 oneribus
1583 1477 1647 1500 non
1670 1468 1775 1500 solum
1801 1479 1875 1512 per-

1127 1521 1234 1564 petuis
1253 1520 1477 1564 personalibus
1498 1526 1529 1553 et
1551 1520 1702 1561 realibus,
1716 1521 1875 1555 sedetiam

1127 1574 1339 1618 pensionibus
1359 1573 1474 1606 annuis
1500 1573 1570 1606 aliis
1602 1574 1749 1618 personis
1778 1585 1877 1619 super

1129 1628 1249 1661 eisdem
1269 1627 1437 1661 beneficiis
1450 1634 1479 1661 ct
1502 1627 1615 1660 officiis
1635 1628 1815 1669 reservatis,
1833 1628 1876 1662 si-

1128 1692 1212 1724 quae
1234 1691 1332 1724 super
1360 1681 1398 1714 iis
1419 1686 1525 1714 essent
1544 1687 1734 1722 reservatae,
1756 1686 1787 1715 ct
1805 1682 1878 1726 qui-

1128 1736 1332 1779 buscumque
1349 1734 1421 1768 aliis
1451 1734 1603 1768 oneribus
1626 1735 1767 1769 valorem
1792 1736 1878 1770 sruc-

1130 1795 1234 1830 tuum,
1256 1799 1338 1832 quos
1358 1789 1472 1822 absens
1488 1788 1521 1822 in
1537 1788 1648 1823 Studio
1663 1789 1792 1823 autalio
1804 1790 1877 1823 loco

1129 1843 1342 1886 privilegiato
1355 1843 1528 1886 reciperet,
1542 1843 1877 1888 diminuentihusple-

1129 1906 1170 1929 ne
1185 1901 1216 1929 et
1234 1896 1377 1929 totaliter
1393 1895 1550 1936 deductis,
1569 1896 1612 1929 ita
1632 1902 1668 1929 ut
1686 1907 1721 1929 ex
1735 1896 1797 1930 illis
1810 1897 1878 1941 ipse

1129 1950 1315 1983 nominatus
1334 1950 1367 1982 in
1387 1949 1574 1983 huiusmodi
1593 1950 1664 1983 loco
1679 1950 1878 1994 privilegiato

1130 2004 1333 2037 commodius
1366 2009 1612 2044 sustentaretur,
1642 2005 1783 2038 valorem
1821 2014 1878 2037 an-

1129 2067 1231 2089 nuum
1252 2056 1428 2100 respective
1449 2066 1514 2089 non
1535 2057 1742 2096 excederent,
1768 2057 1879 2100 quovis

1130 2109 1226 2143 etiam
1248 2120 1357 2144 mense
1376 2109 1553 2153 apostolico
1573 2111 1621 2143 vel
1635 2111 1880 2154 ordinario,per

1131 2173 1163 2196 se
1183 2164 1230 2196 vel
1250 2169 1494 2207 procuratorem
1516 2174 1610 2196 suum
1634 2163 1814 2207 legitimum
1841 2163 1879 2196 ad

1132 2217 1164 2250 id
1198 2217 1379 2260 specialiter
1414 2216 1639 2257 constitutum,
1675 2217 1757 2249 inl'ra
1783 2216 1881 2250 unius

1132 2270 1252 2303 mensis
1271 2269 1424 2313 spatium,
1447 2280 1511 2302 non
1531 2281 1549 2302 a
1569 2270 1620 2303 die
1649 2270 1755 2303 obitus
1775 2269 1881 2302 ultimi
1931 2284 1935 2288 ·

1132 2324 1336 2368 possessoris,
1359 2323 1413 2356 sed
1438 2333 1456 2355 a
1476 2323 1528 2356 die
1547 2333 1612 2366 quo
1633 2323 1679 2355 illi
1700 2323 1745 2356 sic
1775 2322 1881 2356 nomi-

1132 2383 1207 2410 nato
1227 2378 1274 2410 vel
1296 2376 1399 2410 eidem
1420 2376 1623 2420 procuratori
1637 2377 1676 2409 de
1696 2375 1881 2410 huiusmodi

1132 2426 1280 2460 beneficii
1297 2426 1461 2459 vacatione
1471 2431 1642 2466 constaret,
1652 2425 1880 2470 computando,

1134 2475 1229 2508 etiam
1250 2475 1276 2508 si
1296 2475 1481 2508 huiusmodi
1511 2475 1681 2513 beneficia,
1700 2485 1771 2507 cum
1803 2484 1881 2507 eura

1134 2525 1180 2557 vel
1207 2524 1274 2557 sine
1295 2535 1384 2564 cura,
1407 2523 1526 2556 elerico
1538 2523 1695 2556 saeculari
1710 2522 1879 2555 intitulum

343 2571 635 2605 ecclesiasticorum
658 2573 1093 2614 babentibus,interristcm-
1135 2572 1272 2605 conferri
1290 2600 1297 2613 ‚
1319 2578 1350 2605 et
1369 2583 1426 2616 per
1447 2573 1542 2605 talem
1563 2571 1629 2614 regi
1654 2577 1685 2604 et
1707 2571 1878 2614 gubernari

345 2619 464 2663 poralis
484 2620 621 2653 dominii
652 2622 727 2655 dicti
748 2621 852 2655 Caroli
873 2621 1090 2666 imperatoris,
1135 2622 1238 2662 solita,
1261 2622 1469 2654 canonicatus
1494 2626 1524 2654 et
1543 2620 1758 2664 praebendae,
1780 2618 1880 2662 digni-
