2059 3228
145 200 196 229 An.
211 201 239 230 C.
259 203 322 233 1581

147 1057 266 1077 Ant-narum
281 1061 318 1076 cu-

133 1092 157 1107 u
165 1088 289 1114 iniungitur.

385 193 448 227 tto

339 255 438 289 libere
449 255 690 299 apprehendere
712 260 739 286 et
752 259 909 298 perpetuo
929 256 1081 293 retinere,

339 319 515 352 eorumque
544 310 678 348 fructus,
710 309 865 347 redditus,
892 315 1080 352 proventus,

340 362 421 400 iura,
443 360 649 393 obventiones
679 366 709 393 et
734 361 950 394 emolumenta
982 373 1082 406 quae-

338 424 476 456 cumque
498 413 531 445 in
550 413 692 446 eiusdem
715 414 839 457 collegii
860 426 948 455 usus,
966 415 1083 448 utilita-

336 473 398 500 tem
427 473 457 499 et
486 467 704 500 necessitatem
730 473 927 507 convertere,
958 468 1082 501 dioece-

334 520 402 552 sani
422 521 543 553 locivel
565 521 704 554 cuiusvis
727 521 857 554 alterius
877 522 1006 554 licentia
1026 522 1081 555 de-

333 584 431 616 super
451 573 583 607 minime
603 574 768 618 requisita.
792 574 870 607 Cum
891 575 952 608 1100
974 580 1081 608 tamen

333 627 419 670 quod
451 626 542 660 dictis
571 627 695 660 duabus
733 627 938 669 monialibus,
975 629 1080 672 quoad

332 680 480 721 vixerint,
507 681 539 714 in
564 681 671 725 aliqua
683 682 841 715 dictorum
859 681 1080 715 aedificiorum

333 738 423 776 parte
440 733 599 774 interiori,
617 740 648 767 et
663 745 681 767 3
697 745 833 777 corpore
845 734 944 778 ipsius
954 735 1080 778 collegii

333 787 492 827 distincta,
519 788 567 821 vel
587 787 663 820 alibi
684 788 873 829 decongrua
885 787 1081 821 habitatione

331 851 369 873 ac
389 841 540 873 omnibus
560 840 656 873 rebus
688 841 727 874 ad
737 840 961 883 quotidianum
986 851 1081 874 usum

332 899 363 926 et
386 894 503 927 victum
524 894 712 927 necessariis
728 893 767 926 ab
787 893 856 937 ipso
867 898 992 927 rectore
1004 904 1081 938 pro-

331 948 488 981 videatur.

376 1001 390 1045 5
410 1001 442 1035 5.
461 1001 641 1041 Ρ13010103,
665 1011 702 1034 ex
722 1010 786 1044 quo
811 999 920 1033 clerici
941 1004 972 1033 et
990 1010 1081 1044 pres-

330 1054 433 1099 byteri
465 1055 628 1098 regulares
657 1053 857 1093 huiusmodi,
892 1054 1012 1087 nedum
1048 1054 1081 1086 in

332 1108 497 1141 iuventute
535 1107 629 1141 bonis
649 1107 797 1140 moribus
822 1107 1082 1150 salutaribusque

329 1161 471 1195 scientiis
495 1167 527 1194 et
550 1161 729 1204 disciplinis
749 1161 894 1194 ornanda
923 1166 954 1194 et
973 1161 1081 1194 imbu-

331 1215 544 1255 enda,verum
557 1215 653 1248 etiam
674 1214 706 1247 in
727 1214 939 1248 concionibus
958 1214 1080 1248 hahen-

330 1268 378 1301 dis
413 1267 548 1311 aliisque
578 1267 754 1300 fructuosis
783 1266 887 1300 dictae
915 1266 1082 1300 Societatis

331 1321 517 1354 ministeriis
537 1321 663 1354 assidue
699 1320 862 1364 occupati,
893 1320 1082 1364 particulari

332 1387 428 1409 curae
441 1376 623 1408 animarum
644 1385 757 1407 eorum
777 1373 941 1415 fidelium,
970 1374 1024 1418 qui
1049 1373 1082 1407 in

331 1429 416 1463 dicta
440 1429 563 1462 civitate
584 1434 615 1462 et
638 1428 782 1461 finitimis
803 1428 883 1461 locis
902 1439 960 1472 per
986 1428 1082 1461 mise-

331 1483 504 1517 ricordiam
528 1483 582 1516 Dei
607 1483 645 1516 ad
679 1482 755 1515 fidei
789 1488 820 1515 et
834 1482 1001 1525 religionis
1012 1482 1082 1515 cul-

332 1544 401 1571 tum
414 1537 601 1570 huiusmodi
621 1547 680 1580 pro
704 1541 850 1579 tempore
871 1536 1081 1576 reducentur,

333 1591 496 1631 exercitio,
520 1602 579 1624 nec
603 1601 660 1634 per
684 1590 786 1623 otium
806 1601 932 1629 vacare,
951 1600 1010 1622 ner
1027 1600 1084 1633 per

333 1646 516 1679 institutum
530 1655 642 1678 eorum
664 1644 696 1677 id
713 1643 866 1687 amplecti
878 1644 1010 1687 possint,
1024 1654 1085 1677 nec

334 1699 440 1733 adhuc
465 1699 583 1732 ibidem
605 1704 747 1732 rectores
766 1703 821 1731 aut
847 1703 1003 1742 pastores,
1027 1697 1086 1730 mi-

334 1764 460 1797 nusque
471 1753 672 1797 parochiales
687 1751 841 1786 ecclesiae
852 1752 900 1785 vel
908 1751 969 1785 alia
979 1752 1084 1785 eccle-

334 1807 463 1841 siastica
487 1807 559 1840 loca
583 1817 641 1850 pro
666 1806 820 1840 exercitio
854 1817 951 1839 curae
970 1805 1085 1839 huius-

335 1861 423 1894 modi
448 1860 592 1894 instituta
612 1860 829 1903 reperiantur,
850 1860 1013 1903 praefatus
1036 1870 1086 1893 re-

337 1920 406 1948 ctor
425 1924 528 1947 unum
539 1913 588 1946 vel
598 1914 709 1958 plures
727 1912 862 1946 vicarios
882 1913 1026 1953 idoneos,
1046 1914 1086 1947 ad
1104 1912 1105 1915 ’

337 1967 406 2001 eius
440 1967 580 2000 liberum
613 1972 728 2000 nutum
752 1967 1022 2010 quandocumque
1057 1973 1087 2000 et

337 2021 448 2065 quavis
467 2032 563 2054 causa
583 2021 788 2060 subsistente,
811 2030 908 2064 super
927 2031 992 2063 quo
1018 2021 1088 2053 eius
1104 2016 1105 2053 Ῐ

339 2074 535 2108 conscientia
573 2084 758 2114 oneramus,
798 2073 998 2114 amovibiles,
1030 2075 1087 2118 qui
1105 2088 1106 2096 ¹

340 2139 451 2161 curam
471 2128 652 2161 animarum
673 2127 860 2161 huiusmodi
881 2127 980 2160 013113
992 2138 1087 2171 paro-

341 2181 457 2214 01113113
482 2181 587 2214 officia
615 2186 795 2221 exerceant,
826 2179 992 2224 deputare,
1029 2181 1089 2214 eis-

340 2244 402 2276 que
435 2234 543 2266 locum
565 2239 595 2266 et
615 2233 817 2266 domicilium
853 2243 1032 2276 congruum
1057 2234 1088 2266 in

342 2286 441 2329 ipsius
450 2287 667 2330 suppressivel
677 2287 820 2331 praefata
830 2286 861 2319 S.
872 2286 978 2319 lacohi
988 2288 1090 2320 eccle-

342 2340 408 2380 siis,
431 2352 541 2374 earum
562 2342 712 2375 domibus
732 2353 788 2375 seu
820 2352 920 2386 prope
952 2340 984 2374 in
1018 2343 1089 2375 loco

343 2389 468 2422 decenti
500 2401 558 2433 pro
591 2391 685 2423 (110115
710 2391 948 2434 parochialibus
979 2391 1090 2424 officiis

345 2439 512 2478 obeundis,
527 2446 558 2472 et
578 2451 689 2472 eorum
703 2440 1088 2481 commodababssafione,

345 2497 468 2531 necnon
491 2499 525 2520 ex
547 2489 645 2532 ipsius
659 2489 784 2532 collegii
801 2489 958 2522 fructibus
971 2496 1002 2523 et
1016 2500 1091 2533 pro-

346 2534 505 2574 ventibus,
519 2548 590 2569 cum
605 2538 745 2580 primum
763 2538 829 2581 ipse
850 2544 956 2570 rector
975 2538 1089 2571 01511111

920 202 1098 226 nttLLMttttttt
1117 202 1268 227 nohtANtm

1124 255 1253 288 aliunde
1292 254 1473 298 portionem
1516 265 1668 295 annuam,
1701 265 1784 293 qnae
1829 253 1870 289 ad

1124 308 1285 341 dictorum
1339 309 1532 342 vicariorum
1582 309 1870 343 substentationem

1124 360 1224 404 ipsius
1244 361 1377 394 rectoris
1397 361 1517 394 iudicio
1538 361 1686 402 sufficiat,
1707 362 1870 405 assignare

1123 414 1255 455 debeat,
1287 415 1390 448 donec
1410 415 1540 457 Rigensi
1561 414 1714 448 ecclesiae
1734 415 1773 448 de
1800 414 1870 459 epi-

1123 478 1220 512 scopo
1241 469 1281 501 sit
1300 468 1477 512 provisum,
1489 468 1545 512 qui
1560 467 1870 512 vieariossiveparo-

1123 522 1199 554 01105
1221 533 1318 555 curae
1327 522 1510 555 animarum
1524 521 1702 565 praeficiat,
1721 532 1758 554 30
1777 520 1870 555 cuius

1123 586 1178 609 seu
1192 575 1277 619 regis
1297 575 1519 608 munificentia
1536 575 1585 608 vel
1602 574 1680 607 alias
1689 575 1869 618 quomodo-

1122 629 1200 662 libet
1219 630 1340 662 eisdem
1361 629 1489 662 vicariis
1509 629 1548 662 de
1568 629 1639 662 aliis
1658 629 1742 668 loco,
1769 627 1871 661 domi-

1123 683 1208 724 cilio,
1226 684 1369 717 subsidio
1387 689 1418 717 et
1438 683 1575 717 ecclesia
1590 687 1797 726 prospectum
1817 682 1869 721 sit;

1122 748 1186 781 quo
1207 748 1292 775 casu,
1304 737 1329 770 si
1350 737 1469 770 rectori
1481 737 1624 780 praefato
1633 736 1676 769 ita
1685 736 1789 769 visum
1800 735 1870 769 sue-

1122 791 1176 831 rit,
1203 791 1338 835 praesati
1358 790 1468 824 vicarii
1489 790 1593 824 eidem
1623 789 1759 833 collegio
1788 789 1870 823 lihe-

1122 855 1194 877 rum
1229 855 1325 878 usum
1372 850 1437 878 tam
1481 844 1646 888 suppressi
1683 842 1870 877 monasterii

1121 909 1218 941 quam
1247 899 1279 933 S.
1302 899 1409 933 Iacobi
1429 898 1639 932 ecclesiarum
1678 896 1868 931 huiusmodi

1122 962 1299 996 earumque
1340 953 1513 986 domorum
1546 956 1577 985 et
1596 951 1743 984 locorum
1769 949 1869 983 relin-

1122 1016 1222 1049 quere
1241 1011 1272 1039 et
1287 1006 1361 1039 inde
1381 1006 1530 1039 secedere
1550 1010 1732 1045 teneantur,
1745 1008 1776 1037 et
1791 1003 1870 1036 inte-

1122 1060 1183 1092 rim
1198 1060 1259 1104 ipsi
1279 1060 1390 1093 vicarii
1406 1061 1439 1093 in
1458 1060 1552 1093 bonis
1564 1064 1595 1092 et
1610 1059 1707 1092 rebus
1724 1057 1869 1092 eiusdem

1122 1113 1248 1157 collegii
1275 1114 1460 1147 nullatenus
1486 1124 1519 1146 se
1546 1112 1772 1152 intromittere,
1809 1121 1870 1144 nec

1122 1168 1296 1211 quicquam
1305 1167 1339 1200 in
1349 1166 1512 1212 suppressi
1524 1164 1709 1199 monasterii
1733 1164 1806 1198 etS.
1823 1164 1870 1197 Ia-

1122 1220 1194 1254 cobi
1214 1220 1369 1261 ecclesiis,
1384 1220 1571 1254 earumdem
1583 1219 1733 1252 domibus
1743 1224 1774 1252 et
1788 1217 1869 1251 locis

1123 1273 1320 1313 huiusmodi,
1339 1274 1401 1307 nisi
1416 1274 1597 1307 secundum
1616 1271 1752 1306 rectoris
1779 1280 1869 1315 prae·
1917 1317 1927 1321 -

1122 1329 1199 1362 dicti
1223 1328 1447 1369 directionem,
1474 1327 1626 1360 innovare
1645 1326 1780 1370 possint,
1805 1324 1867 1359 eis-

1122 1384 1194 1416 dem
1214 1383 1407 1416 auctoritate
1430 1386 1461 1416 et
1479 1386 1603 1421 tenore,
1625 1379 1772 1413 similiter
1792 1389 1868 1423 per-

1124 1442 1218 1481 petuo
1238 1436 1382 1476 unimus,
1405 1435 1607 1468 annectimus
1631 1439 1662 1468 et
1682 1434 1868 1478 incorpora-

1123 1501 1206 1532 muS,
1228 1501 1266 1524 30
1284 1490 1382 1524 0113111
1407 1490 1609 1534 applicamus
1629 1494 1661 1522 et
1679 1487 1868 1533 appropria-

1123 1556 1206 1578 mus.

1165 1597 1230 1642 56.
1257 1597 1470 1631 Decet-nentes
1481 1595 1869 1641 suppressionem,extin-
1919 1604 1924 1612 ¹

1123 1652 1275 1691 ctionem,
1287 1651 1495 1690 erectionem,
1516 1650 1761 1690 institutionem,
1779 1648 1871 1682 unio-

1123 1717 1209 1746 nem,
1228 1705 1453 1746 annexionem,
1486 1704 1794 1748 incorporationem,
1818 1713 1871 1747 ap-

1124 1759 1329 1804 plicationem
1353 1765 1383 1792 et
1412 1757 1712 1802 appropriationem.
1744 1768 1781 1790 30
1810 1756 1872 1789 3113

1125 1815 1311 1860 praemissa,
1349 1820 1598 1859 praesentesque
1630 1814 1753 1846 litteras
1782 1812 1872 1845 nullo

1126 1881 1280 1913 umquam
1305 1875 1463 1913 tempore,
1485 1869 1550 1902 sive
1570 1878 1629 1912 pro
1649 1878 1687 1901 00
1700 1867 1872 1911 quodcau-

1125 1935 1189 1964 sae,
1210 1929 1344 1967 propter
1364 1934 1444 1967 quas
1463 1923 1543 1956 haec
1563 1922 1672 1955 omnia
1692 1922 1869 1961 factasunt,

1126 1988 1233 2011 coram
1254 1977 1315 2010 loci
1350 1977 1525 2015 ordinario,
1546 1976 1642 2009 etiam
1666 1981 1830 2019 tamquam
1854 1985 1873 2007 3

1125 2031 1206 2064 Sede
1225 2031 1366 2075 praefata
1385 2031 1531 2072 delegato
1556 2028 1766 2067 examinatae,
1790 2027 1872 2061 veri-

1127 2085 1238 2117 1103130
1257 2089 1288 2117 et
1307 2084 1515 2128 approbatae,
1536 2094 1571 2116 ac
1592 2083 1746 2116 interesse
1767 2082 1871 2114 forsan

1127 2139 1280 2172 babentes
1305 2139 1344 2171 ad
1361 2139 1422 2171 hoc
1447 2137 1550 2170 vocati
1569 2147 1634 2170 non
1658 2136 1789 2175 suerint,
1813 2146 1873 2169 nec

1127 2192 1266 2236 desuper
1294 2202 1487 2226 consensum
1517 2201 1612 2224 suum
1642 2189 1871 2234 praestiterint,

1128 2246 1191 2278 sive
1211 2246 1289 2278 alias
1313 2256 1350 2278 ex
1374 2244 1540 2289 quibusvis
1559 2244 1675 2284 causis,
1702 2243 1740 2276 de
1760 2243 1874 2276 subre-

1129 2300 1246 2343 ptionis
1265 2300 1313 2333 vel
1326 2299 1524 2343 obreptionis
1543 2304 1598 2331 aut
1620 2296 1776 2331 nullitatis
1799 2296 1874 2329 vitio

1130 2365 1185 2386 seu
1215 2353 1403 2387 intentionis
1430 2357 1559 2386 nostrae
1591 2352 1639 2385 vel
1669 2359 1875 2394 quocumque

1129 2403 1192 2435 alio
1212 2403 1340 2436 defectu
1355 2402 1474 2442 notari,
1486 2400 1681 2444 impugnari,
1698 2398 1874 2437 retractari,

1131 2463 1186 2484 seu
1206 2451 1239 2484 in
1259 2452 1310 2484 ius
1328 2452 1377 2484 vel
1401 2451 1651 2485 controversiam
1673 2448 1793 2487 vocari,
1821 2452 1876 2479 aut

1131 2501 1201 2534 aliis
1230 2501 1400 2534 contrariis
1423 2498 1698 2544 dispositionibus,
1724 2497 1782 2530 sub
1806 2496 1877 2539 qui-

1132 2552 1334 2593 buscumque
1366 2550 1531 2583 tenoribus
1563 2554 1594 2582 et
1623 2547 1732 2580 formis
1761 2551 1816 2579 ant
1839 2557 1876 2593 ‘³3‘

347 2583 447 2616 libere
463 2586 615 2627 coeperit,
656 2587 714 2627 vel,
744 2597 803 2630 pro
840 2598 898 2621 suo
919 2587 1089 2628 arbitratu,
1132 2610 1338 2644 Quacumque
1375 2610 1471 2634 causa
1504 2609 1563 2643 pro
1595 2603 1739 2641 tempore
1772 2595 1874 2635 sactis,
