2059 3228
125 250 178 276 An.
195 247 224 277 C.
243 251 310 280 1585

147 789 262 810 Cntlezmm
272 795 301 811 vu

133 822 288 847 promunturio-

182 853 300 872 institutum

118 881 155 902 suit
165 882 189 902 ad
197 887 255 908 gesta
265 882 300 902 Ec-

119 913 198 933 etenim
219 913 301 934 descri-

119 944 194 965 bennit.

129 1536 189 1562 Quod
201 1535 233 1555 tite
248 1533 302 1556 Pon-

120 1567 169 1587 titex
188 1568 248 1587 modo
263 1572 303 1587 ex-

122 1598 188 1617 tmdit
210 1598 235 1618 ad
250 1598 303 1619 duo-

120 1629 196 1654 decim,

367 239 429 274 622

322 302 463 347 prudens
475 297 715 344 paterfamilias,
727 296 859 341 provide
867 296 1066 330 animadver-

322 362 390 388 tens
419 354 449 386 in
474 363 549 395 agro
581 351 743 384 dominico
769 346 901 383 multam
932 359 1065 383 messem

319 419 398 446 esse,
430 413 463 439 ut
493 417 574 449 opus
594 405 718 438 Domini
746 410 832 437 recte
853 409 883 437 et
907 403 974 436 sine
989 413 1066 435 con-

318 460 440 493 fusione
461 459 688 503 adimpleatur,
704 457 837 501 singulis
854 468 948 490 curas
968 456 1065 500 parti-

317 518 370 546 tur
389 519 419 546 et
431 513 537 546 officia
547 510 721 550 distribuit,
731 516 761 544 et
773 521 809 543 ea
820 519 1065 553 nonnumquam

317 577 375 609 pro
395 565 478 598 felici
501 565 600 609 ipsius
621 564 818 607 agricultura
838 568 868 596 et
888 563 1065 596 directione

316 619 466 661 adauget,
488 623 585 662 prout
609 618 642 650 in
660 617 796 650 Domino
817 615 1066 660 conspicitsalu-

316 671 419 705 briter
435 671 599 714 expedire.

359 725 374 768 g
399 725 430 757 1.
458 724 539 757 Hinc
559 729 607 758 est
626 723 713 767 quod
728 733 799 762 nos,
811 722 955 755 volentes
966 721 1064 754 colle-

315 778 403 822 gium
438 778 641 812 notariorum
675 777 764 811 Sedis
796 775 997 819 Apostolicae
1026 775 1065 807 de

316 842 452 865 numero
483 831 761 876 participantium,
792 829 880 873 quod
904 828 982 861 olim
1007 838 1066 871 per

315 885 418 919 felicis
438 885 669 919 recordationis
684 884 881 918 Clementem
905 883 928 923 I,
948 882 1066 915 Anthe-

315 950 388 972 rum
409 939 504 973 etiam
525 939 537 972 I
561 945 592 972 et
611 937 728 972 Iulium
749 937 898 971 similiter
917 937 941 976 I,
970 946 1064 980 prae—

314 993 499 1026 decessores
534 997 671 1032 nostros‚
703 991 743 1024 ad
768 1001 819 1024 res
838 995 1013 1034 martyrum
1034 994 1065 1021 et

314 1057 541 1091 quaecumque
557 1047 596 1079 ad
612 1044 787 1078 Ecclesiam
808 1043 1007 1088 pertinerent
1026 1042 1064 1075 fi-

314 1101 430 1134 deliter
453 1099 678 1139 describenda,
700 1103 730 1132 et
749 1098 910 1141 descripta
939 1096 1065 1130 scriniis

313 1153 475 1187 Ecclesiae
505 1152 727 1192 recondenda,
758 1150 953 1190 institutum,
980 1149 1065 1182 ordi-

313 1213 425 1240 natum
454 1212 484 1240 et
509 1206 704 1239 destinatum
733 1204 806 1244 suit,
836 1203 876 1236 ad
902 1204 1064 1236 Romanae

314 1259 475 1293 Ecclesiae
500 1259 649 1292 decorem
687 1263 720 1291 et
761 1262 987 1290 ornamentum
1011 1256 1065 1299 <ut

313 1324 373 1358 par
396 1314 461 1355 est)
494 1322 623 1355 augere,
650 1311 745 1345 dictis
770 1316 800 1344 et
824 1310 894 1343 aliis
923 1309 1064 1342 rationa-

313 1366 433 1399 bilibus
457 1367 560 1399 causis
584 1365 729 1398 animum
753 1369 900 1397 nostrum
932 1373 1064 1396 moven-

317 1419 411 1453 tibus.
1021 1412 1024 1414 ’

359 1473 374 1516 ἓ
390 1472 422 1506 2.
441 1472 530 1505 Ultra
538 1476 657 1515 septem
667 1469 867 1504 notariorum
878 1469 916 1503 de
928 1479 1064 1502 numero

316 1524 579 1570 participantium
601 1524 706 1557 officia
733 1524 772 1557 ad
792 1533 943 1567 praesens
962 1522 995 1554 in
1020 1522 1066 1555 di-

317 1586 368 1613 cto
386 1579 523 1622 collegio
543 1578 722 1618 existentia,
743 1577 888 1620 quinque
904 1576 965 1609 alia
975 1575 1064 1608 simi-

316 1633 359 1666 lia
379 1632 498 1673 officia,
521 1637 611 1665 motu
631 1631 765 1675 proprio
785 1636 816 1664 et.
836 1641 871 1663 ex
898 1636 984 1662 certa
1010 1640 1066 1662 no-

315 1691 382 1719 stra
396 1685 541 1726 scientia,
555 1683 942 1728 apostolicaauctoritate,
954 1688 1065 1715 tenore

317 1739 550 1784 praesentium,
578 1743 734 1782 perpetuo
755 1736 910 1780 erigimus
930 1741 960 1769 et
975 1735 1065 1768 insti-

315 1793 439 1827 tuimus
459 1804 518 1837 pro
546 1791 717 1826 duodecim
738 1791 883 1824 notariis.
909 1790 955 1823 Ita
979 1789 1064 1833 quod

316 1847 468 1890 deinceps
485 1846 631 1890 quinque
652 1845 707 1878 alii
725 1844 785 1877 viri
805 1855 864 1888 per
878 1854 937 1877 nos
957 1849 986 1876 et
1008 1853 1065 1886 pro

317 1906 464 1943 tempore
497 1898 683 1932 existentem
721 1897 901 1930 Romanum
938 1896 1068 1929 Pontifi-

318 1964 387 1987 cem
415 1953 520 1986 eidem
555 1952 692 1995 collegio
720 1951 923 1984 notariorum
949 1949 1067 1983 adscri-

318 2007 416 2039 bendi
445 2011 476 2039 et
499 2005 696 2050 deputandi,
723 2015 789 2038 una
819 2015 892 2037 cum
919 2014 955 2036 ex
980 2013 1068 2036 nunc

320 2060 526 2093 existent.bus
546 2058 678 2092 notariis
701 2068 804 2091 unum
830 2057 1067 2100 corpusetcol-

321 2113 440 2155 legium
473 2112 635 2156 integrum
673 2116 703 2144 et
744 2110 963 2143 indistinctum
994 2119 1069 2142 con-

323 2166 453 2199 stituant
477 2172 507 2199 et
531 2166 690 2204 efficiant3
712 2170 743 2198 et
762 2163 931 2197 duodecim
964 2163 1069 2195 officia

324 2230 382 2262 pro
419 2219 590 2253 duodecim
619 2218 771 2257 notariis,
819 2216 906 2249 omni
937 2226 1070 2259 prorsus

324 2272 406 2304 inter
439 2283 493 2305 eos
527 2272 651 2305 sublata
693 2270 897 2310 differentia,
937 2269 1068 2302 omnino

323 2325 439 2358 similia
473 2331 502 2358 et
529 2325 689 2368 aequalia,
716 2324 747 2357 in
772 2323 922 2356 omnibus
949 2329 980 2355 et
1012 2332 1070 2366 per

323 2413 372 2441 ubi
392 2414 426 2442 de
447 2414 573 2449 ipsorum
597 2419 624 2442 et
650 2415 849 2449 episcoporum
872 2412 1070 2448 praecedentia
1088 2445 1091 2455 Ι

325 2458 446 2485 definitio
476 2459 605 2486 habetur.
637 2459 788 2486 Praedictis
818 2463 926 2492 septem
954 2457 1070 2484 notariis

326 2502 370 2529 hic
384 2502 457 2529 idem
476 2502 603 2530 Pontifex
627 2503 836 2537 exemptionem
857 2510 871 2529 a
894 2501 1002 2537 gabella
1019 2508 1069 2535 pro

326 2553 376 2572 sex
387 2546 467 2573 doliis
486 2547 543 2574 viui
564 2547 699 2581 elargitus
718 2551 760 2574 est
787 2547 813 2573 in
833 2546 887 2573 alio
903 2545 1015 2580 speciali
1033 2545 1069 2572 di-

328 2589 450 2623 plomate
465 2591 517 2617 sub
529 2591 572 2618 dic
595 2598 654 2618 xxii
667 2591 801 2618 februarii
823 2596 965 2617 ›iutixxxw
986 2597 1070 2624 cxpe-

325 2632 392 2668 dito,
408 2634 483 2668 quod
500 2635 543 2661 hic
561 2635 686 2662 inserere
703 2635 831 2662 consutio
848 2633 1031 2669 praetermisi.

912 243 1090 268 BULLARII’M
1115 241 1264 266 nottANmt

1109 295 1226 333 omnia,
1238 293 1447 338 eiusdemque
1458 293 1550 335 iuris,
1567 295 1742 338 potestatis,
1756 295 1852 330 iuris-

1109 347 1256 381 dictionis
1276 353 1307 381 et
1327 348 1526 381 auctoritatis
1541 348 1686 383 existant.

1152 402 1166 445 ξ
1191 401 1222 434 3.
1257 402 1431 446 Ipsumque
1464 402 1635 445 collegium
1657 402 1701 436 sic
1720 410 1850 437 auctum
1866 410 2003 465 afmmmffi‘

1894 448 1913 463 1Ιὶ
1929 448 1952 469 3?
2017 450 2029 466 θ

1108 460 1137 486 et
1164 454 1343 488 institutum
1371 460 1403 488 et
1422 454 1568 488 inunum
1590 454 1707 499 cor'pus
1721 467 1853 501 prorsus

1108 508 1288 548 redactum,
1315 513 1345 542 et
1369 508 1540 542 duodecim
1560 509 1679 542 notarii
1697 511 1852 554 praedicti

1108 571 1165 604 pro
1199 567 1343 605 tempore
1368 562 1546 602 existentes,
1579 562 1697 595 eisdem
1722 562 1853 606 privile-

1107 615 1179 657 giis,
1198 614 1465 658 exemptionibus,
1483 615 1700 656 facultatibus,
1720 626 1853 659 praero-

1106 666 1219 709 gativis
1239 672 1269 699 et
1295 667 1405 709 gratiis
1424 666 1695 711 quibuscumque,
1718 667 1851 712 ubique,

1107 720 1332 753 indifferenter
1351 720 1527 764 potiantur,
1558 726 1689 754 utantur
1717 726 1748 754 et
1773 732 1853 765 gau-

1106 772 1212 814 deant,
1239 773 1358 816 quibus
1382 778 1475 806 antea
1499 773 1604 816 ipsum
1625 774 1796 817 collegium
1823 779 1854 808 et

1107 832 1227 869 septem
1253 826 1340 859 illius
1365 826 1481 859 notarii
1513 827 1624 870 quovis
1645 828 1752 869 modo,
1778 838 1854 862 con-

1107 879 1240 912 iunctim
1261 880 1308 913 vel
1334 880 1517 924 separatim,
1539 880 1758 924 potiebantur,
1784 886 1853 916 ute-

1106 933 1224 965 bantur
1250 938 1280 966 et
1303 933 1511 976 gaudebant,
1537 944 1663 967 necnon
1697 934 1852 975 redditus,
1889 972 1891 974 v

1107 991 1289 1029 proventus,
1310 987 1527 1020 emolumenta
1542 993 1572 1020 et
1592 987 1700 1020 omnia
1712 987 1775 1021 alia
1785 988 1852 1021 sin-

1105 1039 1191 1082 gula,
1214 1044 1278 1072 tam
1299 1051 1335 1072 ex
1352 1040 1518 1074 communi
1538 1051 1640 1074 massa
1659 1052 1756 1085 quam
1775 1040 1852 1074 alibi

1107 1103 1313 1136 quocumque
1339 1099 1485 1138 tempore
1505 1093 1612 1127 dehita
1636 1099 1664 1127 ct
1693 1094 1849 1135 debenda,

1106 1146 1269 1179 ordinaria
1299 1152 1329 1180 et
1359 1147 1632 1187 extraordinaria,
1676 1148 1861 1191 acqualiter,

1106 1200 1303 1243 percipiant;
1325 1211 1361 1233 ac
1381 1211 1528 1242 munera,
1547 1201 1728 1235 functiones
1742 1206 1772 1235 et
1784 1201 1852 1235 offi-

1106 1252 1166 1293 cia,
1189 1258 1254 1286 tam
1287 1254 1416 1298 publica
1444 1265 1540 1298 quam
1570 1254 1704 1298 privata,
1725 1265 1852 1300 semper

1105 1307 1281 1340 sortiantur
1300 1313 1332 1341 et
1351 1308 1527 1348 obtineant,
1545 1314 1714 1342 exerceant
1725 1314 1756 1342 et
1765 1319 1851 1343 asse-

1105 1366 1258 1404 quantur,
1281 1367 1378 1405 prout
1396 1362 1497 1406 prius,
1524 1368 1597 1395 ante
1616 1362 1801 1396 auctionem
1812 1363 1852 1396 ad

1105 1413 1342 1447 duodenarium
1363 1425 1534 1448 numerum
1559 1415 1758 1456 huiusmodi,
1784 1415 1850 1449 col-

1106 1467 1225 1509 legium
1246 1468 1351 1511 ipsum
1373 1474 1404 1501 et
1423 1468 1509 1501 illius
1524 1474 1645 1513 septem
1665 1469 1783 1502 notarii
1793 1469 1850 1502 ha-

1106 1520 1234 1561 bebant,
1263 1522 1486 1566 percipiebant
1505 1528 1536 1555 et
1559 1523 1755 1563 obtinebant,
1781 1533 1852 1567 per-

1107 1574 1181 1608 inde
1201 1586 1238 1608 ac
1262 1575 1288 1608 si
1323 1587 1340 1608 a
1366 1575 1526 1619 principio
1565 1576 1734 1619 collegium
1761 1587 1852 1620 prae-

1106 1628 1229 1661 dictum
1250 1629 1296 1662 sic
1320 1634 1510 1669 auctum,ac
1531 1640 1605 1662 cum
1625 1629 1757 1674 antiquo
1773 1640 1850 1663 con-

1106 1682 1227 1724 fusum,
1249 1683 1376 1716 unitum
1398 1689 1428 1716 et
1448 1683 1703 1727 incorporatum,
1722 1689 1751 1716 et
1766 1683 1850 1716 illius

1107 1736 1214 1769 officia
1241 1747 1300 1780 pro
1335 1736 1506 1770 duodecim
1540 1737 1675 1770 notariis
1707 1737 1850 1770 instituta

1108 1789 1252 1822 fuissent.
1274 1789 1455 1823 Statuentes
1479 1791 1565 1833 quod
1586 1790 1750 1834 perpetuis
1764 1790 1850 1824 tutu-

1108 1841 1152 1874 ris
1171 1843 1372 1887 temporibus
1396 1844 1517 1876 dictum
1543 1843 1712 1887 collegium
1737 1843 1853 1876 habeat.

1108 1895 1281 1929 duodecim
1294 1896 1510 1930 notariatnum
1523 1896 1630 1929 officia
1642 1896 1725 1930 inter
1734 1907 1766 1929 se
1777 1907 1853 1940 pro-

1110 1951 1233 1983 miscua
1251 1955 1282 1982 et
1301 1950 1453 1991 confusa;
1473 1949 1515 1983 ita
1534 1950 1620 1993 quod
1639 1949 1779 1993 quinque
1795 1960 1853 1982 no-
1897 1989 1904 1996 ‚
1951 1972 1957 1979 .

1110 2003 1181 2036 tarii
1201 2003 1305 2037 eidem
1327 2003 1463 2046 collegio
1475 2003 1676 2036 adscribendi
1692 2013 1765 2035 cum
1783 2002 1854 2036 aliis

1110 2062 1231 2100 septem
1247 2067 1334 2090 nunc
1348 2056 1554 2090 existentibus
1569 2057 1701 2090 omnino
1714 2066 1806 2100 pares
1825 2056 1855 2089 et

1110 2111 1260 2155 aequales
1279 2111 1425 2150 existant,
1448 2116 1478 2144 et
1494 2111 1619 2143 nullum
1634 2109 1779 2143 intereos
1793 2109 1855 2142 dis-

1111 2164 1233 2197 crimen
1253 2175 1356 2207 neque
1376 2164 1556 2197 differentia
1580 2163 1765 2206 prioritatis,
1795 2173 1854 2206 po-

1111 2217 1258 2251 tioritatis
1282 2223 1310 2250 et
1331 2216 1581 2261 antiquioritatis
1601 2217 1693 2254 adsit,
1720 2226 1784 2260 quo
1796 2225 1854 2260 po-

1111 2271 1260 2304 steriores
1288 2282 1306 2304 a
1336 2271 1499 2315 prioribus
1527 2271 1575 2304 vel
1594 2270 1673 2303 alter
1692 2270 1731 2302 ab
1756 2269 1855 2302 altero

1111 2325 1347 2358 discernantur.
1369 2325 1413 2358 Ita
1433 2324 1532 2368 quod,
1554 2323 1739 2357 adveniente
1762 2332 1855 2355 vaca-

1110 2378 1196 2411 tione
1206 2379 1269 2411 sive
1276 2379 1482 2422 antiquorum
1491 2377 1554 2410 sive
1565 2380 1854 2420 augmentatorum,

1110 2438 1238 2472 semper
1255 2428 1285 2460 in
1311 2426 1543 2471 supplicatione
1556 2425 1753 2469 exprimatur
1767 2423 1854 2467 quod

1088 2459 1212 2522 'unum
1240 2487 1276 2510 ex
1303 2476 1470 2509 duodecim
1503 2474 1618 2509 officiis
1656 2472 1854 2506 notariorum

1088 2524 1091 2552 Ι
1111 2532 1210 2565 vacat,
1223 2525 1365 2569 alioquin
1382 2524 1498 2558 notarii
1517 2533 1720 2568 nequaquam
1741 2521 1855 2555 admit-

1110 2581 1176 2608 tere
1191 2580 1371 2608 teneantur.

1155 2625 1169 2668 g
1194 2624 1224 2656 4.
1252 2624 1287 2656 Et
1309 2623 1452 2666 insuper,
1484 2628 1518 2655 ut
1542 2619 1712 2655 duodecim
1736 2617 1853 2652 notarii

1894 0 2030 99 Ψ

1864 239 1916 268 An.
1932 238 1962 268 c.
1975 229 2038 275 ᾔδεε

1867 529 2059 562 ιιιι;’ψ’
