2059 3228
139 214 191 239 An.
211 213 239 240 C.
258 216 326 243 1576

156 2023 179 2040 ln
192 2023 275 2042 iuribus
286 2022 323 2041 (Ἂ-

132 2054 204 2068 merse
216 2050 321 2073 Apostoli-

133 2080 170 2093 c¹e
185 2082 216 2099 ειη
227 2082 249 2094 εἰ·
260 2077 323 2095 dicits

150 2107 170 2119 iu
186 2115 190 2119 i
253 2113 257 2119 .
280 2119 284 2121 ,

131 2128 163 2145 δι’.
177 2129 247 2148 Vltus]
273 2130 323 2148 sub·

188 2156 202 2172 ’ἶ

381 216 444 249 ’156

916 227 1098 252 BULLARtmt
1119 225 1274 250 Romanu

341 289 404 311 non
430 279 467 310 ad
492 279 622 311 alicuius
646 288 740 321 super
763 279 822 312 hoe
846 279 936 312 nobis
959 280 1300 328 oblataeltentatorum
1323 277 1409 318 vitio,
1433 277 1531 311 libere
1553 277 1792 322 apprehendere
1814 282 1847 310 et

342 331 502 374 petitionis
527 331 736 371 instantiam,
760 331 812 364 sed
836 342 872 364 ex
896 342 982 364 mera
1006 331 1080 362 libe-

341 383 462 414 ralitate
487 387 515 414 et
540 393 576 414 ex
600 388 684 415 certa
708 383 838 416 scientia
856 383 1079 423 nost1·1s,acde

339 435 525 477 apostolicae
549 435 710 476 potestatis
734 435 938 478 plenitudine,
956 435 1079 466 vineam

338 487 531 530 praedictam
567 491 595 519 et
620 487 663 519 illi
698 487 878 530 contiguam
908 487 1078 524 vineolam,

338 549 417 580 quae
453 538 562 581 viginti
599 539 677 572 duas
702 545 804 572 terrae
827 540 926 583 petias
950 538 1078 570 insimul

337 590 420 622 circa
445 590 626 632 conficiunt,
650 597 680 624 et
703 602 798 635 super
821 592 948 634 quibus,
973 596 1005 623 ut
1028 602 1079 623 ac—

337 642 496 684 cepimus,
527 653 639 676 census
673 653 728 676 seu
766 644 931 686 responsio
972 653 1078 675 annua

337 699 473 736 quatuor
507 695 654 728 harilium
689 696 782 728 musti
812 695 919 728 domui
946 694 1077 727 Sanctae

337 746 453 779 Mariae
476 747 678 789 Magdalenae
701 747 951 780 Convertitarum
977 746 1079 779 dictae.

338 798 432 831 Urbis
456 798 620 842 impositus
644 810 698 832 seu
712 799 858 842 imposita
872 800 990 839 existit3
1007 810 1078 832 nec-

337 860 401 885 non
436 852 498 884 duo
532 852 721 885 arundineta
755 852 795 884 ad
830 853 931 895 ipsam
954 852 1077 884 vineam

337 905 551 947 pertinentia,
586 916 667 948 quae
702 916 764 938 uno
800 916 855 938 seu
889 916 952 938 una
983 905 1078 937 unius

297 958 299 960 '
335 956 414 989 scuti
438 957 507 989 auri
530 957 563 989 in
587 968 663 990 auro
688 958 819 996 abbati;
845 963 875 990 et
898 958 996 990 altero
1022 967 1076 989 seu

337 1009 434 1042 altera
457 1010 602 1042 censibus
619 1020 673 1042 seu
689 1009 948 1052 responsionibus
965 1008 1078 1041 annuis

336 1061 471 1094 duorum
495 1067 655 1094 scutorum
681 1062 832 1094 similium
856 1062 954 1104 priori
973 1067 1003 1094 et
1016 1062 1077 1093 fra-

334 1113 436 1146 tribus
467 1114 647 1147 monasterii
677 1114 781 1147 Sancti
806 1114 965 1146 Laurentii
991 1118 1076 1146 extra

335 1176 444 1198 muros
478 1167 658 1209 praedictae
684 1167 774 1199 Urbis
792 1194 799 1207 ,
825 1166 949 1199 Ordinis
973 1166 1076 1199 Sancti

335 1219 500 1262 Augustini
525 1220 748 1253 canonicorum
775 1220 978 1262 regularium,
1006 1230 1078 1262 per-

334 1273 501 1312 solvendis,
524 1278 654 1305 onerata
680 1273 908 1316 reperiuntur,
932 1273 1025 1305 etiam
1051 1272 1075 1304 si

333 1335 428 1368 super
451 1325 511 1357 illis
535 1325 571 1358 lis
595 1336 702 1358 coram
727 1325 979 1368 quibuscumque
997 1325 1077 1357 iudi-

334 1378 425 1411 cibus
447 1383 478 1411 et
502 1379 584 1410 inter
608 1388 824 1421 quascumque
847 1388 1007 1421 personas,
1025 1389 1078 1410 cu-

333 1430 384 1463 ius
407 1435 523 1462 statum
548 1431 768 1473 praesentibus
800 1430 910 1463 haberi
935 1432 1078 1464 volumus

332 1493 390 1525 pro
414 1493 567 1525 expresso,
592 1482 725 1524 pendeat
752 1483 901 1523 indecisa,
916 1494 986 1515 cum
1011 1495 1078 1516 om-

333 1535 427 1567 nibus
452 1544 480 1567 et
506 1535 638 1577 singulis
662 1535 788 1567 illorum
815 1536 976 1577 membris,
1000 1537 1078 1569 iuri-

332 1586 391 1618 bus
413 1592 444 1618 et
467 1586 668 1628 pertinentiis
693 1587 865 1627 universis,
889 1588 992 1620 eidem
1016 1590 1077 1621 col-

332 1639 425 1682 legio,
448 1639 542 1672 salvis
567 1645 671 1671 tamen
695 1640 841 1672 censibus
865 1651 919 1672 seu
950 1652 1077 1683 respon-

333 1692 475 1726 sionibus
499 1692 691 1732 huiusmodi,
716 1698 880 1736 perpetuo,
898 1693 1034 1735 gratiose
1048 1699 1075 1726 et

333 1745 515 1785 liberaliter,
540 1745 574 1777 in
597 1745 737 1777 eiusdem
771 1746 892 1788 collegii
918 1747 999 1779 dotis
1023 1757 1078 1779 au-

334 1803 532 1841 gumentum,
555 1798 727 1839 apostolica
750 1799 950 1839 auctoritate,
970 1805 1078 1832 tenore

331 1850 556 1893 praesentium,
585 1850 748 1890 donamus,
773 1851 976 1884 concedimus
992 1879 1001 1893 ,
1024 1863 1078 1895 ap-

332 1902 486 1945 plicamus
509 1908 538 1935 et
565 1903 819 1946 appropriamus.

376 1956 390 1998 ἓ
414 1955 443 1989 3.
467 1955 637 1998 Ipsumque
661 1956 829 1998 collegium
854 1956 886 1988 in
904 1958 991 1990 omni
1009 1958 1077 1991 iure

333 2013 363 2040 ct
387 2007 425 2039 ad
449 2017 543 2040 omne
567 2007 625 2048 ius,
650 2008 735 2050 quod
758 2009 861 2041 eidem
878 2010 1025 2044 Gamerae
1042 2023 1078 2045 ex

334 2061 435 2101 viuea,
447 2060 580 2101 vineola,
593 2061 791 2094 arundinetis
804 2072 840 2094 ac
850 2063 974 2096 iuribus
989 2075 1077 2107 prae-

289 2109 425 2145 “³‹lictis
449 2113 494 2145 vel
517 2112 558 2145 ad
582 2112 633 2145 illa
657 2114 890 2157 quomodolibet
920 2123 1077 2160 compete-

333 2164 385 2196 bat
409 2171 463 2197 aut
487 2171 664 2208 competere
688 2171 829 2210 poterat,
853 2168 947 2200 ctiam
973 2172 1076 2212 quoad

333 2218 571 2261 possessionem,
596 2219 679 2252 dicta
702 2221 888 2254 auctoritate
913 2222 1076 2255 substitui-

333 2282 402 2304 mus
426 2277 454 2303 et
480 2272 699 2315 subrogamus,
722 2273 836 2316 illaque
861 2274 893 2306 in
918 2275 1074 2308 dictorum

331 2324 521 2357 scholarium
546 2326 683 2359 savorem
708 2327 948 2368 transferimus,
974 2328 1017 2360 ita
1042 2335 1072 2361 ut

330 2376 421 2409 liceat
456 2379 568 2410 rectori
594 2385 621 2411 et
647 2379 960 2413 administratoribus
984 2392 1074 2424 prae—

330 2428 422 2461 dictis
461 2432 655 2473 corporalem
695 2432 923 2475 possessionem
959 2433 1072 2474 vineae,

330 2481 470 2514 vineolae
487 2488 517 2514 et
534 2484 799 2517 arundinetorum
812 2485 1004 2525 huiusmodi,
1018 2495 1074 2527 per

1109 331 1266 371 retinere,
1290 340 1464 373 eorumque
1487 330 1627 371 fructus,
1650 329 1793 362 redditus
1816 331 1851 362 et

1109 388 1277 424 proventus
1314 392 1351 415 ac
1383 383 1595 415 emolumenta
1629 391 1849 425 quaecumque

1108 434 1262 476 colligere,
1287 434 1410 477 exigere
1433 440 1464 467 et
1486 436 1599 476 levare,
1611 445 1648 467 ac
1670 435 1704 467 in
1717 445 1801 476 suo-³,
1813 439 1846 468 et

1108 487 1247 520 eiusdem
1271 487 1392 529 collegii
1416 497 1491 519 usus
1503 491 1695 526 convertere,
1708 485 1847 519 cuiusvis

1111 539 1234 572 licentia
1257 539 1390 582 desuper
1413 538 1545 571 minime
1566 538 1730 582 requisita.

1149 591 1163 633 ἓ
1185 591 1216 624 4.
1240 591 1328 629 Quod
1351 596 1396 631 ut,
1420 590 1550 623 sublatis
1573 590 1721 623 omnibus
1748 590 1848 633 impe-

1107 641 1263 683 dimentis,
1280 643 1410 676 liberius
1426 643 1529 676 facere
1550 644 1659 684 valeat,
1676 643 1848 676 locationes

1107 701 1136 727 et
1159 702 1318 738 sequestra
1343 705 1562 739 quaecumque
1583 705 1679 738 super
1694 694 1786 728 dictis
1803 694 1848 727 vi-

1108 758 1175 788 nea,
1203 749 1335 789 vineola,
1364 747 1563 781 arundinetis
1586 757 1758 790 eorumque
1781 746 1848 778 sru-

1107 799 1218 840 ctibus,
1245 800 1340 832 etiam
1367 799 1508 833 eiusdem
1535 799 1682 832 Gamerae
1708 797 1846 838 nomine,

1107 857 1159 883 aut
1182 862 1240 894 pro
1263 852 1330 885 eius
1347 852 1499 885 interesse
1511 862 1567 884 seu
1582 851 1679 884 etiam
1695 850 1845 884 mandato

1107 908 1212 935 nostro
1234 903 1315 936 sacta
1337 909 1368 937 et
1391 904 1543 947 apposita,
1567 909 1657 937 motu
1678 903 1774 937 simili
1795 913 1846 936 re-

1106 964 1262 996 vocamus,
1285 957 1460 988 relevamus
1482 961 1514 988 et
1536 956 1683 988 tollimus.

1106 1059 1190 1091 nullo
1224 1069 1375 1102 umquam
1410 1064 1552 1102 tempore
1575 1059 1612 1092 de
1636 1059 1850 1102 subreptionis

1107 1112 1151 1144 vel
1175 1111 1371 1154 obreptionis
1395 1122 1449 1144 seu
1473 1111 1627 1144 nullitatis
1649 1111 1737 1154 vitio,
1749 1111 1846 1146 etiam

1105 1175 1140 1196 ex
1164 1175 1200 1197 eo
1224 1164 1308 1207 quod
1332 1164 1535 1205 monialium,
1558 1164 1682 1197 abbatis
1697 1191 1706 1205 ‚
1730 1164 1849 1207 prioris

1106 1223 1135 1249 et
1170 1217 1303 1250 fratrum
1338 1216 1572 1260 praedictorum
1606 1226 1776 1250 consensus
1799 1227 1850 1250 re·-

1106 1270 1240 1312 quisitus
1256 1280 1320 1302 non
1337 1270 1443 1310 suerit,
1460 1270 1507 1302 vel
1522 1269 1707 1303 intentionis
1723 1275 1852 1304 nostrae

1106 1327 1157 1355 aut
1197 1322 1258 1354 alio
1281 1322 1432 1365 quopiam
1456 1322 1579 1355 defectu
1601 1322 1706 1355 notari
1725 1349 1733 1363 ,
1758 1323 1853 1366 argui

1106 1382 1160 1409 aut
1183 1375 1216 1407 in
1239 1375 1507 1414 controversiam,
1532 1375 1572 1407 ad
1595 1375 1780 1418 quorumvis
1801 1375 1850 1407 in-

1106 1428 1256 1461 stantiam
1278 1427 1402 1467 adduci,
1419 1427 1515 1459 etiam
1531 1427 1741 1460 restitutionis
1752 1427 1787 1460 in
1799 1427 1849 1460 in-

1107 1487 1230 1524 tegrum
1254 1481 1301 1513 vel
1324 1480 1518 1512 reductionis
1536 1480 1577 1512 ad
1594 1480 1745 1513 terminos
1760 1479 1849 1520 iuris,

1106 1540 1160 1567 aut
1183 1534 1260 1567 alias
1277 1533 1511 1577 quomodolibet
1528 1533 1669 1565 revocari
1682 1533 1851 1576 impugna-

1107 1588 1171 1620 rive
1194 1597 1301 1630 posse;
1324 1596 1383 1618 nec
1406 1597 1442 1618 ex
1457 1596 1495 1618 eo
1511 1585 1596 1628 quod
1613 1586 1787 1628 praemissa
1798 1597 1851 1619 ve-

1107 1641 1229 1673 rificata
1252 1650 1317 1673 non
1339 1639 1413 1680 sint,
1430 1644 1483 1670 aut
1501 1638 1586 1681 quod
1601 1638 1634 1679 ii,
1648 1648 1785 1681 quorum
1802 1638 1852 1671 in-

1108 1698 1210 1733 terest,
1234 1691 1335 1724 vocati
1363 1683 1426 1724 non
1442 1691 1570 1731 fuerint,
1587 1691 1712 1724 easdem
1729 1691 1850 1725 litteras

1107 1757 1162 1789 per
1200 1744 1437 1788 subreptionem
1472 1744 1618 1777 obtentas
1648 1743 1797 1785 censeri,
1820 1749 1851 1780 et

1107 1804 1272 1843 propterea
1295 1797 1415 1830 viribus
1438 1807 1555 1830 carere.
1572 1797 1679 1839 Neque
1694 1801 1850 1830 rectorem

1107 1857 1134 1885 et
1170 1851 1441 1884 administratores
1474 1849 1651 1893 praedictos
1681 1849 1721 1882 ad
1745 1849 1850 1882 verifi-

1107 1906 1242 1939 candum
1275 1903 1469 1947 praemissa,
1494 1903 1541 1935 vel
1574 1903 1615 1935 ad
1648 1901 1851 1944 probandum

1108 1961 1177 1990 iura
1211 1963 1242 1990 et
1265 1957 1372 1989 titulos
1396 1961 1562 1988 auctorum
1587 1965 1717 1987 suorum
1741 1965 1851 1988 eoram

1107 2020 1306 2055 quocumque
1329 2007 1493 2042 ordinario
1517 2012 1571 2040 aut
1587 2007 1730 2049 delegato
1746 2006 1852 2040 iudice

1105 2065 1273 2108 compelli,
1296 2073 1356 2095 nec
1388 2062 1428 2094 ad
1463 2059 1645 2093 huiusmodi
1669 2064 1851 2102 praesentes

1108 2119 1225 2151 litteras
1247 2116 1329 2148 infra
1353 2119 1417 2146 tres
1440 2123 1563 2146 menses
1587 2113 1626 2145 ab
1649 2122 1760 2145 earum
1776 2112 1850 2145 data

1107 2173 1137 2204 in
1172 2172 1300 2204 Camera
1334 2167 1551 2211 registrandas
1573 2166 1620 2198 vel
1643 2165 1850 2198 insinuandas

1107 2224 1203 2257 teneri
1218 2250 1225 2263 ,
1249 2232 1351 2265 neque
1380 2221 1422 2254 ob
1446 2230 1516 2253 eam
1539 2229 1667 2252 causam
1691 2218 1776 2262 quod
1798 2228 1848 2251 re-

1105 2277 1253 2318 gistratae
1278 2273 1520 2316 insinuataeque
1544 2283 1610 2305 non
1633 2271 1760 2312 suerint,
1777 2271 1847 2303 nul-

1106 2331 1146 2361 las
1181 2335 1212 2361 et
1246 2327 1352 2360 irritas
1383 2338 1419 2359 ac
1442 2326 1558 2359 nullius
1582 2325 1734 2358 momenti
1757 2324 1846 2365 fore,

1105 2392 1205 2424 neque
1239 2381 1376 2423 denique
1409 2379 1522 2413 rectori
1558 2384 1589 2411 et
1611 2377 1847 2411 administrato-

1104 2435 1190 2467 ribus
1214 2433 1382 2478 praedictis
1406 2429 1614 2476 personarum
1637 2430 1844 2463 mutationem

1102 2487 1218 2530 opponi
1242 2497 1382 2530 unquam
1405 2487 1518 2520 valere.

1865 215 1918 242 An.
1937 213 1966 241 c.
2040 208 2041 212 ’

1144 2541 1159 2583 ἓ
1175 2540 1203 2573 6.
1226 2539 1338 2584 Sicque
1360 2550 1417 2583 per
1437 2549 1651 2583 quoscumque
1667 2537 1797 2579 iudices,
1812 2538 1986 2589 e-mcpml·
2020 2562 2029 2582 5

1103 2591 1177 2624 tiam
1190 2592 1431 2634 commissarios,
1448 2592 1543 2626 etiam
1553 2601 1719 2626 causarum
1732 2591 1842 2627 Pataui

330 2544 362 2566 se
388 2534 433 2566 vel
457 2534 552 2567 alium
578 2546 631 2568 seu
656 2537 733 2569 alios
752 2547 862 2570 eorum
879 2537 1072 2579 nominihus,

331 2587 459 2630 propria
485 2589 687 2629 auctoritate,
713 2590 830 2634 absque
857 2590 947 2635 spolii
972 2596 1003 2624 et
1025 2596 1072 2624 at·
2015 2610 2025 2631 t

1942 2645 1955 2663 ο
2010 2642 2030 2667 ae

2010 2670 2030 2699 r„
