2059 3228
321 267 490 318 stantia,
517 266 654 318 dequo
689 266 733 304 in
767 265 864 305 Iesu
888 264 1043 306 Christi
1069 264 1323 305 catholicam
1348 270 1390 305 et
1411 265 1689 319 apostolicam
1722 265 1869 306 Eccle-

319 339 427 377 siam
460 337 643 377 utilitate
688 337 723 376 si
757 336 852 390 quis
894 336 1070 378 fortasse
1114 350 1272 389 anceps
1316 337 1556 391 dubiusque
1597 337 1803 391 haereret,
1836 339 1872 378 is

320 426 406 451 non
442 411 568 450 modo
602 409 869 449 rubricarum
902 409 1130 462 syllabum,
1168 424 1316 449 verum
1349 410 1477 450 etiam
1511 423 1650 464 rerum
1684 410 1869 450 indicem

320 484 473 536 (quem
514 481 854 533 accuratissime,
891 486 1100 534 quantum
1144 486 1351 534 quantum
1393 480 1538 533 licuit,
1580 494 1667 519 non
1709 481 1869 535 absque

320 555 523 594 diuturno
557 553 717 606 labore,
754 552 1132 606 concinnavimus)
1166 558 1383 593 momento
1416 552 1620 604 temporis
1654 559 1871 605 percurrat

320 626 577 679 delibetque3
614 625 780 665 videbit
802 625 991 677 profecto
1015 638 1143 678 quam
1176 625 1392 665 verissime
1421 638 1446 663 a
1469 624 1570 663 divo
1603 623 1869 678 Hieronymo

318 698 551 750 scriptum:
594 700 610 718 ‘⁴
649 696 713 736 Ex
748 711 831 750 quo
865 695 1149 749 intelligimus
1182 696 1419 736 Ecclesiam
1462 710 1595 750 usque
1639 698 1693 737 ad
1738 698 1867 738 finem

319 769 470 809 mundi
504 770 675 809 concuti
709 769 884 822 quidem
916 768 1298 820 persecutionibus,
1334 768 1409 807 scd
1442 782 1713 822 nequaquam
1746 783 1867 821 posse

318 842 522 896 subverti3
548 842 716 894 tentari,
743 856 830 881 non
864 841 1066 894 superari:
1103 846 1145 880 et
1178 841 1257 879 hoc
1291 840 1365 880 fiet
1397 841 1497 894 quia
1523 839 1733 881 Dominus
1755 840 1868 882 Deus

319 915 613 968 omnipotens,
649 915 737 955 sive
779 913 989 954 Dominus
1032 912 1146 953 Deus
1189 913 1302 964 eius,
1338 912 1383 952 id
1421 918 1507 966 est,
1542 912 1783 967 Ecclesiae,
1824 928 1868 954 se

317 986 529 1026 facturum
564 1001 652 1027 esse
684 985 904 1039 pollicitus
937 989 1010 1038 est3
1047 985 1168 1025 cuius
1191 985 1416 1037 promissio
1449 985 1519 1025 lex
1552 990 1728 1026 naturae
1753 992 1815 1026 est
1844 1019 1861 1038 n

318 1058 559 1113 (Comment.
595 1060 639 1099 in
671 1057 815 1111 Amos,
850 1056 916 1098 lib.
954 1055 1049 1109 III,
1085 1071 1168 1111 cap.
1206 1056 1292 1096 IX.
1328 1056 1383 1097 ed.
1427 1056 1616 1110 Vallem„
1652 1063 1753 1098 tom.
1790 1057 1864 1112 VI,

348 1148 372 1173 a
408 1164 416 1172 .
457 1132 542 1172 358
578 1163 586 1171 .

317 1147 345 1186 p
374 1147 510 1245 {tere
541 1132 688 1244 libore
721 1209 878 1257 nostro,
903 1202 1057 1244 Lector
1080 1203 1302 1257 benevole,
1327 1218 1488 1258 nosque
1520 1204 1676 1245 habeto
1710 1204 1756 1245 in
1778 1204 1864 1246 Do-

318 1278 436 1319 mino
470 1277 804 1318 commendatos.

380 1507 597 1561 Augustae
630 1506 929 1559 Taurinorum,
961 1505 1158 1546 kalendis
1191 1506 1350 1547 decem.
1386 1504 1739 1547 MDCCCLXIH.

1295 2073 1426 2100 editores
1444 2074 1638 2100 Taurinenses

1178 2122 1239 2167 SEB.
1262 2121 1372 2167 FRANCO
1392 2122 1425 2166 ET
1443 2121 1584 2168 HENRIGUS
1604 2121 1757 2167 DALMAZZO
