2059 3228
52 163 160 199 *11ᾶεῖ
837 171 941 194 stxrus

174 219 326 264 illiusque
362 220 578 263 collegialium
607 233 644 255 ac
674 233 783 256 rerum
812 228 842 256 et
870 224 926 256 bo-

173 280 290 306 norum
311 273 467 315 regimine
487 281 517 306 et
537 275 826 315 administratione,
845 286 924 320 apo-

173 326 286 360 stolica
310 327 513 367 auctoritate,
548 333 657 361 tenore
690 329 921 372 praesentium,

172 390 210 413 ex
234 385 322 413 certa
348 385 457 413 nostra
487 381 633 422 scientia,
660 387 819 426 perpetuo
846 392 923 415 con-

170 432 339 466 firmamus
371 439 403 466 et
427 435 658 477 approbamus,
690 446 728 468 ac
757 435 822 468 illis
852 446 924 479 pei·-

170 487 298 530 petuac‘
313 492 344 519 et
362 486 553 520 inviolabilis
573 488 733 521 firmitatis
751 489 852 521 robur
872 489 924 521 ad-

171 539 311 573 iicimus.

215 592 282 636 §6.
304 592 486 638 Omnesque
519 599 550 626 et
577 594 722 637 singulos
745 599 808 627 tam
843 594 923 627 iuris

52 650 98 686 fit.
116 661 157 684 «te-
169 656 268 690 quam
292 646 366 680 facti
391 648 545 687 defectus,
564 647 587 680 si
608 648 663 691 qui
694 647 924 685 intervenerint

28 704 35 712 '¹
53 692 155 742 ,Wl’m‘
170 699 203 732 in
227 698 360 741 eisdem,
383 700 516 733 omnino
537 701 735 743 supplemus

55 788 62 795 ,
214 753 230 797 ἓ
251 752 282 786 7.
294 753 462 797 Ipsiusque
474 754 601 796 collegii
613 754 919 795 administratorem,

55 829 65 845 «,
81 826 156 848 noi·-
169 812 330 840 rectorem
346 813 376 840 et
393 807 576 849 collegiales
597 807 740 850 aliasque
757 808 832 841 dieti
855 809 921 841 eol-

53 852 62 856 ”
169 859 243 903 legii
262 870 417 903 personas
440 871 528 893 nuuc
552 866 583 893 et
603 871 661 903 pro
683 866 827 904 tempore
856 861 922 894 exi-

170 918 290 947 stentes
309 914 348 947 ad
381 915 567 948 earumdem
603 914 870 948 constitutionum
892 919 922 947 et,

171 967 414 1000 ordinationum
453 967 706 1001 observationem
747 968 849 1001 teneri
892 973 922 1001 et

170 1019 328 1064 obligatos
352 1021 500 1060 existere,
522 1032 559 1054 ae
580 1022 620 1054 ob
642 1021 770 1054 illarum
788 1032 851 1055 non
866 1022 922 1054 ob-

170 1074 383 1108 servationem
412 1085 533 1118 poenas
565 1075 595 1107 in
621 1074 741 1108 eisdem
767 1075 922 1107 constitu-

170 1126 312 1161 tionibus
332 1133 364 1161 et
395 1128 652 1161 ordinationibus
687 1134 852 1161 contentas
872 1127 921 1160 in-

170 1191 304 1215 currere
323 1182 482 1215 volmnus.

213 1234 229 1278 §
249 1234 281 1268 8.
306 1234 344 1267 Et
364 1235 406 1268 ita
427 1245 484 1278 per
503 1245 727 1278 quoscumque
749 1234 872 1267 iudices
892 1239 924 1266 et

31 1321 37 1331 „
59 1297 61 1300 ’
80 1305 158 1328 mm-
170 1287 418 1328 commissarios,
438 1289 549 1331 quavis
573 1288 764 1321 auctoritate
784 1289 921 1330 lungen-

22 1333 157 1386 3⁸⁴⁶¹¹¹²l¹¹
170 1347 230 1380 tes,
243 1341 340 1381 etiam
356 1352 527 1375 causarum
546 1342 657 1375 Palatii
678 1341 851 1384 Apostolici
867 1352 924 1373 au-

171 1394 303 1437 ditores,
330 1405 367 1428 ac
387 1395 418 1428 S.
442 1395 477 1428 P..
505 1395 540 1429 E.
574 1395 763 1435 cardinales,
798 1395 942 1442 sublata¹

173 1448 219 1482 eis
238 1453 270 1482 et.
302 1458 415 1482 eorum
441 1449 573 1482 cuilibet
592 1449 702 1492 quavis
722 1449 814 1481 aliter
837 1447 923 1481 iudi·
941 1481 942 1484 ,

173 1501 267 1534 candi
292 1506 323 1535 et
342 1502 575 1545 interpretandi
594 1503 744 1535 facultate
765 1507 795 1534 et
814 1509 924 1534 aucto-
940 1509 942 1513 ’

172 1555 279 1597 ritate,
295 1555 471 1589 iudicariet
490 1556 617 1588 deliniri
639 1556 774 1595 debere,
797 1556 923 1588 irritum
941 1553 943 1583 ἶ

174 1619 305 1653 quoque
321 1615 353 1642 et
372 1609 466 1642 inane
478 1609 635 1653 quidquid
649 1620 741 1642 secus
761 1620 858 1652 super
874 1592 944 1646 hisi

174 1673 193 1696 a
211 1672 388 1706 quoquam,
414 1663 525 1706 quavis
553 1663 755 1703 auctoritate,
787 1663 926 1695 scienter

174 1715 433 1758 velignoranter,
451 1717 792 1759 contigeritattentari,
813 1717 924 1749 decer-
944 1738 946 1773 3

175 1769 284 1803 nimus
303 1775 335 1803 et
358 1770 571 1803 declaramus.

47 1868 50 1870 .
220 1823 236 1867 ἓ
255 1824 286 1857 9.
309 1823 347 1856 Et
369 1824 583 1857 nihilominus
601 1823 838 1857 venerabilibus
862 1824 926 1856 l'ra-

37 1892 166 1919 [teniores
177 1876 281 1911 tribus
295 1878 412 1910 nostris
422 1878 664 1921 archiepiscopo
686 1877 924 1916 Mediolanensi,

55 1922 216 1964 ”mde'ac
245 1930 391 1974 I'apiensi
422 1936 453 1964 et
485 1931 643 1964 Laudensi
675 1931 833 1975 episcopis
869 1942 928 1974 per

181 1990 364 2028 praesentes
401 1985 631 2017 committimus
670 1990 700 2017 et
738 1985 928 2017 mandamus

180 2042 338 2081 quatenus
359 2038 431 2081 ipsi,
453 2039 499 2070 rel
526 2038 589 2070 duo
614 2043 668 2070 aut
693 2049 776 2070 unus
805 2048 927 2075 eorum,

180 2100 239 2134 per
258 2100 290 2124 se
306 2091 354 2124 vel
374 2091 473 2124 alium
491 2102 546 2123 seu
569 2091 666 2131 alios,
685 2090 929 2124 constitutiones
947 2115 950 2147 ἰ

65 471 74 490 ‘v

181 2149 213 2176 et
244 2144 464 2178 ordinationes·
499 2145 678 2187 praedictas
713 2145 752 2177 ab
786 2145 927 2178 eiusdem

181 2196 313 2239 Gollegii
344 2198 624 2239 administratore,
653 2204 797 2238 rectore,
831 2199 929 2232 colle-

181 2249 319 2293 gialibus
339 2257 370 2284 et
391 2251 461 2284 aliis
496 2252 583 2285 illius
611 2252 757 2295 personis
783 2263 869 2285 nnnc
900 2258 931 2285 et

182 2313 242 2346 pro
264 2309 408 2347 tempore
429 2305 649 2343 existentibus,
665 2305 761 2338 etiam
780 2305 838 2338 sub
858 2316 931 2339 cen-

183 2352 267 2384 suris
291 2357 321 2385 et
355 2353 477 2395 poenis,
502 2360 564 2385 tam
585 2353 810 2387 ecclesiasticis
833 2366 930 2398 quam

184 2401 391 2444 pecuniariis,
410 2413 522 2435 eorum
544 2409 573 2435 et
599 2403 771 2435 cuiuslibet
788 2403 930 2446 ipsorum

184 2449 319 2484 arbitrio
341 2451 547 2484 moderandis
579 2457 606 2483 ct
642 2452 853 2494 applicandiS,
881 2465 931 2487 rc-

186 2498 390 2539 clamatione,
412 2510 543 2532 rccursu
572 2507 621 2532 aut
657 2502 842 2543 ext-optione
862 2503 933 2546 qui-

187 2547 386 2591 buscumque
401 2549 609 2592 cessantibus,
632 2549 855 2583 inviolabiliter
875 2552 931 2583 ob-

960 171 980 194 v
1002 170 1050 193 rr.
1606 160 1670 193 8530

966 221 1085 255 servari
1110 220 1243 257 saciant:
1279 222 1533 256 contradictores
1553 223 1716 265 quoslibet

965 281 996 308 et
1015 274 1151 307 rebelles
1171 287 1207 306 ac
1228 276 1371 309 eiusdem
1389 276 1716 310 constitutionibuset

965 328 1223 361 ordinationibus
1245 340 1307 361 non
1331 336 1478 373 parentes
1505 341 1562 372 per
1586 330 1715 362 easdem

966 391 1119 414 censuras
1139 387 1169 413 et
1190 392 1320 424 poenas,
1347 383 1564 426 appellatione
1586 388 1716 426 postpo-

966 434 1036 476 sita,
1059 436 1306 478 compescendo,
1331 435 1479 478 ipsasque
1513 447 1666 468 censuras
1685 441 1716 468 et

943 527 944 535 ἵ
966 498 1085 531 poenas
1102 487 1197 520 etiam
1220 487 1339 521 iteratis
1358 488 1480 521 vicibus
1499 489 1713 531 aggravando,

943 538 1110 574 'invocato
1136 540 1231 573 etiam
1265 541 1303 573 ad
1335 541 1408 579 lioc,
1433 542 1456 573 si
1491 552 1571 585 opus
1605 542 1712 582 suerit,

963 593 1083 626 auxilio
1108 593 1231 626 brachii
1253 595 1439 627 saecularis.

1008 648 1022 689 ,ξ
1044 647 1095 680 10.
1119 647 1187 680 Non
1205 648 1404 679 obstantibus
1430 648 1532 680 l'elicis
1563 650 1713 681 recorda-

965 700 1059 733 tionis
1090 700 1243 733 Bonilacii
1278 701 1334 733 l'l'.
1357 701 1430 737 Vlll.
1460 702 1713 745 praedecessoris

964 753 1077 793 nostri,
1099 754 1137 786 de
1169 765 1243 794 una,
1266 759 1297 786 et
1329 754 1456 787 concilii
1484 756 1643 796 genfflalis
1675 756 1713 788 de

963 806 1089 839 duabus
1109 807 1233 846 diaetis,
1254 807 1431 840 duu‘imodo
1453 808 1536 840 ultra
1556 814 1619 840 tres
1639 808 1714 840 dia}-

964 866 1009 893 tas
1043 861 1160 904 aliquis
1192 861 1383 893 auctoritate
1418 861 1634 903 praescnlitmi
1672 862 1710 894 ad

964 913 1118 947 iudiciuin
1139 925 1203 947 non
1222 915 1386 954 trabatur,
1409 914 1542 958 aliisque
1560 915 1713 948 constitu-

965 967 1104 1001 lionibus
1124 974 1154 1001 et
1174 968 1429 1001 ordinationibus
1453 969 1648 1011 apostolicis:
1675 980 1712 1002 ac

963 1021 1037 1054 dicti
1059 1021 1198 1064 collegii,
1222 1021 1318 1053 etiam
1333 1021 1526 1061 iuramento,
1543 1024 1713 1054 confirma-

965 1075 1050 1108 tione
1069 1075 1245 1119 apostolica
1266 1076 1313 1107 vcl
1346 1075 1456 1118 quavis
1478 1075 1625 1107 t‘imiitate
1650 1076 1710 1108 alia

962 1129 1132 1169 roboratis,
1172 1129 1296 1162 statutis
1335 1134 1365 1161 et
1404 1129 1706 1166 consuctudinibus:

961 1182 1136 1225 privilegiis
1156 1192 1297 1225 quoque,
1336 1181 1478 1222 iudultis,
1499 1182 1709 1225 exemptioni-

961 1236 1031 1276 bus,
1054 1235 1301 1268 conservatoriis
1318 1240 1348 1267 et
1367 1235 1437 1267 aliis
1453 1235 1566 1267 litteris
1585 1240 1711 1278 aposto-

963 1288 1031 1322 licis
1056 1289 1114 1322 sub
1130 1289 1391 1332 quibuscumque
1413 1289 1580 1321 tenoribus
1600 1295 1626 1321 et
1650 1291 1711 1321 l'or-

962 1343 1032 1382 mis,
1056 1353 1093 1376 ac
1113 1353 1185 1375 eum
1215 1343 1389 1386 quibusvis,
1419 1342 1513 1375 etiam
1541 1342 1710 1384 derogato-

963 1396 1083 1428 riarum
1096 1395 1315 1439 derogatoriis,
1327 1396 1461 1438 aliisque
1473 1395 1710 1429 efficacioribus

963 1455 989 1480 et
1018 1449 1154 1481 insolitis
1185 1449 1355 1481 clausulis:
1383 1448 1648 1491 irritantibusqiw
1681 1456 1712 1481 ct.

962 1503 1031 1535 aliis
1064 1503 1214 1542 decretis,
1248 1502 1279 1534 in
1318 1513 1435 1545 genere
1464 1503 1512 1535 vel
1547 1502 1577 1534 in
1605 1503 1710 1545 specie

964 1568 999 1590 ac
1016 1557 1094 1589 alias
1109 1556 1354 1600 quomodolibet
1371 1556 1402 1588 in
1418 1556 1615 1588 contrarimu
1629 1566 1711 1599 prie-

965 1611 1135 1644 missorum
1157 1610 1328 1649 concessis,
1352 1609 1548 1642 confirmatis·
1568 1616 1597 1641 et
1618 1609 1711 1642 inno-

963 1665 1052 1697 vatis.
1087 1664 1207 1702 Quibus
1231 1663 1393 1702 omuibus,
1424 1663 1547 1695 etiamsi
1581 1663 1619 1695 de
1651 1662 1712 1695 illis

964 1728 1142 1761 eorumque
1168 1717 1241 1750 totis
1263 1717 1428 1749 tenoribus
1452 1717 1610 1760 specialis,
1640 1727 1712 1760 spe-

944 1777 947 1803 ·,
965 1771 1070 1812 cilica,
1093 1782 1241 1815 expressa
1262 1777 1292 1803 et
1318 1771 1492 1810 individua,
1521 1781 1584 1803 non
1605 1776 1712 1803 autem

964 1836 1023 1869 per
1037 1826 1197 1858 clausulas
1212 1825 1377 1868 generales
1390 1825 1471 1857 idem
1490 1825 1711 1867 importantes,

966 1879 1087 1912 mentio
1099 1889 1154 1912 seu
1172 1878 1300 1921 quaevis
1311 1878 1373 1910 alia
1387 1878 1547 1920 expressio
1567 1878 1714 1910 habenda

967 1934 1060 1972 soret,
1082 1933 1212 1965 illorum
1235 1938 1375 1971 tenores,
1397 1942 1433 1964 ae
1454 1931 1477 1963 si
1499 1931 1538 1963 dc
1559 1932 1655 1964 verbo
1675 1932 1714 1964 ad

966 1986 1099 2019 verbum
1138 1985 1396 2029 exprimerentur
1432 1990 1462 2017 et.
1496 1984 1715 2017 insererentur

967 2039 1203 2083 praesentibus,
1223 2049 1280 2082 pro
1301 2038 1498 2071 sufficienter
1517 2038 1674 2081 expressis
1685 2043 1716 2071 et

969 2093 1094 2126 insertis
1116 2093 1281 2133 babentes,
1303 2093 1363 2125 illis·
1380 2093 1457 2126 alias
1477 2092 1509 2124 in
1527 2103 1584 2125 suo
1599 2092 1715 2125 robore

970 2146 1199 2189 permansuris,
1220 2146 1279 2178 bac
1306 2146 1371 2178 vice
1398 2146 1573 2183 dumtaxat,
1595 2145 1717 2189 :specia-

972 2204 1043 2236 liter
1053 2209 1082 2236 et
1095 2214 1241 2247 expresse
1253 2203 1456 2246 derogamus,
1466 2203 1636 2236 contrariis
1646 2203 1716 2247 qui-

971 2264 1182 2305 buscumque.
1199 2267 1259 2294 Aut
1272 2262 1295 2293 si
1308 2261 1572 2302 administratori,
1584 2261 1714 2303 rectori,

971 2319 1193 2361 collegialibus
1204 2324 1234 2352 et
1245 2319 1390 2363 personis
1401 2319 1575 2362 praedictis
1587 2320 1635 2352 vel
1646 2319 1717 2362 qui-

972 2378 1078 2410 busvis
1094 2377 1164 2409 aliis
1175 2387 1288 2409 eorum
1304 2376 1520 2410 communiter
1532 2377 1578 2409 vel
1592 2376 1718 2410 divisim

973 2435 1011 2467 ab
1022 2435 1134 2467 eadem
1146 2435 1182 2467 sit
1196 2435 1446 2468 b'cdeindultum
1458 2435 1542 2478 quod
1554 2435 1716 2476 interdici,

973 2492 1125 2535 suspendi
1150 2494 1195 2525 rel
1222 2492 1495 2526 excommunicari
1515 2504 1579 2525 non
1599 2494 1719 2537 possint

974 2561 1030 2594 per
1050 2550 1169 2583 litteras
1186 2551 1375 2594 apostolicas
1395 2562 1458 2584 non
1479 2551 1629 2584 facientes
1650 2553 1718 2595 ple-

1730 169 1780 196 ΔΧιι,
1797 171 1824 196 C.
1847 172 1909 198 13s7

1741 658 1852 679 Contraria
1867 658 1911 680 tol-

1729 690 1761 710 lit.
