<?xml version="1.0" encoding="UTF-8"?>
<!DOCTYPE html PUBLIC "-//W3C//DTD XHTML 1.0 Transitional//EN"
    "http://www.w3.org/TR/xhtml1/DTD/xhtml1-transitional.dtd">
<html xmlns="http://www.w3.org/1999/xhtml" xml:lang="en" lang="en">
 <head>
  <title>
</title>
<meta http-equiv="Content-Type" content="text/html;charset=utf-8" />
  <meta name='ocr-system' content='tesseract 3.04.00' />
  <meta name='ocr-capabilities' content='ocr_page ocr_carea ocr_par ocr_line ocrx_word'/>
</head>
<body>
  <div class='ocr_page' id='page_1' title='image "./bullarumdiplomat08cath_0690.png"; bbox 0 0 2059 3228; ppageno 0'>
   <div class='ocr_carea' id='block_1_1' title="bbox 96 145 2042 368">
    <p class='ocr_par' dir='ltr' id='par_1_1' title="bbox 96 145 2042 368">
     <span class='ocr_line' id='line_1_1' title="bbox 1965 145 1998 190; baseline 0 0"><span class='ocrx_word' id='word_1_1' title='bbox 1965 145 1998 190; x_wconf 56' lang='lat' dir='ltr'>&lt;fr</span> 
     </span>
     <span class='ocr_line' id='line_1_2' title="bbox 96 204 2027 285; baseline -0.001 -14"><span class='ocrx_word' id='word_1_2' title='bbox 96 254 148 281; x_wconf 75' lang='lat' dir='ltr'>An.</span> <span class='ocrx_word' id='word_1_3' title='bbox 166 253 193 283; x_wconf 36' lang='lat' dir='ltr'>c·</span> <span class='ocrx_word' id='word_1_4' title='bbox 208 255 277 285; x_wconf 69' lang='lat'><strong>¹⁵86</strong></span> <span class='ocrx_word' id='word_1_5' title='bbox 336 243 400 275; x_wconf 64' lang='lat'>(372</span> <span class='ocrx_word' id='word_1_6' title='bbox 865 247 1042 271; x_wconf 60' lang='lat' dir='ltr'>nrttamtm</span> <span class='ocrx_word' id='word_1_7' title='bbox 1066 245 1217 271; x_wconf 67' lang='lat' dir='ltr'>Romaim</span> <span class='ocrx_word' id='word_1_8' title='bbox 1834 242 1889 278; x_wconf 67' lang='grc' dir='ltr'>Αῃ,</span> <span class='ocrx_word' id='word_1_9' title='bbox 1901 240 1934 276; x_wconf 72' lang='lat' dir='ltr'>c.</span> <span class='ocrx_word' id='word_1_10' title='bbox 1946 204 2027 280; x_wconf 49' lang='grc' dir='ltr'>ἐῢ</span> 
     </span>
     <span class='ocr_line' id='line_1_3' title="bbox 290 295 2042 368; baseline -0.003 -32"><span class='ocrx_word' id='word_1_11' title='bbox 290 314 400 337; x_wconf 84' lang='lat' dir='ltr'>carum</span> <span class='ocrx_word' id='word_1_12' title='bbox 422 307 585 336; x_wconf 85' lang='lat' dir='ltr'>corrector</span> <span class='ocrx_word' id='word_1_13' title='bbox 608 307 638 334; x_wconf 93' lang='lat' dir='ltr'>et</span> <span class='ocrx_word' id='word_1_14' title='bbox 663 299 875 341; x_wconf 77' lang='lat' dir='ltr'>abbreviator,</span> <span class='ocrx_word' id='word_1_15' title='bbox 891 311 927 333; x_wconf 88' lang='lat' dir='ltr'>ac</span> <span class='ocrx_word' id='word_1_16' title='bbox 948 300 980 333; x_wconf 92' lang='lat' dir='ltr'>in</span> <span class='ocrx_word' id='word_1_17' title='bbox 995 311 1033 333; x_wconf 93' lang='lat' dir='ltr'>u-</span> <span class='ocrx_word' id='word_1_18' title='bbox 1053 317 1056 368; x_wconf 55' lang='grc' dir='ltr'>Ι</span> <span class='ocrx_word' id='word_1_19' title='bbox 1076 299 1203 343; x_wconf 80' lang='lat' dir='ltr'>ipsique</span> <span class='ocrx_word' id='word_1_20' title='bbox 1222 297 1369 332; x_wconf 82' lang='lat' dir='ltr'>custodes</span> <span class='ocrx_word' id='word_1_21' title='bbox 1389 302 1420 330; x_wconf 92' lang='lat' dir='ltr'>et</span> <span class='ocrx_word' id='word_1_22' title='bbox 1443 296 1619 335; x_wconf 75' lang='lat' dir='ltr'><strong>confratres</strong></span> <span class='ocrx_word' id='word_1_23' title='bbox 1637 295 1823 340; x_wconf 87' lang='lat' dir='ltr'>redempto·</span> <span class='ocrx_word' id='word_1_24' title='bbox 1977 295 1993 342; x_wconf 59' lang='lat'><em>}</em></span> <span class='ocrx_word' id='word_1_25' title='bbox 2026 307 2042 347; x_wconf 50' lang='grc' dir='ltr'>Ντ</span> 
     </span>
    </p>
   </div>
   <div class='ocr_carea' id='block_1_2' title="bbox 285 351 1822 559">
    <p class='ocr_par' dir='ltr' id='par_1_2' title="bbox 285 351 1822 559">
     <span class='ocr_line' id='line_1_4' title="bbox 291 351 1821 399; baseline -0.003 -11"><span class='ocrx_word' id='word_1_26' title='bbox 291 367 400 399; x_wconf 81' lang='lat' dir='ltr'>traque</span> <span class='ocrx_word' id='word_1_27' title='bbox 421 356 590 398; x_wconf 73' lang='lat' dir='ltr'>Signatum</span> <span class='ocrx_word' id='word_1_28' title='bbox 610 360 719 387; x_wconf 83' lang='lat' dir='ltr'>nostra</span> <span class='ocrx_word' id='word_1_29' title='bbox 732 354 981 394; x_wconf 78' lang='lat' dir='ltr'>referendarius,</span> <span class='ocrx_word' id='word_1_30' title='bbox 1003 359 1034 387; x_wconf 91' lang='lat' dir='ltr'>et</span> <span class='ocrx_word' id='word_1_31' title='bbox 1053 370 1055 394; x_wconf 61' lang='lat'><strong>5</strong></span> <span class='ocrx_word' id='word_1_32' title='bbox 1075 363 1126 385; x_wconf 87' lang='lat' dir='ltr'>res</span> <span class='ocrx_word' id='word_1_33' title='bbox 1145 363 1182 385; x_wconf 86' lang='lat' dir='ltr'>ac</span> <span class='ocrx_word' id='word_1_34' title='bbox 1205 352 1284 386; x_wconf 87' lang='lat' dir='ltr'>alios</span> <span class='ocrx_word' id='word_1_35' title='bbox 1307 351 1475 395; x_wconf 84' lang='lat' dir='ltr'>religiosos</span> <span class='ocrx_word' id='word_1_36' title='bbox 1495 351 1534 383; x_wconf 87' lang='lat' dir='ltr'>ad</span> <span class='ocrx_word' id='word_1_37' title='bbox 1553 351 1681 385; x_wconf 88' lang='lat' dir='ltr'>easdem</span> <span class='ocrx_word' id='word_1_38' title='bbox 1707 351 1821 384; x_wconf 87' lang='lat' dir='ltr'>infide-</span> 
     </span>
     <span class='ocr_line' id='line_1_5' title="bbox 287 404 1822 453; baseline -0.002 -11"><span class='ocrx_word' id='word_1_39' title='bbox 287 410 447 453; x_wconf 81' lang='lat' dir='ltr'>praelatus</span> <span class='ocrx_word' id='word_1_40' title='bbox 471 414 579 442; x_wconf 85' lang='lat' dir='ltr'>noster</span> <span class='ocrx_word' id='word_1_41' title='bbox 598 407 804 449; x_wconf 82' lang='lat' dir='ltr'>domesticus,</span> <span class='ocrx_word' id='word_1_42' title='bbox 827 408 944 441; x_wconf 89' lang='lat' dir='ltr'>Paulus</span> <span class='ocrx_word' id='word_1_43' title='bbox 957 408 1032 440; x_wconf 85' lang='lat' dir='ltr'>Mat-</span> <span class='ocrx_word' id='word_1_44' title='bbox 1075 406 1154 439; x_wconf 88' lang='lat' dir='ltr'>lium</span> <span class='ocrx_word' id='word_1_45' title='bbox 1175 411 1282 450; x_wconf 88' lang='lat' dir='ltr'>partes</span> <span class='ocrx_word' id='word_1_46' title='bbox 1301 404 1463 450; x_wconf 85' lang='lat' dir='ltr'>proficisci</span> <span class='ocrx_word' id='word_1_47' title='bbox 1483 404 1613 445; x_wconf 83' lang='lat' dir='ltr'>saciant,</span> <span class='ocrx_word' id='word_1_48' title='bbox 1633 414 1674 438; x_wconf 90' lang='lat' dir='ltr'>ne</span> <span class='ocrx_word' id='word_1_49' title='bbox 1685 404 1743 438; x_wconf 84' lang='lat' dir='ltr'>filii</span> <span class='ocrx_word' id='word_1_50' title='bbox 1753 405 1822 439; x_wconf 88' lang='lat' dir='ltr'>Sta-</span> 
     </span>
     <span class='ocr_line' id='line_1_6' title="bbox 286 452 1821 505; baseline -0.001 -11"><span class='ocrx_word' id='word_1_51' title='bbox 286 462 421 502; x_wconf 82' lang='lat' dir='ltr'>tliaeius,</span> <span class='ocrx_word' id='word_1_52' title='bbox 448 461 580 495; x_wconf 79' lang='lat' dir='ltr'>Carolus</span> <span class='ocrx_word' id='word_1_53' title='bbox 610 462 649 494; x_wconf 92' lang='lat' dir='ltr'>de</span> <span class='ocrx_word' id='word_1_54' title='bbox 674 461 827 501; x_wconf 83' lang='lat' dir='ltr'>Maximis,</span> <span class='ocrx_word' id='word_1_55' title='bbox 855 466 885 494; x_wconf 88' lang='lat' dir='ltr'>et</span> <span class='ocrx_word' id='word_1_56' title='bbox 908 461 1032 505; x_wconf 72' lang='lat' dir='ltr'>Ulysses</span> <span class='ocrx_word' id='word_1_57' title='bbox 1052 452 1054 478; x_wconf 65' lang='lat' dir='ltr'>f</span> <span class='ocrx_word' id='word_1_58' title='bbox 1074 465 1124 493; x_wconf 85' lang='lat' dir='ltr'>tus</span> <span class='ocrx_word' id='word_1_59' title='bbox 1153 459 1366 493; x_wconf 85' lang='lat' dir='ltr'>Ecclesiastici</span> <span class='ocrx_word' id='word_1_60' title='bbox 1395 458 1429 491; x_wconf 92' lang='lat' dir='ltr'>in</span> <span class='ocrx_word' id='word_1_61' title='bbox 1449 458 1567 492; x_wconf 87' lang='lat' dir='ltr'>misera</span> <span class='ocrx_word' id='word_1_62' title='bbox 1587 458 1738 492; x_wconf 89' lang='lat' dir='ltr'>servitute</span> <span class='ocrx_word' id='word_1_63' title='bbox 1766 459 1821 492; x_wconf 91' lang='lat' dir='ltr'>de-</span> 
     </span>
     <span class='ocr_line' id='line_1_7' title="bbox 285 512 1819 559; baseline 0 -12"><span class='ocrx_word' id='word_1_64' title='bbox 285 515 510 555; x_wconf 88' lang='lat' dir='ltr'>Lancerinius,</span> <span class='ocrx_word' id='word_1_65' title='bbox 542 515 665 559; x_wconf 86' lang='lat' dir='ltr'>patritii</span> <span class='ocrx_word' id='word_1_66' title='bbox 698 515 852 555; x_wconf 88' lang='lat' dir='ltr'>Romani,</span> <span class='ocrx_word' id='word_1_67' title='bbox 883 514 1031 548; x_wconf 88' lang='lat' dir='ltr'>moderni</span> <span class='ocrx_word' id='word_1_68' title='bbox 1073 518 1192 556; x_wconf 76' lang='lat' dir='ltr'>gentes,</span> <span class='ocrx_word' id='word_1_69' title='bbox 1213 513 1268 556; x_wconf 90' lang='lat' dir='ltr'>qui</span> <span class='ocrx_word' id='word_1_70' title='bbox 1289 512 1368 545; x_wconf 89' lang='lat' dir='ltr'>alios</span> <span class='ocrx_word' id='word_1_71' title='bbox 1387 512 1592 556; x_wconf 82' lang='lat' dir='ltr'>concaptivos</span> <span class='ocrx_word' id='word_1_72' title='bbox 1612 512 1651 545; x_wconf 89' lang='lat' dir='ltr'>de</span> <span class='ocrx_word' id='word_1_73' title='bbox 1678 513 1819 547; x_wconf 84' lang='lat' dir='ltr'>tenebris</span> 
     </span>
    </p>
   </div>
   <div class='ocr_carea' id='block_1_3' title="bbox 76 2232 259 2415">
    <p class='ocr_par' dir='ltr' id='par_1_3' title="bbox 76 2232 259 2415">
     <span class='ocr_line' id='line_1_8' title="bbox 109 2232 257 2255; baseline 0.007 -1"><span class='ocrx_word' id='word_1_74' title='bbox 109 2232 148 2255; x_wconf 74' lang='lat' dir='ltr'>Hic</span> <span class='ocrx_word' id='word_1_75' title='bbox 163 2233 257 2255; x_wconf 69' lang='lat' dir='ltr'>mutiret</span> 
     </span>
     <span class='ocr_line' id='line_1_9' title="bbox 77 2264 258 2286; baseline 0 -1"><span class='ocrx_word' id='word_1_76' title='bbox 77 2264 153 2285; x_wconf 80' lang='lat' dir='ltr'>dietam</span> <span class='ocrx_word' id='word_1_77' title='bbox 174 2266 258 2286; x_wconf 84' lang='lat' dir='ltr'>institu-</span> 
     </span>
     <span class='ocr_line' id='line_1_10' title="bbox 77 2296 258 2317; baseline 0.011 -2"><span class='ocrx_word' id='word_1_78' title='bbox 77 2296 154 2316; x_wconf 82' lang='lat' dir='ltr'>tionem</span> <span class='ocrx_word' id='word_1_79' title='bbox 174 2297 258 2317; x_wconf 77' lang='lat' dir='ltr'>redem-</span> 
     </span>
     <span class='ocr_line' id='line_1_11' title="bbox 77 2328 259 2353; baseline 0.005 -7"><span class='ocrx_word' id='word_1_80' title='bbox 77 2328 155 2353; x_wconf 77' lang='lat' dir='ltr'>ptionis</span> <span class='ocrx_word' id='word_1_81' title='bbox 196 2330 259 2353; x_wconf 77' lang='lat' dir='ltr'>capii-</span> 
     </span>
     <span class='ocr_line' id='line_1_12' title="bbox 76 2360 259 2380; baseline 0.011 -2"><span class='ocrx_word' id='word_1_82' title='bbox 76 2363 149 2378; x_wconf 81' lang='lat' dir='ltr'>vorum</span> <span class='ocrx_word' id='word_1_83' title='bbox 181 2360 259 2380; x_wconf 77' lang='lat' dir='ltr'>contir-</span> 
     </span>
     <span class='ocr_line' id='line_1_13' title="bbox 76 2392 126 2415; baseline -0.04 -5"><span class='ocrx_word' id='word_1_84' title='bbox 76 2392 126 2415; x_wconf 43' lang='lat' dir='ltr'>mag</span> 
     </span>
    </p>
   </div>
   <div class='ocr_carea' id='block_1_4' title="bbox 282 567 1032 719">
    <p class='ocr_par' dir='ltr' id='par_1_4' title="bbox 282 567 1032 719">
     <span class='ocr_line' id='line_1_14' title="bbox 283 567 1032 611; baseline 0 -11"><span class='ocrx_word' id='word_1_85' title='bbox 283 567 384 611; x_wconf 90' lang='lat' dir='ltr'>ipsius</span> <span class='ocrx_word' id='word_1_86' title='bbox 413 568 777 602; x_wconf 86' lang='lat' dir='ltr'>archiconsraternitatis</span> <span class='ocrx_word' id='word_1_87' title='bbox 808 569 970 607; x_wconf 80' lang='lat' dir='ltr'>custodes,</span> <span class='ocrx_word' id='word_1_88' title='bbox 1002 572 1032 600; x_wconf 92' lang='lat' dir='ltr'>et</span> 
     </span>
     <span class='ocr_line' id='line_1_15' title="bbox 282 621 1029 666; baseline 0.001 -13"><span class='ocrx_word' id='word_1_89' title='bbox 282 621 335 653; x_wconf 86' lang='lat' dir='ltr'>alii</span> <span class='ocrx_word' id='word_1_90' title='bbox 357 622 545 663; x_wconf 75' lang='lat' dir='ltr'>confratres,</span> <span class='ocrx_word' id='word_1_91' title='bbox 560 622 698 655; x_wconf 83' lang='lat' dir='ltr'>maximo</span> <span class='ocrx_word' id='word_1_92' title='bbox 715 622 841 666; x_wconf 85' lang='lat' dir='ltr'>pietatis</span> <span class='ocrx_word' id='word_1_93' title='bbox 852 622 919 655; x_wconf 91' lang='lat' dir='ltr'>zelo</span> <span class='ocrx_word' id='word_1_94' title='bbox 932 622 1029 662; x_wconf 88' lang='lat' dir='ltr'>ducti,</span> 
     </span>
     <span class='ocr_line' id='line_1_16' title="bbox 282 674 1029 719; baseline 0.001 -13"><span class='ocrx_word' id='word_1_95' title='bbox 282 674 314 706; x_wconf 89' lang='lat' dir='ltr'>iu</span> <span class='ocrx_word' id='word_1_96' title='bbox 334 674 523 709; x_wconf 87' lang='lat' dir='ltr'>huiusmodi</span> <span class='ocrx_word' id='word_1_97' title='bbox 544 680 609 708; x_wconf 90' lang='lat' dir='ltr'>tam</span> <span class='ocrx_word' id='word_1_98' title='bbox 627 675 680 719; x_wconf 91' lang='lat' dir='ltr'>pio</span> <span class='ocrx_word' id='word_1_99' title='bbox 701 685 798 719; x_wconf 85' lang='lat' dir='ltr'>opere</span> <span class='ocrx_word' id='word_1_100' title='bbox 822 686 854 709; x_wconf 89' lang='lat' dir='ltr'>se</span> <span class='ocrx_word' id='word_1_101' title='bbox 878 686 937 719; x_wconf 91' lang='lat' dir='ltr'>pro</span> <span class='ocrx_word' id='word_1_102' title='bbox 954 675 1029 707; x_wconf 82' lang='lat' dir='ltr'>viri-</span> 
     </span>
    </p>
   </div>
   <div class='ocr_carea' id='block_1_5' title="bbox 1072 565 1820 715">
    <p class='ocr_par' dir='ltr' id='par_1_5' title="bbox 1072 565 1820 715">
     <span class='ocr_line' id='line_1_17' title="bbox 1073 565 1818 609; baseline 0.001 -10"><span class='ocrx_word' id='word_1_103' title='bbox 1073 571 1104 599; x_wconf 83' lang='lat' dir='ltr'>et</span> <span class='ocrx_word' id='word_1_104' title='bbox 1132 566 1248 600; x_wconf 86' lang='lat' dir='ltr'>umbra</span> <span class='ocrx_word' id='word_1_105' title='bbox 1276 565 1387 600; x_wconf 87' lang='lat' dir='ltr'>mortis</span> <span class='ocrx_word' id='word_1_106' title='bbox 1415 565 1509 599; x_wconf 89' lang='lat' dir='ltr'>educi</span> <span class='ocrx_word' id='word_1_107' title='bbox 1529 565 1673 609; x_wconf 85' lang='lat' dir='ltr'>quotidie</span> <span class='ocrx_word' id='word_1_108' title='bbox 1696 565 1818 608; x_wconf 90' lang='lat' dir='ltr'>vident,</span> 
     </span>
     <span class='ocr_line' id='line_1_18' title="bbox 1072 620 1820 664; baseline 0.003 -11"><span class='ocrx_word' id='word_1_109' title='bbox 1072 631 1104 653; x_wconf 87' lang='lat' dir='ltr'>se</span> <span class='ocrx_word' id='word_1_110' title='bbox 1125 621 1209 654; x_wconf 87' lang='lat' dir='ltr'>solos</span> <span class='ocrx_word' id='word_1_111' title='bbox 1238 621 1281 654; x_wconf 92' lang='lat' dir='ltr'>ibi</span> <span class='ocrx_word' id='word_1_112' title='bbox 1312 625 1487 664; x_wconf 85' lang='lat' dir='ltr'>perpetuae</span> <span class='ocrx_word' id='word_1_113' title='bbox 1507 620 1660 654; x_wconf 89' lang='lat' dir='ltr'>oblivioni</span> <span class='ocrx_word' id='word_1_114' title='bbox 1685 620 1820 655; x_wconf 89' lang='lat' dir='ltr'>traditos</span> 
     </span>
     <span class='ocr_line' id='line_1_19' title="bbox 1072 673 1820 715; baseline 0 -9"><span class='ocrx_word' id='word_1_115' title='bbox 1072 679 1103 707; x_wconf 85' lang='lat' dir='ltr'>et</span> <span class='ocrx_word' id='word_1_116' title='bbox 1122 674 1294 707; x_wconf 89' lang='lat' dir='ltr'>derelictos</span> <span class='ocrx_word' id='word_1_117' title='bbox 1313 673 1506 715; x_wconf 73' lang='lat' dir='ltr'>existiment,</span> <span class='ocrx_word' id='word_1_118' title='bbox 1524 673 1674 707; x_wconf 83' lang='lat' dir='ltr'>custodes</span> <span class='ocrx_word' id='word_1_119' title='bbox 1693 677 1725 707; x_wconf 90' lang='lat' dir='ltr'>et</span> <span class='ocrx_word' id='word_1_120' title='bbox 1743 683 1820 707; x_wconf 90' lang='lat' dir='ltr'>con·</span> 
     </span>
    </p>
   </div>
   <div class='ocr_carea' id='block_1_6' title="bbox 1048 580 1053 744">
    <p class='ocr_par' dir='ltr' id='par_1_6' title="bbox 1048 580 1053 744">
     <span class='ocr_line' id='line_1_20' title="bbox 1048 580 1053 744; baseline 0 2484"><span class='ocrx_word' id='word_1_121' title='bbox 1048 580 1053 744; x_wconf 95' lang='lat' dir='ltr'> </span> 
     </span>
    </p>
   </div>
   <div class='ocr_carea' id='block_1_7' title="bbox 275 726 1818 1308">
    <p class='ocr_par' dir='ltr' id='par_1_7' title="bbox 275 726 1818 1308">
     <span class='ocr_line' id='line_1_21' title="bbox 281 726 1818 771; baseline 0 -12"><span class='ocrx_word' id='word_1_122' title='bbox 281 726 340 760; x_wconf 88' lang='lat' dir='ltr'>bus</span> <span class='ocrx_word' id='word_1_123' title='bbox 370 738 520 762; x_wconf 88' lang='lat' dir='ltr'>exercere</span> <span class='ocrx_word' id='word_1_124' title='bbox 547 728 761 770; x_wconf 84' lang='lat' dir='ltr'>intendentes,</span> <span class='ocrx_word' id='word_1_125' title='bbox 783 740 820 762; x_wconf 88' lang='lat' dir='ltr'>ac</span> <span class='ocrx_word' id='word_1_126' title='bbox 840 729 1028 762; x_wconf 86' lang='lat' dir='ltr'>eorumdem</span> <span class='ocrx_word' id='word_1_127' title='bbox 1048 745 1051 761; x_wconf 76' lang='lat' dir='ltr'>t</span> <span class='ocrx_word' id='word_1_128' title='bbox 1070 727 1183 760; x_wconf 86' lang='lat' dir='ltr'>fratres</span> <span class='ocrx_word' id='word_1_129' title='bbox 1211 727 1394 771; x_wconf 87' lang='lat' dir='ltr'>praedictos</span> <span class='ocrx_word' id='word_1_130' title='bbox 1423 737 1604 770; x_wconf 87' lang='lat' dir='ltr'>eorumque</span> <span class='ocrx_word' id='word_1_131' title='bbox 1633 726 1777 770; x_wconf 84' lang='lat' dir='ltr'>singulos</span> <span class='ocrx_word' id='word_1_132' title='bbox 1799 737 1818 760; x_wconf 86' lang='lat' dir='ltr'>a</span> 
     </span>
     <span class='ocr_line' id='line_1_22' title="bbox 281 780 1817 825; baseline 0.001 -12"><span class='ocrx_word' id='word_1_133' title='bbox 281 781 479 824; x_wconf 85' lang='lat' dir='ltr'>captivorum</span> <span class='ocrx_word' id='word_1_134' title='bbox 491 783 611 816; x_wconf 90' lang='lat' dir='ltr'>nedum</span> <span class='ocrx_word' id='word_1_135' title='bbox 621 782 920 825; x_wconf 89' lang='lat' dir='ltr'>liberationem‚sed</span> <span class='ocrx_word' id='word_1_136' title='bbox 932 782 1027 816; x_wconf 88' lang='lat' dir='ltr'>etiam</span> <span class='ocrx_word' id='word_1_137' title='bbox 1070 781 1233 824; x_wconf 75' lang='lat' dir='ltr'>quibusvis</span> <span class='ocrx_word' id='word_1_138' title='bbox 1257 780 1607 820; x_wconf 79' lang='lat' dir='ltr'>excommunicationis,</span> <span class='ocrx_word' id='word_1_139' title='bbox 1632 780 1817 824; x_wconf 88' lang='lat' dir='ltr'>suspensio-</span> 
     </span>
     <span class='ocr_line' id='line_1_23' title="bbox 279 833 1816 879; baseline 0 -12"><span class='ocrx_word' id='word_1_140' title='bbox 279 834 479 877; x_wconf 87' lang='lat' dir='ltr'>spiritualem</span> <span class='ocrx_word' id='word_1_141' title='bbox 509 836 761 870; x_wconf 81' lang='lat' dir='ltr'>consolationem</span> <span class='ocrx_word' id='word_1_142' title='bbox 791 842 822 870; x_wconf 93' lang='lat' dir='ltr'>et</span> <span class='ocrx_word' id='word_1_143' title='bbox 846 836 1027 870; x_wconf 87' lang='lat' dir='ltr'>animarum</span> <span class='ocrx_word' id='word_1_144' title='bbox 1070 835 1119 868; x_wconf 87' lang='lat' dir='ltr'>nis</span> <span class='ocrx_word' id='word_1_145' title='bbox 1139 841 1168 868; x_wconf 87' lang='lat' dir='ltr'>et</span> <span class='ocrx_word' id='word_1_146' title='bbox 1189 834 1352 868; x_wconf 86' lang='lat' dir='ltr'>interdicti</span> <span class='ocrx_word' id='word_1_147' title='bbox 1363 833 1731 879; x_wconf 87' lang='lat' dir='ltr'>aliisqueecclesiasticis</span> <span class='ocrx_word' id='word_1_148' title='bbox 1743 844 1816 867; x_wconf 90' lang='lat' dir='ltr'>sen-</span> 
     </span>
     <span class='ocr_line' id='line_1_24' title="bbox 277 887 1816 934; baseline 0 -14"><span class='ocrx_word' id='word_1_149' title='bbox 277 889 412 922; x_wconf 88' lang='lat' dir='ltr'>salutem</span> <span class='ocrx_word' id='word_1_150' title='bbox 444 895 647 933; x_wconf 79' lang='lat' dir='ltr'>quaerentes,</span> <span class='ocrx_word' id='word_1_151' title='bbox 679 891 914 934; x_wconf 86' lang='lat' dir='ltr'>redemptores,</span> <span class='ocrx_word' id='word_1_152' title='bbox 945 889 1028 923; x_wconf 90' lang='lat' dir='ltr'>inter</span> <span class='ocrx_word' id='word_1_153' title='bbox 1069 888 1188 928; x_wconf 88' lang='lat' dir='ltr'>tentiis,</span> <span class='ocrx_word' id='word_1_154' title='bbox 1211 889 1356 922; x_wconf 84' lang='lat' dir='ltr'>censuris</span> <span class='ocrx_word' id='word_1_155' title='bbox 1375 894 1406 922; x_wconf 93' lang='lat' dir='ltr'>et</span> <span class='ocrx_word' id='word_1_156' title='bbox 1425 888 1552 932; x_wconf 87' lang='lat' dir='ltr'>poenis,</span> <span class='ocrx_word' id='word_1_157' title='bbox 1577 899 1596 921; x_wconf 90' lang='lat' dir='ltr'>a</span> <span class='ocrx_word' id='word_1_158' title='bbox 1615 887 1686 921; x_wconf 89' lang='lat' dir='ltr'>iure</span> <span class='ocrx_word' id='word_1_159' title='bbox 1709 888 1758 921; x_wconf 89' lang='lat' dir='ltr'>vel</span> <span class='ocrx_word' id='word_1_160' title='bbox 1777 887 1816 920; x_wconf 88' lang='lat' dir='ltr'>ab</span> 
     </span>
     <span class='ocr_line' id='line_1_25' title="bbox 278 941 1814 987; baseline 0.001 -13"><span class='ocrx_word' id='word_1_161' title='bbox 278 952 359 985; x_wconf 89' lang='lat' dir='ltr'>quos</span> <span class='ocrx_word' id='word_1_162' title='bbox 383 942 464 976; x_wconf 91' lang='lat' dir='ltr'>duos</span> <span class='ocrx_word' id='word_1_163' title='bbox 488 943 614 977; x_wconf 87' lang='lat' dir='ltr'>Ordinis</span> <span class='ocrx_word' id='word_1_164' title='bbox 633 944 769 977; x_wconf 84' lang='lat' dir='ltr'>fratrum</span> <span class='ocrx_word' id='word_1_165' title='bbox 781 944 939 977; x_wconf 91' lang='lat' dir='ltr'>Minorum</span> <span class='ocrx_word' id='word_1_166' title='bbox 948 943 1028 987; x_wconf 91' lang='lat' dir='ltr'>Cap·</span> <span class='ocrx_word' id='word_1_167' title='bbox 1068 942 1211 983; x_wconf 87' lang='lat' dir='ltr'>homine,</span> <span class='ocrx_word' id='word_1_168' title='bbox 1233 942 1343 986; x_wconf 88' lang='lat' dir='ltr'>quavis</span> <span class='ocrx_word' id='word_1_169' title='bbox 1363 942 1533 975; x_wconf 82' lang='lat' dir='ltr'>occasione</span> <span class='ocrx_word' id='word_1_170' title='bbox 1547 941 1597 974; x_wconf 89' lang='lat' dir='ltr'>vel</span> <span class='ocrx_word' id='word_1_171' title='bbox 1610 941 1814 984; x_wconf 86' lang='lat' dir='ltr'>causa,latis,</span> 
     </span>
     <span class='ocr_line' id='line_1_26' title="bbox 276 994 1814 1041; baseline -0.001 -13"><span class='ocrx_word' id='word_1_172' title='bbox 276 995 492 1038; x_wconf 87' lang='lat' dir='ltr'>puccinorum</span> <span class='ocrx_word' id='word_1_173' title='bbox 517 1003 780 1041; x_wconf 86' lang='lat' dir='ltr'>nuncupatorum</span> <span class='ocrx_word' id='word_1_174' title='bbox 814 997 1023 1041; x_wconf 87' lang='lat' dir='ltr'>professores,</span> <span class='ocrx_word' id='word_1_175' title='bbox 1067 995 1093 1028; x_wconf 92' lang='lat' dir='ltr'>si</span> <span class='ocrx_word' id='word_1_176' title='bbox 1109 996 1226 1040; x_wconf 89' lang='lat' dir='ltr'>quibus</span> <span class='ocrx_word' id='word_1_177' title='bbox 1245 995 1489 1040; x_wconf 87' lang='lat' dir='ltr'>quomodolibet</span> <span class='ocrx_word' id='word_1_178' title='bbox 1505 994 1650 1028; x_wconf 89' lang='lat' dir='ltr'>innodati</span> <span class='ocrx_word' id='word_1_179' title='bbox 1665 994 1814 1036; x_wconf 83' lang='lat' dir='ltr'>existunt,</span> 
     </span>
     <span class='ocr_line' id='line_1_27' title="bbox 276 1048 1813 1095; baseline 0.001 -14"><span class='ocrx_word' id='word_1_180' title='bbox 276 1048 332 1091; x_wconf 85' lang='lat' dir='ltr'>qui</span> <span class='ocrx_word' id='word_1_181' title='bbox 361 1060 426 1082; x_wconf 92' lang='lat' dir='ltr'>non</span> <span class='ocrx_word' id='word_1_182' title='bbox 454 1050 560 1084; x_wconf 90' lang='lat' dir='ltr'>solum</span> <span class='ocrx_word' id='word_1_183' title='bbox 580 1052 720 1095; x_wconf 88' lang='lat' dir='ltr'>captivos</span> <span class='ocrx_word' id='word_1_184' title='bbox 740 1051 948 1091; x_wconf 85' lang='lat' dir='ltr'>redimerent,</span> <span class='ocrx_word' id='word_1_185' title='bbox 971 1049 1026 1082; x_wconf 87' lang='lat' dir='ltr'>sed</span> <span class='ocrx_word' id='word_1_186' title='bbox 1066 1049 1105 1082; x_wconf 87' lang='lat' dir='ltr'>ad</span> <span class='ocrx_word' id='word_1_187' title='bbox 1126 1050 1277 1083; x_wconf 75' lang='lat' dir='ltr'>effectum</span> <span class='ocrx_word' id='word_1_188' title='bbox 1301 1048 1520 1094; x_wconf 87' lang='lat' dir='ltr'>praesentium</span> <span class='ocrx_word' id='word_1_189' title='bbox 1545 1048 1711 1081; x_wconf 80' lang='lat' dir='ltr'>dumtaxat</span> <span class='ocrx_word' id='word_1_190' title='bbox 1734 1059 1813 1082; x_wconf 90' lang='lat' dir='ltr'>con-</span> 
     </span>
     <span class='ocr_line' id='line_1_28' title="bbox 275 1090 1814 1155; baseline 0.001 -22"><span class='ocrx_word' id='word_1_191' title='bbox 275 1101 348 1134; x_wconf 90' lang='lat' dir='ltr'>illos</span> <span class='ocrx_word' id='word_1_192' title='bbox 367 1103 588 1146; x_wconf 86' lang='lat' dir='ltr'>spiritualiter,</span> <span class='ocrx_word' id='word_1_193' title='bbox 609 1115 721 1137; x_wconf 88' lang='lat' dir='ltr'>eorum</span> <span class='ocrx_word' id='word_1_194' title='bbox 739 1104 953 1138; x_wconf 88' lang='lat' dir='ltr'>confessiones</span> <span class='ocrx_word' id='word_1_195' title='bbox 970 1090 1047 1155; x_wconf 64' lang='lat' dir='ltr'>au-l</span> <span class='ocrx_word' id='word_1_196' title='bbox 1067 1104 1280 1147; x_wconf 90' lang='lat' dir='ltr'>sequendum,</span> <span class='ocrx_word' id='word_1_197' title='bbox 1313 1104 1427 1136; x_wconf 87' lang='lat' dir='ltr'>harum</span> <span class='ocrx_word' id='word_1_198' title='bbox 1453 1102 1535 1136; x_wconf 86' lang='lat' dir='ltr'>serie</span> <span class='ocrx_word' id='word_1_199' title='bbox 1559 1103 1759 1136; x_wconf 85' lang='lat' dir='ltr'>absolventes</span> <span class='ocrx_word' id='word_1_200' title='bbox 1782 1107 1814 1135; x_wconf 90' lang='lat' dir='ltr'>et</span> 
     </span>
     <span class='ocr_line' id='line_1_29' title="bbox 276 1154 1811 1196; baseline 0.001 -9"><span class='ocrx_word' id='word_1_201' title='bbox 276 1154 395 1189; x_wconf 85' lang='lat' dir='ltr'>diendo</span> <span class='ocrx_word' id='word_1_202' title='bbox 426 1162 457 1190; x_wconf 87' lang='lat' dir='ltr'>et</span> <span class='ocrx_word' id='word_1_203' title='bbox 485 1163 686 1191; x_wconf 89' lang='lat' dir='ltr'>sacramenta</span> <span class='ocrx_word' id='word_1_204' title='bbox 715 1157 932 1191; x_wconf 86' lang='lat' dir='ltr'>ecclesiastica</span> <span class='ocrx_word' id='word_1_205' title='bbox 961 1157 1025 1189; x_wconf 93' lang='lat' dir='ltr'>illis</span> <span class='ocrx_word' id='word_1_206' title='bbox 1065 1158 1229 1191; x_wconf 89' lang='lat' dir='ltr'>absolutos</span> <span class='ocrx_word' id='word_1_207' title='bbox 1252 1157 1321 1190; x_wconf 88' lang='lat' dir='ltr'>fore</span> <span class='ocrx_word' id='word_1_208' title='bbox 1347 1161 1534 1196; x_wconf 87' lang='lat' dir='ltr'>censentes;</span> <span class='ocrx_word' id='word_1_209' title='bbox 1561 1167 1598 1189; x_wconf 88' lang='lat' dir='ltr'>ac</span> <span class='ocrx_word' id='word_1_210' title='bbox 1630 1155 1811 1189; x_wconf 86' lang='lat' dir='ltr'>litterarum</span> 
     </span>
     <span class='ocr_line' id='line_1_30' title="bbox 276 1208 1811 1255; baseline 0.002 -15"><span class='ocrx_word' id='word_1_211' title='bbox 276 1208 499 1251; x_wconf 87' lang='lat' dir='ltr'>ministrando,</span> <span class='ocrx_word' id='word_1_212' title='bbox 512 1211 631 1251; x_wconf 80' lang='lat' dir='ltr'>iuvare,</span> <span class='ocrx_word' id='word_1_213' title='bbox 644 1211 769 1244; x_wconf 84' lang='lat' dir='ltr'>afflictis</span> <span class='ocrx_word' id='word_1_214' title='bbox 780 1211 929 1244; x_wconf 83' lang='lat' dir='ltr'>solatium</span> <span class='ocrx_word' id='word_1_215' title='bbox 940 1221 1023 1254; x_wconf 85' lang='lat' dir='ltr'>prae-</span> <span class='ocrx_word' id='word_1_216' title='bbox 1065 1211 1210 1255; x_wconf 79' lang='lat' dir='ltr'>Gregorii</span> <span class='ocrx_word' id='word_1_217' title='bbox 1230 1210 1486 1255; x_wconf 86' lang='lat' dir='ltr'>praedecessoris</span> <span class='ocrx_word' id='word_1_218' title='bbox 1505 1209 1690 1243; x_wconf 87' lang='lat' dir='ltr'>huiusmodi</span> <span class='ocrx_word' id='word_1_219' title='bbox 1718 1214 1811 1243; x_wconf 89' lang='lat' dir='ltr'>teno-</span> 
     </span>
     <span class='ocr_line' id='line_1_31' title="bbox 275 1261 1811 1308; baseline 0.001 -14"><span class='ocrx_word' id='word_1_220' title='bbox 275 1261 363 1303; x_wconf 90' lang='lat' dir='ltr'>bere,</span> <span class='ocrx_word' id='word_1_221' title='bbox 396 1263 518 1297; x_wconf 87' lang='lat' dir='ltr'>debiles</span> <span class='ocrx_word' id='word_1_222' title='bbox 537 1264 569 1297; x_wconf 91' lang='lat' dir='ltr'>in</span> <span class='ocrx_word' id='word_1_223' title='bbox 591 1265 651 1298; x_wconf 84' lang='lat' dir='ltr'>side</span> <span class='ocrx_word' id='word_1_224' title='bbox 672 1264 888 1304; x_wconf 87' lang='lat' dir='ltr'>consolidare,</span> <span class='ocrx_word' id='word_1_225' title='bbox 910 1263 1024 1297; x_wconf 90' lang='lat' dir='ltr'>dubios</span> <span class='ocrx_word' id='word_1_226' title='bbox 1064 1276 1126 1306; x_wconf 90' lang='lat' dir='ltr'>res,</span> <span class='ocrx_word' id='word_1_227' title='bbox 1149 1265 1246 1298; x_wconf 91' lang='lat' dir='ltr'>etiam</span> <span class='ocrx_word' id='word_1_228' title='bbox 1266 1264 1421 1305; x_wconf 88' lang='lat' dir='ltr'>veriores,</span> <span class='ocrx_word' id='word_1_229' title='bbox 1441 1263 1664 1308; x_wconf 87' lang='lat' dir='ltr'>praesentibus</span> <span class='ocrx_word' id='word_1_230' title='bbox 1682 1273 1741 1307; x_wconf 90' lang='lat' dir='ltr'>pro</span> <span class='ocrx_word' id='word_1_231' title='bbox 1760 1274 1811 1296; x_wconf 83' lang='lat' dir='ltr'>ex-</span> 
     </span>
    </p>
   </div>
   <div class='ocr_carea' id='block_1_8' title="bbox 271 1316 1034 2677">
    <p class='ocr_par' dir='ltr' id='par_1_8' title="bbox 271 1316 1034 2164">
     <span class='ocr_line' id='line_1_32' title="bbox 275 1316 1024 1360; baseline 0.004 -12"><span class='ocrx_word' id='word_1_232' title='bbox 275 1320 306 1348; x_wconf 91' lang='lat' dir='ltr'>et</span> <span class='ocrx_word' id='word_1_233' title='bbox 328 1316 512 1350; x_wconf 76' lang='lat' dir='ltr'>vacillantes</span> <span class='ocrx_word' id='word_1_234' title='bbox 540 1319 746 1357; x_wconf 84' lang='lat' dir='ltr'>confirmare,</span> <span class='ocrx_word' id='word_1_235' title='bbox 769 1323 799 1351; x_wconf 87' lang='lat' dir='ltr'>et</span> <span class='ocrx_word' id='word_1_236' title='bbox 817 1328 871 1351; x_wconf 89' lang='lat' dir='ltr'>eos</span> <span class='ocrx_word' id='word_1_237' title='bbox 890 1317 943 1360; x_wconf 89' lang='lat' dir='ltr'>qui</span> <span class='ocrx_word' id='word_1_238' title='bbox 969 1318 1024 1351; x_wconf 94' lang='lat' dir='ltr'>do-</span> 
     </span>
     <span class='ocr_line' id='line_1_33' title="bbox 275 1369 1022 1414; baseline 0.003 -12"><span class='ocrx_word' id='word_1_239' title='bbox 275 1369 379 1403; x_wconf 82' lang='lat' dir='ltr'>ctrina</span> <span class='ocrx_word' id='word_1_240' title='bbox 398 1370 582 1414; x_wconf 77' lang='lat' dir='ltr'>indigerent</span> <span class='ocrx_word' id='word_1_241' title='bbox 593 1372 732 1412; x_wconf 88' lang='lat' dir='ltr'>erudire,</span> <span class='ocrx_word' id='word_1_242' title='bbox 744 1382 781 1405; x_wconf 86' lang='lat' dir='ltr'>ac</span> <span class='ocrx_word' id='word_1_243' title='bbox 801 1371 954 1414; x_wconf 84' lang='lat' dir='ltr'>denique,</span> <span class='ocrx_word' id='word_1_244' title='bbox 967 1371 1022 1404; x_wconf 91' lang='lat' dir='ltr'>ubi</span> 
     </span>
     <span class='ocr_line' id='line_1_34' title="bbox 274 1423 1022 1467; baseline 0.004 -12"><span class='ocrx_word' id='word_1_245' title='bbox 274 1423 379 1457; x_wconf 90' lang='lat' dir='ltr'>maius</span> <span class='ocrx_word' id='word_1_246' title='bbox 403 1424 587 1467; x_wconf 84' lang='lat' dir='ltr'>periculum</span> <span class='ocrx_word' id='word_1_247' title='bbox 608 1425 802 1467; x_wconf 86' lang='lat' dir='ltr'>immineret,</span> <span class='ocrx_word' id='word_1_248' title='bbox 825 1425 869 1458; x_wconf 90' lang='lat' dir='ltr'>ibi</span> <span class='ocrx_word' id='word_1_249' title='bbox 886 1435 954 1458; x_wconf 86' lang='lat' dir='ltr'>sese</span> <span class='ocrx_word' id='word_1_250' title='bbox 973 1424 1022 1457; x_wconf 92' lang='lat' dir='ltr'>di—</span> 
     </span>
     <span class='ocr_line' id='line_1_35' title="bbox 273 1476 1021 1522; baseline 0.005 -14"><span class='ocrx_word' id='word_1_251' title='bbox 273 1476 457 1519; x_wconf 81' lang='lat' dir='ltr'>ligentiores</span> <span class='ocrx_word' id='word_1_252' title='bbox 477 1477 592 1511; x_wconf 87' lang='lat' dir='ltr'>Christi</span> <span class='ocrx_word' id='word_1_253' title='bbox 609 1478 771 1512; x_wconf 89' lang='lat' dir='ltr'>ministros</span> <span class='ocrx_word' id='word_1_254' title='bbox 786 1479 936 1512; x_wconf 85' lang='lat' dir='ltr'>exhibere</span> <span class='ocrx_word' id='word_1_255' title='bbox 948 1489 1021 1522; x_wconf 87' lang='lat' dir='ltr'>pos-</span> 
     </span>
     <span class='ocr_line' id='line_1_36' title="bbox 273 1531 1021 1576; baseline 0.004 -14"><span class='ocrx_word' id='word_1_256' title='bbox 273 1536 344 1563; x_wconf 86' lang='lat' dir='ltr'>sent</span> <span class='ocrx_word' id='word_1_257' title='bbox 373 1536 405 1563; x_wconf 91' lang='lat' dir='ltr'>et</span> <span class='ocrx_word' id='word_1_258' title='bbox 437 1531 603 1573; x_wconf 85' lang='lat' dir='ltr'>deberent,</span> <span class='ocrx_word' id='word_1_259' title='bbox 639 1532 816 1575; x_wconf 82' lang='lat' dir='ltr'>Algeriam,</span> <span class='ocrx_word' id='word_1_260' title='bbox 852 1533 891 1566; x_wconf 90' lang='lat' dir='ltr'>de</span> <span class='ocrx_word' id='word_1_261' title='bbox 920 1533 1021 1576; x_wconf 82' lang='lat' dir='ltr'>ipsius</span> 
     </span>
     <span class='ocr_line' id='line_1_37' title="bbox 273 1584 1022 1628; baseline 0.004 -12"><span class='ocrx_word' id='word_1_262' title='bbox 273 1584 529 1627; x_wconf 85' lang='lat' dir='ltr'>praedecessoris</span> <span class='ocrx_word' id='word_1_263' title='bbox 549 1586 692 1628; x_wconf 88' lang='lat' dir='ltr'>licentia,</span> <span class='ocrx_word' id='word_1_264' title='bbox 715 1587 883 1625; x_wconf 86' lang='lat' dir='ltr'>miserunt.</span> <span class='ocrx_word' id='word_1_265' title='bbox 905 1587 954 1619; x_wconf 95' lang='lat' dir='ltr'>Illi</span> <span class='ocrx_word' id='word_1_266' title='bbox 966 1598 1022 1620; x_wconf 87' lang='lat' dir='ltr'>au-</span> 
     </span>
     <span class='ocr_line' id='line_1_38' title="bbox 274 1639 1020 1683; baseline 0.004 -13"><span class='ocrx_word' id='word_1_267' title='bbox 274 1643 336 1670; x_wconf 89' lang='lat' dir='ltr'>tem</span> <span class='ocrx_word' id='word_1_268' title='bbox 366 1639 514 1681; x_wconf 86' lang='lat' dir='ltr'>profecti,</span> <span class='ocrx_word' id='word_1_269' title='bbox 540 1650 577 1672; x_wconf 90' lang='lat' dir='ltr'>ac</span> <span class='ocrx_word' id='word_1_270' title='bbox 604 1640 643 1673; x_wconf 90' lang='lat' dir='ltr'>de</span> <span class='ocrx_word' id='word_1_271' title='bbox 664 1640 854 1673; x_wconf 87' lang='lat' dir='ltr'>eorumdem</span> <span class='ocrx_word' id='word_1_272' title='bbox 879 1640 1020 1683; x_wconf 84' lang='lat' dir='ltr'>captivo-</span> 
     </span>
     <span class='ocr_line' id='line_1_39' title="bbox 273 1692 1020 1727; baseline 0.005 -5"><span class='ocrx_word' id='word_1_273' title='bbox 273 1702 345 1723; x_wconf 89' lang='lat' dir='ltr'>rum</span> <span class='ocrx_word' id='word_1_274' title='bbox 366 1692 514 1726; x_wconf 88' lang='lat' dir='ltr'>libertate</span> <span class='ocrx_word' id='word_1_275' title='bbox 547 1698 577 1726; x_wconf 90' lang='lat' dir='ltr'>et</span> <span class='ocrx_word' id='word_1_276' title='bbox 606 1693 787 1726; x_wconf 84' lang='lat' dir='ltr'>animarum</span> <span class='ocrx_word' id='word_1_277' title='bbox 811 1694 912 1727; x_wconf 85' lang='lat' dir='ltr'>salute</span> <span class='ocrx_word' id='word_1_278' title='bbox 931 1693 1020 1726; x_wconf 90' lang='lat' dir='ltr'>solli-</span> 
     </span>
     <span class='ocr_line' id='line_1_40' title="bbox 273 1745 1017 1791; baseline 0.004 -14"><span class='ocrx_word' id='word_1_279' title='bbox 273 1745 340 1785; x_wconf 85' lang='lat' dir='ltr'>citi,</span> <span class='ocrx_word' id='word_1_280' title='bbox 362 1746 459 1779; x_wconf 85' lang='lat' dir='ltr'>verbo</span> <span class='ocrx_word' id='word_1_281' title='bbox 483 1751 514 1779; x_wconf 92' lang='lat' dir='ltr'>et</span> <span class='ocrx_word' id='word_1_282' title='bbox 538 1747 684 1791; x_wconf 84' lang='lat' dir='ltr'>exemplo</span> <span class='ocrx_word' id='word_1_283' title='bbox 713 1757 767 1780; x_wconf 90' lang='lat' dir='ltr'>eos</span> <span class='ocrx_word' id='word_1_284' title='bbox 787 1747 1017 1787; x_wconf 86' lang='lat' dir='ltr'>illuminantes,</span> 
     </span>
     <span class='ocr_line' id='line_1_41' title="bbox 272 1799 1021 1843; baseline 0.004 -13"><span class='ocrx_word' id='word_1_285' title='bbox 272 1799 386 1839; x_wconf 89' lang='lat' dir='ltr'>multa,</span> <span class='ocrx_word' id='word_1_286' title='bbox 409 1799 447 1832; x_wconf 85' lang='lat' dir='ltr'>ad</span> <span class='ocrx_word' id='word_1_287' title='bbox 467 1800 689 1843; x_wconf 83' lang='lat' dir='ltr'>proximorum</span> <span class='ocrx_word' id='word_1_288' title='bbox 712 1801 881 1834; x_wconf 89' lang='lat' dir='ltr'>utilitatem</span> <span class='ocrx_word' id='word_1_289' title='bbox 894 1800 1021 1834; x_wconf 90' lang='lat' dir='ltr'>etaedi-</span> 
     </span>
     <span class='ocr_line' id='line_1_42' title="bbox 271 1851 1020 1888; baseline 0.005 -5"><span class='ocrx_word' id='word_1_290' title='bbox 271 1851 454 1886; x_wconf 84' lang='lat' dir='ltr'>ficationem</span> <span class='ocrx_word' id='word_1_291' title='bbox 489 1864 526 1887; x_wconf 85' lang='lat' dir='ltr'>ac</span> <span class='ocrx_word' id='word_1_292' title='bbox 555 1853 631 1887; x_wconf 86' lang='lat' dir='ltr'>fidei</span> <span class='ocrx_word' id='word_1_293' title='bbox 661 1853 838 1887; x_wconf 86' lang='lat' dir='ltr'>catholicae</span> <span class='ocrx_word' id='word_1_294' title='bbox 857 1855 1020 1888; x_wconf 79' lang='lat' dir='ltr'>exaltatio-</span> 
     </span>
     <span class='ocr_line' id='line_1_43' title="bbox 272 1905 1020 1951; baseline 0.004 -14"><span class='ocrx_word' id='word_1_295' title='bbox 272 1916 358 1946; x_wconf 92' lang='lat' dir='ltr'>nem,</span> <span class='ocrx_word' id='word_1_296' title='bbox 382 1905 517 1940; x_wconf 89' lang='lat' dir='ltr'>Domino</span> <span class='ocrx_word' id='word_1_297' title='bbox 540 1913 746 1951; x_wconf 86' lang='lat' dir='ltr'>cooperante,</span> <span class='ocrx_word' id='word_1_298' title='bbox 771 1907 804 1940; x_wconf 90' lang='lat' dir='ltr'>in</span> <span class='ocrx_word' id='word_1_299' title='bbox 833 1907 939 1941; x_wconf 89' lang='lat' dir='ltr'>medio</span> <span class='ocrx_word' id='word_1_300' title='bbox 967 1919 1020 1940; x_wconf 88' lang='lat' dir='ltr'>na-</span> 
     </span>
     <span class='ocr_line' id='line_1_44' title="bbox 272 1958 1034 2004; baseline 0.007 -14"><span class='ocrx_word' id='word_1_301' title='bbox 272 1958 368 1991; x_wconf 88' lang='lat' dir='ltr'>tionis</span> <span class='ocrx_word' id='word_1_302' title='bbox 378 1969 483 2003; x_wconf 74' lang='lat' dir='ltr'>pravae</span> <span class='ocrx_word' id='word_1_303' title='bbox 499 1965 530 1993; x_wconf 93' lang='lat' dir='ltr'>et</span> <span class='ocrx_word' id='word_1_304' title='bbox 545 1970 711 2004; x_wconf 85' lang='lat' dir='ltr'>perversae</span> <span class='ocrx_word' id='word_1_305' title='bbox 724 1961 884 2001; x_wconf 85' lang='lat' dir='ltr'>fecerunt;</span> <span class='ocrx_word' id='word_1_306' title='bbox 897 1961 950 2004; x_wconf 89' lang='lat' dir='ltr'>qui</span> <span class='ocrx_word' id='word_1_307' title='bbox 963 1961 1034 1996; x_wconf 87' lang='lat' dir='ltr'>de-.</span> 
     </span>
     <span class='ocr_line' id='line_1_45' title="bbox 272 2013 1018 2058; baseline 0.005 -14"><span class='ocrx_word' id='word_1_308' title='bbox 272 2023 373 2054; x_wconf 87' lang='lat' dir='ltr'>mum,</span> <span class='ocrx_word' id='word_1_309' title='bbox 395 2013 494 2056; x_wconf 91' lang='lat' dir='ltr'>pestis</span> <span class='ocrx_word' id='word_1_310' title='bbox 513 2013 703 2058; x_wconf 79' lang='lat' dir='ltr'>contagione</span> <span class='ocrx_word' id='word_1_311' title='bbox 725 2014 842 2054; x_wconf 86' lang='lat' dir='ltr'>affecti,</span> <span class='ocrx_word' id='word_1_312' title='bbox 865 2025 938 2048; x_wconf 91' lang='lat' dir='ltr'>cum</span> <span class='ocrx_word' id='word_1_313' title='bbox 951 2026 1018 2048; x_wconf 88' lang='lat' dir='ltr'>ma-</span> 
     </span>
     <span class='ocr_line' id='line_1_46' title="bbox 272 2066 1018 2111; baseline 0.005 -13"><span class='ocrx_word' id='word_1_314' title='bbox 272 2066 358 2099; x_wconf 79' lang='lat' dir='ltr'>ximo</span> <span class='ocrx_word' id='word_1_315' title='bbox 382 2066 582 2110; x_wconf 81' lang='lat' dir='ltr'>captivorum</span> <span class='ocrx_word' id='word_1_316' title='bbox 604 2068 726 2111; x_wconf 76' lang='lat' dir='ltr'>gemitu</span> <span class='ocrx_word' id='word_1_317' title='bbox 746 2074 776 2101; x_wconf 89' lang='lat' dir='ltr'>et</span> <span class='ocrx_word' id='word_1_318' title='bbox 793 2068 904 2102; x_wconf 88' lang='lat' dir='ltr'>dolore</span> <span class='ocrx_word' id='word_1_319' title='bbox 924 2070 1018 2102; x_wconf 87' lang='lat' dir='ltr'>acla-</span> 
     </span>
     <span class='ocr_line' id='line_1_47' title="bbox 274 2119 846 2164; baseline 0.005 -13"><span class='ocrx_word' id='word_1_320' title='bbox 274 2119 401 2162; x_wconf 70' lang='lat' dir='ltr'>crymis,</span> <span class='ocrx_word' id='word_1_321' title='bbox 423 2120 688 2154; x_wconf 89' lang='lat' dir='ltr'>obdormiverunt</span> <span class='ocrx_word' id='word_1_322' title='bbox 707 2121 740 2154; x_wconf 92' lang='lat' dir='ltr'>in</span> <span class='ocrx_word' id='word_1_323' title='bbox 757 2132 846 2164; x_wconf 85' lang='lat' dir='ltr'>pace.</span> 
     </span>
    </p>

    <p class='ocr_par' dir='ltr' id='par_1_9' title="bbox 274 2172 1020 2677">
     <span class='ocr_line' id='line_1_48' title="bbox 317 2172 1016 2218; baseline 0.006 -13"><span class='ocrx_word' id='word_1_324' title='bbox 317 2173 332 2215; x_wconf 65' lang='grc' dir='ltr'><strong>ἓ</strong></span> <span class='ocrx_word' id='word_1_325' title='bbox 356 2172 388 2205; x_wconf 84' lang='lat'>3.</span> <span class='ocrx_word' id='word_1_326' title='bbox 414 2173 476 2206; x_wconf 87' lang='lat' dir='ltr'>Nos</span> <span class='ocrx_word' id='word_1_327' title='bbox 496 2174 595 2217; x_wconf 82' lang='lat' dir='ltr'>igitur</span> <span class='ocrx_word' id='word_1_328' title='bbox 613 2174 713 2215; x_wconf 91' lang='lat' dir='ltr'>Illius,</span> <span class='ocrx_word' id='word_1_329' title='bbox 735 2175 789 2217; x_wconf 87' lang='lat' dir='ltr'>qui</span> <span class='ocrx_word' id='word_1_330' title='bbox 816 2174 865 2208; x_wconf 90' lang='lat' dir='ltr'>sui</span> <span class='ocrx_word' id='word_1_331' title='bbox 898 2175 1016 2218; x_wconf 90' lang='lat' dir='ltr'>pretio-</span> 
     </span>
     <span class='ocr_line' id='line_1_49' title="bbox 274 2226 1018 2271; baseline 0.007 -14"><span class='ocrx_word' id='word_1_332' title='bbox 274 2226 388 2258; x_wconf 81' lang='lat' dir='ltr'>sissimi</span> <span class='ocrx_word' id='word_1_333' title='bbox 417 2226 589 2269; x_wconf 79' lang='lat' dir='ltr'>Sanguinis</span> <span class='ocrx_word' id='word_1_334' title='bbox 608 2227 765 2261; x_wconf 80' lang='lat' dir='ltr'>effusione</span> <span class='ocrx_word' id='word_1_335' title='bbox 784 2238 885 2271; x_wconf 84' lang='lat' dir='ltr'>genus</span> <span class='ocrx_word' id='word_1_336' title='bbox 904 2229 1018 2262; x_wconf 89' lang='lat' dir='ltr'>huma-</span> 
     </span>
     <span class='ocr_line' id='line_1_50' title="bbox 274 2279 1020 2326; baseline 0.007 -16"><span class='ocrx_word' id='word_1_337' title='bbox 274 2289 348 2310; x_wconf 86' lang='lat' dir='ltr'>num</span> <span class='ocrx_word' id='word_1_338' title='bbox 383 2279 422 2312; x_wconf 91' lang='lat' dir='ltr'>de</span> <span class='ocrx_word' id='word_1_339' title='bbox 453 2280 602 2313; x_wconf 88' lang='lat' dir='ltr'>manibus</span> <span class='ocrx_word' id='word_1_340' title='bbox 636 2281 806 2314; x_wconf 87' lang='lat' dir='ltr'>adversarii</span> <span class='ocrx_word' id='word_1_341' title='bbox 837 2282 1020 2326; x_wconf 86' lang='lat' dir='ltr'>quaerentis</span> 
     </span>
     <span class='ocr_line' id='line_1_51' title="bbox 274 2332 1018 2377; baseline 0.008 -14"><span class='ocrx_word' id='word_1_342' title='bbox 274 2342 369 2374; x_wconf 88' lang='lat' dir='ltr'>quem</span> <span class='ocrx_word' id='word_1_343' title='bbox 390 2332 528 2373; x_wconf 83' lang='lat' dir='ltr'>devoret,</span> <span class='ocrx_word' id='word_1_344' title='bbox 545 2333 670 2377; x_wconf 89' lang='lat' dir='ltr'>eripere</span> <span class='ocrx_word' id='word_1_345' title='bbox 681 2334 829 2377; x_wconf 77' lang='lat' dir='ltr'>dignatus</span> <span class='ocrx_word' id='word_1_346' title='bbox 840 2340 898 2375; x_wconf 84' lang='lat' dir='ltr'>est,</span> <span class='ocrx_word' id='word_1_347' title='bbox 911 2346 1018 2369; x_wconf 85' lang='lat' dir='ltr'>exem-</span> 
     </span>
     <span class='ocr_line' id='line_1_52' title="bbox 274 2384 1018 2433; baseline 0.008 -17"><span class='ocrx_word' id='word_1_348' title='bbox 274 2384 327 2426; x_wconf 89' lang='lat' dir='ltr'>plo</span> <span class='ocrx_word' id='word_1_349' title='bbox 347 2385 443 2426; x_wconf 82' lang='lat' dir='ltr'>docti,</span> <span class='ocrx_word' id='word_1_350' title='bbox 461 2397 498 2419; x_wconf 90' lang='lat' dir='ltr'>ac</span> <span class='ocrx_word' id='word_1_351' title='bbox 522 2387 561 2420; x_wconf 91' lang='lat' dir='ltr'>de</span> <span class='ocrx_word' id='word_1_352' title='bbox 585 2392 669 2420; x_wconf 88' lang='lat' dir='ltr'>statu</span> <span class='ocrx_word' id='word_1_353' title='bbox 688 2387 843 2429; x_wconf 89' lang='lat' dir='ltr'>filiorum,</span> <span class='ocrx_word' id='word_1_354' title='bbox 865 2399 955 2422; x_wconf 90' lang='lat' dir='ltr'>more</span> <span class='ocrx_word' id='word_1_355' title='bbox 974 2388 1018 2433; x_wconf 89' lang='lat' dir='ltr'>pii</span> 
     </span>
     <span class='ocr_line' id='line_1_53' title="bbox 275 2433 1020 2481; baseline 0.011 -17"><span class='ocrx_word' id='word_1_356' title='bbox 275 2433 383 2475; x_wconf 77' lang='lat' dir='ltr'>patris,</span> <span class='ocrx_word' id='word_1_357' title='bbox 407 2435 594 2478; x_wconf 72' lang='lat' dir='ltr'>cogitantes3</span> <span class='ocrx_word' id='word_1_358' title='bbox 616 2436 847 2481; x_wconf 85' lang='lat' dir='ltr'>cupientesque</span> <span class='ocrx_word' id='word_1_359' title='bbox 862 2438 1020 2472; x_wconf 89' lang='lat' dir='ltr'>utbuius-</span> 
     </span>
     <span class='ocr_line' id='line_1_54' title="bbox 276 2482 1018 2529; baseline 0.009 -16"><span class='ocrx_word' id='word_1_360' title='bbox 276 2482 360 2514; x_wconf 85' lang='lat' dir='ltr'>modi</span> <span class='ocrx_word' id='word_1_361' title='bbox 392 2484 621 2528; x_wconf 56' lang='lat' dir='ltr'>iaz-demptionis</span> <span class='ocrx_word' id='word_1_362' title='bbox 650 2496 743 2529; x_wconf 87' lang='lat' dir='ltr'>opus,</span> <span class='ocrx_word' id='word_1_363' title='bbox 766 2486 860 2519; x_wconf 86' lang='lat' dir='ltr'>ctiam</span> <span class='ocrx_word' id='word_1_364' title='bbox 882 2487 914 2519; x_wconf 90' lang='lat' dir='ltr'>in</span> <span class='ocrx_word' id='word_1_365' title='bbox 934 2487 1018 2521; x_wconf 89' lang='lat' dir='ltr'>Urbe</span> 
     </span>
     <span class='ocr_line' id='line_1_55' title="bbox 275 2532 1018 2569; baseline 0.009 -7"><span class='ocrx_word' id='word_1_366' title='bbox 275 2536 305 2562; x_wconf 90' lang='lat' dir='ltr'>et</span> <span class='ocrx_word' id='word_1_367' title='bbox 326 2536 391 2564; x_wconf 91' lang='lat' dir='ltr'>toto</span> <span class='ocrx_word' id='word_1_368' title='bbox 412 2532 499 2565; x_wconf 78' lang='lat' dir='ltr'>Statu</span> <span class='ocrx_word' id='word_1_369' title='bbox 520 2533 743 2568; x_wconf 79' lang='lat' dir='ltr'>Ecclesiastico</span> <span class='ocrx_word' id='word_1_370' title='bbox 767 2535 948 2569; x_wconf 86' lang='lat' dir='ltr'>huiusmodi</span> <span class='ocrx_word' id='word_1_371' title='bbox 973 2536 1018 2569; x_wconf 81' lang='lat' dir='ltr'>sic</span> 
     </span>
     <span class='ocr_line' id='line_1_56' title="bbox 276 2578 1018 2625; baseline 0.012 -15"><span class='ocrx_word' id='word_1_372' title='bbox 276 2578 409 2612; x_wconf 78' lang='lat' dir='ltr'>feliciter</span> <span class='ocrx_word' id='word_1_373' title='bbox 429 2580 627 2625; x_wconf 88' lang='lat' dir='ltr'>incoeptum,</span> <span class='ocrx_word' id='word_1_374' title='bbox 649 2583 688 2616; x_wconf 84' lang='lat' dir='ltr'>ab</span> <span class='ocrx_word' id='word_1_375' title='bbox 700 2583 818 2617; x_wconf 84' lang='lat' dir='ltr'>eisdem</span> <span class='ocrx_word' id='word_1_376' title='bbox 832 2585 1018 2619; x_wconf 80' lang='lat' dir='ltr'>custodibus</span> 
     </span>
     <span class='ocr_line' id='line_1_57' title="bbox 276 2629 1015 2677; baseline 0.008 -17"><span class='ocrx_word' id='word_1_377' title='bbox 276 2632 305 2661; x_wconf 89' lang='lat' dir='ltr'>et</span> <span class='ocrx_word' id='word_1_378' title='bbox 331 2629 544 2664; x_wconf 80' lang='lat' dir='ltr'>confratribus</span> <span class='ocrx_word' id='word_1_379' title='bbox 565 2631 597 2664; x_wconf 92' lang='lat' dir='ltr'>in</span> <span class='ocrx_word' id='word_1_380' title='bbox 622 2632 757 2667; x_wconf 90' lang='lat' dir='ltr'>Domino</span> <span class='ocrx_word' id='word_1_381' title='bbox 777 2640 1015 2677; x_wconf 83' lang='lat' dir='ltr'>promoveatur,</span> 
     </span>
    </p>
   </div>
   <div class='ocr_carea' id='block_1_9' title="bbox 1039 1320 1044 1500">
    <p class='ocr_par' dir='ltr' id='par_1_10' title="bbox 1039 1320 1044 1500">
     <span class='ocr_line' id='line_1_58' title="bbox 1039 1320 1044 1500; baseline 0 1728"><span class='ocrx_word' id='word_1_382' title='bbox 1039 1320 1044 1500; x_wconf 95' lang='lat' dir='ltr'> </span> 
     </span>
    </p>
   </div>
   <div class='ocr_carea' id='block_1_10' title="bbox 1059 1316 1835 2669">
    <p class='ocr_par' dir='ltr' id='par_1_11' title="bbox 1059 1316 1835 2669">
     <span class='ocr_line' id='line_1_59' title="bbox 1063 1316 1811 1364; baseline -0.003 -12"><span class='ocrx_word' id='word_1_383' title='bbox 1063 1319 1181 1364; x_wconf 85' lang='lat' dir='ltr'>pressis</span> <span class='ocrx_word' id='word_1_384' title='bbox 1207 1319 1375 1359; x_wconf 88' lang='lat' dir='ltr'>babentes,</span> <span class='ocrx_word' id='word_1_385' title='bbox 1405 1323 1495 1351; x_wconf 90' lang='lat' dir='ltr'>motu</span> <span class='ocrx_word' id='word_1_386' title='bbox 1519 1316 1665 1361; x_wconf 89' lang='lat' dir='ltr'>proprio,</span> <span class='ocrx_word' id='word_1_387' title='bbox 1687 1327 1751 1350; x_wconf 92' lang='lat' dir='ltr'>non</span> <span class='ocrx_word' id='word_1_388' title='bbox 1771 1317 1811 1350; x_wconf 87' lang='lat' dir='ltr'>ad</span> 
     </span>
     <span class='ocr_line' id='line_1_60' title="bbox 1064 1370 1809 1414; baseline -0.004 -8"><span class='ocrx_word' id='word_1_389' title='bbox 1064 1372 1234 1406; x_wconf 85' lang='lat' dir='ltr'>custodum</span> <span class='ocrx_word' id='word_1_390' title='bbox 1269 1377 1300 1405; x_wconf 88' lang='lat' dir='ltr'>et</span> <span class='ocrx_word' id='word_1_391' title='bbox 1331 1372 1531 1405; x_wconf 85' lang='lat' dir='ltr'>confratrum</span> <span class='ocrx_word' id='word_1_392' title='bbox 1569 1370 1809 1414; x_wconf 89' lang='lat' dir='ltr'>praedictorum</span> 
     </span>
     <span class='ocr_line' id='line_1_61' title="bbox 1063 1423 1810 1468; baseline -0.003 -9"><span class='ocrx_word' id='word_1_393' title='bbox 1063 1437 1119 1460; x_wconf 90' lang='lat' dir='ltr'>seu</span> <span class='ocrx_word' id='word_1_394' title='bbox 1147 1425 1284 1459; x_wconf 85' lang='lat' dir='ltr'>alicuius</span> <span class='ocrx_word' id='word_1_395' title='bbox 1311 1435 1424 1459; x_wconf 89' lang='lat' dir='ltr'>eorum</span> <span class='ocrx_word' id='word_1_396' title='bbox 1453 1430 1508 1458; x_wconf 90' lang='lat' dir='ltr'>aut</span> <span class='ocrx_word' id='word_1_397' title='bbox 1532 1424 1663 1458; x_wconf 90' lang='lat' dir='ltr'>alterius</span> <span class='ocrx_word' id='word_1_398' title='bbox 1687 1434 1746 1468; x_wconf 91' lang='lat' dir='ltr'>pro</span> <span class='ocrx_word' id='word_1_399' title='bbox 1765 1423 1810 1457; x_wconf 88' lang='lat' dir='ltr'>eis</span> 
     </span>
     <span class='ocr_line' id='line_1_62' title="bbox 1063 1477 1810 1522; baseline -0.003 -10"><span class='ocrx_word' id='word_1_400' title='bbox 1063 1479 1156 1512; x_wconf 91' lang='lat' dir='ltr'>nobis</span> <span class='ocrx_word' id='word_1_401' title='bbox 1175 1490 1272 1522; x_wconf 90' lang='lat' dir='ltr'>super</span> <span class='ocrx_word' id='word_1_402' title='bbox 1291 1478 1353 1512; x_wconf 91' lang='lat' dir='ltr'>hoc</span> <span class='ocrx_word' id='word_1_403' title='bbox 1373 1478 1499 1512; x_wconf 87' lang='lat' dir='ltr'>oblatae</span> <span class='ocrx_word' id='word_1_404' title='bbox 1515 1477 1810 1522; x_wconf 89' lang='lat' dir='ltr'>petitionisinstan-</span> 
     </span>
     <span class='ocr_line' id='line_1_63' title="bbox 1062 1530 1808 1573; baseline -0.003 -7"><span class='ocrx_word' id='word_1_405' title='bbox 1062 1533 1151 1573; x_wconf 85' lang='lat' dir='ltr'>tiam,</span> <span class='ocrx_word' id='word_1_406' title='bbox 1178 1533 1232 1566; x_wconf 91' lang='lat' dir='ltr'>sed</span> <span class='ocrx_word' id='word_1_407' title='bbox 1262 1543 1298 1566; x_wconf 83' lang='lat' dir='ltr'>ex</span> <span class='ocrx_word' id='word_1_408' title='bbox 1327 1542 1417 1566; x_wconf 85' lang='lat' dir='ltr'>mera</span> <span class='ocrx_word' id='word_1_409' title='bbox 1435 1531 1628 1565; x_wconf 86' lang='lat' dir='ltr'>liberalitate</span> <span class='ocrx_word' id='word_1_410' title='bbox 1648 1541 1685 1564; x_wconf 87' lang='lat' dir='ltr'>ac</span> <span class='ocrx_word' id='word_1_411' title='bbox 1705 1530 1808 1564; x_wconf 89' lang='lat' dir='ltr'>scien-</span> 
     </span>
     <span class='ocr_line' id='line_1_64' title="bbox 1061 1584 1810 1631; baseline -0.004 -11"><span class='ocrx_word' id='word_1_412' title='bbox 1061 1586 1105 1620; x_wconf 85' lang='lat' dir='ltr'>tia</span> <span class='ocrx_word' id='word_1_413' title='bbox 1134 1586 1264 1628; x_wconf 86' lang='lat' dir='ltr'>nostris,</span> <span class='ocrx_word' id='word_1_414' title='bbox 1286 1586 1391 1631; x_wconf 91' lang='lat' dir='ltr'>deque</span> <span class='ocrx_word' id='word_1_415' title='bbox 1418 1585 1614 1630; x_wconf 84' lang='lat' dir='ltr'>apostolicae</span> <span class='ocrx_word' id='word_1_416' title='bbox 1642 1584 1810 1629; x_wconf 86' lang='lat' dir='ltr'>potestatis</span> 
     </span>
     <span class='ocr_line' id='line_1_65' title="bbox 1062 1637 1807 1684; baseline -0.001 -11"><span class='ocrx_word' id='word_1_417' title='bbox 1062 1639 1274 1684; x_wconf 87' lang='lat' dir='ltr'>plenitudine,</span> <span class='ocrx_word' id='word_1_418' title='bbox 1300 1639 1533 1672; x_wconf 85' lang='lat' dir='ltr'>institutionem</span> <span class='ocrx_word' id='word_1_419' title='bbox 1558 1644 1589 1672; x_wconf 92' lang='lat' dir='ltr'>et</span> <span class='ocrx_word' id='word_1_420' title='bbox 1615 1637 1807 1672; x_wconf 88' lang='lat' dir='ltr'>erectionem</span> 
     </span>
     <span class='ocr_line' id='line_1_66' title="bbox 1062 1691 1810 1737; baseline -0.004 -10"><span class='ocrx_word' id='word_1_421' title='bbox 1062 1693 1304 1737; x_wconf 87' lang='lat' dir='ltr'>Redemptionis</span> <span class='ocrx_word' id='word_1_422' title='bbox 1321 1693 1527 1737; x_wconf 89' lang='lat' dir='ltr'>Captivorum</span> <span class='ocrx_word' id='word_1_423' title='bbox 1546 1691 1732 1725; x_wconf 88' lang='lat' dir='ltr'>huiusmodi</span> <span class='ocrx_word' id='word_1_424' title='bbox 1751 1701 1810 1736; x_wconf 89' lang='lat' dir='ltr'>per</span> 
     </span>
     <span class='ocr_line' id='line_1_67' title="bbox 1062 1745 1808 1790; baseline -0.004 -10"><span class='ocrx_word' id='word_1_425' title='bbox 1062 1747 1211 1780; x_wconf 90' lang='lat' dir='ltr'>eumdem</span> <span class='ocrx_word' id='word_1_426' title='bbox 1235 1747 1527 1790; x_wconf 87' lang='lat' dir='ltr'>praedecessorem,</span> <span class='ocrx_word' id='word_1_427' title='bbox 1556 1750 1591 1778; x_wconf 93' lang='lat' dir='ltr'>ut</span> <span class='ocrx_word' id='word_1_428' title='bbox 1618 1745 1808 1788; x_wconf 87' lang='lat' dir='ltr'>praefertur,</span> 
     </span>
     <span class='ocr_line' id='line_1_68' title="bbox 1061 1799 1809 1845; baseline -0.004 -11"><span class='ocrx_word' id='word_1_429' title='bbox 1061 1801 1171 1842; x_wconf 87' lang='lat' dir='ltr'>factas,</span> <span class='ocrx_word' id='word_1_430' title='bbox 1189 1800 1365 1845; x_wconf 88' lang='lat' dir='ltr'>apostolica</span> <span class='ocrx_word' id='word_1_431' title='bbox 1375 1799 1578 1839; x_wconf 84' lang='lat' dir='ltr'>auctoritate,</span> <span class='ocrx_word' id='word_1_432' title='bbox 1591 1804 1702 1832; x_wconf 89' lang='lat' dir='ltr'>tenore</span> <span class='ocrx_word' id='word_1_433' title='bbox 1717 1809 1809 1842; x_wconf 89' lang='lat' dir='ltr'>prae-</span> 
     </span>
     <span class='ocr_line' id='line_1_69' title="bbox 1061 1851 1810 1898; baseline -0.003 -11"><span class='ocrx_word' id='word_1_434' title='bbox 1061 1854 1213 1895; x_wconf 89' lang='lat' dir='ltr'>sentium,</span> <span class='ocrx_word' id='word_1_435' title='bbox 1231 1854 1450 1898; x_wconf 86' lang='lat' dir='ltr'>approbamus</span> <span class='ocrx_word' id='word_1_436' title='bbox 1469 1858 1500 1886; x_wconf 89' lang='lat' dir='ltr'>et</span> <span class='ocrx_word' id='word_1_437' title='bbox 1515 1852 1758 1894; x_wconf 84' lang='lat' dir='ltr'>confirmamus,</span> <span class='ocrx_word' id='word_1_438' title='bbox 1771 1851 1810 1885; x_wconf 89' lang='lat' dir='ltr'>il-</span> 
     </span>
     <span class='ocr_line' id='line_1_70' title="bbox 1061 1905 1808 1952; baseline -0.003 -12"><span class='ocrx_word' id='word_1_439' title='bbox 1061 1908 1164 1951; x_wconf 89' lang='lat' dir='ltr'>lisque</span> <span class='ocrx_word' id='word_1_440' title='bbox 1190 1912 1365 1952; x_wconf 86' lang='lat' dir='ltr'>perpetuae</span> <span class='ocrx_word' id='word_1_441' title='bbox 1390 1906 1552 1939; x_wconf 85' lang='lat' dir='ltr'>firmitatis</span> <span class='ocrx_word' id='word_1_442' title='bbox 1575 1905 1676 1939; x_wconf 87' lang='lat' dir='ltr'>robur</span> <span class='ocrx_word' id='word_1_443' title='bbox 1695 1905 1808 1939; x_wconf 87' lang='lat' dir='ltr'>adiici-</span> 
     </span>
     <span class='ocr_line' id='line_1_71' title="bbox 1061 1956 1807 2003; baseline -0.001 -9"><span class='ocrx_word' id='word_1_444' title='bbox 1061 1972 1144 2002; x_wconf 88' lang='lat' dir='ltr'>mus;</span> <span class='ocrx_word' id='word_1_445' title='bbox 1166 1972 1203 1995; x_wconf 88' lang='lat' dir='ltr'>ac</span> <span class='ocrx_word' id='word_1_446' title='bbox 1223 1972 1335 1994; x_wconf 90' lang='lat' dir='ltr'>omnes</span> <span class='ocrx_word' id='word_1_447' title='bbox 1346 1966 1378 1994; x_wconf 90' lang='lat' dir='ltr'>et</span> <span class='ocrx_word' id='word_1_448' title='bbox 1389 1960 1532 2003; x_wconf 80' lang='lat' dir='ltr'>singulos</span> <span class='ocrx_word' id='word_1_449' title='bbox 1543 1956 1698 1992; x_wconf 82' lang='lat' dir='ltr'>tamiu1·is</span> <span class='ocrx_word' id='word_1_450' title='bbox 1708 1969 1807 2002; x_wconf 89' lang='lat' dir='ltr'>quam</span> 
     </span>
     <span class='ocr_line' id='line_1_72' title="bbox 1062 2011 1808 2057; baseline -0.003 -10"><span class='ocrx_word' id='word_1_451' title='bbox 1062 2014 1135 2047; x_wconf 87' lang='lat' dir='ltr'>facti</span> <span class='ocrx_word' id='word_1_452' title='bbox 1156 2015 1310 2056; x_wconf 85' lang='lat' dir='ltr'>defectus,</span> <span class='ocrx_word' id='word_1_453' title='bbox 1333 2015 1359 2047; x_wconf 92' lang='lat' dir='ltr'>si</span> <span class='ocrx_word' id='word_1_454' title='bbox 1379 2014 1434 2057; x_wconf 89' lang='lat' dir='ltr'>qui</span> <span class='ocrx_word' id='word_1_455' title='bbox 1447 2013 1689 2046; x_wconf 89' lang='lat' dir='ltr'>intervenerunt</span> <span class='ocrx_word' id='word_1_456' title='bbox 1700 2011 1732 2045; x_wconf 91' lang='lat' dir='ltr'>in</span> <span class='ocrx_word' id='word_1_457' title='bbox 1744 2011 1808 2046; x_wconf 89' lang='lat' dir='ltr'>eis-</span> 
     </span>
     <span class='ocr_line' id='line_1_73' title="bbox 1061 2065 1808 2113; baseline -0.004 -11"><span class='ocrx_word' id='word_1_458' title='bbox 1061 2069 1146 2108; x_wconf 88' lang='lat' dir='ltr'>dem,</span> <span class='ocrx_word' id='word_1_459' title='bbox 1178 2069 1376 2113; x_wconf 87' lang='lat' dir='ltr'>supplemus.</span> <span class='ocrx_word' id='word_1_460' title='bbox 1406 2067 1444 2100; x_wconf 89' lang='lat' dir='ltr'>Et</span> <span class='ocrx_word' id='word_1_461' title='bbox 1463 2066 1675 2100; x_wconf 88' lang='lat' dir='ltr'>nihilominus</span> <span class='ocrx_word' id='word_1_462' title='bbox 1693 2065 1808 2099; x_wconf 89' lang='lat' dir='ltr'>huius-</span> 
     </span>
     <span class='ocr_line' id='line_1_74' title="bbox 1061 2119 1807 2166; baseline -0.003 -12"><span class='ocrx_word' id='word_1_463' title='bbox 1061 2122 1148 2155; x_wconf 83' lang='lat' dir='ltr'>modi</span> <span class='ocrx_word' id='word_1_464' title='bbox 1177 2133 1258 2166; x_wconf 90' lang='lat' dir='ltr'>opus</span> <span class='ocrx_word' id='word_1_465' title='bbox 1286 2121 1517 2165; x_wconf 88' lang='lat' dir='ltr'>redemptionis</span> <span class='ocrx_word' id='word_1_466' title='bbox 1541 2119 1753 2164; x_wconf 88' lang='lat' dir='ltr'>captivorum,</span> <span class='ocrx_word' id='word_1_467' title='bbox 1773 2119 1807 2152; x_wconf 90' lang='lat' dir='ltr'>in</span> 
     </span>
     <span class='ocr_line' id='line_1_75' title="bbox 1060 2173 1808 2219; baseline -0.003 -11"><span class='ocrx_word' id='word_1_468' title='bbox 1060 2176 1145 2208; x_wconf 87' lang='lat' dir='ltr'>dicta</span> <span class='ocrx_word' id='word_1_469' title='bbox 1160 2175 1244 2208; x_wconf 87' lang='lat' dir='ltr'>Urbe</span> <span class='ocrx_word' id='word_1_470' title='bbox 1265 2180 1397 2219; x_wconf 89' lang='lat' dir='ltr'>totoque</span> <span class='ocrx_word' id='word_1_471' title='bbox 1411 2174 1501 2207; x_wconf 88' lang='lat' dir='ltr'>Statu</span> <span class='ocrx_word' id='word_1_472' title='bbox 1517 2173 1756 2213; x_wconf 80' lang='lat' dir='ltr'>Ecclesiastico,</span> <span class='ocrx_word' id='word_1_473' title='bbox 1772 2176 1808 2206; x_wconf 87' lang='lat' dir='ltr'>ut</span> 
     </span>
     <span class='ocr_line' id='line_1_76' title="bbox 1060 2225 1807 2273; baseline -0.004 -11"><span class='ocrx_word' id='word_1_474' title='bbox 1060 2229 1251 2273; x_wconf 85' lang='lat' dir='ltr'>praefertur,</span> <span class='ocrx_word' id='word_1_475' title='bbox 1274 2228 1411 2261; x_wconf 82' lang='lat' dir='ltr'>mediate</span> <span class='ocrx_word' id='word_1_476' title='bbox 1436 2232 1467 2261; x_wconf 89' lang='lat' dir='ltr'>et</span> <span class='ocrx_word' id='word_1_477' title='bbox 1490 2226 1674 2260; x_wconf 85' lang='lat' dir='ltr'>immediate</span> <span class='ocrx_word' id='word_1_478' title='bbox 1697 2225 1807 2259; x_wconf 88' lang='lat' dir='ltr'>subie-</span> 
     </span>
     <span class='ocr_line' id='line_1_77' title="bbox 1060 2278 1806 2326; baseline -0.003 -12"><span class='ocrx_word' id='word_1_479' title='bbox 1060 2288 1123 2322; x_wconf 83' lang='lat' dir='ltr'>cto,</span> <span class='ocrx_word' id='word_1_480' title='bbox 1154 2282 1242 2326; x_wconf 89' lang='lat' dir='ltr'>quod</span> <span class='ocrx_word' id='word_1_481' title='bbox 1270 2280 1458 2325; x_wconf 85' lang='lat' dir='ltr'>Redemptio</span> <span class='ocrx_word' id='word_1_482' title='bbox 1484 2280 1688 2325; x_wconf 88' lang='lat' dir='ltr'>Captivorum</span> <span class='ocrx_word' id='word_1_483' title='bbox 1716 2278 1806 2313; x_wconf 88' lang='lat' dir='ltr'>Sedis</span> 
     </span>
     <span class='ocr_line' id='line_1_78' title="bbox 1060 2332 1806 2379; baseline -0.004 -11"><span class='ocrx_word' id='word_1_484' title='bbox 1060 2335 1261 2379; x_wconf 82' lang='lat' dir='ltr'>Apostolieae</span> <span class='ocrx_word' id='word_1_485' title='bbox 1291 2340 1322 2368; x_wconf 90' lang='lat' dir='ltr'>et</span> <span class='ocrx_word' id='word_1_486' title='bbox 1357 2334 1463 2367; x_wconf 86' lang='lat' dir='ltr'>Status</span> <span class='ocrx_word' id='word_1_487' title='bbox 1494 2332 1708 2367; x_wconf 80' lang='lat' dir='ltr'>Ecclesiastici</span> <span class='ocrx_word' id='word_1_488' title='bbox 1740 2342 1806 2365; x_wconf 89' lang='lat' dir='ltr'>me-</span> 
     </span>
     <span class='ocr_line' id='line_1_79' title="bbox 1059 2385 1806 2422; baseline -0.004 -1"><span class='ocrx_word' id='word_1_489' title='bbox 1059 2388 1142 2422; x_wconf 89' lang='lat' dir='ltr'>diate</span> <span class='ocrx_word' id='word_1_490' title='bbox 1167 2394 1197 2421; x_wconf 81' lang='lat' dir='ltr'>et</span> <span class='ocrx_word' id='word_1_491' title='bbox 1225 2387 1409 2421; x_wconf 83' lang='lat' dir='ltr'>immediate</span> <span class='ocrx_word' id='word_1_492' title='bbox 1428 2387 1563 2420; x_wconf 87' lang='lat' dir='ltr'>subiecti</span> <span class='ocrx_word' id='word_1_493' title='bbox 1590 2385 1806 2421; x_wconf 86' lang='lat' dir='ltr'>archiconfra-</span> 
     </span>
     <span class='ocr_line' id='line_1_80' title="bbox 1060 2435 1805 2480; baseline -0.004 -10"><span class='ocrx_word' id='word_1_494' title='bbox 1060 2437 1215 2470; x_wconf 88' lang='lat' dir='ltr'>ternitatis</span> <span class='ocrx_word' id='word_1_495' title='bbox 1234 2436 1416 2471; x_wconf 83' lang='lat' dir='ltr'>Consalonis</span> <span class='ocrx_word' id='word_1_496' title='bbox 1431 2441 1650 2480; x_wconf 85' lang='lat' dir='ltr'>nuncupetur,</span> <span class='ocrx_word' id='word_1_497' title='bbox 1668 2435 1708 2469; x_wconf 89' lang='lat' dir='ltr'>de</span> <span class='ocrx_word' id='word_1_498' title='bbox 1722 2444 1805 2468; x_wconf 90' lang='lat' dir='ltr'>novo</span> 
     </span>
     <span class='ocr_line' id='line_1_81' title="bbox 1059 2484 1804 2530; baseline -0.003 -12"><span class='ocrx_word' id='word_1_499' title='bbox 1059 2486 1248 2519; x_wconf 75' lang='lat' dir='ltr'>auctoritate</span> <span class='ocrx_word' id='word_1_500' title='bbox 1268 2491 1299 2519; x_wconf 89' lang='lat' dir='ltr'>et</span> <span class='ocrx_word' id='word_1_501' title='bbox 1318 2492 1429 2519; x_wconf 88' lang='lat' dir='ltr'>tenore</span> <span class='ocrx_word' id='word_1_502' title='bbox 1449 2484 1619 2530; x_wconf 87' lang='lat' dir='ltr'>praedictis</span> <span class='ocrx_word' id='word_1_503' title='bbox 1647 2489 1804 2529; x_wconf 83' lang='lat' dir='ltr'>perpetuo</span> 
     </span>
     <span class='ocr_line' id='line_1_82' title="bbox 1059 2535 1664 2579; baseline 0.002 -11"><span class='ocrx_word' id='word_1_504' title='bbox 1059 2536 1214 2579; x_wconf 79' lang='lat' dir='ltr'>erigimus</span> <span class='ocrx_word' id='word_1_505' title='bbox 1235 2541 1265 2569; x_wconf 88' lang='lat' dir='ltr'>et</span> <span class='ocrx_word' id='word_1_506' title='bbox 1280 2535 1493 2570; x_wconf 89' lang='lat' dir='ltr'>instituimus.</span> <span class='ocrx_word' id='word_1_507' title='bbox 1657 2565 1664 2568; x_wconf 89' lang='lat'>.</span> 
     </span>
     <span class='ocr_line' id='line_1_83' title="bbox 1103 2583 1803 2629; baseline -0.003 -11"><span class='ocrx_word' id='word_1_508' title='bbox 1103 2586 1117 2629; x_wconf 64' lang='lat' dir='ltr'>g</span> <span class='ocrx_word' id='word_1_509' title='bbox 1141 2586 1172 2618; x_wconf 76' lang='lat'>4.</span> <span class='ocrx_word' id='word_1_510' title='bbox 1200 2585 1348 2628; x_wconf 90' lang='lat' dir='ltr'>Illudque</span> <span class='ocrx_word' id='word_1_511' title='bbox 1373 2585 1418 2619; x_wconf 89' lang='lat' dir='ltr'>sic</span> <span class='ocrx_word' id='word_1_512' title='bbox 1445 2590 1590 2619; x_wconf 86' lang='lat' dir='ltr'>erectum</span> <span class='ocrx_word' id='word_1_513' title='bbox 1619 2589 1650 2618; x_wconf 93' lang='lat' dir='ltr'>et</span> <span class='ocrx_word' id='word_1_514' title='bbox 1678 2583 1803 2617; x_wconf 88' lang='lat' dir='ltr'>institu-</span> 
     </span>
     <span class='ocr_line' id='line_1_84' title="bbox 1059 2632 1835 2669; baseline 0 -1"><span class='ocrx_word' id='word_1_515' title='bbox 1059 2639 1125 2668; x_wconf 89' lang='lat' dir='ltr'>tum</span> <span class='ocrx_word' id='word_1_516' title='bbox 1146 2633 1254 2668; x_wconf 88' lang='lat' dir='ltr'>solerti</span> <span class='ocrx_word' id='word_1_517' title='bbox 1275 2645 1373 2668; x_wconf 88' lang='lat' dir='ltr'>curae</span> <span class='ocrx_word' id='word_1_518' title='bbox 1391 2639 1423 2669; x_wconf 90' lang='lat' dir='ltr'>et</span> <span class='ocrx_word' id='word_1_519' title='bbox 1437 2632 1647 2669; x_wconf 90' lang='lat' dir='ltr'>sollicitudini</span> <span class='ocrx_word' id='word_1_520' title='bbox 1657 2633 1800 2668; x_wconf 84' lang='lat' dir='ltr'>eiusdem</span> <span class='ocrx_word' id='word_1_521' title='bbox 1814 2647 1835 2668; x_wconf 75' lang='lat' dir='ltr'>et</span> 
     </span>
    </p>
   </div>
   <div class='ocr_carea' id='block_1_11' title="bbox 1982 1062 2011 1442">
    <p class='ocr_par' dir='ltr' id='par_1_12' title="bbox 1982 1062 2011 1442">
     <span class='ocr_line' id='line_1_85' title="bbox 1982 1062 2011 1442; textangle 90"><span class='ocrx_word' id='word_1_522' title='bbox 1988 1418 2007 1442; x_wconf 65' lang='lat' dir='ltr'>:tt</span> <span class='ocrx_word' id='word_1_523' title='bbox 1986 1390 2000 1406; x_wconf 58' lang='grc' dir='ltr'>α·</span> <span class='ocrx_word' id='word_1_524' title='bbox 1982 1270 2011 1379; x_wconf 55' lang='lat' dir='ltr'>›mair‹</span> <span class='ocrx_word' id='word_1_525' title='bbox 1984 1108 2007 1261; x_wconf 23' lang='lat' dir='ltr'>minet*</span> <span class='ocrx_word' id='word_1_526' title='bbox 1994 1062 1996 1066; x_wconf 39' lang='grc' dir='ltr'><em>ν</em></span> 
     </span>
    </p>
   </div>
   <div class='ocr_carea' id='block_1_12' title="bbox 1971 1438 2007 1635">
    <p class='ocr_par' dir='ltr' id='par_1_13' title="bbox 1971 1438 2007 1635">
     <span class='ocr_line' id='line_1_86' title="bbox 1971 1438 2007 1635; textangle 90"><span class='ocrx_word' id='word_1_527' title='bbox 1994 1622 2005 1635; x_wconf 63' lang='lat' dir='ltr'>ae</span> <span class='ocrx_word' id='word_1_528' title='bbox 1971 1498 2007 1616; x_wconf 49' lang='lat' dir='ltr'>“m-¹</span> <span class='ocrx_word' id='word_1_529' title='bbox 1985 1478 1998 1486; x_wconf 71' lang='lat'>&#39;-</span> <span class='ocrx_word' id='word_1_530' title='bbox 1986 1438 2005 1470; x_wconf 59' lang='lat' dir='ltr'>ss:</span> 
     </span>
    </p>
   </div>
   <div class='ocr_carea' id='block_1_13' title="bbox 1836 1668 2013 2685">
    <p class='ocr_par' dir='ltr' id='par_1_14' title="bbox 1836 1668 2013 2685">
     <span class='ocr_line' id='line_1_87' title="bbox 1981 1668 2012 2050; baseline 0 -66"><span class='ocrx_word' id='word_1_531' title='bbox 1981 1668 2012 2050; x_wconf 66' lang='grc' dir='ltr'>ἓ</span> 
     </span>
     <span class='ocr_line' id='line_1_88' title="bbox 1992 2055 2009 2103; baseline 0 3"><span class='ocrx_word' id='word_1_532' title='bbox 1992 2055 2009 2103; x_wconf 72' lang='grc' dir='ltr'>ἑ»</span> 
     </span>
     <span class='ocr_line' id='line_1_89' title="bbox 1992 2112 2011 2156; baseline 0 0"><span class='ocrx_word' id='word_1_533' title='bbox 1992 2112 2011 2156; x_wconf 59' lang='grc' dir='ltr'>ἒ</span> 
     </span>
     <span class='ocr_line' id='line_1_90' title="bbox 1989 2162 2007 2181; baseline 0 -2"><span class='ocrx_word' id='word_1_534' title='bbox 1989 2162 2007 2181; x_wconf 59' lang='grc' dir='ltr'>,ι</span> 
     </span>
     <span class='ocr_line' id='line_1_91' title="bbox 1985 2189 2007 2252; baseline 0 0"><span class='ocrx_word' id='word_1_535' title='bbox 1985 2189 2007 2252; x_wconf 62' lang='grc' dir='ltr'>,ξ’</span> 
     </span>
     <span class='ocr_line' id='line_1_92' title="bbox 1987 2253 2009 2362; baseline 0 0"><span class='ocrx_word' id='word_1_536' title='bbox 1987 2253 2009 2362; x_wconf 76' lang='grc' dir='ltr'>’Ξ</span> 
     </span>
     <span class='ocr_line' id='line_1_93' title="bbox 1982 2365 2013 2503; baseline 0 0"><span class='ocrx_word' id='word_1_537' title='bbox 1982 2365 2013 2503; x_wconf 61' lang='lat'>³}</span> 
     </span>
     <span class='ocr_line' id='line_1_94' title="bbox 1983 2510 2003 2557; baseline 0 0"><span class='ocrx_word' id='word_1_538' title='bbox 1983 2510 2003 2557; x_wconf 71' lang='grc' dir='ltr'>’ἑ</span> 
     </span>
     <span class='ocr_line' id='line_1_95' title="bbox 1991 2580 2005 2602; baseline 0 0"><span class='ocrx_word' id='word_1_539' title='bbox 1991 2580 2005 2602; x_wconf 64' lang='grc'><strong>7</strong></span> 
     </span>
     <span class='ocr_line' id='line_1_96' title="bbox 1847 2604 2005 2647; baseline 0.025 -11"><span class='ocrx_word' id='word_1_540' title='bbox 1847 2610 1966 2645; x_wconf 55' lang='lat' dir='ltr'>our-mque*</span> <span class='ocrx_word' id='word_1_541' title='bbox 1973 2604 2005 2647; x_wconf 42' lang='grc' dir='ltr'>δῦ,</span> 
     </span>
     <span class='ocr_line' id='line_1_97' title="bbox 1836 2649 2003 2685; baseline 0.024 -17"><span class='ocrx_word' id='word_1_542' title='bbox 1836 2651 1862 2670; x_wconf 64' lang='grc' dir='ltr'>ιο</span> <span class='ocrx_word' id='word_1_543' title='bbox 1871 2649 2003 2685; x_wconf 26' lang='lat' dir='ltr'>redemptioni.</span> 
     </span>
    </p>
   </div>
   <div class='ocr_carea' id='block_1_14' title="bbox 2021 0 2059 3228">
    <p class='ocr_par' dir='ltr' id='par_1_15' title="bbox 2021 0 2059 3228">
     <span class='ocr_line' id='line_1_98' title="bbox 2021 0 2059 3228; baseline 0 0"><span class='ocrx_word' id='word_1_544' title='bbox 2021 0 2059 3228; x_wconf 95' lang='lat' dir='ltr'> </span> 
     </span>
    </p>
   </div>
  </div>
 </body>
</html>
