<?xml version="1.0" encoding="UTF-8"?>
<!DOCTYPE html PUBLIC "-//W3C//DTD XHTML 1.0 Transitional//EN"
    "http://www.w3.org/TR/xhtml1/DTD/xhtml1-transitional.dtd">
<html xmlns="http://www.w3.org/1999/xhtml" xml:lang="en" lang="en">
 <head>
  <title>
</title>
<meta http-equiv="Content-Type" content="text/html;charset=utf-8" />
  <meta name='ocr-system' content='tesseract 3.04.00' />
  <meta name='ocr-capabilities' content='ocr_page ocr_carea ocr_par ocr_line ocrx_word'/>
</head>
<body>
  <div class='ocr_page' id='page_1' title='image "./bullarumdiplomat08cath_0835.png"; bbox 0 0 2059 3228; ppageno 0'>
   <div class='ocr_carea' id='block_1_1' title="bbox 0 0 138 1585">
    <p class='ocr_par' dir='ltr' id='par_1_1' title="bbox 0 0 138 1585">
     <span class='ocr_line' id='line_1_1' title="bbox 0 0 138 252; baseline 0 -96"><span class='ocrx_word' id='word_1_1' title='bbox 0 0 138 252; x_wconf 95' lang='lat' dir='ltr'>   </span> 
     </span>
     <span class='ocr_line' id='line_1_2' title="bbox 0 252 138 344; baseline 0 2884"><span class='ocrx_word' id='word_1_2' title='bbox 0 252 138 344; x_wconf 95' lang='lat' dir='ltr'> </span> 
     </span>
     <span class='ocr_line' id='line_1_3' title="bbox 0 344 138 685; baseline 0 -132"><span class='ocrx_word' id='word_1_3' title='bbox 0 344 138 685; x_wconf 95' lang='lat' dir='ltr'>   </span> 
     </span>
     <span class='ocr_line' id='line_1_4' title="bbox 0 685 92 982; baseline 0 -105"><span class='ocrx_word' id='word_1_4' title='bbox 0 685 92 982; x_wconf 95' lang='lat' dir='ltr'>     </span> 
     </span>
     <span class='ocr_line' id='line_1_5' title="bbox 0 982 83 1411; baseline 0 -108"><span class='ocrx_word' id='word_1_5' title='bbox 0 982 83 1411; x_wconf 95' lang='lat' dir='ltr'>    </span> 
     </span>
     <span class='ocr_line' id='line_1_6' title="bbox 0 1411 83 1585; baseline 0 0"><span class='ocrx_word' id='word_1_6' title='bbox 0 1411 83 1585; x_wconf 95' lang='lat' dir='ltr'>    </span> 
     </span>
    </p>
   </div>
   <div class='ocr_carea' id='block_1_2' title="bbox 60 171 938 1870">
    <p class='ocr_par' dir='ltr' id='par_1_2' title="bbox 59 168 938 1870">
     <span class='ocr_line' id='line_1_7' title="bbox 85 171 177 203; baseline -0.008 -0.22"><span class='ocrx_word' id='word_1_7' title='bbox 85 171 177 203; x_wconf 66' lang='grc'><strong>,1586</strong></span> 
     </span>
     <span class='ocr_line' id='line_1_8' title="bbox 60 214 937 267; baseline -0.001 -11"><span class='ocrx_word' id='word_1_8' title='bbox 60 223 63 226; x_wconf 79' lang='grc'><strong>’</strong></span> <span class='ocrx_word' id='word_1_9' title='bbox 89 214 96 223; x_wconf 70' lang='lat'>&#39;</span> <span class='ocrx_word' id='word_1_10' title='bbox 232 223 247 267; x_wconf 64' lang='grc' dir='ltr'><strong>ξ</strong></span> <span class='ocrx_word' id='word_1_11' title='bbox 277 222 309 256; x_wconf 78' lang='grc'>9.</span> <span class='ocrx_word' id='word_1_12' title='bbox 336 223 551 256; x_wconf 72' lang='lat' dir='ltr'>Decernentes</span> <span class='ocrx_word' id='word_1_13' title='bbox 579 234 614 256; x_wconf 77' lang='lat' dir='ltr'>ex</span> <span class='ocrx_word' id='word_1_14' title='bbox 641 234 727 256; x_wconf 89' lang='lat' dir='ltr'>nune</span> <span class='ocrx_word' id='word_1_15' title='bbox 758 222 885 256; x_wconf 88' lang='lat' dir='ltr'>irritum</span> <span class='ocrx_word' id='word_1_16' title='bbox 906 228 937 256; x_wconf 87' lang='lat' dir='ltr'>et</span> 
     </span>
     <span class='ocr_line' id='line_1_9' title="bbox 112 275 938 321; baseline 0 -12"><span class='ocrx_word' id='word_1_17' title='bbox 112 297 113 306; x_wconf 50' lang='lat' dir='ltr'>t</span> <span class='ocrx_word' id='word_1_18' title='bbox 144 275 284 310; x_wconf 68' lang='lat' dir='ltr'>u-inane</span> <span class='ocrx_word' id='word_1_19' title='bbox 303 277 328 309; x_wconf 84' lang='lat' dir='ltr'>si</span> <span class='ocrx_word' id='word_1_20' title='bbox 348 286 441 310; x_wconf 87' lang='lat' dir='ltr'>secus</span> <span class='ocrx_word' id='word_1_21' title='bbox 457 288 554 321; x_wconf 80' lang='lat' dir='ltr'>super</span> <span class='ocrx_word' id='word_1_22' title='bbox 570 277 618 310; x_wconf 79' lang='lat' dir='ltr'>liis</span> <span class='ocrx_word' id='word_1_23' title='bbox 633 289 650 309; x_wconf 85' lang='lat' dir='ltr'>a</span> <span class='ocrx_word' id='word_1_24' title='bbox 665 287 842 320; x_wconf 82' lang='lat' dir='ltr'>quoquam,</span> <span class='ocrx_word' id='word_1_25' title='bbox 860 287 938 319; x_wconf 83' lang='lat' dir='ltr'>qua-</span> 
     </span>
     <span class='ocr_line' id='line_1_10' title="bbox 70 319 934 373; baseline -0.001 -10"><span class='ocrx_word' id='word_1_26' title='bbox 70 319 79 331; x_wconf 48' lang='lat'><strong>*</strong></span> <span class='ocrx_word' id='word_1_27' title='bbox 186 329 233 363; x_wconf 83' lang='lat' dir='ltr'>vis</span> <span class='ocrx_word' id='word_1_28' title='bbox 249 329 452 371; x_wconf 84' lang='lat' dir='ltr'>auctoritate,</span> <span class='ocrx_word' id='word_1_29' title='bbox 479 330 619 363; x_wconf 87' lang='lat' dir='ltr'>scienter</span> <span class='ocrx_word' id='word_1_30' title='bbox 645 331 694 363; x_wconf 78' lang='lat' dir='ltr'>vel</span> <span class='ocrx_word' id='word_1_31' title='bbox 730 330 934 373; x_wconf 72' lang='lat' dir='ltr'>ignoranter,</span> 
     </span>
     <span class='ocr_line' id='line_1_11' title="bbox 186 383 539 426; baseline 0 -10"><span class='ocrx_word' id='word_1_32' title='bbox 186 383 362 426; x_wconf 82' lang='lat' dir='ltr'>contigerit</span> <span class='ocrx_word' id='word_1_33' title='bbox 375 384 539 417; x_wconf 85' lang='lat' dir='ltr'>attentari.</span> 
     </span>
     <span class='ocr_line' id='line_1_12' title="bbox 63 435 936 482; baseline -0.003 -11"><span class='ocrx_word' id='word_1_34' title='bbox 63 471 70 482; x_wconf 21' lang='grc' dir='ltr'>,Α</span> <span class='ocrx_word' id='word_1_35' title='bbox 229 437 245 480; x_wconf 65' lang='grc' dir='ltr'><strong>ἓ</strong></span> <span class='ocrx_word' id='word_1_36' title='bbox 282 435 336 470; x_wconf 80' lang='grc'>10.</span> <span class='ocrx_word' id='word_1_37' title='bbox 376 437 445 470; x_wconf 84' lang='grc' dir='ltr'>Νοη</span> <span class='ocrx_word' id='word_1_38' title='bbox 480 437 683 470; x_wconf 71' lang='lat' dir='ltr'>obstantibus</span> <span class='ocrx_word' id='word_1_39' title='bbox 717 436 936 469; x_wconf 80' lang='lat' dir='ltr'>Lateranensis</span> 
     </span>
     <span class='ocr_line' id='line_1_13' title="bbox 93 489 938 532; baseline -0.003 -8.103"><span class='ocrx_word' id='word_1_40' title='bbox 93 500 128 524; x_wconf 70' lang='lat' dir='ltr'>tn</span> <span class='ocrx_word' id='word_1_41' title='bbox 137 501 173 524; x_wconf 68' lang='lat' dir='ltr'>‹ta-</span> <span class='ocrx_word' id='word_1_42' title='bbox 185 489 317 524; x_wconf 85' lang='lat' dir='ltr'>concilii</span> <span class='ocrx_word' id='word_1_43' title='bbox 336 490 508 524; x_wconf 82' lang='lat' dir='ltr'>novissime</span> <span class='ocrx_word' id='word_1_44' title='bbox 528 489 694 526; x_wconf 85' lang='lat' dir='ltr'>celebrati,</span> <span class='ocrx_word' id='word_1_45' title='bbox 717 490 853 522; x_wconf 79' lang='lat' dir='ltr'>uniones</span> <span class='ocrx_word' id='word_1_46' title='bbox 866 499 938 532; x_wconf 84' lang='lat' dir='ltr'>per-</span> 
     </span>
     <span class='ocr_line' id='line_1_14' title="bbox 184 542 934 587; baseline -0.003 -11"><span class='ocrx_word' id='word_1_47' title='bbox 184 547 311 587; x_wconf 82' lang='lat' dir='ltr'>petuas,</span> <span class='ocrx_word' id='word_1_48' title='bbox 331 542 394 576; x_wconf 90' lang='lat' dir='ltr'>nisi</span> <span class='ocrx_word' id='word_1_49' title='bbox 419 544 451 576; x_wconf 93' lang='lat' dir='ltr'>in</span> <span class='ocrx_word' id='word_1_50' title='bbox 472 543 600 577; x_wconf 83' lang='lat' dir='ltr'>casibus</span> <span class='ocrx_word' id='word_1_51' title='bbox 619 553 637 576; x_wconf 87' lang='lat' dir='ltr'>a</span> <span class='ocrx_word' id='word_1_52' title='bbox 662 543 732 575; x_wconf 89' lang='lat' dir='ltr'>iure</span> <span class='ocrx_word' id='word_1_53' title='bbox 758 543 934 585; x_wconf 72' lang='lat' dir='ltr'><strong>permissis,</strong></span> 
     </span>
     <span class='ocr_line' id='line_1_15' title="bbox 184 595 936 640; baseline -0.004 -10"><span class='ocrx_word' id='word_1_54' title='bbox 184 596 256 630; x_wconf 88' lang='lat' dir='ltr'>fieri</span> <span class='ocrx_word' id='word_1_55' title='bbox 275 597 489 640; x_wconf 86' lang='lat' dir='ltr'>prohibentis,</span> <span class='ocrx_word' id='word_1_56' title='bbox 503 597 640 639; x_wconf 86' lang='lat' dir='ltr'>aliisque</span> <span class='ocrx_word' id='word_1_57' title='bbox 652 595 936 629; x_wconf 69' lang='lat' dir='ltr'>constitutionibus</span> 
     </span>
     <span class='ocr_line' id='line_1_16' title="bbox 182 649 936 694; baseline -0.004 -10"><span class='ocrx_word' id='word_1_58' title='bbox 182 655 214 684; x_wconf 84' lang='lat' dir='ltr'>et</span> <span class='ocrx_word' id='word_1_59' title='bbox 239 649 496 684; x_wconf 75' lang='lat' dir='ltr'>ordinationibus</span> <span class='ocrx_word' id='word_1_60' title='bbox 522 649 722 694; x_wconf 83' lang='lat' dir='ltr'>apostolicis:</span> <span class='ocrx_word' id='word_1_61' title='bbox 744 659 870 681; x_wconf 83' lang='lat' dir='ltr'>necnon</span> <span class='ocrx_word' id='word_1_62' title='bbox 889 649 936 681; x_wconf 90' lang='lat' dir='ltr'>di-</span> 
     </span>
     <span class='ocr_line' id='line_1_17' title="bbox 180 702 933 737; baseline -0.004 0"><span class='ocrx_word' id='word_1_63' title='bbox 180 709 251 737; x_wconf 85' lang='lat' dir='ltr'>ctae</span> <span class='ocrx_word' id='word_1_64' title='bbox 260 703 291 737; x_wconf 88' lang='lat' dir='ltr'>S.</span> <span class='ocrx_word' id='word_1_65' title='bbox 303 703 419 736; x_wconf 85' lang='lat' dir='ltr'>Mariae</span> <span class='ocrx_word' id='word_1_66' title='bbox 430 709 462 736; x_wconf 83' lang='lat' dir='ltr'>et</span> <span class='ocrx_word' id='word_1_67' title='bbox 471 703 707 737; x_wconf 83' lang='lat' dir='ltr'>Camerinensis</span> <span class='ocrx_word' id='word_1_68' title='bbox 720 702 933 735; x_wconf 84' lang='lat' dir='ltr'>ecclesiarum</span> 
     </span>
     <span class='ocr_line' id='line_1_18' title="bbox 180 755 935 801; baseline -0.001 -11"><span class='ocrx_word' id='word_1_69' title='bbox 180 756 434 801; x_wconf 79' lang='lat' dir='ltr'>praedictarum,</span> <span class='ocrx_word' id='word_1_70' title='bbox 467 756 663 795; x_wconf 88' lang='lat' dir='ltr'>iuramento,</span> <span class='ocrx_word' id='word_1_71' title='bbox 685 755 935 789; x_wconf 82' lang='lat' dir='ltr'>confirmatione</span> 
     </span>
     <span class='ocr_line' id='line_1_19' title="bbox 180 808 935 854; baseline -0.003 -11"><span class='ocrx_word' id='word_1_72' title='bbox 180 808 358 854; x_wconf 73' lang='lat' dir='ltr'>apostolica</span> <span class='ocrx_word' id='word_1_73' title='bbox 378 809 430 842; x_wconf 75' lang='lat' dir='ltr'>vel</span> <span class='ocrx_word' id='word_1_74' title='bbox 447 809 559 853; x_wconf 84' lang='lat' dir='ltr'>quavis</span> <span class='ocrx_word' id='word_1_75' title='bbox 578 808 730 841; x_wconf 85' lang='lat' dir='ltr'>firmitate</span> <span class='ocrx_word' id='word_1_76' title='bbox 751 809 813 841; x_wconf 85' lang='lat' dir='ltr'>alia</span> <span class='ocrx_word' id='word_1_77' title='bbox 841 809 935 842; x_wconf 91' lang='lat' dir='ltr'>robo-</span> 
     </span>
     <span class='ocr_line' id='line_1_20' title="bbox 179 862 935 905; baseline -0.001 -10"><span class='ocrx_word' id='word_1_78' title='bbox 179 862 268 903; x_wconf 85' lang='lat' dir='ltr'>ratis,</span> <span class='ocrx_word' id='word_1_79' title='bbox 287 863 416 896; x_wconf 85' lang='lat' dir='ltr'>statutis</span> <span class='ocrx_word' id='word_1_80' title='bbox 435 869 467 895; x_wconf 82' lang='lat' dir='ltr'>et</span> <span class='ocrx_word' id='word_1_81' title='bbox 496 862 801 903; x_wconf 85' lang='lat' dir='ltr'>consuetudinibus;</span> <span class='ocrx_word' id='word_1_82' title='bbox 836 862 935 905; x_wconf 73' lang='lat' dir='ltr'>privi-</span> 
     </span>
     <span class='ocr_line' id='line_1_21' title="bbox 180 916 934 960; baseline -0.001 -10"><span class='ocrx_word' id='word_1_83' title='bbox 180 916 274 960; x_wconf 84' lang='lat' dir='ltr'>legiis</span> <span class='ocrx_word' id='word_1_84' title='bbox 297 927 441 960; x_wconf 85' lang='lat' dir='ltr'>quoque,</span> <span class='ocrx_word' id='word_1_85' title='bbox 459 916 592 949; x_wconf 86' lang='lat' dir='ltr'>indultis</span> <span class='ocrx_word' id='word_1_86' title='bbox 612 927 649 949; x_wconf 83' lang='lat' dir='ltr'>ac</span> <span class='ocrx_word' id='word_1_87' title='bbox 669 916 784 949; x_wconf 89' lang='lat' dir='ltr'>litteris</span> <span class='ocrx_word' id='word_1_88' title='bbox 804 921 934 960; x_wconf 85' lang='lat' dir='ltr'>aposto-</span> 
     </span>
     <span class='ocr_line' id='line_1_22' title="bbox 181 969 935 1013; baseline 0.001 -11"><span class='ocrx_word' id='word_1_89' title='bbox 181 969 264 1010; x_wconf 87' lang='lat' dir='ltr'>licis,</span> <span class='ocrx_word' id='word_1_90' title='bbox 276 969 341 1003; x_wconf 90' lang='lat' dir='ltr'>illis</span> <span class='ocrx_word' id='word_1_91' title='bbox 354 980 532 1013; x_wconf 82' lang='lat' dir='ltr'>earumque</span> <span class='ocrx_word' id='word_1_92' title='bbox 552 969 767 1013; x_wconf 79' lang='lat' dir='ltr'>praesulibus,</span> <span class='ocrx_word' id='word_1_93' title='bbox 786 969 935 1013; x_wconf 83' lang='lat' dir='ltr'>capitulis</span> 
     </span>
     <span class='ocr_line' id='line_1_23' title="bbox 182 1023 935 1068; baseline -0.001 -11"><span class='ocrx_word' id='word_1_94' title='bbox 182 1029 215 1057; x_wconf 76' lang='lat' dir='ltr'>et</span> <span class='ocrx_word' id='word_1_95' title='bbox 233 1023 391 1068; x_wconf 87' lang='lat' dir='ltr'>personis,</span> <span class='ocrx_word' id='word_1_96' title='bbox 407 1024 467 1056; x_wconf 92' lang='lat' dir='ltr'>sub</span> <span class='ocrx_word' id='word_1_97' title='bbox 483 1023 746 1066; x_wconf 80' lang='lat' dir='ltr'>quibuscumque</span> <span class='ocrx_word' id='word_1_98' title='bbox 766 1024 935 1056; x_wconf 87' lang='lat' dir='ltr'>tenoribus</span> 
     </span>
     <span class='ocr_line' id='line_1_24' title="bbox 182 1076 934 1120; baseline -0.003 -9"><span class='ocrx_word' id='word_1_99' title='bbox 182 1082 216 1111; x_wconf 88' lang='lat' dir='ltr'>et</span> <span class='ocrx_word' id='word_1_100' title='bbox 233 1077 357 1118; x_wconf 81' lang='lat' dir='ltr'>formis,</span> <span class='ocrx_word' id='word_1_101' title='bbox 379 1077 475 1110; x_wconf 85' lang='lat' dir='ltr'>etiam</span> <span class='ocrx_word' id='word_1_102' title='bbox 501 1082 591 1110; x_wconf 88' lang='lat' dir='ltr'>motu</span> <span class='ocrx_word' id='word_1_103' title='bbox 615 1076 748 1120; x_wconf 87' lang='lat' dir='ltr'>proprio</span> <span class='ocrx_word' id='word_1_104' title='bbox 772 1087 809 1109; x_wconf 83' lang='lat' dir='ltr'>ac</span> <span class='ocrx_word' id='word_1_105' title='bbox 827 1077 934 1109; x_wconf 91' lang='lat' dir='ltr'>consi-</span> 
     </span>
     <span class='ocr_line' id='line_1_25' title="bbox 181 1130 936 1173; baseline -0.003 -8"><span class='ocrx_word' id='word_1_106' title='bbox 181 1130 355 1165; x_wconf 81' lang='lat' dir='ltr'>storialiter</span> <span class='ocrx_word' id='word_1_107' title='bbox 373 1136 403 1164; x_wconf 89' lang='lat' dir='ltr'>et</span> <span class='ocrx_word' id='word_1_108' title='bbox 428 1131 507 1164; x_wconf 79' lang='lat' dir='ltr'>alias</span> <span class='ocrx_word' id='word_1_109' title='bbox 526 1131 559 1163; x_wconf 87' lang='lat' dir='ltr'>in</span> <span class='ocrx_word' id='word_1_110' title='bbox 579 1131 777 1163; x_wconf 84' lang='lat' dir='ltr'>contrarium</span> <span class='ocrx_word' id='word_1_111' title='bbox 800 1141 936 1173; x_wconf 86' lang='lat' dir='ltr'>quomo-</span> 
     </span>
     <span class='ocr_line' id='line_1_26' title="bbox 181 1183 931 1227; baseline -0.003 -9"><span class='ocrx_word' id='word_1_112' title='bbox 181 1185 304 1218; x_wconf 84' lang='lat' dir='ltr'>dolibet</span> <span class='ocrx_word' id='word_1_113' title='bbox 322 1185 495 1225; x_wconf 89' lang='lat' dir='ltr'>concessis,</span> <span class='ocrx_word' id='word_1_114' title='bbox 509 1184 697 1227; x_wconf 83' lang='lat' dir='ltr'>approbatis</span> <span class='ocrx_word' id='word_1_115' title='bbox 709 1189 739 1217; x_wconf 83' lang='lat' dir='ltr'>et</span> <span class='ocrx_word' id='word_1_116' title='bbox 763 1183 931 1217; x_wconf 87' lang='lat' dir='ltr'>innovatis.</span> 
     </span>
     <span class='ocr_line' id='line_1_27' title="bbox 179 1237 933 1281; baseline -0.004 -9"><span class='ocrx_word' id='word_1_117' title='bbox 179 1237 303 1278; x_wconf 86' lang='lat' dir='ltr'>Quibus</span> <span class='ocrx_word' id='word_1_118' title='bbox 321 1239 486 1279; x_wconf 86' lang='lat' dir='ltr'>omnibus,</span> <span class='ocrx_word' id='word_1_119' title='bbox 500 1248 613 1271; x_wconf 86' lang='lat' dir='ltr'>eorum</span> <span class='ocrx_word' id='word_1_120' title='bbox 629 1243 758 1270; x_wconf 76' lang='lat' dir='ltr'>tenores</span> <span class='ocrx_word' id='word_1_121' title='bbox 778 1248 933 1281; x_wconf 85' lang='lat' dir='ltr'>praesen-</span> 
     </span>
     <span class='ocr_line' id='line_1_28' title="bbox 180 1290 931 1337; baseline -0.004 -12"><span class='ocrx_word' id='word_1_122' title='bbox 180 1291 267 1325; x_wconf 85' lang='lat' dir='ltr'>tibus</span> <span class='ocrx_word' id='word_1_123' title='bbox 284 1302 345 1337; x_wconf 89' lang='lat' dir='ltr'>pro</span> <span class='ocrx_word' id='word_1_124' title='bbox 360 1291 518 1335; x_wconf 83' lang='lat' dir='ltr'>expressis</span> <span class='ocrx_word' id='word_1_125' title='bbox 536 1291 706 1329; x_wconf 84' lang='lat' dir='ltr'>habentes,</span> <span class='ocrx_word' id='word_1_126' title='bbox 729 1290 791 1323; x_wconf 86' lang='lat' dir='ltr'>illis</span> <span class='ocrx_word' id='word_1_127' title='bbox 804 1290 882 1323; x_wconf 84' lang='lat' dir='ltr'>alias</span> <span class='ocrx_word' id='word_1_128' title='bbox 897 1290 931 1322; x_wconf 93' lang='lat' dir='ltr'>in</span> 
     </span>
     <span class='ocr_line' id='line_1_29' title="bbox 178 1344 930 1389; baseline -0.004 -10"><span class='ocrx_word' id='word_1_129' title='bbox 178 1355 238 1379; x_wconf 89' lang='lat' dir='ltr'>suo</span> <span class='ocrx_word' id='word_1_130' title='bbox 260 1345 377 1379; x_wconf 87' lang='lat' dir='ltr'>robore</span> <span class='ocrx_word' id='word_1_131' title='bbox 401 1345 634 1389; x_wconf 82' lang='lat' dir='ltr'>permansuris,</span> <span class='ocrx_word' id='word_1_132' title='bbox 657 1345 718 1377; x_wconf 86' lang='lat' dir='ltr'>hac</span> <span class='ocrx_word' id='word_1_133' title='bbox 742 1344 808 1377; x_wconf 76' lang='lat' dir='ltr'>vice</span> <span class='ocrx_word' id='word_1_134' title='bbox 833 1345 930 1377; x_wconf 92' lang='lat' dir='ltr'>dum-</span> 
     </span>
     <span class='ocr_line' id='line_1_30' title="bbox 179 1397 932 1443; baseline -0.003 -11"><span class='ocrx_word' id='word_1_135' title='bbox 179 1403 277 1440; x_wconf 83' lang='lat' dir='ltr'>taxat,</span> <span class='ocrx_word' id='word_1_136' title='bbox 293 1399 477 1443; x_wconf 81' lang='lat' dir='ltr'>specialiter</span> <span class='ocrx_word' id='word_1_137' title='bbox 496 1403 528 1432; x_wconf 82' lang='lat' dir='ltr'>et</span> <span class='ocrx_word' id='word_1_138' title='bbox 546 1409 695 1442; x_wconf 83' lang='lat' dir='ltr'>expresse</span> <span class='ocrx_word' id='word_1_139' title='bbox 724 1397 932 1441; x_wconf 77' lang='lat' dir='ltr'>derogamus,</span> 
     </span>
     <span class='ocr_line' id='line_1_31' title="bbox 180 1451 845 1496; baseline -0.005 -10"><span class='ocrx_word' id='word_1_140' title='bbox 180 1452 362 1496; x_wconf 85' lang='lat' dir='ltr'>ceterisque</span> <span class='ocrx_word' id='word_1_141' title='bbox 382 1451 554 1486; x_wconf 85' lang='lat' dir='ltr'>contrariis</span> <span class='ocrx_word' id='word_1_142' title='bbox 570 1452 845 1495; x_wconf 85' lang='lat' dir='ltr'>quibuscumque.</span> 
     </span>
     <span class='ocr_line' id='line_1_32' title="bbox 222 1504 936 1549; baseline -0.004 -9"><span class='ocrx_word' id='word_1_143' title='bbox 222 1506 310 1540; x_wconf 92' lang='lat' dir='ltr'>Nulli</span> <span class='ocrx_word' id='word_1_144' title='bbox 321 1516 399 1549; x_wconf 82' lang='lat' dir='ltr'>ergo</span> <span class='ocrx_word' id='word_1_145' title='bbox 411 1505 544 1539; x_wconf 89' lang='lat' dir='ltr'>omnino</span> <span class='ocrx_word' id='word_1_146' title='bbox 556 1505 727 1538; x_wconf 88' lang='lat' dir='ltr'>bominum</span> <span class='ocrx_word' id='word_1_147' title='bbox 741 1504 835 1537; x_wconf 87' lang='lat' dir='ltr'>liceat.</span> <span class='ocrx_word' id='word_1_148' title='bbox 853 1505 936 1537; x_wconf 82' lang='lat' dir='ltr'>hanc.</span> 
     </span>
     <span class='ocr_line' id='line_1_33' title="bbox 157 1557 561 1604; baseline -0.002 -12"><span class='ocrx_word' id='word_1_149' title='bbox 157 1557 335 1604; x_wconf 79' lang='lat' dir='ltr'>&#39;paginam</span> <span class='ocrx_word' id='word_1_150' title='bbox 356 1565 485 1592; x_wconf 87' lang='lat' dir='ltr'>nostrae</span> <span class='ocrx_word' id='word_1_151' title='bbox 505 1564 561 1591; x_wconf 66' lang='lat' dir='ltr'>etc.</span> 
     </span>
     <span class='ocr_line' id='line_1_34' title="bbox 230 1611 935 1656; baseline -0.003 -10"><span class='ocrx_word' id='word_1_152' title='bbox 230 1613 345 1646; x_wconf 88' lang='lat' dir='ltr'>Datum</span> <span class='ocrx_word' id='word_1_153' title='bbox 365 1613 485 1646; x_wconf 88' lang='lat' dir='ltr'>Romae</span> <span class='ocrx_word' id='word_1_154' title='bbox 513 1611 599 1656; x_wconf 88' lang='lat' dir='ltr'>apud</span> <span class='ocrx_word' id='word_1_155' title='bbox 627 1611 778 1645; x_wconf 85' lang='lat' dir='ltr'>Sanctum</span> <span class='ocrx_word' id='word_1_156' title='bbox 805 1611 935 1645; x_wconf 83' lang='lat' dir='ltr'>Petrum</span> 
     </span>
     <span class='ocr_line' id='line_1_35' title="bbox 181 1664 936 1700; baseline -0.004 0"><span class='ocrx_word' id='word_1_157' title='bbox 181 1676 268 1700; x_wconf 89' lang='lat' dir='ltr'>anno</span> <span class='ocrx_word' id='word_1_158' title='bbox 291 1666 526 1700; x_wconf 86' lang='lat' dir='ltr'>Incarnationis</span> <span class='ocrx_word' id='word_1_159' title='bbox 550 1665 732 1698; x_wconf 80' lang='lat' dir='ltr'>dominicae</span> <span class='ocrx_word' id='word_1_160' title='bbox 765 1664 936 1697; x_wconf 90' lang='lat' dir='ltr'>millesimo</span> 
     </span>
     <span class='ocr_line' id='line_1_36' title="bbox 182 1718 936 1765; baseline -0.003 -12"><span class='ocrx_word' id='word_1_161' title='bbox 182 1719 442 1765; x_wconf 82' lang='lat' dir='ltr'>quingentesimo</span> <span class='ocrx_word' id='word_1_162' title='bbox 463 1718 683 1761; x_wconf 77' lang='lat' dir='ltr'>octuagesimo</span> <span class='ocrx_word' id='word_1_163' title='bbox 703 1724 802 1757; x_wconf 81' lang='lat' dir='ltr'>sexto,</span> <span class='ocrx_word' id='word_1_164' title='bbox 820 1724 936 1761; x_wconf 84' lang='lat' dir='ltr'>quarto</span> 
     </span>
     <span class='ocr_line' id='line_1_37' title="bbox 184 1772 934 1817; baseline -0.004 -10"><span class='ocrx_word' id='word_1_165' title='bbox 184 1774 246 1808; x_wconf 92' lang='lat' dir='ltr'>dus</span> <span class='ocrx_word' id='word_1_166' title='bbox 257 1772 450 1812; x_wconf 77' lang='lat' dir='ltr'>decembris,</span> <span class='ocrx_word' id='word_1_167' title='bbox 461 1773 671 1817; x_wconf 77' lang='lat' dir='ltr'>pontificatus</span> <span class='ocrx_word' id='word_1_168' title='bbox 683 1772 785 1804; x_wconf 85' lang='lat' dir='ltr'>nostri</span> <span class='ocrx_word' id='word_1_169' title='bbox 796 1783 835 1804; x_wconf 85' lang='lat' dir='ltr'>an</span> <span class='ocrx_word' id='word_1_170' title='bbox 844 1783 886 1805; x_wconf 92' lang='lat' dir='ltr'>no</span> <span class='ocrx_word' id='word_1_171' title='bbox 900 1782 934 1804; x_wconf 92' lang='lat'>11.</span> 
     </span>
     <span class='ocr_line' id='line_1_38' title="bbox 243 1831 871 1870; baseline -0.005 -8"><span class='ocrx_word' id='word_1_172' title='bbox 243 1831 306 1862; x_wconf 86' lang='lat' dir='ltr'>Dat.</span> <span class='ocrx_word' id='word_1_173' title='bbox 320 1832 368 1862; x_wconf 88' lang='lat' dir='ltr'>die</span> <span class='ocrx_word' id='word_1_174' title='bbox 384 1832 423 1862; x_wconf 88' lang='lat'>10</span> <span class='ocrx_word' id='word_1_175' title='bbox 437 1832 500 1862; x_wconf 86' lang='lat' dir='ltr'>dec.</span> <span class='ocrx_word' id='word_1_176' title='bbox 520 1831 607 1867; x_wconf 74' lang='lat'>1586,</span> <span class='ocrx_word' id='word_1_177' title='bbox 622 1831 727 1870; x_wconf 87' lang='lat' dir='ltr'>pontis.</span> <span class='ocrx_word' id='word_1_178' title='bbox 745 1840 822 1860; x_wconf 82' lang='lat' dir='ltr'>anno</span> <span class='ocrx_word' id='word_1_179' title='bbox 839 1839 871 1860; x_wconf 93' lang='lat'>11.</span> 
     </span>
    </p>
   </div>
   <div class='ocr_carea' id='block_1_3' title="bbox 486 1919 670 1927">
    <p class='ocr_par' dir='ltr' id='par_1_3' title="bbox 486 1919 670 1927">
     <span class='ocr_line' id='line_1_39' title="bbox 486 1919 670 1927; baseline 0 1301"><span class='ocrx_word' id='word_1_180' title='bbox 486 1919 670 1927; x_wconf 95' lang='lat' dir='ltr'> </span> 
     </span>
    </p>
   </div>
   <div class='ocr_carea' id='block_1_4' title="bbox 478 2013 634 2046">
    <p class='ocr_par' dir='ltr' id='par_1_4' title="bbox 478 2013 634 2046">
     <span class='ocr_line' id='line_1_40' title="bbox 478 2013 634 2046; baseline 0 0"><span class='ocrx_word' id='word_1_181' title='bbox 478 2013 634 2046; x_wconf 76' lang='lat' dir='ltr'>LXXVIII.</span> 
     </span>
    </p>
   </div>
   <div class='ocr_carea' id='block_1_5' title="bbox 186 2088 939 2283">
    <p class='ocr_par' dir='ltr' id='par_1_5' title="bbox 186 2088 939 2283">
     <span class='ocr_line' id='line_1_41' title="bbox 186 2088 936 2133; baseline -0.008 -8"><span class='ocrx_word' id='word_1_182' title='bbox 186 2090 388 2133; x_wconf 80' lang='lat' dir='ltr'>Reformatio</span> <span class='ocrx_word' id='word_1_183' title='bbox 407 2090 493 2123; x_wconf 74' lang='lat' dir='ltr'>circa</span> <span class='ocrx_word' id='word_1_184' title='bbox 514 2088 744 2121; x_wconf 79' lang='lat' dir='ltr'>immoderatos</span> <span class='ocrx_word' id='word_1_185' title='bbox 778 2091 936 2130; x_wconf 67' lang='lat' dir='ltr'>sumptus,</span> 
     </span>
     <span class='ocr_line' id='line_1_42' title="bbox 229 2141 936 2187; baseline -0.007 -10"><span class='ocrx_word' id='word_1_186' title='bbox 229 2144 286 2187; x_wconf 82' lang='lat' dir='ltr'>qui</span> <span class='ocrx_word' id='word_1_187' title='bbox 304 2145 341 2176; x_wconf 83' lang='lat' dir='ltr'>in</span> <span class='ocrx_word' id='word_1_188' title='bbox 360 2143 450 2176; x_wconf 81' lang='lat' dir='ltr'>alma</span> <span class='ocrx_word' id='word_1_189' title='bbox 482 2142 564 2175; x_wconf 77' lang='lat' dir='ltr'>Urbe</span> <span class='ocrx_word' id='word_1_190' title='bbox 597 2141 670 2184; x_wconf 82' lang='lat' dir='ltr'>fieri</span> <span class='ocrx_word' id='word_1_191' title='bbox 693 2143 936 2179; x_wconf 67' lang='lat' dir='ltr'>consueret-unt,</span> 
     </span>
     <span class='ocr_line' id='line_1_43' title="bbox 230 2193 939 2235; baseline -0.008 -5"><span class='ocrx_word' id='word_1_192' title='bbox 230 2197 318 2230; x_wconf 76' lang='lat' dir='ltr'>circa</span> <span class='ocrx_word' id='word_1_193' title='bbox 348 2200 457 2235; x_wconf 77' lang='lat' dir='ltr'>vestes,</span> <span class='ocrx_word' id='word_1_194' title='bbox 490 2195 586 2234; x_wconf 80' lang='lat' dir='ltr'>dotes,</span> <span class='ocrx_word' id='word_1_195' title='bbox 606 2197 812 2231; x_wconf 76' lang='lat' dir='ltr'>ornamenta,</span> <span class='ocrx_word' id='word_1_196' title='bbox 843 2193 939 2225; x_wconf 80' lang='lat' dir='ltr'>indu-</span> 
     </span>
     <span class='ocr_line' id='line_1_44' title="bbox 232 2247 601 2283; baseline -0.005 -1"><span class='ocrx_word' id='word_1_197' title='bbox 232 2254 343 2283; x_wconf 79' lang='lat' dir='ltr'>menta</span> <span class='ocrx_word' id='word_1_198' title='bbox 366 2254 395 2282; x_wconf 82' lang='lat' dir='ltr'>el</span> <span class='ocrx_word' id='word_1_199' title='bbox 411 2249 558 2283; x_wconf 71' lang='lat' dir='ltr'>convivia</span> <span class='ocrx_word' id='word_1_200' title='bbox 574 2247 601 2280; x_wconf 89' lang='lat'>1.</span> 
     </span>
    </p>
   </div>
   <div class='ocr_carea' id='block_1_6' title="bbox 289 2322 841 2360">
    <p class='ocr_par' dir='ltr' id='par_1_6' title="bbox 289 2322 841 2360">
     <span class='ocr_line' id='line_1_45' title="bbox 289 2322 841 2360; baseline -0.005 -8"><span class='ocrx_word' id='word_1_201' title='bbox 289 2325 387 2354; x_wconf 75' lang='lat' dir='ltr'>smus</span> <span class='ocrx_word' id='word_1_202' title='bbox 405 2326 477 2360; x_wconf 74' lang='lat' dir='ltr'>Papa</span> <span class='ocrx_word' id='word_1_203' title='bbox 494 2324 525 2356; x_wconf 83' lang='lat' dir='ltr'>V.</span> <span class='ocrx_word' id='word_1_204' title='bbox 550 2324 627 2352; x_wconf 85' lang='lat' dir='ltr'>motu</span> <span class='ocrx_word' id='word_1_205' title='bbox 644 2322 766 2358; x_wconf 79' lang='lat' dir='ltr'>proprio.</span> <span class='ocrx_word' id='word_1_206' title='bbox 786 2322 841 2350; x_wconf 73' lang='lat' dir='ltr'>ete.</span> 
     </span>
    </p>
   </div>
   <div class='ocr_carea' id='block_1_7' title="bbox 193 2391 940 2494">
    <p class='ocr_par' dir='ltr' id='par_1_7' title="bbox 193 2391 940 2494">
     <span class='ocr_line' id='line_1_46' title="bbox 234 2391 940 2438; baseline -0.007 -9"><span class='ocrx_word' id='word_1_207' title='bbox 234 2397 312 2430; x_wconf 89' lang='lat' dir='ltr'>Cum</span> <span class='ocrx_word' id='word_1_208' title='bbox 334 2396 367 2428; x_wconf 90' lang='lat' dir='ltr'>in</span> <span class='ocrx_word' id='word_1_209' title='bbox 383 2405 580 2438; x_wconf 85' lang='lat' dir='ltr'>unaquaque</span> <span class='ocrx_word' id='word_1_210' title='bbox 592 2394 676 2427; x_wconf 85' lang='lat' dir='ltr'>bene</span> <span class='ocrx_word' id='word_1_211' title='bbox 693 2399 723 2426; x_wconf 87' lang='lat' dir='ltr'>et</span> <span class='ocrx_word' id='word_1_212' title='bbox 743 2398 829 2426; x_wconf 87' lang='lat' dir='ltr'>recte</span> <span class='ocrx_word' id='word_1_213' title='bbox 849 2391 940 2425; x_wconf 87' lang='lat' dir='ltr'>insti-</span> 
     </span>
     <span class='ocr_line' id='line_1_47' title="bbox 193 2444 940 2494; baseline -0.009 -11"><span class='ocrx_word' id='word_1_214' title='bbox 193 2457 262 2484; x_wconf 86' lang='lat' dir='ltr'>tuta</span> <span class='ocrx_word' id='word_1_215' title='bbox 282 2448 447 2494; x_wconf 77' lang='lat' dir='ltr'>republica</span> <span class='ocrx_word' id='word_1_216' title='bbox 465 2454 495 2481; x_wconf 85' lang='lat' dir='ltr'>et</span> <span class='ocrx_word' id='word_1_217' title='bbox 519 2447 657 2486; x_wconf 84' lang='lat' dir='ltr'>civitate,</span> <span class='ocrx_word' id='word_1_218' title='bbox 678 2447 779 2480; x_wconf 85' lang='lat' dir='ltr'>soleat</span> <span class='ocrx_word' id='word_1_219' title='bbox 803 2444 940 2488; x_wconf 89' lang='lat' dir='ltr'>sumpti-</span> 
     </span>
    </p>
   </div>
   <div class='ocr_carea' id='block_1_8' title="bbox 193 2510 924 2593">
    <p class='ocr_par' dir='ltr' id='par_1_8' title="bbox 193 2510 924 2593">
     <span class='ocr_line' id='line_1_48' title="bbox 230 2510 924 2545; baseline -0.01 -1"><span class='ocrx_word' id='word_1_220' title='bbox 230 2519 239 2544; x_wconf 86' lang='lat' dir='ltr'>t</span> <span class='ocrx_word' id='word_1_221' title='bbox 268 2516 393 2545; x_wconf 83' lang='lat' dir='ltr'>Similem</span> <span class='ocrx_word' id='word_1_222' title='bbox 428 2514 659 2542; x_wconf 81' lang='lat' dir='ltr'>reformationem</span> <span class='ocrx_word' id='word_1_223' title='bbox 691 2511 754 2539; x_wconf 83' lang='lat' dir='ltr'>vide</span> <span class='ocrx_word' id='word_1_224' title='bbox 783 2512 811 2539; x_wconf 89' lang='lat' dir='ltr'>in</span> <span class='ocrx_word' id='word_1_225' title='bbox 837 2511 877 2538; x_wconf 86' lang='lat' dir='ltr'>Pii</span> <span class='ocrx_word' id='word_1_226' title='bbox 905 2510 924 2537; x_wconf 81' lang='lat' dir='ltr'>V</span> 
     </span>
     <span class='ocr_line' id='line_1_49' title="bbox 193 2556 833 2593; baseline -0.008 -5"><span class='ocrx_word' id='word_1_227' title='bbox 193 2565 283 2588; x_wconf 71' lang='lat' dir='ltr'>ronst,</span> <span class='ocrx_word' id='word_1_228' title='bbox 298 2567 356 2593; x_wconf 76' lang='lat' dir='ltr'>ux,</span> <span class='ocrx_word' id='word_1_229' title='bbox 372 2559 517 2592; x_wconf 78' lang='lat' dir='ltr'>Quoniam,</span> <span class='ocrx_word' id='word_1_230' title='bbox 533 2562 601 2585; x_wconf 84' lang='lat' dir='ltr'>tom.</span> <span class='ocrx_word' id='word_1_231' title='bbox 619 2563 668 2590; x_wconf 73' lang='lat' dir='ltr'>vu,</span> <span class='ocrx_word' id='word_1_232' title='bbox 688 2564 751 2591; x_wconf 79' lang='lat' dir='ltr'>pag.</span> <span class='ocrx_word' id='word_1_233' title='bbox 768 2556 833 2584; x_wconf 72' lang='lat'>596.</span> 
     </span>
    </p>
   </div>
   <div class='ocr_carea' id='block_1_9' title="bbox 851 169 1059 194">
    <p class='ocr_par' dir='ltr' id='par_1_9' title="bbox 851 169 1059 194">
     <span class='ocr_line' id='line_1_50' title="bbox 851 169 1059 194; baseline -0.005 0"><span class='ocrx_word' id='word_1_234' title='bbox 851 169 955 194; x_wconf 66' lang='lat' dir='ltr'>srxrt&#39;s</span> <span class='ocrx_word' id='word_1_235' title='bbox 974 170 993 193; x_wconf 67' lang='grc' dir='ltr'>Υ</span> <span class='ocrx_word' id='word_1_236' title='bbox 1013 170 1059 193; x_wconf 69' lang='grc' dir='ltr'>Μ’.</span> 
     </span>
    </p>
   </div>
   <div class='ocr_carea' id='block_1_10' title="bbox 1623 157 1685 191">
    <p class='ocr_par' dir='ltr' id='par_1_10' title="bbox 1623 157 1685 191">
     <span class='ocr_line' id='line_1_51' title="bbox 1623 157 1685 191; baseline -0.065 1"><span class='ocrx_word' id='word_1_237' title='bbox 1623 157 1685 191; x_wconf 71' lang='lat'>810</span> 
     </span>
    </p>
   </div>
   <div class='ocr_carea' id='block_1_11' title="bbox 974 220 1731 2589">
    <p class='ocr_par' dir='ltr' id='par_1_11' title="bbox 974 220 1731 2589">
     <span class='ocr_line' id='line_1_52' title="bbox 975 220 1728 265; baseline -0.003 -11"><span class='ocrx_word' id='word_1_238' title='bbox 975 222 1038 254; x_wconf 89' lang='lat' dir='ltr'>bus</span> <span class='ocrx_word' id='word_1_239' title='bbox 1057 220 1174 254; x_wconf 82' lang='lat' dir='ltr'>civium</span> <span class='ocrx_word' id='word_1_240' title='bbox 1197 228 1225 254; x_wconf 75' lang='lat' dir='ltr'>et</span> <span class='ocrx_word' id='word_1_241' title='bbox 1247 220 1445 265; x_wconf 76' lang='lat' dir='ltr'>privatorum</span> <span class='ocrx_word' id='word_1_242' title='bbox 1467 220 1636 253; x_wconf 83' lang='lat' dir='ltr'>hominum</span> <span class='ocrx_word' id='word_1_243' title='bbox 1658 230 1728 253; x_wconf 92' lang='lat' dir='ltr'>mo-</span> 
     </span>
     <span class='ocr_line' id='line_1_53' title="bbox 975 273 1727 318; baseline -0.003 -10"><span class='ocrx_word' id='word_1_244' title='bbox 975 275 1219 318; x_wconf 81' lang='lat' dir='ltr'>deratioaliqua</span> <span class='ocrx_word' id='word_1_245' title='bbox 1240 275 1398 314; x_wconf 81' lang='lat' dir='ltr'>adbiberi,</span> <span class='ocrx_word' id='word_1_246' title='bbox 1422 275 1516 317; x_wconf 84' lang='lat' dir='ltr'>idque</span> <span class='ocrx_word' id='word_1_247' title='bbox 1538 283 1602 306; x_wconf 91' lang='lat' dir='ltr'>non</span> <span class='ocrx_word' id='word_1_248' title='bbox 1623 273 1727 306; x_wconf 91' lang='lat' dir='ltr'>solum</span> 
     </span>
     <span class='ocr_line' id='line_1_54' title="bbox 976 328 1728 371; baseline -0.004 -10"><span class='ocrx_word' id='word_1_249' title='bbox 976 328 1131 361; x_wconf 76' lang='lat' dir='ltr'>redundet</span> <span class='ocrx_word' id='word_1_250' title='bbox 1157 328 1185 360; x_wconf 84' lang='lat' dir='ltr'>in</span> <span class='ocrx_word' id='word_1_251' title='bbox 1209 328 1379 361; x_wconf 69' lang='lat' dir='ltr'>utilitatem</span> <span class='ocrx_word' id='word_1_252' title='bbox 1401 328 1602 371; x_wconf 74' lang='lat' dir='ltr'>singularum</span> <span class='ocrx_word' id='word_1_253' title='bbox 1615 337 1728 370; x_wconf 85' lang='lat' dir='ltr'>perso-</span> 
     </span>
     <span class='ocr_line' id='line_1_55' title="bbox 976 381 1725 421; baseline -0.003 -6"><span class='ocrx_word' id='word_1_254' title='bbox 976 393 1089 415; x_wconf 86' lang='lat' dir='ltr'>narum</span> <span class='ocrx_word' id='word_1_255' title='bbox 1112 388 1142 414; x_wconf 75' lang='lat' dir='ltr'>et</span> <span class='ocrx_word' id='word_1_256' title='bbox 1163 382 1369 419; x_wconf 74' lang='lat' dir='ltr'>lamiliarutn.</span> <span class='ocrx_word' id='word_1_257' title='bbox 1393 393 1432 414; x_wconf 79' lang='lat' dir='ltr'>ne</span> <span class='ocrx_word' id='word_1_258' title='bbox 1464 383 1523 414; x_wconf 86' lang='lat' dir='ltr'>hac.</span> <span class='ocrx_word' id='word_1_259' title='bbox 1551 381 1589 414; x_wconf 88' lang='lat' dir='ltr'>de</span> <span class='ocrx_word' id='word_1_260' title='bbox 1617 391 1725 421; x_wconf 85' lang='lat' dir='ltr'>causa,</span> 
     </span>
     <span class='ocr_line' id='line_1_56' title="bbox 976 434 1726 479; baseline -0.004 -11"><span class='ocrx_word' id='word_1_261' title='bbox 976 436 1147 469; x_wconf 85' lang='lat' dir='ltr'>imminuto</span> <span class='ocrx_word' id='word_1_262' title='bbox 1164 436 1357 479; x_wconf 83' lang='lat' dir='ltr'>patrimonio</span> <span class='ocrx_word' id='word_1_263' title='bbox 1375 435 1438 468; x_wconf 76' lang='lat' dir='ltr'>sive</span> <span class='ocrx_word' id='word_1_264' title='bbox 1456 447 1488 467; x_wconf 71' lang='lat' dir='ltr'>rt·</span> <span class='ocrx_word' id='word_1_265' title='bbox 1505 434 1652 467; x_wconf 76' lang='lat' dir='ltr'>familiari</span> <span class='ocrx_word' id='word_1_266' title='bbox 1669 434 1726 466; x_wconf 81' lang='lat' dir='ltr'>al)-</span> 
     </span>
     <span class='ocr_line' id='line_1_57' title="bbox 977 489 1724 533; baseline -0.004 -10"><span class='ocrx_word' id='word_1_267' title='bbox 977 495 1116 533; x_wconf 82' lang='lat' dir='ltr'>sumpta,</span> <span class='ocrx_word' id='word_1_268' title='bbox 1139 490 1177 522; x_wconf 79' lang='lat' dir='ltr'>ad</span> <span class='ocrx_word' id='word_1_269' title='bbox 1212 495 1433 533; x_wconf 64' lang='lat' dir='ltr'>paupertatem</span> <span class='ocrx_word' id='word_1_270' title='bbox 1467 489 1666 529; x_wconf 65' lang='lat' dir='ltr'>redigantur,</span> <span class='ocrx_word' id='word_1_271' title='bbox 1697 493 1724 520; x_wconf 90' lang='lat' dir='ltr'>et</span> 
     </span>
     <span class='ocr_line' id='line_1_58' title="bbox 977 542 1725 587; baseline -0.003 -11"><span class='ocrx_word' id='word_1_272' title='bbox 977 543 1117 587; x_wconf 88' lang='lat' dir='ltr'>plurima</span> <span class='ocrx_word' id='word_1_273' title='bbox 1137 542 1250 575; x_wconf 80' lang='lat' dir='ltr'>exinde</span> <span class='ocrx_word' id='word_1_274' title='bbox 1271 543 1386 575; x_wconf 65' lang='lat' dir='ltr'>‹lauma</span> <span class='ocrx_word' id='word_1_275' title='bbox 1399 547 1429 574; x_wconf 68' lang='lat' dir='ltr'>vt.</span> <span class='ocrx_word' id='word_1_276' title='bbox 1449 542 1592 586; x_wconf 84' lang='lat' dir='ltr'>pericula</span> <span class='ocrx_word' id='word_1_277' title='bbox 1610 551 1725 585; x_wconf 69' lang='lat' dir='ltr'>prore-</span> 
     </span>
     <span class='ocr_line' id='line_1_59' title="bbox 976 594 1725 637; baseline -0.007 -7"><span class='ocrx_word' id='word_1_278' title='bbox 976 598 1078 636; x_wconf 78' lang='lat' dir='ltr'>uiant,</span> <span class='ocrx_word' id='word_1_279' title='bbox 1101 597 1154 629; x_wconf 83' lang='lat' dir='ltr'>sed</span> <span class='ocrx_word' id='word_1_280' title='bbox 1176 596 1270 628; x_wconf 73' lang='lat' dir='ltr'>etiam</span> <span class='ocrx_word' id='word_1_281' title='bbox 1292 596 1330 627; x_wconf 84' lang='lat' dir='ltr'>ad</span> <span class='ocrx_word' id='word_1_282' title='bbox 1345 596 1524 627; x_wconf 66' lang='lat' dir='ltr'>universam</span> <span class='ocrx_word' id='word_1_283' title='bbox 1546 594 1725 637; x_wconf 83' lang='lat' dir='ltr'>rempubli-</span> 
     </span>
     <span class='ocr_line' id='line_1_60' title="bbox 977 646 1725 692; baseline -0.007 -9"><span class='ocrx_word' id='word_1_284' title='bbox 977 661 1046 683; x_wconf 88' lang='lat' dir='ltr'>cam</span> <span class='ocrx_word' id='word_1_285' title='bbox 1065 649 1232 692; x_wconf 77' lang='lat' dir='ltr'>pertint-at,</span> <span class='ocrx_word' id='word_1_286' title='bbox 1254 649 1347 680; x_wconf 83' lang='lat' dir='ltr'>cuius</span> <span class='ocrx_word' id='word_1_287' title='bbox 1368 648 1496 680; x_wconf 77' lang='lat' dir='ltr'>interest</span> <span class='ocrx_word' id='word_1_288' title='bbox 1512 646 1725 679; x_wconf 76' lang='lat' dir='ltr'>civeshabere</span> 
     </span>
     <span class='ocr_line' id='line_1_61' title="bbox 976 699 1724 746; baseline -0.005 -10"><span class='ocrx_word' id='word_1_289' title='bbox 976 704 1167 746; x_wconf 72' lang='lat' dir='ltr'>locupletes,</span> <span class='ocrx_word' id='word_1_290' title='bbox 1190 708 1221 734; x_wconf 90' lang='lat' dir='ltr'>et.</span> <span class='ocrx_word' id='word_1_291' title='bbox 1241 712 1280 734; x_wconf 86' lang='lat' dir='ltr'>ne</span> <span class='ocrx_word' id='word_1_292' title='bbox 1303 701 1413 745; x_wconf 77' lang='lat' dir='ltr'>privati</span> <span class='ocrx_word' id='word_1_293' title='bbox 1437 701 1532 733; x_wconf 82' lang='lat' dir='ltr'>rebus</span> <span class='ocrx_word' id='word_1_294' title='bbox 1551 700 1618 732; x_wconf 80' lang='lat' dir='ltr'>suis</span> <span class='ocrx_word' id='word_1_295' title='bbox 1641 699 1724 732; x_wconf 84' lang='lat' dir='ltr'>male</span> 
     </span>
     <span class='ocr_line' id='line_1_62' title="bbox 976 754 1726 800; baseline -0.005 -11"><span class='ocrx_word' id='word_1_296' title='bbox 976 763 1122 796; x_wconf 84' lang='lat' dir='ltr'>utantur,</span> <span class='ocrx_word' id='word_1_297' title='bbox 1140 756 1315 800; x_wconf 76' lang='lat' dir='ltr'>praecipue</span> <span class='ocrx_word' id='word_1_298' title='bbox 1340 755 1399 786; x_wconf 73' lang='lat' dir='ltr'>lior</span> <span class='ocrx_word' id='word_1_299' title='bbox 1427 754 1530 797; x_wconf 77' lang='lat' dir='ltr'>ipsum</span> <span class='ocrx_word' id='word_1_300' title='bbox 1552 754 1726 786; x_wconf 77' lang='lat' dir='ltr'>observan-</span> 
     </span>
     <span class='ocr_line' id='line_1_63' title="bbox 975 809 1722 850; baseline -0.008 -6"><span class='ocrx_word' id='word_1_301' title='bbox 975 812 1050 844; x_wconf 87' lang='lat' dir='ltr'>dum</span> <span class='ocrx_word' id='word_1_302' title='bbox 1072 815 1116 843; x_wconf 86' lang='lat' dir='ltr'>cst</span> <span class='ocrx_word' id='word_1_303' title='bbox 1138 810 1170 842; x_wconf 89' lang='lat' dir='ltr'>in</span> <span class='ocrx_word' id='word_1_304' title='bbox 1191 810 1249 842; x_wconf 80' lang='lat' dir='ltr'>liae</span> <span class='ocrx_word' id='word_1_305' title='bbox 1272 809 1353 841; x_wconf 85' lang='lat' dir='ltr'>alma</span> <span class='ocrx_word' id='word_1_306' title='bbox 1368 809 1450 841; x_wconf 75' lang='lat' dir='ltr'>[rho</span> <span class='ocrx_word' id='word_1_307' title='bbox 1472 812 1590 845; x_wconf 80' lang='lat' dir='ltr'>nostra,</span> <span class='ocrx_word' id='word_1_308' title='bbox 1609 817 1645 839; x_wconf 77' lang='lat' dir='ltr'>cx</span> <span class='ocrx_word' id='word_1_309' title='bbox 1661 818 1722 850; x_wconf 86' lang='lat' dir='ltr'>qua</span> 
     </span>
     <span class='ocr_line' id='line_1_64' title="bbox 975 859 1723 908; baseline -0.007 -11"><span class='ocrx_word' id='word_1_310' title='bbox 975 871 1139 908; x_wconf 77' lang='lat' dir='ltr'>tamquam</span> <span class='ocrx_word' id='word_1_311' title='bbox 1172 873 1209 896; x_wconf 75' lang='lat' dir='ltr'>ex</span> <span class='ocrx_word' id='word_1_312' title='bbox 1239 861 1403 895; x_wconf 83' lang='lat' dir='ltr'>communi</span> <span class='ocrx_word' id='word_1_313' title='bbox 1425 859 1570 893; x_wconf 89' lang='lat' dir='ltr'>omnium</span> <span class='ocrx_word' id='word_1_314' title='bbox 1598 860 1723 903; x_wconf 84' lang='lat' dir='ltr'>patria,</span> 
     </span>
     <span class='ocr_line' id='line_1_65' title="bbox 974 914 1723 960; baseline -0.008 -9"><span class='ocrx_word' id='word_1_315' title='bbox 974 917 1181 960; x_wconf 79' lang='lat' dir='ltr'>frugalitatis.</span> <span class='ocrx_word' id='word_1_316' title='bbox 1215 915 1392 949; x_wconf 83' lang='lat' dir='ltr'>modestiae</span> <span class='ocrx_word' id='word_1_317' title='bbox 1417 926 1452 946; x_wconf 75' lang='lat' dir='ltr'>ar</span> <span class='ocrx_word' id='word_1_318' title='bbox 1472 914 1631 947; x_wconf 86' lang='lat' dir='ltr'>bonorum</span> <span class='ocrx_word' id='word_1_319' title='bbox 1653 924 1723 945; x_wconf 83' lang='lat' dir='ltr'>rno-</span> 
     </span>
     <span class='ocr_line' id='line_1_66' title="bbox 975 968 1720 1014; baseline -0.007 -10"><span class='ocrx_word' id='word_1_320' title='bbox 975 983 1046 1004; x_wconf 89' lang='lat' dir='ltr'>rum</span> <span class='ocrx_word' id='word_1_321' title='bbox 1057 972 1202 1014; x_wconf 80' lang='lat' dir='ltr'>exempla</span> <span class='ocrx_word' id='word_1_322' title='bbox 1215 970 1251 1002; x_wconf 77' lang='lat' dir='ltr'>:ul</span> <span class='ocrx_word' id='word_1_323' title='bbox 1269 975 1394 1002; x_wconf 74' lang='lat' dir='ltr'>exteros</span> <span class='ocrx_word' id='word_1_324' title='bbox 1410 979 1540 1001; x_wconf 85' lang='lat' dir='ltr'>manare</span> <span class='ocrx_word' id='word_1_325' title='bbox 1561 968 1720 1004; x_wconf 69' lang='lat' dir='ltr'>convenit,</span> 
     </span>
     <span class='ocr_line' id='line_1_67' title="bbox 974 1021 1723 1068; baseline -0.008 -9"><span class='ocrx_word' id='word_1_326' title='bbox 974 1032 1010 1059; x_wconf 89' lang='lat' dir='ltr'>ut</span> <span class='ocrx_word' id='word_1_327' title='bbox 1034 1036 1118 1068; x_wconf 85' lang='lat' dir='ltr'>quac</span> <span class='ocrx_word' id='word_1_328' title='bbox 1138 1030 1183 1057; x_wconf 92' lang='lat' dir='ltr'>tot</span> <span class='ocrx_word' id='word_1_329' title='bbox 1205 1024 1297 1057; x_wconf 86' lang='lat' dir='ltr'>donis</span> <span class='ocrx_word' id='word_1_330' title='bbox 1332 1034 1367 1055; x_wconf 81' lang='lat' dir='ltr'>ac</span> <span class='ocrx_word' id='word_1_331' title='bbox 1407 1021 1637 1065; x_wconf 60' lang='lat' dir='ltr'>praerogativis</span> <span class='ocrx_word' id='word_1_332' title='bbox 1670 1033 1723 1054; x_wconf 76' lang='lat' dir='ltr'>ex-</span> 
     </span>
     <span class='ocr_line' id='line_1_68' title="bbox 975 1074 1726 1121; baseline -0.008 -8"><span class='ocrx_word' id='word_1_333' title='bbox 975 1080 1074 1119; x_wconf 83' lang='lat' dir='ltr'>cellit,</span> <span class='ocrx_word' id='word_1_334' title='bbox 1095 1079 1206 1112; x_wconf 86' lang='lat' dir='ltr'>eadem</span> <span class='ocrx_word' id='word_1_335' title='bbox 1228 1074 1535 1121; x_wconf 65' lang='lat' dir='ltr'>oltvtimisinstitutis,</span> <span class='ocrx_word' id='word_1_336' title='bbox 1558 1075 1726 1118; x_wconf 52' lang='lat' dir='ltr'>legibusve,</span> 
     </span>
     <span class='ocr_line' id='line_1_69' title="bbox 975 1128 1722 1172; baseline -0.011 -4"><span class='ocrx_word' id='word_1_337' title='bbox 975 1132 1264 1168; x_wconf 84' lang='lat' dir='ltr'>consuetudinibus</span> <span class='ocrx_word' id='word_1_338' title='bbox 1283 1129 1322 1163; x_wconf 88' lang='lat' dir='ltr'>sit</span> <span class='ocrx_word' id='word_1_339' title='bbox 1339 1135 1528 1172; x_wconf 80' lang='lat' dir='ltr'>temperata,</span> <span class='ocrx_word' id='word_1_340' title='bbox 1548 1128 1640 1161; x_wconf 83' lang='lat' dir='ltr'>sicuti</span> <span class='ocrx_word' id='word_1_341' title='bbox 1661 1128 1722 1160; x_wconf 83' lang='lat' dir='ltr'>iam</span> 
     </span>
     <span class='ocr_line' id='line_1_70' title="bbox 974 1180 1725 1230; baseline -0.011 -10"><span class='ocrx_word' id='word_1_342' title='bbox 974 1187 1050 1220; x_wconf 86' lang='lat' dir='ltr'>inde</span> <span class='ocrx_word' id='word_1_343' title='bbox 1074 1198 1091 1218; x_wconf 86' lang='lat' dir='ltr'>a</span> <span class='ocrx_word' id='word_1_344' title='bbox 1111 1184 1227 1230; x_wconf 80' lang='lat' dir='ltr'>priscis</span> <span class='ocrx_word' id='word_1_345' title='bbox 1246 1184 1340 1216; x_wconf 85' lang='lat' dir='ltr'>etiam</span> <span class='ocrx_word' id='word_1_346' title='bbox 1363 1182 1506 1215; x_wconf 72' lang='lat' dir='ltr'>florentis</span> <span class='ocrx_word' id='word_1_347' title='bbox 1526 1180 1725 1224; x_wconf 82' lang='lat' dir='ltr'>reipublicae</span> 
     </span>
     <span class='ocr_line' id='line_1_71' title="bbox 975 1234 1725 1280; baseline -0.011 -7"><span class='ocrx_word' id='word_1_348' title='bbox 975 1239 1124 1279; x_wconf 80' lang='lat' dir='ltr'>saeculis,</span> <span class='ocrx_word' id='word_1_349' title='bbox 1148 1249 1220 1271; x_wconf 76' lang='lat' dir='ltr'>mox</span> <span class='ocrx_word' id='word_1_350' title='bbox 1239 1237 1483 1280; x_wconf 83' lang='lat' dir='ltr'>imperatorum,</span> <span class='ocrx_word' id='word_1_351' title='bbox 1506 1245 1544 1267; x_wconf 81' lang='lat' dir='ltr'>ae</span> <span class='ocrx_word' id='word_1_352' title='bbox 1573 1234 1725 1277; x_wconf 74' lang='lat' dir='ltr'>deinceps</span> 
     </span>
     <span class='ocr_line' id='line_1_72' title="bbox 975 1286 1722 1337; baseline -0.011 -11"><span class='ocrx_word' id='word_1_353' title='bbox 975 1291 1208 1337; x_wconf 82' lang='lat' dir='ltr'>posterioribus</span> <span class='ocrx_word' id='word_1_354' title='bbox 1244 1290 1465 1323; x_wconf 85' lang='lat' dir='ltr'>Romanorum</span> <span class='ocrx_word' id='word_1_355' title='bbox 1508 1286 1722 1327; x_wconf 82' lang='lat' dir='ltr'>Pontificum,</span> 
     </span>
     <span class='ocr_line' id='line_1_73' title="bbox 975 1339 1725 1390; baseline -0.007 -13"><span class='ocrx_word' id='word_1_356' title='bbox 975 1345 1166 1390; x_wconf 85' lang='lat' dir='ltr'>praesertim</span> <span class='ocrx_word' id='word_1_357' title='bbox 1188 1344 1289 1377; x_wconf 83' lang='lat' dir='ltr'>felicis</span> <span class='ocrx_word' id='word_1_358' title='bbox 1300 1341 1534 1376; x_wconf 81' lang='lat' dir='ltr'>recordationis</span> <span class='ocrx_word' id='word_1_359' title='bbox 1553 1339 1725 1374; x_wconf 76' lang='lat' dir='ltr'>Clementis</span> 
     </span>
     <span class='ocr_line' id='line_1_74' title="bbox 975 1395 1726 1439; baseline -0.012 -6"><span class='ocrx_word' id='word_1_360' title='bbox 975 1400 1038 1439; x_wconf 72' lang='lat' dir='ltr'>VII,</span> <span class='ocrx_word' id='word_1_361' title='bbox 1063 1398 1108 1432; x_wconf 89' lang='lat' dir='ltr'>Pii</span> <span class='ocrx_word' id='word_1_362' title='bbox 1138 1398 1174 1431; x_wconf 80' lang='lat' dir='ltr'>IV</span> <span class='ocrx_word' id='word_1_363' title='bbox 1198 1402 1229 1429; x_wconf 87' lang='lat' dir='ltr'>et</span> <span class='ocrx_word' id='word_1_364' title='bbox 1248 1396 1293 1429; x_wconf 86' lang='lat' dir='ltr'>Pii</span> <span class='ocrx_word' id='word_1_365' title='bbox 1314 1396 1338 1426; x_wconf 72' lang='lat' dir='ltr'>V</span> <span class='ocrx_word' id='word_1_366' title='bbox 1362 1395 1648 1439; x_wconf 83' lang='lat' dir='ltr'>praedecessorum</span> <span class='ocrx_word' id='word_1_367' title='bbox 1670 1403 1726 1425; x_wconf 89' lang='lat' dir='ltr'>no-</span> 
     </span>
     <span class='ocr_line' id='line_1_75' title="bbox 976 1446 1724 1494; baseline -0.008 -10"><span class='ocrx_word' id='word_1_368' title='bbox 976 1459 1134 1491; x_wconf 82' lang='lat' dir='ltr'>strorum,</span> <span class='ocrx_word' id='word_1_369' title='bbox 1174 1449 1398 1494; x_wconf 83' lang='lat' dir='ltr'>temporibus,</span> <span class='ocrx_word' id='word_1_370' title='bbox 1429 1448 1462 1480; x_wconf 90' lang='lat' dir='ltr'>in</span> <span class='ocrx_word' id='word_1_371' title='bbox 1493 1447 1603 1480; x_wconf 86' lang='lat' dir='ltr'>eadem</span> <span class='ocrx_word' id='word_1_372' title='bbox 1640 1446 1724 1479; x_wconf 79' lang='lat' dir='ltr'>L&#39;rhe</span> 
     </span>
     <span class='ocr_line' id='line_1_76' title="bbox 976 1500 1726 1547; baseline -0.012 -8"><span class='ocrx_word' id='word_1_373' title='bbox 976 1507 1077 1539; x_wconf 86' lang='lat' dir='ltr'>Roma</span> <span class='ocrx_word' id='word_1_374' title='bbox 1097 1505 1282 1547; x_wconf 82' lang='lat' dir='ltr'>complures</span> <span class='ocrx_word' id='word_1_375' title='bbox 1296 1503 1383 1545; x_wconf 72' lang='lat' dir='ltr'>leges</span> <span class='ocrx_word' id='word_1_376' title='bbox 1400 1512 1435 1534; x_wconf 86' lang='lat' dir='ltr'>ac</span> <span class='ocrx_word' id='word_1_377' title='bbox 1457 1506 1573 1534; x_wconf 84' lang='lat' dir='ltr'>statuta</span> <span class='ocrx_word' id='word_1_378' title='bbox 1588 1500 1626 1532; x_wconf 87' lang='lat' dir='ltr'>de</span> <span class='ocrx_word' id='word_1_379' title='bbox 1640 1510 1726 1531; x_wconf 81' lang='lat' dir='ltr'>sum-</span> 
     </span>
     <span class='ocr_line' id='line_1_77' title="bbox 976 1553 1726 1604; baseline -0.012 -11"><span class='ocrx_word' id='word_1_380' title='bbox 976 1556 1317 1604; x_wconf 69' lang='lat' dir='ltr'>ptibusimnweleratis</span> <span class='ocrx_word' id='word_1_381' title='bbox 1337 1554 1537 1593; x_wconf 75' lang='lat' dir='ltr'>coercendis,</span> <span class='ocrx_word' id='word_1_382' title='bbox 1555 1553 1726 1586; x_wconf 60' lang='lat' dir='ltr'>salubriter</span> 
     </span>
     <span class='ocr_line' id='line_1_78' title="bbox 977 1612 1725 1648; baseline -0.012 -2"><span class='ocrx_word' id='word_1_383' title='bbox 977 1613 1063 1646; x_wconf 77' lang='lat' dir='ltr'>edita</span> <span class='ocrx_word' id='word_1_384' title='bbox 1082 1612 1224 1644; x_wconf 83' lang='lat' dir='ltr'>fuerunt.</span> <span class='ocrx_word' id='word_1_385' title='bbox 1252 1612 1338 1648; x_wconf 76' lang='lat' dir='ltr'>Quae</span> <span class='ocrx_word' id='word_1_386' title='bbox 1365 1619 1437 1641; x_wconf 82' lang='lat' dir='ltr'>eum</span> <span class='ocrx_word' id='word_1_387' title='bbox 1463 1618 1613 1640; x_wconf 71' lang='lat' dir='ltr'>successu</span> <span class='ocrx_word' id='word_1_388' title='bbox 1646 1612 1725 1638; x_wconf 87' lang='lat' dir='ltr'>tem-</span> 
     </span>
     <span class='ocr_line' id='line_1_79' title="bbox 977 1660 1726 1710; baseline -0.008 -13"><span class='ocrx_word' id='word_1_389' title='bbox 977 1676 1094 1710; x_wconf 86' lang='lat' dir='ltr'>porum</span> <span class='ocrx_word' id='word_1_390' title='bbox 1120 1663 1252 1696; x_wconf 87' lang='lat' dir='ltr'>minime</span> <span class='ocrx_word' id='word_1_391' title='bbox 1274 1661 1390 1695; x_wconf 79' lang='lat' dir='ltr'>suerint</span> <span class='ocrx_word' id='word_1_392' title='bbox 1416 1662 1593 1699; x_wconf 73' lang='lat' dir='ltr'>observata,</span> <span class='ocrx_word' id='word_1_393' title='bbox 1616 1665 1646 1692; x_wconf 74' lang='lat' dir='ltr'>et</span> <span class='ocrx_word' id='word_1_394' title='bbox 1666 1660 1726 1692; x_wconf 77' lang='lat' dir='ltr'>liae</span> 
     </span>
     <span class='ocr_line' id='line_1_80' title="bbox 977 1713 1727 1760; baseline -0.011 -8"><span class='ocrx_word' id='word_1_395' title='bbox 977 1720 1072 1753; x_wconf 85' lang='lat' dir='ltr'>etiam</span> <span class='ocrx_word' id='word_1_396' title='bbox 1105 1721 1306 1760; x_wconf 70' lang='lat' dir='ltr'>tempestate,</span> <span class='ocrx_word' id='word_1_397' title='bbox 1343 1720 1409 1746; x_wconf 90' lang='lat' dir='ltr'>tum</span> <span class='ocrx_word' id='word_1_398' title='bbox 1440 1714 1472 1745; x_wconf 85' lang='lat' dir='ltr'>in</span> <span class='ocrx_word' id='word_1_399' title='bbox 1494 1713 1727 1746; x_wconf 66' lang='lat' dir='ltr'>constituendis</span> 
     </span>
     <span class='ocr_line' id='line_1_81' title="bbox 977 1767 1725 1814; baseline -0.009 -9"><span class='ocrx_word' id='word_1_400' title='bbox 977 1772 1107 1805; x_wconf 89' lang='lat' dir='ltr'>dotibus</span> <span class='ocrx_word' id='word_1_401' title='bbox 1128 1770 1322 1814; x_wconf 75' lang='lat' dir='ltr'>puellarum,</span> <span class='ocrx_word' id='word_1_402' title='bbox 1336 1778 1418 1811; x_wconf 78' lang='lat' dir='ltr'>quae</span> <span class='ocrx_word' id='word_1_403' title='bbox 1439 1767 1470 1799; x_wconf 90' lang='lat' dir='ltr'>in</span> <span class='ocrx_word' id='word_1_404' title='bbox 1484 1767 1725 1799; x_wconf 75' lang='lat' dir='ltr'>matrimonium</span> 
     </span>
     <span class='ocr_line' id='line_1_82' title="bbox 978 1819 1727 1864; baseline -0.009 -6"><span class='ocrx_word' id='word_1_405' title='bbox 978 1826 1192 1861; x_wconf 84' lang='lat' dir='ltr'>collocantur,</span> <span class='ocrx_word' id='word_1_406' title='bbox 1228 1828 1294 1854; x_wconf 90' lang='lat' dir='ltr'>tum</span> <span class='ocrx_word' id='word_1_407' title='bbox 1317 1822 1348 1853; x_wconf 89' lang='lat' dir='ltr'>iu</span> <span class='ocrx_word' id='word_1_408' title='bbox 1375 1819 1621 1863; x_wconf 62' lang='lat' dir='ltr'>supervacaneis</span> <span class='ocrx_word' id='word_1_409' title='bbox 1657 1820 1727 1864; x_wconf 84' lang='lat' dir='ltr'>ple-</span> 
     </span>
     <span class='ocr_line' id='line_1_83' title="bbox 977 1874 1726 1921; baseline -0.011 -9"><span class='ocrx_word' id='word_1_410' title='bbox 977 1888 1116 1921; x_wconf 85' lang='lat' dir='ltr'>rumque</span> <span class='ocrx_word' id='word_1_411' title='bbox 1136 1882 1169 1910; x_wconf 84' lang='lat' dir='ltr'>et</span> <span class='ocrx_word' id='word_1_412' title='bbox 1194 1875 1325 1908; x_wconf 84' lang='lat' dir='ltr'>minime</span> <span class='ocrx_word' id='word_1_413' title='bbox 1346 1874 1534 1907; x_wconf 71' lang='lat' dir='ltr'>decentibus</span> <span class='ocrx_word' id='word_1_414' title='bbox 1554 1883 1726 1905; x_wconf 79' lang='lat' dir='ltr'>ornamen-</span> 
     </span>
     <span class='ocr_line' id='line_1_84' title="bbox 979 1926 1726 1972; baseline -0.011 -7"><span class='ocrx_word' id='word_1_415' title='bbox 979 1932 1030 1972; x_wconf 87' lang='lat' dir='ltr'>tis,</span> <span class='ocrx_word' id='word_1_416' title='bbox 1052 1937 1115 1964; x_wconf 88' lang='lat' dir='ltr'>tam</span> <span class='ocrx_word' id='word_1_417' title='bbox 1128 1930 1212 1963; x_wconf 87' lang='lat' dir='ltr'>circa</span> <span class='ocrx_word' id='word_1_418' title='bbox 1233 1927 1391 1960; x_wconf 88' lang='lat' dir='ltr'>mundum</span> <span class='ocrx_word' id='word_1_419' title='bbox 1406 1926 1610 1965; x_wconf 86' lang='lat' dir='ltr'>muliebrem,</span> <span class='ocrx_word' id='word_1_420' title='bbox 1630 1936 1726 1968; x_wconf 85' lang='lat' dir='ltr'>quam</span> 
     </span>
     <span class='ocr_line' id='line_1_85' title="bbox 978 1978 1728 2019; baseline -0.009 -2"><span class='ocrx_word' id='word_1_421' title='bbox 978 1984 1064 2017; x_wconf 83' lang='lat' dir='ltr'>circa</span> <span class='ocrx_word' id='word_1_422' title='bbox 1084 1983 1275 2016; x_wconf 88' lang='lat' dir='ltr'>indumenta</span> <span class='ocrx_word' id='word_1_423' title='bbox 1303 1980 1397 2013; x_wconf 87' lang='lat' dir='ltr'>etiam</span> <span class='ocrx_word' id='word_1_424' title='bbox 1428 1979 1585 2019; x_wconf 74' lang='lat' dir='ltr'>virorum,</span> <span class='ocrx_word' id='word_1_425' title='bbox 1606 1983 1674 2011; x_wconf 89' lang='lat' dir='ltr'>tum</span> <span class='ocrx_word' id='word_1_426' title='bbox 1696 1978 1728 2011; x_wconf 91' lang='lat' dir='ltr'>in</span> 
     </span>
     <span class='ocr_line' id='line_1_86' title="bbox 979 2032 1728 2076; baseline -0.009 -5"><span class='ocrx_word' id='word_1_427' title='bbox 979 2037 1132 2071; x_wconf 70' lang='lat' dir='ltr'>conviviis</span> <span class='ocrx_word' id='word_1_428' title='bbox 1152 2042 1182 2068; x_wconf 87' lang='lat' dir='ltr'>et</span> <span class='ocrx_word' id='word_1_429' title='bbox 1201 2035 1271 2068; x_wconf 84' lang='lat' dir='ltr'>aliis</span> <span class='ocrx_word' id='word_1_430' title='bbox 1284 2033 1469 2067; x_wconf 80' lang='lat' dir='ltr'>huiusmodi</span> <span class='ocrx_word' id='word_1_431' title='bbox 1486 2032 1596 2072; x_wconf 83' lang='lat' dir='ltr'>rebus,</span> <span class='ocrx_word' id='word_1_432' title='bbox 1613 2042 1728 2076; x_wconf 88' lang='lat' dir='ltr'>super-</span> 
     </span>
     <span class='ocr_line' id='line_1_87' title="bbox 979 2085 1726 2132; baseline -0.008 -9"><span class='ocrx_word' id='word_1_433' title='bbox 979 2091 1035 2123; x_wconf 84' lang='lat' dir='ltr'>ttui</span> <span class='ocrx_word' id='word_1_434' title='bbox 1061 2101 1097 2123; x_wconf 87' lang='lat' dir='ltr'>ac</span> <span class='ocrx_word' id='word_1_435' title='bbox 1135 2099 1194 2132; x_wconf 89' lang='lat' dir='ltr'>pro</span> <span class='ocrx_word' id='word_1_436' title='bbox 1232 2088 1328 2120; x_wconf 89' lang='lat' dir='ltr'>modo</span> <span class='ocrx_word' id='word_1_437' title='bbox 1367 2087 1554 2119; x_wconf 69' lang='lat' dir='ltr'>facultatum</span> <span class='ocrx_word' id='word_1_438' title='bbox 1576 2085 1726 2119; x_wconf 75' lang='lat' dir='ltr'>excessiri</span> 
     </span>
     <span class='ocr_line' id='line_1_88' title="bbox 979 2140 1728 2188; baseline -0.007 -12"><span class='ocrx_word' id='word_1_439' title='bbox 979 2148 1126 2188; x_wconf 90' lang='lat' dir='ltr'>sumptus</span> <span class='ocrx_word' id='word_1_440' title='bbox 1145 2143 1235 2176; x_wconf 82' lang='lat' dir='ltr'>fiant.</span> <span class='ocrx_word' id='word_1_441' title='bbox 1258 2140 1393 2179; x_wconf 82' lang='lat' dir='ltr'>Idcirco,</span> <span class='ocrx_word' id='word_1_442' title='bbox 1416 2150 1474 2183; x_wconf 89' lang='lat' dir='ltr'>pro</span> <span class='ocrx_word' id='word_1_443' title='bbox 1499 2151 1536 2172; x_wconf 85' lang='lat' dir='ltr'>eo</span> <span class='ocrx_word' id='word_1_444' title='bbox 1556 2149 1652 2182; x_wconf 85' lang='lat' dir='ltr'>quem</span> <span class='ocrx_word' id='word_1_445' title='bbox 1673 2149 1728 2181; x_wconf 76' lang='lat' dir='ltr'>ge-</span> 
     </span>
     <span class='ocr_line' id='line_1_89' title="bbox 979 2191 1728 2238; baseline -0.008 -9"><span class='ocrx_word' id='word_1_446' title='bbox 979 2197 1081 2229; x_wconf 87' lang='lat' dir='ltr'>rimus</span> <span class='ocrx_word' id='word_1_447' title='bbox 1096 2206 1172 2238; x_wconf 72' lang='lat' dir='ltr'>erga</span> <span class='ocrx_word' id='word_1_448' title='bbox 1192 2195 1336 2228; x_wconf 87' lang='lat' dir='ltr'>camdem</span> <span class='ocrx_word' id='word_1_449' title='bbox 1359 2199 1500 2226; x_wconf 83' lang='lat' dir='ltr'>nostram</span> <span class='ocrx_word' id='word_1_450' title='bbox 1517 2192 1676 2226; x_wconf 78' lang='lat' dir='ltr'>civitatem</span> <span class='ocrx_word' id='word_1_451' title='bbox 1690 2191 1728 2224; x_wconf 92' lang='lat' dir='ltr'>il-</span> 
     </span>
     <span class='ocr_line' id='line_1_90' title="bbox 980 2245 1731 2293; baseline -0.009 -10"><span class='ocrx_word' id='word_1_452' title='bbox 980 2250 1107 2293; x_wconf 84' lang='lat' dir='ltr'>liusque</span> <span class='ocrx_word' id='word_1_453' title='bbox 1128 2249 1286 2292; x_wconf 88' lang='lat' dir='ltr'>populum</span> <span class='ocrx_word' id='word_1_454' title='bbox 1306 2253 1459 2290; x_wconf 80' lang='lat' dir='ltr'>paternae</span> <span class='ocrx_word' id='word_1_455' title='bbox 1479 2245 1660 2279; x_wconf 84' lang='lat' dir='ltr'>dilectionis</span> <span class='ocrx_word' id='word_1_456' title='bbox 1684 2246 1731 2277; x_wconf 82' lang='lat' dir='ltr'>al&#39;-</span> 
     </span>
     <span class='ocr_line' id='line_1_91' title="bbox 980 2298 1729 2345; baseline -0.007 -10"><span class='ocrx_word' id='word_1_457' title='bbox 980 2304 1079 2342; x_wconf 82' lang='lat' dir='ltr'>fectu,</span> <span class='ocrx_word' id='word_1_458' title='bbox 1100 2302 1132 2334; x_wconf 87' lang='lat' dir='ltr'>in</span> <span class='ocrx_word' id='word_1_459' title='bbox 1153 2301 1265 2345; x_wconf 86' lang='lat' dir='ltr'>primis</span> <span class='ocrx_word' id='word_1_460' title='bbox 1291 2299 1384 2332; x_wconf 78' lang='lat' dir='ltr'>nobis</span> <span class='ocrx_word' id='word_1_461' title='bbox 1412 2299 1501 2332; x_wconf 84' lang='lat' dir='ltr'>cordi</span> <span class='ocrx_word' id='word_1_462' title='bbox 1532 2299 1591 2331; x_wconf 79' lang='lat' dir='ltr'>suit</span> <span class='ocrx_word' id='word_1_463' title='bbox 1614 2298 1729 2330; x_wconf 85' lang='lat' dir='ltr'>huius-</span> 
     </span>
     <span class='ocr_line' id='line_1_92' title="bbox 981 2348 1728 2392; baseline -0.008 -7"><span class='ocrx_word' id='word_1_464' title='bbox 981 2351 1068 2385; x_wconf 89' lang='lat' dir='ltr'>modi</span> <span class='ocrx_word' id='word_1_465' title='bbox 1094 2351 1224 2389; x_wconf 84' lang='lat' dir='ltr'>abusus,</span> <span class='ocrx_word' id='word_1_466' title='bbox 1256 2355 1427 2392; x_wconf 79' lang='lat' dir='ltr'>autequam</span> <span class='ocrx_word' id='word_1_467' title='bbox 1459 2348 1555 2381; x_wconf 85' lang='lat' dir='ltr'>latius</span> <span class='ocrx_word' id='word_1_468' title='bbox 1585 2353 1728 2391; x_wconf 81' lang='lat' dir='ltr'>serpant,</span> 
     </span>
     <span class='ocr_line' id='line_1_93' title="bbox 981 2395 1729 2440; baseline -0.004 -8"><span class='ocrx_word' id='word_1_469' title='bbox 981 2401 1020 2434; x_wconf 86' lang='lat' dir='ltr'>de</span> <span class='ocrx_word' id='word_1_470' title='bbox 1035 2399 1142 2433; x_wconf 90' lang='lat' dir='ltr'>medio</span> <span class='ocrx_word' id='word_1_471' title='bbox 1162 2399 1288 2437; x_wconf 79' lang='lat' dir='ltr'>tollere,</span> <span class='ocrx_word' id='word_1_472' title='bbox 1311 2395 1522 2440; x_wconf 76' lang='lat' dir='ltr'>et,&#39;exentplo</span> <span class='ocrx_word' id='word_1_473' title='bbox 1542 2402 1729 2429; x_wconf 87' lang='lat' dir='ltr'>nostrorum</span> 
     </span>
     <span class='ocr_line' id='line_1_94' title="bbox 980 2446 1730 2492; baseline -0.005 -11"><span class='ocrx_word' id='word_1_474' title='bbox 980 2447 1167 2482; x_wconf 88' lang='lat' dir='ltr'>huiusmodi</span> <span class='ocrx_word' id='word_1_475' title='bbox 1181 2447 1479 2492; x_wconf 83' lang='lat' dir='ltr'>praedecessorum,</span> <span class='ocrx_word' id='word_1_476' title='bbox 1501 2446 1661 2478; x_wconf 82' lang='lat' dir='ltr'>similibus</span> <span class='ocrx_word' id='word_1_477' title='bbox 1678 2456 1730 2478; x_wconf 86' lang='lat' dir='ltr'>re-</span> 
     </span>
     <span class='ocr_line' id='line_1_95' title="bbox 983 2495 1729 2539; baseline -0.003 -9"><span class='ocrx_word' id='word_1_478' title='bbox 983 2497 1096 2530; x_wconf 86' lang='lat' dir='ltr'>mediis</span> <span class='ocrx_word' id='word_1_479' title='bbox 1111 2496 1171 2530; x_wconf 82' lang='lat' dir='ltr'>uti.</span> <span class='ocrx_word' id='word_1_480' title='bbox 1194 2496 1334 2539; x_wconf 81' lang='lat' dir='ltr'>Ideoque</span> <span class='ocrx_word' id='word_1_481' title='bbox 1351 2495 1476 2528; x_wconf 75' lang='lat' dir='ltr'>dilectis</span> <span class='ocrx_word' id='word_1_482' title='bbox 1492 2495 1566 2527; x_wconf 81' lang='lat' dir='ltr'>tiliis</span> <span class='ocrx_word' id='word_1_483' title='bbox 1577 2495 1729 2528; x_wconf 78' lang='lat' dir='ltr'>Gamerae</span> 
     </span>
     <span class='ocr_line' id='line_1_96' title="bbox 983 2543 1728 2589; baseline -0.004 -10"><span class='ocrx_word' id='word_1_484' title='bbox 983 2546 1127 2579; x_wconf 87' lang='lat' dir='ltr'>eiusdem</span> <span class='ocrx_word' id='word_1_485' title='bbox 1147 2545 1240 2578; x_wconf 82' lang='lat' dir='ltr'>Urbis</span> <span class='ocrx_word' id='word_1_486' title='bbox 1259 2556 1296 2578; x_wconf 88' lang='lat' dir='ltr'>ac</span> <span class='ocrx_word' id='word_1_487' title='bbox 1313 2545 1423 2589; x_wconf 90' lang='lat' dir='ltr'>populi</span> <span class='ocrx_word' id='word_1_488' title='bbox 1448 2543 1581 2577; x_wconf 78' lang='lat' dir='ltr'>Romani</span> <span class='ocrx_word' id='word_1_489' title='bbox 1599 2553 1728 2577; x_wconf 83' lang='lat' dir='ltr'>conser—</span> 
     </span>
    </p>
   </div>
   <div class='ocr_carea' id='block_1_12' title="bbox 1746 166 1929 194">
    <p class='ocr_par' dir='ltr' id='par_1_12' title="bbox 1746 166 1929 194">
     <span class='ocr_line' id='line_1_97' title="bbox 1746 166 1929 194; baseline -0.011 -1"><span class='ocrx_word' id='word_1_490' title='bbox 1746 166 1796 193; x_wconf 29' lang='lat' dir='ltr'>.lui</span> <span class='ocrx_word' id='word_1_491' title='bbox 1815 166 1844 194; x_wconf 82' lang='grc' dir='ltr'>Γ..</span> <span class='ocrx_word' id='word_1_492' title='bbox 1862 167 1929 194; x_wconf 66' lang='lat'>1580</span> 
     </span>
    </p>
   </div>
   <div class='ocr_carea' id='block_1_13' title="bbox 1741 227 1929 659">
    <p class='ocr_par' dir='ltr' id='par_1_13' title="bbox 1741 227 1929 659">
     <span class='ocr_line' id='line_1_98' title="bbox 1771 227 1926 249; baseline -0.006 -2"><span class='ocrx_word' id='word_1_493' title='bbox 1771 227 1866 249; x_wconf 72' lang='lat' dir='ltr'>Ponttlcx</span> <span class='ocrx_word' id='word_1_494' title='bbox 1887 232 1926 249; x_wconf 51' lang='lat' dir='ltr'>istu:</span> 
     </span>
     <span class='ocr_line' id='line_1_99' title="bbox 1743 262 1928 286; baseline -0.022 -7"><span class='ocrx_word' id='word_1_495' title='bbox 1743 263 1768 279; x_wconf 68' lang='lat' dir='ltr'>el</span> <span class='ocrx_word' id='word_1_496' title='bbox 1784 262 1872 286; x_wconf 69' lang='lat' dir='ltr'>pulcrum</span> <span class='ocrx_word' id='word_1_497' title='bbox 1886 265 1928 280; x_wconf 63' lang='lat' dir='ltr'>ef-</span> 
     </span>
     <span class='ocr_line' id='line_1_100' title="bbox 1743 289 1929 315; baseline 0.005 -6"><span class='ocrx_word' id='word_1_498' title='bbox 1743 296 1767 315; x_wconf 70' lang='lat' dir='ltr'>ga</span> <span class='ocrx_word' id='word_1_499' title='bbox 1783 290 1858 310; x_wconf 66' lang='lat' dir='ltr'>alumni</span> <span class='ocrx_word' id='word_1_500' title='bbox 1887 289 1929 310; x_wconf 82' lang='lat' dir='ltr'>l&#39;r-</span> 
     </span>
     <span class='ocr_line' id='line_1_101' title="bbox 1743 322 1928 347; baseline 0 -5"><span class='ocrx_word' id='word_1_501' title='bbox 1743 322 1790 342; x_wconf 77' lang='lat' dir='ltr'>bem</span> <span class='ocrx_word' id='word_1_502' title='bbox 1805 322 1891 347; x_wconf 72' lang='lat' dir='ltr'>affectu,</span> <span class='ocrx_word' id='word_1_503' title='bbox 1905 325 1928 342; x_wconf 78' lang='lat' dir='ltr'>et</span> 
     </span>
     <span class='ocr_line' id='line_1_102' title="bbox 1743 354 1927 373; baseline 0 0"><span class='ocrx_word' id='word_1_504' title='bbox 1743 358 1768 373; x_wconf 71' lang='lat' dir='ltr'>ex</span> <span class='ocrx_word' id='word_1_505' title='bbox 1793 354 1863 373; x_wconf 75' lang='lat' dir='ltr'>causis</span> <span class='ocrx_word' id='word_1_506' title='bbox 1891 354 1927 373; x_wconf 70' lang='lat' dir='ltr'>liic</span> 
     </span>
     <span class='ocr_line' id='line_1_103' title="bbox 1742 385 1927 411; baseline 0 -7"><span class='ocrx_word' id='word_1_507' title='bbox 1742 385 1851 411; x_wconf 52' lang='lat' dir='ltr'>expressis</span> <span class='ocrx_word' id='word_1_508' title='bbox 1880 385 1927 404; x_wconf 79' lang='lat' dir='ltr'>ius-</span> 
     </span>
     <span class='ocr_line' id='line_1_104' title="bbox 1742 415 1928 436; baseline 0 -1"><span class='ocrx_word' id='word_1_509' title='bbox 1742 415 1769 435; x_wconf 79' lang='lat' dir='ltr'>sit.</span> <span class='ocrx_word' id='word_1_510' title='bbox 1784 419 1928 436; x_wconf 72' lang='lat' dir='ltr'>consertam-</span> 
     </span>
     <span class='ocr_line' id='line_1_105' title="bbox 1742 446 1927 474; baseline 0.005 -8"><span class='ocrx_word' id='word_1_511' title='bbox 1742 446 1799 466; x_wconf 82' lang='lat' dir='ltr'>ribus</span> <span class='ocrx_word' id='word_1_512' title='bbox 1808 446 1927 474; x_wconf 80' lang='lat' dir='ltr'>populillu-</span> 
     </span>
     <span class='ocr_line' id='line_1_106' title="bbox 1742 477 1925 503; baseline 0.011 -7"><span class='ocrx_word' id='word_1_513' title='bbox 1742 478 1805 503; x_wconf 75' lang='lat' dir='ltr'>unani,</span> <span class='ocrx_word' id='word_1_514' title='bbox 1822 480 1843 498; x_wconf 84' lang='lat' dir='ltr'>ut</span> <span class='ocrx_word' id='word_1_515' title='bbox 1852 477 1925 498; x_wconf 80' lang='lat' dir='ltr'>relut-</span> 
     </span>
     <span class='ocr_line' id='line_1_107' title="bbox 1741 508 1926 530; baseline 0 -2"><span class='ocrx_word' id='word_1_516' title='bbox 1741 509 1847 530; x_wconf 73' lang='lat' dir='ltr'>mntiones</span> <span class='ocrx_word' id='word_1_517' title='bbox 1865 508 1926 529; x_wconf 76' lang='lat' dir='ltr'>laee-</span> 
     </span>
     <span class='ocr_line' id='line_1_108' title="bbox 1742 542 1925 566; baseline 0.005 -7"><span class='ocrx_word' id='word_1_518' title='bbox 1742 542 1789 559; x_wconf 75' lang='lat' dir='ltr'>rcnt</span> <span class='ocrx_word' id='word_1_519' title='bbox 1819 542 1925 566; x_wconf 78' lang='lat' dir='ltr'>opportu-</span> 
     </span>
     <span class='ocr_line' id='line_1_109' title="bbox 1741 571 1926 598; baseline 0.011 -9"><span class='ocrx_word' id='word_1_520' title='bbox 1741 571 1926 598; x_wconf 42' lang='lat' dir='ltr'>:inanimaliumq-</span> 
     </span>
     <span class='ocr_line' id='line_1_110' title="bbox 1741 603 1925 622; baseline 0.005 -1"><span class='ocrx_word' id='word_1_521' title='bbox 1741 603 1826 622; x_wconf 70' lang='lat' dir='ltr'>tlerutos</span> <span class='ocrx_word' id='word_1_522' title='bbox 1865 607 1925 622; x_wconf 72' lang='lat' dir='ltr'>sum-</span> 
     </span>
     <span class='ocr_line' id='line_1_111' title="bbox 1741 637 1797 659; baseline -0.018 -6"><span class='ocrx_word' id='word_1_523' title='bbox 1741 637 1797 659; x_wconf 75' lang='lat' dir='ltr'>ptus.</span> 
     </span>
    </p>
   </div>
  </div>
 </body>
</html>
