2059 3228
90 233 143 261 Αη.
157 231 187 260 C.
206 232 275 262 15722

125 928 181 951 Facti
194 930 270 952 serios.

127 1302 241 1329 Privitegia
260 1310 272 1323 a

169 1333 197 1354 lv
218 1341 272 1356 con-

86 1370 149 1386 cessa
164 1365 272 1387 Universi—

86 1397 124 1417 tati
135 1395 271 1418 Lovanieusi.

86 1334 145 1354 Sixto

334 226 396 258 30ss

292 290 369 323 nibil
397 289 427 321 in
461 285 628 330 republica
649 284 823 317 christiana
841 285 1040 328 praeclarius

292 350 344 376 aut
381 340 536 380 stabilius,
556 338 702 382 nihilque
727 337 861 382 perinde
891 349 1038 372 necessa-

291 397 374 428 rium
401 394 611 433 arbitramur,
634 402 730 435 quant
751 402 788 425 ea
807 403 890 436 quae
911 403 928 425 a
947 403 1040 436 prae-

289 447 512 482 decessoribus
536 445 665 486 nostris,
687 455 746 489 pro
767 445 937 479 doctorum
958 445 1040 478 viro-

289 513 360 536 rum
383 500 593 535 conventibus
617 499 877 539 manutenendis,
907 499 1039 543 provide

289 565 441 589 concessa
481 554 644 595 dicuntur,
688 563 725 586 ea
761 563 824 595 qua
866 563 1040 596 possumus

288 609 412 642 ratione
432 607 619 645 solidemus,
641 617 678 640 ac
698 606 931 650 quorumlibet,
946 616 1039 649 prae-

286 662 397 695 sertim
423 661 659 694 catholicorum
685 671 798 703 regum
830 659 860 692 id
886 665 1039 704 expeten-

288 716 381 756 tium,
400 720 473 748 vota
482 720 575 757 grato
594 713 796 747 admittimus
810 723 952 751 assensu,
965 721 1040 757 pro-

287 774 321 801 ut
340 774 371 801 et
391 779 501 801 rerum
522 767 661 812 qualitas
681 767 788 810 exigit,
810 772 842 800 et
857 767 890 800 in
902 766 1039 800 Domino

286 822 506 866 conspicimus
522 821 698 854 salubriter
719 821 882 865 expedire.

329 876 344 919 ξ
364 876 395 908 l.
419 875 502 909 Sane
519 875 728 908 charissimus
747 874 780 907 in
801 874 928 908 Christo
954 874 1039 907 filius

286 934 397 962 noster
415 929 586 973 Philippus
609 927 839 973 Hispaniarum
856 939 910 961 rex
931 928 1040 961 catho-

286 983 380 1023 licus,
402 987 466 1015 tam
488 992 547 1015 suo
572 992 669 1026 quam
691 981 884 1015 dilectorum
896 980 1039 1013 filiorum

286 1035 508 1069 Universitatis
532 1035 632 1069 Studii
654 1033 1040 1079 generalisoppidiLova-

285 1089 417 1130 niensis,
440 1090 516 1122 olim
536 1089 733 1129 Leodiensis,
759 1099 847 1125 nunc
867 1098 942 1121 vero
962 1087 1039 1120 Mel-

285 1142 466 1176 scliniensis
490 1142 658 1182 dioecesis,
675 1152 802 1175 necnon
814 1142 977 1175 facultatis
990 1151 1040 1174 ar-

286 1197 365 1230 tium
383 1197 526 1230 eiusdem
542 1195 1039 1236 Universitatisnominibus,no-

285 1250 334 1283 bis
345 1261 450 1293 nuper
462 1250 578 1294 exponi
587 1249 661 1283 fecit
680 1250 767 1293 quod
780 1249 859 1282 alias
870 1249 972 1282 felicis
990 1260 1039 1282 re-

287 1303 484 1337 cordationis
504 1303 610 1337 Sixtus
629 1303 715 1346 Papa
738 1302 788 1343 IV,
810 1303 1040 1347 praedecessor

287 1362 408 1397 noster,
435 1368 472 1390 ex
501 1357 596 1390 certis
624 1362 703 1390 tunc
732 1357 890 1400 expressis
923 1356 1038 1395 causis,

286 1411 390 1444 bonae
411 1410 588 1443 memoriae
607 1410 723 1443 Feruci
756 1409 842 1443 tituli
872 1410 904 1443 S.
929 1409 1038 1443 Vitatis

287 1464 465 1507 presbyteri
490 1463 673 1504 cardinalis,
704 1463 759 1507 qui
779 1468 858 1497 tune
884 1463 1037 1508 ecclesiae

287 1517 498 1550 Tornacensis
525 1528 562 1550 ex
596 1515 835 1561 dispensatione
863 1517 1037 1561 apostolica

288 1576 436 1614 praeerat,
459 1582 495 1604 ac
517 1571 622 1605 clarae
642 1571 817 1604 memoriae
832 1571 1037 1604 Maximiliani

288 1624 508 1657 Romanorum
535 1624 753 1668 imperatoris,
782 1630 860 1658 tunc
891 1625 1038 1658 Austriae

287 1677 391 1717 ducis,
413 1688 449 1710 ac
469 1683 547 1711 tunc
556 1678 761 1711 existentium
776 1678 959 1719 doctorum,
974 1689 1039 1711 ma-

287 1731 461 1773 gistrorum
483 1736 515 1764 et
535 1731 730 1764 scholarium
757 1731 860 1765 dictae
880 1732 1039 1765 Universi-

287 1784 360 1817 tatis
376 1784 668 1829 supplicationibus
688 1785 873 1826 inclinatus,
896 1796 933 1819 ac
944 1797 1038 1830 prae-

289 1838 365 1871 dicti
413 1839 585 1872 cardinalis
621 1845 712 1881 grata
748 1839 978 1873 intercessione
1008 1846 1040 1873 et

289 1891 375 1924 fideli
401 1892 537 1925 consilio
557 1892 721 1932 inductus,
748 1893 867 1927 rectori
897 1893 1056 1934 eiusdem,

289 1945 507 1978 Universitatis
540 1957 599 1990 pro
632 1952 779 1990 tempore
809 1947 966 1985 existenti,
1001 1948 1040 1981 de

289 1999 433 2042 quinque
454 1999 680 2042 magistrorum
701 1999 740 2033 ad
767 1999 799 2032 id
816 2000 847 2032 in
868 2010 1042 2044 congrega-

291 2052 377 2084 tione
397 2052 489 2085 solita
510 2052 610 2096 ipsius
634 2053 855 2086 Universitatis
883 2054 1040 2097 deputan-

290 2105 404 2138 dorum
435 2105 570 2138 consilio
604 2111 634 2138 ct
667 2116 798 2139 assensu
827 2107 1039 2148 nominando,

290 2157 425 2201 singulis
445 2160 609 2202 praelatis,
631 2159 1041 2203 capitttlis‚collegiiS,con-

290 2211 439 2244 ventibus
463 2217 495 2244 et
515 2212 661 2256 personis
681 2213 905 2246 ecclesiasticis
924 2213 1043 2247 utrius-

291 2275 353 2307 que
382 2276 484 2304 sexus,
514 2266 735 2299 saecularibus
764 2271 795 2300 et.
824 2267 1040 2310 regularibus,

291 2317 414 2350 etiamsi
435 2318 631 2360 abbatissali,
661 2319 825 2360 abbatiali,
854 2319 1041 2364 episcopali,

291 2370 559 2415 archiepiscopali
589 2378 640 2405 aut
681 2372 897 2406 cardinalatus
930 2373 1042 2416 sunge-

293 2425 405 2451 rentur
424 2420 576 2463 dignitate
597 2426 626 2454 ct
647 2421 784 2463 bonore,
806 2421 845 2454 ad
860 2432 1044 2465 quos,quas

293 2468 337 2499 vel
359 2479 440 2511 quac
462 2469 708 2503 canonicatuum
730 2477 759 2504 et
785 2471 1041 2515 praebendarum

293 2526 330 2549 ac
355 2517 670 2552 administrationum
697 2526 728 2553 et
747 2515 929 2553 officiorum
957 2525 1042 2553 cete—

294 2574 470 2608 rorumque
490 2566 721 2600 beneficiorum
748 2567 1041 2602 ecclesiasticorum

293 2614 525 2658 quorumlibet,
548 2626 620 2648 cum
643 2627 720 2650 cura
740 2617 786 2650 vel
808 2617 877 2651 sine
902 2628 992 2660 cura,
1011 2617 1042 2650 in

882 229 1060 257 BULLARIUM
1082 228 1232 255 ROMANUM

1080 282 1172 316 terris
1192 281 1380 326 temporalis
1413 281 1545 316 dominii
1581 283 1656 317 dicti
1686 283 1830 318 Maximi-

1080 335 1157 368 liani
1188 335 1395 379 imperatoris
1419 340 1452 368 et
1478 336 1671 370 recolendae
1710 347 1831 370 memo-

1080 389 1146 422 riae
1177 394 1255 422 tunc
1288 389 1321 422 in
1346 388 1498 422 humanis
1528 389 1651 432 agentis
1676 390 1828 435 Philippi,

1080 443 1180 486 ipsius
1205 441 1409 475 Maximiliani
1438 441 1643 486 imperatoris
1670 443 1832 488 primoge-

1080 497 1151 537 niti,
1187 496 1443 537 consistentium‚
1491 496 1633 537 collatio,
1677 497 1829 541 provisio,

1081 549 1310 594 praesentatio,
1345 548 1462 583 electio
1503 560 1559 583 seu
1600 550 1731 593 quaevis
1767 549 1832 585 alia

1080 603 1249 648 dispositio
1270 604 1488 637 communiter
1507 603 1556 637 vel
1577 603 1709 642 divisim,
1729 603 1830 648 perti-

1080 663 1183 698 neret,
1207 662 1238 690 et
1259 667 1372 690 eorum
1397 657 1544 699 cuilibet,
1578 656 1701 690 etiamsi
1731 655 1831 700 aliqui

1080 717 1167 744 extra
1186 713 1289 743 terras
1304 710 1432 743 easdem
1453 710 1560 743 sedem
1581 715 1611 742 et
1623 709 1829 743 residentiam

1079 764 1247 804 baberent,
1270 764 1447 797 dummodo
1467 768 1575 796 tamen
1593 763 1665 807 plus
1678 773 1776 807 quam
1791 762 1831 796 de

1079 828 1130 850 sex
1151 817 1383 850 beneficiisseu
1400 817 1513 850 officiis
1528 815 1716 850 huiusmodi
1726 816 1832 861 dispo-

1079 881 1155 904 nere
1179 871 1228 904 vel
1258 870 1442 915 providere,
1479 870 1518 903 ad
1538 870 1594 903 illa
1613 875 1830 914 praesentare,
1847 875 1851 881 '

1079 924 1198 967 eligere
1218 925 1268 957 vel
1288 924 1457 957 nominare
1476 934 1533 958 seu
1553 924 1633 957 alias
1660 924 1715 957 illa
1749 934 1830 967 quo-

1080 978 1124 1011 vis
1143 978 1292 1011 locorum
1313 977 1448 1011 fundata
1468 977 1617 1011 conferre
1649 977 1828 1020 haberent3

1079 1033 1103 1064 si
1128 1031 1275 1075 praelati,
1314 1031 1466 1070 videlicet
1497 1031 1546 1064 vel
1576 1031 1739 1075 praelatus
1775 1037 1832 1065 aut

1079 1085 1159 1119 aliae
1179 1085 1360 1128 singulares
1382 1095 1552 1128 personae,
1571 1085 1635 1118 vita
1655 1090 1687 1118 et
1705 1085 1832 1128 praela-

1080 1148 1152 1172 tura
1172 1149 1209 1172 ac
1229 1138 1511 1172 administratione
1531 1148 1644 1187 eorum
1676 1139 1827 1180 durante,

1078 1192 1178 1226 semel
1198 1192 1388 1232 dumtaxat;
1417 1191 1443 1225 si
1465 1201 1541 1225 vero
1557 1192 1708 1236 capitula,
1729 1192 1828 1228 colte-

1078 1247 1129 1290 gia
1148 1246 1197 1279 vel
1217 1250 1393 1280 conventus
1412 1246 1528 1286 forent,
1555 1245 1689 1289 singulis
1717 1245 1828 1290 viginti

1078 1299 1182 1340 annis,
1205 1309 1308 1333 unum
1329 1299 1485 1333 clericum
1506 1310 1543 1333 ex
1572 1299 1778 1334 studentibus
1796 1304 1830 1333 et

1077 1353 1242 1397 graduatis
1266 1353 1374 1386 dictae
1393 1352 1618 1386 Universitatis
1646 1363 1683 1386 ac
1711 1352 1744 1386 in
1774 1352 1830 1386 illa

1079 1406 1309 1448 residentibus,
1328 1406 1383 1450 qui
1403 1407 1491 1440 ultra
1507 1406 1718 1450 quadraginta
1734 1406 1830 1440 flore-

1077 1471 1135 1495 nos
1151 1461 1221 1494 auri
1233 1461 1273 1494 de
1283 1460 1416 1495 Camera
1428 1460 1595 1494 annuatim
1605 1471 1671 1494 non
1681 1460 1826 1503 haberet,

1076 1515 1126 1548 vel
1147 1515 1203 1559 qui
1224 1515 1264 1548 ob
1292 1519 1516 1559 paupertatem
1541 1514 1676 1558 gradum
1703 1513 1830 1557 assequi

1076 1578 1143 1601 non
1163 1574 1283 1613 posset,
1310 1568 1496 1601 facultatem
1529 1567 1694 1612 perpetuis
1713 1567 1830 1604 suturis

1076 1622 1278 1666 temporibus
1297 1621 1487 1655 duraturam
1513 1631 1571 1666 per
1589 1621 1746 1665 quasdam
1755 1632 1830 1655 suas

1078 1677 1247 1717 concessit,
1268 1681 1299 1709 et
1323 1680 1359 1709 ut
1378 1675 1424 1708 sic
1448 1675 1618 1709 nominare
1647 1675 1770 1718 possint
1787 1676 1827 1711 de

1077 1730 1273 1774 apostolicae
1291 1729 1456 1774 potestatis
1474 1728 1676 1773 plenitudine
1692 1728 1826 1774 indulsit

1078 1795 1114 1817 ac
1126 1785 1238 1825 voluit3
1247 1783 1476 1817 etauctoritate
1485 1782 1662 1828 apostolica
1670 1782 1835 1827 similique

1080 1844 1235 1883 potestate
1256 1837 1368 1872 statuit.
1386 1844 1418 1871 et
1436 1836 1598 1871 ordinavit
1626 1836 1715 1880 quod
1740 1848 1834 1880 prae—

1083 1891 1148 1932 lati,
1169 1891 1325 1935 capitula,
1347 1895 1537 1931 conventus,
1565 1890 1702 1933 collegia
1726 1896 1835 1934 etper-

1081 1954 1179 1977 sonae
1200 1943 1389 1977 huiusmodi
1408 1954 1446 1977 ac
1479 1953 1685 1977 successores
1705 1953 1832 1985 eorum,
1875 1974 1881 1982 ,

1080 1998 1199 2041 quibus
1232 1997 1421 2030 huiusmodi
1458 1996 1698 2030 nominationes
1730 1997 1834 2030 sactae
1851 2028 1853 2030 .

1083 2054 1199 2092 tta-ent,
1221 2051 1341 2085 eisdem
1363 2051 1490 2085 clericis
1501 2051 1546 2084 sic
1565 2050 1739 2084 nominatis
1758 2061 1833 2095 per-

1088 2111 1186 2149 petuo
1206 2105 1489 2139 dennobeneticio
1509 2104 1741 2146 ecclesiastico,
1758 2115 1832 2138 cum

1083 2171 1161 2192 cura
1183 2160 1232 2193 vel
1263 2159 1331 2193 sinc
1356 2169 1447 2200 cura,
1470 2158 1589 2192 clerico
1615 2158 1774 2192 saeculari
1800 2159 1833 2192 in

1085 2213 1213 2246 titulum
1250 2213 1390 2247 conferri
1419 2224 1456 2246 ac
1481 2223 1538 2256 per
1566 2212 1663 2246 talem
1695 2212 1764 2256 regi
1801 2217 1833 2246 et

1082 2267 1255 2307 gubernari
1281 2266 1386 2307 solito,
1413 2266 1615 2310 dispositioni
1635 2266 1833 2310 apostolicae

1083 2321 1277 2363 generaliter
1292 2331 1357 2354 non
1372 2327 1533 2354 reservato
1549 2326 1603 2354 aut
1617 2320 1760 2363 generali
1780 2331 1832 2354 re-

1083 2374 1261 2407 servatione
1273 2384 1336 2407 non
1351 2374 1479 2414 affecto,
1489 2373 1613 2407 etiamsi
1624 2373 1832 2407 canonicatus

1083 2429 1111 2455 et
1133 2423 1328 2466 praebenda,
1353 2422 1585 2456 administratio
1609 2423 1657 2456 vel
1689 2422 1830 2456 officium

1081 2472 1115 2504 in
1136 2471 1381 2513 colleg-immam
1398 2471 1599 2510 scholastria,
1614 2470 1831 2504 matricularia

1085 2521 1132 2553 rel
1150 2520 1295 2553 custodia
1311 2521 1342 2553 in
1364 2519 1541 2564 parochiali
1555 2520 1743 2553 ecclesiavel
1758 2528 1831 2562 cap-

1085 2567 1286 2613 pella'esset,
1318 2575 1349 2602 et
1380 2569 1420 2602 ad
1449 2568 1755 2616 administrationem
1783 2567 1845 2600 vel'

1085 2618 1226 2651 officium
1248 2617 1435 2652 huiusmodi
1456 2617 1672 2651 consuevisset
1690 2616 1762 2661 quis
1772 2626 1832 2661 per
