2059 3228
92 1037 162 1071 norton
169 1053 175 1064 ,

123 1073 177 1090 eun-

826 221 1002 253 αῆπαοηητε
1024 225 1080 251 vm
1102 227 1148 252 pr.

1634 217 1701 253 229

210 283 269 319 tim
287 269 320 319 in
337 285 420 318 alma
440 285 523 317 Iti-ho
543 290 664 322 nostra,
688 283 834 316 omnium
855 282 955 314 virtu·
998 291 1071 312 mcii
1101 286 1130 312 et
1161 281 1293 313 honesta
1323 286 1354 314 et
1382 281 1483 315 sacris
1505 282 1684 316 canonibus
1706 295 1743 317 ac

206 344 276 373 tum
304 339 438 382 proprio
461 338 638 378 domicilio,
661 329 888 377 exerceantur,
917 346 954 369 ac

133 378 140 387 ⁰
190 391 257 437 'pia
290 391 434 425 fidelium
464 391 567 431 votas
583 390 680 423 divini
711 391 817 424 cultus
851 400 953 432 augu-

202 449 349 480 mentum
369 450 400 478 et
428 444 572 488 ipsorum
599 443 857 478 christifidelium
887 443 953 476 ani-

201 509 329 532 marum
352 499 489 532 salutem
527 497 768 538 concernentia,
803 503 950 542 optatum

200 557 442 596 consequantur
466 552 637 593 effectum,
655 557 686 585 et
701 557 737 585 ut
750 562 799 592 ea,
812 560 895 595 quae
910 551 950 584 ad

154 635 157 639 .
197 615 274 640 eum
297 605 395 639 finem
417 617 474 650 per
493 606 606 639 fideles
629 605 716 649 ipsos
742 605 794 649 pie
814 605 897 638 facta
917 610 948 638 et

196 658 344 693 ordinata
366 659 464 693 fuisse
486 659 651 699 dicuntur,
675 658 769 692 firma
787 664 947 703 perpetuo

195 717 228 746 et
244 711 367 746 illibata
396 713 580 756 persistant,
613 712 750 745 libenter
769 711 946 755 apostolico

193 765 373 800 munimine
392 767 596 806 roboramus,
627 775 748 809 eosque
767 765 807 798 ad
834 770 945 798 sancta

192 827 292 862 opera
316 819 506 860 exercenda,
541 818 750 862 indulgentiis
776 824 808 852 et
831 829 945 860 pecca-

192 875 300 904 torum
320 872 565 906 remissionibus
584 872 777 916 propositis,
806 872 944 906 libenter

190 923 375 959 invitamus

235 977 251 1022 ἓ
270 978 302 1011 1.
324 978 404 1012 Cum
424 979 546 1022 itaque,
569 978 650 1012 sicut
671 979 781 1012 dilecti
801 978 860 1012 filii
880 990 941 1022 gu-

189 1029 343 1070 bernator
362 1037 393 1065 et
412 1032 539 1076 priores
569 1032 840 1066 confraternitatis
860 1032 940 1066 San-

189 1088 260 1117 ctae
288 1083 480 1118 Catharinae
514 1085 654 1118 nationis
688 1084 880 1118 Senensium
901 1086 940 1118 de

189 1136 273 1171 Urbe
297 1138 414 1182 exponi
434 1138 528 1172 nobis
547 1149 653 1182 nuper
672 1139 831 1179 fecerunt,
853 1139 940 1172 dicta

188 1191 434 1225 confraternitas
453 1203 471 1225 a
491 1198 621 1225 centum
641 1192 734 1225 annis
749 1199 780 1226 et
799 1192 938 1236 amplius

188 1243 333 1278 instituta
356 1246 472 1287 fuerit,
504 1257 540 1279 ac
574 1246 661 1279 illius
695 1246 872 1280 confratres
905 1247 938 1280 in

186 1297 249 1341 piis
274 1304 304 1332 et
334 1299 529 1333 charitativis
562 1300 729 1343 operibus,
760 1305 858 1344 prout
882 1299 938 1333 alii

186 1351 324 1385 aliarum
363 1352 466 1386 dictae
499 1353 594 1386 Urbis
635 1353 938 1386 confraternitatum

187 1405 376 1447 confratres,
407 1417 476 1440 sese
495 1407 699 1440 exercuerint
718 1411 749 1439 et
768 1412 938 1440 exerceant

185 1456 226 1492 de
248 1459 423 1503 praesenti,
449 1465 480 1493 et
502 1460 628 1493 litterae
659 1459 856 1504 apostolicae
886 1460 937 1493 in-

185 1511 360 1546 stitutionis
388 1512 493 1547 dictae
526 1512 796 1546 confraternitatis
816 1514 937 1547 confir-

186 1565 342 1599 matoriae
366 1577 432 1600 non
456 1567 674 1608 inveniantur,
700 1577 760 1611 pro
777 1572 869 1611 parte
890 1567 937 1600 di-

186 1623 313 1652 ctorum
347 1621 574 1664 gubernatoris
606 1626 637 1654 et
670 1620 818 1664 priorum
842 1620 936 1654 nohis

185 1672 246 1706 suit
267 1673 435 1708 humiliter
454 1674 673 1719 supplicatum
693 1679 853 1718 quatenus
872 1675 937 1708 illis

135 1724 138 1725 ⁷
185 1726 220 1760 in
249 1727 434 1771 praemissis
469 1733 652 1772 opportune
687 1727 859 1771 providere
896 1728 936 1761 de

184 1779 383 1823 benignitate
402 1780 580 1826 apostolica
612 1781 833 1825 dignaremur3
862 1791 934 1822 nos,

185 1833 240 1876 qui
260 1831 314 1877 pia
343 1834 508 1868 charitatis
542 1845 642 1878 opera
673 1834 761 1868 omni
789 1834 935 1868 adhibito

185 1887 292 1920 studio
325 1888 467 1921 exerceri
493 1888 628 1921 sinceris
649 1893 839 1932 exoptamus
860 1888 936 1921 affe-

167 1939 299 1985 ctibus,
319 1941 420 1975 dictos
439 1942 693 1985 gubernatorem
718 1948 747 1975 et
769 1942 895 1986 priores
917 1953 935 1975 a

184 1993 349 2037 quibusvis
367 1995 725 2035 excommunicationis,
752 1994 936 2038 suspensio-

184 2047 235 2081 nis
271 2053 302 2082 et
335 2047 497 2082 interdicti
535 2049 671 2092 aliisque
709 2047 936 2081 ecclesiasticis

185 2101 364 2143 sententiis,
391 2102 536 2135 censuris
560 2107 591 2135 et
608 2102 733 2146 poenis,
761 2112 779 2133 a
798 2101 868 2134 iure
887 2100 935 2133 vel

185 2152 225 2188 ab
247 2154 392 2197 homine,
428 2157 539 2198 quavis
563 2156 734 2188 occasione
758 2156 808 2187 vel
825 2165 932 2194 causa,

185 2208 270 2249 latis,
304 2208 330 2242 si
362 2209 480 2252 quibus
513 2209 756 2253 quomodolibet
788 2207 934 2240 innodati

186 2260 335 2302 existunt,
355 2261 396 2294 ad
411 2262 560 2295 effectum
577 2261 794 2305 praesentium
810 2266 934 2293 tanturn

187 2315 464 2357 consequendum,
489 2315 606 2347 harum
630 2315 712 2348 serie
737 2314 936 2347 absolventes

187 2372 221 2401 et
251 2367 416 2401 absolutos
443 2367 513 2401 fore
537 2374 715 2408 censentes,
749 2366 936 2400 huiusmodi

187 2420 480 2465 supplicationibus
510 2420 669 2461 inclinati,
701 2420 936 2455 institutionem

87 2463 91 2472 ’
138 2509 142 2512 ἢ
189 2469 294 2504 dictae
322 2469 593 2503 confraternitatis
616 2480 652 2502 ac
673 2470 813 2512 capitula
833 2475 864 2501 et
883 2480 937 2503 or-

189 2518 371 2553 dinationes
394 2529 453 2562 pro
477 2519 563 2552 bono
583 2524 613 2551 et
634 2519 719 2551 t'clici
745 2519 831 2551 illius
851 2520 936 2562 regi-

189 2567 277 2602 mine
295 2574 327 2602 et
354 2568 531 2602 directione
550 2568 590 2600 ab
617 2567 737 2600 eisdem
769 2568 938 2601 confratri-

189 2615 250 2651 bus
268 2617 424 2651 hactenus
454 2618 536 2650 facta
556 2622 586 2649 et
605 2617 747 2655 condita,
778 2617 865 2649 licita
893 2623 958 2658 ta-,

269 2666 344 2698 Bau.
358 2665 435 2698 Rom.
462 2665 514 2696 Vol.
536 2665 608 2696 VIII.
820 2665 858 2694 42

995 332 1132 366 decretis
1144 334 1273 366 concilii
1288 334 1467 368 Tridentini
1482 345 1548 368 non
1567 338 1740 379 contraria,

994 386 1170 429 apostolica
1204 387 1415 430 auctoritate,
1451 394 1563 423 tenore
1591 401 1744 434 praeseu-

993 439 1087 482 tium,
1116 441 1334 485 approbamus
1365 447 1395 475 et
1425 443 1670 487 confirmamus,
1704 457 1743 480 ac

992 503 1105 527 omnes
1125 500 1156 528 et
1175 494 1318 537 singulos
1347 501 1411 529 tam
1434 497 1512 531 iuris
1535 509 1632 542 quam
1666 499 1741 534 facti

991 547 1147 589 defectus,
1179 548 1205 581 si
1225 549 1282 592 qui
1302 549 1531 584 intervenerint
1550 552 1583 586 in
1601 552 1739 596 zisdem,

989 601 1192 645 supplemus;
1210 612 1336 636 necnon
1350 604 1557 646 gubernatori
1570 611 1601 639 et
1619 607 1739 651 priori-

988 654 1049 688 bus
1069 666 1107 689 ac
1126 656 1343 690 confratribus
1362 658 1513 701 praefatis
1530 665 1561 692 et
1580 671 1639 704 pro
1658 666 1739 695 tem·

986 718 1068 752 pore
1092 709 1300 743 existentibus
1331 721 1557 755 quaecumque
1590 714 1652 747 alia
1675 720 1739 748 sta-

985 766 1054 795 tuta
1078 768 1114 795 ut
1141 763 1325 807 praefertur
1353 764 1552 807 qualificata,
1588 767 1626 799 de
1653 778 1736 802 novo

984 815 1102 849 edendi
1121 822 1152 850 et
1170 817 1320 858 faciendi,
1350 828 1407 851 seu
1427 829 1486 862 per
1508 829 1563 852 eos
1582 821 1667 854 edita
1684 832 1735 856 re-

982 869 1163 911 formandi,
1200 871 1347 904 mutandi
1378 877 1409 905 et
1437 873 1608 914 alterandi,
1635 886 1671 908 ac
1702 876 1736 909 in

982 927 1087 956 totum
1107 924 1240 958 tollendi
1266 930 1298 958 et
1317 925 1512 969 abrogandi,
1540 928 1633 961 toties
1652 940 1734 973 quo-

982 976 1042 1010 ties
1060 977 1093 1010 id
1126 988 1184 1021 pro
1205 978 1326 1011 salubri
1357 978 1536 1013 directi0ne
1567 987 1598 1014 ct
1621 992 1734 1015 manu-

980 1031 1125 1065 tentione
1145 1031 1249 1065 dictae
1278 1033 1550 1067 confraternitatis
1576 1034 1734 1069 iudicave-

980 1082 1045 1116 rint
1063 1085 1229 1129 expedire,
1251 1085 1415 1118 licentiam
1446 1087 1667 1121 concedimus.

1024 1138 1039 1181 ἓ
1064 1137 1095 1171 2.
1122 1138 1255 1171 Necnon
1275 1139 1314 1172 de
1341 1140 1572 1184 omnipotentis
1598 1141 1651 1174 Dei
1674 1141 1926 1196 nii-daffenffiffiw

979 1191 1171 1232 sericordia,
1206 1203 1244 1225 ac
1271 1193 1442 1226 beatorum
1470 1194 1555 1226 Petri
1585 1200 1616 1227 et
1641 1195 1730 1228 Pauli

979 1245 1200 1287 apostolorum
1221 1246 1290 1279 eius
1306 1246 1498 1280 auctoritate
1519 1248 1643 1289 confisi,
1666 1259 1732 1282 om-

978 1297 1075 1331 nibus
1095 1304 1126 1332 et
1145 1299 1280 1342 singulis
1302 1299 1472 1344 utriusque
1492 1311 1585 1334 sexus
1604 1301 1731 1335 christi-

978 1350 1129 1384 fidelibus
1147 1363 1221 1386 vere
1245 1353 1486 1397 poenitentibus
1512 1359 1543 1387 et
1562 1355 1726 1395 confessis,

978 1404 1033 1447 qui
1050 1405 1170 1439 dictam
1185 1407 1483 1441 confraternitatem
1496 1408 1728 1452 ingredientur,

977 1457 1011 1490 in
1035 1458 1087 1492 die
1107 1459 1205 1503 primi
1221 1459 1352 1494 illorum
1367 1462 1543 1504 ingressus,
1558 1468 1727 1506 practerea

977 1511 1056 1555 ipsis
1075 1512 1352 1556 christifidelibus,
1383 1515 1481 1547 etiam
1512 1526 1586 1549 vere
1612 1516 1726 1560 poeni-

976 1565 1119 1598 tentibus
1139 1572 1170 1600 et
1190 1567 1356 1614 cpnfessis,
1379 1568 1434 1611 qui
1455 1569 1624 1602 ecclesiam
1645 1569 1725 1602 San-

977 1624 1046 1652 ctae
1065 1618 1246 1653 Catharinae
1265 1621 1305 1654 de
1325 1621 1416 1654 Senis
1435 1629 1668 1665 nuncupatam,
1692 1623 1725 1656 in

976 1683 1041 1715 qua
1059 1672 1146 1706 dicta
1165 1674 1411 1708 confraternitas
1431 1675 1574 1708 instituta
1602 1677 1725 1720 reperi-

975 1732 1040 1767 tur,
1065 1726 1099 1759 in
1119 1727 1198 1760 festo
1219 1728 1364 1761 eiusdem
1384 1728 1518 1762 Sanctae
1538 1729 1725 1764 Catharinae

975 1790 1034 1824 per
1052 1780 1154 1814 dictos
1172 1781 1350 1814 confratres
1378 1782 1584 1823 celebrando,
1607 1794 1644 1816 ac
1667 1785 1725 1816 As-

975 1834 1168 1877 sumptionis
1178 1834 1294 1868 Beatae
1310 1835 1425 1868 Mariae
1440 1835 1589 1877 Virginis,
1614 1836 1725 1869 devote

974 1887 1183 1928 visitaverint,
1219 1894 1249 1921 et
1269 1888 1338 1931 pias
1362 1887 1441 1920 inibi
1468 1899 1592 1931 preces,
1630 1895 1726 1932 prout

975 1939 1154 1985 unicuique
1179 1947 1329 1985 suggeret
1362 1941 1500 1982 devotio,
1538 1942 1723 1982 effuderint,

975 2004 1104 2027 necnon
1141 1994 1219 2039 ipsis
1259 1995 1475 2027 confratribus
1515 1994 1547 2026 in
1588 1995 1725 2027 articulo

976 2048 1089 2081 mortis
1109 2058 1228 2081 nomen
1245 2048 1316 2081 Iesu
1331 2048 1568 2088 invocantibus,
1590 2048 1654 2081 sive
1670 2048 1726 2080 ali-

975 2101 1062 2145 quod
1087 2102 1302 2145 poenitentiae
1323 2102 1447 2144 signum
1469 2101 1724 2141 ostendentibus,

976 2155 1156 2198 plenariam
1181 2156 1326 2188 omnium
1351 2160 1562 2198 peccatorum
1591 2165 1724 2188 suorum

976 2208 1209 2251 indulgentiam
1230 2213 1261 2241 et
1280 2208 1503 2240 remissionem
1533 2207 1725 2241 auctoritate

976 2267 1007 2294 et
1026 2267 1138 2294 tenore
1163 2261 1345 2304 praemissis
1369 2261 1555 2304 elargimur.

1020 2316 1034 2358 ἓ
1059 2317 1091 2348 5.
1122 2316 1169 2348 Ad
1192 2316 1283 2354 haec,
1313 2314 1417 2347 dictae
1453 2314 1725 2349 confraternitatis

976 2369 1145 2411 utriusque
1170 2379 1262 2401 sexus
1281 2367 1509 2409 confratribus,
1535 2368 1591 2412 qui
1609 2368 1642 2402 in
1662 2369 1724 2402 Na-

976 2421 1105 2453 tivitatis
1133 2421 1262 2453 Domini
1294 2421 1395 2453 nostri
1420 2421 1490 2454 Iesu
1525 2421 1655 2463 Christi,
1688 2433 1724 2455 ac

977 2470 1177 2503 Pentecostes
1197 2476 1227 2502 et
1243 2469 1393 2502 Omnium
1413 2469 1606 2503 Sanctorum
1623 2471 1722 2511 festis,

977 2525 1007 2551 et
1031 2518 1134 2562 prima
1154 2519 1317 2551 dominica
1345 2518 1517 2552 cuiuslibet
1536 2520 1668 2560 mensis,
1691 2520 1725 2553 in

977 2567 1112 2600 ecclesia
1140 2567 1294 2610 praefata,
1331 2567 1568 2601 sanctissimum
1597 2569 1724 2602 Eucha-

977 2616 1085 2649 ristiae
1109 2615 1352 2648 Sacramentum
1377 2616 1488 2650 devote
1514 2617 1722 2661 sumpserint,

1759 216 1809 254 An'.
1830 224 1849 252 t?
1872 226 1940 256 {2⁵:³1⁰

1739 2322 1787 2343 Dies
1809 2322 1921 2349 indulgen-

1738 2355 1812 2374 tiaram

1738 2388 1834 2410 guantur.

1862 2354 1919 2379 assi-
