2059 3228
152 246 206 277 an.
223 247 333 278 0158&
389 241 454 281 2479.

218 1003 330 1028 Dl'rssgallo

147 1036 307 1055 eunti-nnumin,

347 317 446 352 super
464 314 522 350 per
538 313 762 348 quoscumque
782 302 1026 347 quomodolibet
1045 303 1091 336 in-

347 360 453 395 debite
469 356 644 391 molestari.
655 356 914 390 Contradirtores
929 357 1091 401 quoslibet

347 420 379 448 et
412 412 560 453 rebelles,
583 421 640 455 per
670 410 856 451 sententias,
889 422 1040 445 censuras
1061 415 1091 444 et

346 475 466 511 poenas
486 464 720 499 ecclesiasticas
746 464 872 507 aliaque
907 470 1091 509 opportuna

346 519 425 553 iuris
439 524 472 553 et
491 518 566 552 sacti
583 518 738 560 remedia,
772 518 989 562 appellatione
1005 523 1091 562 post-

345 572 460 617 posita,
483 572 733 616 compescend0;
750 583 799 612 ac,
821 572 974 615 legitimis
994 582 1092 615 super

345 626 396 659 his
429 626 586 660 habendis
621 625 752 659 servatis
770 626 986 670 processibus,
1020 625 1092 658 illos

344 679 531 721 sententias,
554 690 707 713 censuras
731 685 763 712 et
783 689 902 724 poenas
927 679 1011 723 ipsas
1040 680 1090 711 in-

344 733 483 767 currisse
497 733 705 774 declarando,
732 733 803 766 illas
835 733 933 766 etiam
966 733 1092 766 iteratis

344 786 469 820 vicibus
502 786 716 831 aggravando,
747 787 894 820 invocato
928 787 1026 820 etiam
1051 787 1090 820 ad

343 839 418 881 hoe,
440 840 465 874 si
482 851 563 885 opus
582 840 693 881 fuerit,
713 840 833 874 auxilio
850 840 974 874 brachii
982 851 1091 874 saecu-

343 893 432 927 laris.

387 947 403 991 ἓ
422 946 452 980 6.
475 947 545 981 Non
569 948 773 982 obstantibus
803 947 904 992 priori
927 948 1091 982 voluntate

343 1006 453 1034 nostra
477 1002 656 1046 praedicta,
670 1007 702 1035 et
720 1002 943 1035 Lateranensis
962 1002 1090 1035 concilii

343 1054 515 1088 novissime
536 1055 703 1096 celebrati,
737 1055 873 1088 uniones
906 1061 1090 1100 perpetuas,

343 1107 406 1140 nisi
435 1107 468 1140 in
499 1108 625 1142 casibus
660 1119 678 1141 a
711 1108 782 1141 iure
812 1108 986 1151 permissis,
1021 1108 1090 1141 fieri

344 1161 559 1204 prohibentis,
581 1173 617 1195 ac
642 1161 743 1195 felicis
776 1161 1011 1195 recordationis
1031 1162 1090 1195 Bo-

343 1214 451 1247 nisacii
480 1215 584 1260 Papae
604 1215 679 1256 VIII,
702 1215 959 1259 praedecessoris
977 1216 1091 1256 nostri,

344 1278 407 1311 qua
427 1274 558 1302 cavetur
576 1279 616 1302 ne
636 1269 708 1313 quis
720 1274 809 1302 extra
824 1280 916 1302 suam
931 1269 1090 1303 civitatem

343 1321 391 1354 vel
411 1321 598 1363 dioecesim,
620 1322 682 1356 nisi
703 1323 736 1355 in
756 1323 852 1356 certis
872 1323 1014 1367 exceptis
1038 1333 1091 1356 ca-

343 1374 443 1417 sibus,
465 1382 498 1410 et
517 1377 549 1409 in
578 1376 641 1410 illis
667 1378 753 1410 ultra
781 1388 881 1411 unam
909 1377 1049 1411 diaetam
1075 1389 1091 1410 a

343 1429 407 1462 fine
427 1441 503 1463 suae
519 1430 678 1464 dioecesis
697 1431 737 1465 ad
752 1431 909 1464 iudicium
927 1436 1089 1467 evocetur;

343 1493 401 1516 seu
421 1494 461 1516 ne
481 1483 604 1518 iudices
625 1495 644 1517 a
662 1484 742 1519 Sede
762 1484 927 1528 praedicta
946 1485 1087 1530 deputat

344 1541 433 1569 extra
457 1536 617 1571 civitatem
638 1538 685 1571 vel
707 1538 892 1578 dioecesim,
917 1538 950 1572 in
973 1539 1085 1583 quibu:

344 1589 488 1634 deputati
507 1590 641 1632 fuerint,
659 1597 773 1624 contra
783 1602 1008 1636 quoscumque
1018 1603 1089 1637 pro-

344 1643 472 1685 cedere,
495 1650 551 1677 aut
571 1645 624 1678 alii
643 1646 691 1679 vel
717 1645 787 1678 aliis
805 1646 890 1679 xu'ces
909 1657 982 1680 suas
1002 1657 1091 1680 com—

345 1697 474 1731 mittere
490 1699 721 1742 quoquomodo
741 1706 966 1742 praesumant3
992 1712 1030 1734 ac
1054 1701 1092 1735 de

344 1751 470 1785 duabus
489 1752 605 1785 diaetis
624 1752 656 1786 in
676 1753 815 1786 concilio
832 1754 975 1797 generali
993 1755 1089 1796 edita,

344 1805 520 1839 dummodo
536 1806 622 1838 ultra
647 1812 712 1839 tres
731 1806 864 1847 diaetas,
886 1807 1002 1851 aliquis
1018 1818 1093 1841 auc-

346 1859 477 1892 toritate
515 1859 736 1903 praesentium
765 1859 804 1892 ad
834 1860 990 1894 iudicium
1028 1872 1093 1895 non

347 1913 506 1954 trahatur,
537 1913 672 1957 aliisque
697 1913 864 1957 quibusvis
883 1913 1114 1949 constitutio-

346 1965 440 1999 nibus
447 1972 480 1999 et
492 1966 747 2000 ordinationibus
755 1967 952 2011 apostolicis;
965 1978 1094 2002 necnon

347 2019 507 2063 prioratus
528 2025 559 2053 et
579 2020 707 2054 Ordinis
728 2020 984 2064 praedictorum,
1008 2022 1094 2055 iura-

347 2079 466 2114 mento,
476 2074 722 2107 confirmatione
734 2075 911 2119 apostolica
923 2075 972 2108 vel
983 2076 1094 2118 quavis

347 2126 500 2160 firmitate
511 2127 572 2160 alia
590 2127 762 2169 roboratis,
777 2127 905 2161 statutis
915 2133 946 2161 et
957 2139 1093 2172 consue-

348 2180 528 2220 tudinibus;
550 2180 724 2224 privilegiis
744 2191 886 2225 quoque,
907 2180 1042 2215 indultis
1062 2187 1094 2216 et

347 2233 670 2277 litteris-apostolicis
695 2234 799 2268 eidem
829 2233 941 2268 Ordini
967 2240 999 2268 et
1022 2235 1094 2280 qui-

348 2286 454 2320 busvis
485 2288 642 2331 personis,
673 2288 732 2322 sub
763 2287 1025 2332 quibuscumque
1046 2295 1094 2323 te-

349 2340 481 2373 noribus
495 2346 526 2374 et
538 2340 659 2381 formis,
671 2352 707 2374 ac
718 2352 792 2374 cum
806 2341 980 2385 quibusvis,
997 2342 1094 2376 etiarn

348 2392 628 2435 derogatoriarum
648 2395 872 2438 derogatoriis,
892 2394 1028 2439 aliisque
1048 2396 1094 2429 es-

349 2441 554 2476 ficacioribus
573 2448 605 2476 et
624 2443 763 2477 insolitis
783 2444 948 2485 clausulis,
967 2455 1095 2478 necnon

349 2489 549 2524 irritantibus
580 2495 612 2525 e't
643 2492 714 2526 aliis
747 2492 896 2533 decretis,
919 2493 1094 2536 ingenere

348 2539 394 2570 xel
416 2538 447 2570 in
467 2541 585 2593 specie,
608 2542 705 2574 etiam
726 2542 766 2575 ad
791 2542 1008 2587 imperatoris,
1042 2554 1094 2576 re-

349 2596 435 2628 gum,
448 2588 645 2630 reoinaium,
658 2591 777 2625 ducum
789 2592 991 2635 autaliorum
1007 2592 1100 2636 prin<

349 2635 457 2679 cipum
478 2635 662 2672 instantiam
691 2640 759 2673 vel
771 2632 1092 2685 contemplationem,

936 249 1114 275 BULLARIUM
1133 249 1284 274 ROMANUM

1133 312 1189 335 seu
1209 301 1306 335 etiam
1327 307 1417 335 motu
1430 302 1562 346 proprio
1578 308 1610 336 et
1625 314 1661 336 ex
1673 303 1760 336 cert'a
1775 293 1879 335 scien-

1135 354 1188 395 tia,
1211 360 1243 387 et
1262 354 1528 388 consistorialiter
1547 366 1583 388 ac
1604 356 1682 389 alias
1701 356 1880 399 quomodo-

1133 407 1221 448 libet,
1242 408 1339 441 etiam
1360 408 1485 441 iteratis
1504 408 1756 449 vicibus,.etiam
1781 419 1879 454 super

1132 461 1314 505 provisione
1334 462 1372 495 de
1397 461 1484 495 dicto
1510 462 1667 506 prioratu,
1699 473 1756 496 seu
1785 474 1878 507 prae-

1133 515 1314 548 sentatione
1334 516 1380 548 vel
1407 515 1628 549 nominatione
1655 526 1811 560 personae
1839 515 1880 549 ad

1133 568 1234 609 illum,
1253 569 1329 602 dum
1351 580 1410 613 pro
1431 576 1577 614 tempore
1596 575 1697 610 vacat,
1722 575 1779 603 aut
1801 570 1880 603 alias

1132 623 1303 663 concessis,
1321 623 1507 667 approbatis
1528 629 1559 657 et
1576 624 1744 657 innovatis.

1174 677 1189 720 ἓ
1210 677 1240 710 7
1263 677 1385 716 Quibus
1396 678 1566 718 -omnibus,
1587 678 1683 711 etiam
1703 677 1742 718 si,
1763 688 1823 721 pro
1842 677 1880 710 il·

1132 793 1270 826 rumque
1291 783 1367 817 totis
1392 783 1559 817 tenoribus
1587 784 1745 828 specialiS,
1774 783 1880 829 speci-

1132 836 1204 877 fica,
1231 837 1397 870 individua
1430 843 1462 871 et
1485 848 1633 882 expressa
1653 849 1690 872 ac
1718 838 1758 872 de
1781 838 1880 872 verbo

1131 890 1171 923 ad
1190 890 1336 932 verbum,
1363 902 1428 924 non
1443 897 1552 924 autem
1573 902 1632 935 per
1651 891 1811 925 clausulas
1826 902 1880 935 ge-

1131 944 1257 977 nerales
1294 944 1378 977 idem
1414 945 1638 989 importantes,
1669 944 1792 978 mentio
1821 955 1880 978 seu

1131 996 1261 1040 quaevis
1275 998 1338 1030 alia
1354 998 1514 1042 expressio
1530 998 1688 1040 habenda,
1706 1003 1763 1031 aut
1771 998 1880 1042 aliqua

1131 1050 1194 1084 alia
1217 1051 1377 1095 exquisita
1396 1052 1499 1085 forma
1519 1052 1557 1085 ad
1577 1052 1640 1085 hoc
1658 1052 1814 1086 servanda
1828 1052 1880 1102 ἲο-Ι

1132 1109 1192 1145 ret,
1207 1110 1334 1138 tenores
1346 1105 1489 1138 huiusm.
1497 1132 1504 1146 ,
1518 1116 1554 1139 ac
1566 1105 1589 1138 si
1601 1106 1641 1139 de
1652 1106 1750 1139 verbo
1761 1106 1801 1139 ad
1810 1116 1880 1140 ver-

1130 1158 1228 1198 bum,
1248 1157 1328 1191 nihil
1348 1158 1478 1202 penitus
1498 1159 1616 1192 omisso
1629 1185 1638 1200 ,
1658 1159 1880 1195 insererentur

1131 1212 1355 1254 praesentibus,
1366 1223 1426 1256 pro
1437 1212 1637 1246 sufficienter
1647 1213 1805 1258 expressis
1820 1214 1877 1248 ha-

1130 1265 1255 1306 bentes,
1271 1266 1335 1299 illis
1345 1266 1424 1299 alias
1438 1266 1471 1300 in
1484 1277 1542 1300 suo
1553 1266 1669 1300 robore
1681 1278 1875 1311 permansu-

1131 1318 1250 1360 ris,hac
1260 1319 1327 1352 vice
1335 1316 1701 1364 dumtaizat,specialiter
1709 1326 1876 1366 etexpres-

1130 1382 1163 1405 se
1184 1372 1388 1415 derogamus,
1403 1373 1575 1407 contrariis
1592 1373 1757 1417 quihusc.;
1774 1379 1831 1408 aut
1849 1373 1876 1408 si

1131 1425 1231 1470 aliqui
1250 1437 1348 1471 super
1362 1427 1597 1471 provisionibus
1610 1438 1666 1461 seu
1676 1423 1880 1462 commendis‘
1919 1423 1923 1427 ⁴
1975 1419 2003 1465 ’ζ’

1131 1479 1190 1512 sibi
1218 1480 1372 1514 faciendis
1399 1481 1440 1514 de
1461 1481 1657 1525 prioratibus
1674 1482 1875 1524 huiusmodi,

1130 1533 1298 1577 speciales,
1312 1535 1361 1568 vel
1372 1534 1442 1568 aliis
1465 1534 1632 1569 beneficiis
1651 1535 1879 1570 ecclesiasticis

1131 1586 1164 1619 in
1178 1587 1242 1620 illis
1265 1588 1412 1632 partibus
1435 1589 1601 1631 generales
1611 1588 1717 1623 dictae
1727 1589 1816 1624 Sedis
1827 1589 1878 1623 vel

1130 1640 1311 1683 legatorum
1340 1641 1408 1675 eius
1440 1642 1564 1676 litteras
1590 1642 1813 1686 impetrarint,
1842 1653 1877 1677 e-

1130 1693 1236 1727 tiamsi
1244 1705 1303 1738 per
1320 1706 1372 1728 eas
1385 1695 1424 1728 ad
1439 1695 1677 1737 inhibitionem,
1690 1695 1880 1730 reservatio·

1129 1759 1204 1781 nem
1227 1754 1259 1782 et
1279 1749 1446 1783 declettlm
1466 1750 1515 1784 vel
1535 1750 1615 1783 alias
1633 1749 1879 1794 quomodolibet

1130 1801 1172 1834 sit
1195 1812 1394 1845 processum,
1427 1813 1506 1847 quas
1529 1803 1660 1847 quidem
1687 1803 1813 1837 litteras
1845 1808 1878 1837 et

1111 1866 1302 1901 piocessus
1331 1855 1458 1889 habitos
1489 1866 1548 1900 per
1579 1856 1708 1889 easdem
1740 1866 1778 1890 ac
1801 1855 1877 1890 inde

1111 1931 1114 1967 Ι
1131 1914 1240 1943 secuta
1264 1920 1477 1953 quaecumque
1489 1910 1529 1943 ad
1555 1910 1679 1943 dictum
1694 1909 1877 1954 prioratum

1131 1963 1279 1996 volumus
1311 1974 1378 1997 non
1407 1963 1548 2003 extendi,
1579 1964 1635 1997 sed
1666 1963 1794 1997 nullum
1820 1973 1879 2008 per

1134 2017 1193 2050 boc
1217 2016 1274 2058 eis,
1295 2017 1402 2061 quoad
1418 2017 1654 2050 assecutionem
1673 2016 1878 2061 prioratuum

1133 2071 1178 2103 vel
1201 2070 1437 2104 beneficiorum
1456 2071 1608 2112 aliorum,
1641 2069 1878 2114 praeiudicium

1133 2125 1297 2167 generari3
1323 2129 1356 2158 et
1382 2124 1580 2168 quibuslibet
1607 2123 1679 2158 aliis
1705 2122 1880 2167 privilegiis

1133 2184 1163 2211 vt
1183 2177 1393 2222 indulgentiis
1411 2188 1447 2211 ac
1467 2178 1584 2211 litteris
1603 2176 1800 2222 apostolicis,
1825 2186 1879 2220 ge-

1135 2233 1296 2267 neralibus
1314 2232 1363 2267 vel
1376 2233 1581 2277 specialibus,
1597 2241 1878 2276 quorumcumque

1137 2294 1283 2320 *cnorum
1303 2286 1457 2327 existant5
1473 2297 1531 2331 per
1545 2296 1639 2329 quae,
1657 2284 1880 2330 praesentibus

1134 2351 1198 2374 uon
1227 2351 1374 2386 expressa
1397 2340 1446 2374 vel
1480 2339 1622 2373 totaliter
1654 2349 1719 2372 non
1744 2337 1876 2378 inserta,

1134 2395 1267 2428 effectus
1286 2404 1397 2428 earum
1416 2393 1568 2438 impediri
1583 2393 1687 2426 valeat
1701 2390 1878 2437 quomodo·
1926 2393 1930 2397 ⁴

1133 2445 1211 2477 libet
1229 2444 1277 2477 vel
1296 2443 1431 2484 diffeni,
1457 2449 1491 2476 et
1513 2442 1553 2476 de
1576 2442 1695 2487 quibus
1719 2449 1878 2485 quorum-

1133 2503 1195 2537 que
1224 2493 1317 2527 totis
1335 2491 1503 2526 tenoribus
1535 2491 1575 2525 de
1611 2490 1710 2524 verbo
1737 2489 1778 2522 ad
1805 2498 1877 2521 ver·
1924 2530 1929 2534 .

1134 2542 1210 2575 bum
1226 2541 1371 2576 habenda
1390 2541 1432 2575 sit
1450 2541 1484 2575 in
1495 2545 1584 2574 nosti
1586 2540 1612 2573 is
1626 2538 1743 2572 litteris
1755 2536 1877 2571 mentio

1135 2592 1293 2637 specialis
1312 2591 1441 2625 Proviso
1456 2589 1554 2634 quod,
1576 2593 1710 2633 propter
1723 2585 1878 2620 unionem

1135 2640 1348 2678 annexionem
1368 2645 1400 2676 et
1418 2636 1713 2684 incorporationem
1733 2634 1878 2681 praedic-

1929 682 1993 707 Gn-
1991 689 2016 709 u

1131 729 1237 763 lorum
1255 729 1427 763 sufficienti
1448 731 1669 774 derogatione,
1691 731 1732 764 de
1750 730 1814 764 illis
1825 741 1880 765 eo-
1891 715 1999 772 ζ’,Ἤω
2022 744 2023 753 2
