<?xml version="1.0" encoding="UTF-8"?>
<!DOCTYPE html PUBLIC "-//W3C//DTD XHTML 1.0 Transitional//EN"
    "http://www.w3.org/TR/xhtml1/DTD/xhtml1-transitional.dtd">
<html xmlns="http://www.w3.org/1999/xhtml" xml:lang="en" lang="en">
 <head>
  <title>
</title>
<meta http-equiv="Content-Type" content="text/html;charset=utf-8" />
  <meta name='ocr-system' content='tesseract 3.04.00' />
  <meta name='ocr-capabilities' content='ocr_page ocr_carea ocr_par ocr_line ocrx_word'/>
</head>
<body>
  <div class='ocr_page' id='page_1' title='image "./bullarumdiplomat08cath_0138.png"; bbox 0 0 2059 3228; ppageno 0'>
   <div class='ocr_carea' id='block_1_1' title="bbox 130 214 309 245">
    <p class='ocr_par' dir='ltr' id='par_1_1' title="bbox 130 214 309 245">
     <span class='ocr_line' id='line_1_1' title="bbox 130 214 309 245; baseline 0.011 -4"><span class='ocrx_word' id='word_1_1' title='bbox 130 214 183 242; x_wconf 80' lang='lat' dir='ltr'>An.</span> <span class='ocrx_word' id='word_1_2' title='bbox 195 215 223 243; x_wconf 88' lang='lat' dir='ltr'>C.</span> <span class='ocrx_word' id='word_1_3' title='bbox 240 215 309 245; x_wconf 79' lang='lat'>1575</span> 
     </span>
    </p>
   </div>
   <div class='ocr_carea' id='block_1_2' title="bbox 117 331 308 385">
    <p class='ocr_par' dir='ltr' id='par_1_2' title="bbox 117 331 308 385">
     <span class='ocr_line' id='line_1_2' title="bbox 145 331 308 352; baseline 0.006 -1"><span class='ocrx_word' id='word_1_4' title='bbox 145 331 308 352; x_wconf 71' lang='lat' dir='ltr'>Mor-nortuum</span> 
     </span>
     <span class='ocr_line' id='line_1_3' title="bbox 117 359 273 385; baseline 0.013 -7"><span class='ocrx_word' id='word_1_5' title='bbox 117 359 273 385; x_wconf 71' lang='lat' dir='ltr'>pmhtbltione3</span> 
     </span>
    </p>
   </div>
   <div class='ocr_carea' id='block_1_3' title="bbox 363 217 426 251">
    <p class='ocr_par' dir='ltr' id='par_1_3' title="bbox 363 217 426 251">
     <span class='ocr_line' id='line_1_4' title="bbox 363 217 426 251; baseline 0 0"><span class='ocrx_word' id='word_1_6' title='bbox 363 217 426 251; x_wconf 72' lang='lat'>1⁶22</span> 
     </span>
    </p>
   </div>
   <div class='ocr_carea' id='block_1_4' title="bbox 363 283 1060 326">
    <p class='ocr_par' dir='ltr' id='par_1_4' title="bbox 363 283 1060 326">
     <span class='ocr_line' id='line_1_5' title="bbox 363 283 1060 326; baseline 0.006 -11"><span class='ocrx_word' id='word_1_7' title='bbox 363 283 377 326; x_wconf 65' lang='grc' dir='ltr'><strong>ἓ</strong></span> <span class='ocrx_word' id='word_1_8' title='bbox 401 283 451 315; x_wconf 63' lang='lat' dir='ltr'>tt).</span> <span class='ocrx_word' id='word_1_9' title='bbox 475 283 571 316; x_wconf 82' lang='lat' dir='ltr'>Nemo</span> <span class='ocrx_word' id='word_1_10' title='bbox 587 310 595 324; x_wconf 91' lang='lat'>,</span> <span class='ocrx_word' id='word_1_11' title='bbox 619 283 755 317; x_wconf 81' lang='lat' dir='ltr'>cuiusvis</span> <span class='ocrx_word' id='word_1_12' title='bbox 779 283 970 318; x_wconf 85' lang='lat' dir='ltr'>conditionis</span> <span class='ocrx_word' id='word_1_13' title='bbox 994 285 1033 318; x_wconf 75' lang='lat' dir='ltr'>sit</span> <span class='ocrx_word' id='word_1_14' title='bbox 1054 313 1060 321; x_wconf 83' lang='lat'>,</span> 
     </span>
    </p>
   </div>
   <div class='ocr_carea' id='block_1_5' title="bbox 317 335 1058 539">
    <p class='ocr_par' dir='ltr' id='par_1_5' title="bbox 317 335 1058 487">
     <span class='ocr_line' id='line_1_6' title="bbox 319 335 1058 370; baseline 0.003 -3"><span class='ocrx_word' id='word_1_15' title='bbox 319 335 358 367; x_wconf 81' lang='lat' dir='ltr'>olJ</span> <span class='ocrx_word' id='word_1_16' title='bbox 386 346 435 368; x_wconf 73' lang='lat' dir='ltr'>res</span> <span class='ocrx_word' id='word_1_17' title='bbox 467 336 666 369; x_wconf 65' lang='lat' dir='ltr'>medicinales</span> <span class='ocrx_word' id='word_1_18' title='bbox 689 342 720 370; x_wconf 89' lang='lat' dir='ltr'>et.</span> <span class='ocrx_word' id='word_1_19' title='bbox 743 337 949 370; x_wconf 89' lang='lat' dir='ltr'>aromatarias</span> <span class='ocrx_word' id='word_1_20' title='bbox 976 338 1058 369; x_wconf 83' lang='lat' dir='ltr'>solu-</span> 
     </span>
     <span class='ocr_line' id='line_1_7' title="bbox 319 389 1055 433; baseline 0 -12"><span class='ocrx_word' id='word_1_21' title='bbox 319 389 412 422; x_wconf 77' lang='lat' dir='ltr'>tionis</span> <span class='ocrx_word' id='word_1_22' title='bbox 437 389 617 421; x_wconf 84' lang='lat' dir='ltr'>dilationem</span> <span class='ocrx_word' id='word_1_23' title='bbox 635 417 642 429; x_wconf 93' lang='lat'><strong>‚</strong></span> <span class='ocrx_word' id='word_1_24' title='bbox 667 400 762 433; x_wconf 87' lang='lat' dir='ltr'>quarn</span> <span class='ocrx_word' id='word_1_25' title='bbox 785 389 943 423; x_wconf 88' lang='lat' dir='ltr'>notoriam</span> <span class='ocrx_word' id='word_1_26' title='bbox 970 390 977 406; x_wconf 81' lang='lat'><strong>¹</strong></span> <span class='ocrx_word' id='word_1_27' title='bbox 1004 394 1055 421; x_wconf 86' lang='lat' dir='ltr'>aut</span> 
     </span>
     <span class='ocr_line' id='line_1_8' title="bbox 317 441 968 487; baseline 0.003 -15"><span class='ocrx_word' id='word_1_28' title='bbox 317 441 497 484; x_wconf 85' lang='lat' dir='ltr'>ciuquinam</span> <span class='ocrx_word' id='word_1_29' title='bbox 522 448 642 483; x_wconf 79' lang='lat' dir='ltr'>vocant,</span> <span class='ocrx_word' id='word_1_30' title='bbox 668 442 837 487; x_wconf 85' lang='lat' dir='ltr'>impetrare</span> <span class='ocrx_word' id='word_1_31' title='bbox 861 443 968 486; x_wconf 82' lang='lat' dir='ltr'>possit.</span> 
     </span>
    </p>

    <p class='ocr_par' dir='ltr' id='par_1_6' title="bbox 359 494 1054 539">
     <span class='ocr_line' id='line_1_9' title="bbox 359 494 1054 539; baseline -0.001 -13"><span class='ocrx_word' id='word_1_32' title='bbox 359 496 374 537; x_wconf 62' lang='lat' dir='ltr'>g</span> <span class='ocrx_word' id='word_1_33' title='bbox 397 494 446 527; x_wconf 60' lang='lat'>220.</span> <span class='ocrx_word' id='word_1_34' title='bbox 472 494 734 539; x_wconf 80' lang='lat' dir='ltr'>&#39;Quotiescumque</span> <span class='ocrx_word' id='word_1_35' title='bbox 758 495 798 528; x_wconf 88' lang='lat' dir='ltr'>ad</span> <span class='ocrx_word' id='word_1_36' title='bbox 817 495 985 527; x_wconf 73' lang='lat' dir='ltr'>visitandas</span> <span class='ocrx_word' id='word_1_37' title='bbox 1011 499 1054 525; x_wconf 81' lang='lat' dir='ltr'>ta-</span> 
     </span>
    </p>
   </div>
   <div class='ocr_carea' id='block_1_6' title="bbox 118 546 1055 592">
    <p class='ocr_par' dir='ltr' id='par_1_7' title="bbox 118 546 1055 592">
     <span class='ocr_line' id='line_1_10' title="bbox 118 546 1055 592; baseline -0.001 -14"><span class='ocrx_word' id='word_1_38' title='bbox 118 546 429 579; x_wconf 53' lang='lat' dir='ltr'>visitatationis-beruas</span> <span class='ocrx_word' id='word_1_39' title='bbox 460 548 689 589; x_wconf 84' lang='lat' dir='ltr'>aromatarias,</span> <span class='ocrx_word' id='word_1_40' title='bbox 719 559 799 592; x_wconf 84' lang='lat' dir='ltr'>quae</span> <span class='ocrx_word' id='word_1_41' title='bbox 832 553 917 581; x_wconf 79' lang='lat' dir='ltr'>extra</span> <span class='ocrx_word' id='word_1_42' title='bbox 943 547 1055 579; x_wconf 70' lang='lat' dir='ltr'>Urbem</span> 
     </span>
    </p>
   </div>
   <div class='ocr_carea' id='block_1_7' title="bbox 114 579 306 631">
    <p class='ocr_par' dir='ltr' id='par_1_8' title="bbox 114 579 306 631">
     <span class='ocr_line' id='line_1_11' title="bbox 115 579 306 599; baseline 0.01 -2"><span class='ocrx_word' id='word_1_43' title='bbox 115 579 255 598; x_wconf 67' lang='lat' dir='ltr'>mutat-inrum</span> <span class='ocrx_word' id='word_1_44' title='bbox 269 585 306 599; x_wconf 75' lang='lat' dir='ltr'>ex-</span> 
     </span>
     <span class='ocr_line' id='line_1_12' title="bbox 114 604 250 631; baseline 0.007 -6"><span class='ocrx_word' id='word_1_45' title='bbox 114 605 150 625; x_wconf 62' lang='lat' dir='ltr'>tr»</span> <span class='ocrx_word' id='word_1_46' title='bbox 164 604 250 631; x_wconf 80' lang='lat' dir='ltr'>Urbem,</span> 
     </span>
    </p>
   </div>
   <div class='ocr_carea' id='block_1_8' title="bbox 305 600 1055 1544">
    <p class='ocr_par' dir='ltr' id='par_1_9' title="bbox 305 600 1055 1492">
     <span class='ocr_line' id='line_1_13' title="bbox 314 600 1055 640; baseline -0.003 -8"><span class='ocrx_word' id='word_1_47' title='bbox 314 605 396 640; x_wconf 81' lang='lat' dir='ltr'>sunt,</span> <span class='ocrx_word' id='word_1_48' title='bbox 414 600 554 633; x_wconf 86' lang='lat' dir='ltr'>medicus</span> <span class='ocrx_word' id='word_1_49' title='bbox 576 611 613 633; x_wconf 84' lang='lat' dir='ltr'>ex</span> <span class='ocrx_word' id='word_1_50' title='bbox 629 601 710 634; x_wconf 90' lang='lat' dir='ltr'>Urbe</span> <span class='ocrx_word' id='word_1_51' title='bbox 735 601 905 633; x_wconf 80' lang='lat' dir='ltr'>mittendus</span> <span class='ocrx_word' id='word_1_52' title='bbox 929 600 998 639; x_wconf 80' lang='lat' dir='ltr'>erit,</span> <span class='ocrx_word' id='word_1_53' title='bbox 1017 609 1055 631; x_wconf 88' lang='lat' dir='ltr'>ne</span> 
     </span>
     <span class='ocr_line' id='line_1_14' title="bbox 312 651 1053 695; baseline 0 -12"><span class='ocrx_word' id='word_1_54' title='bbox 312 651 338 685; x_wconf 89' lang='lat' dir='ltr'>is</span> <span class='ocrx_word' id='word_1_55' title='bbox 373 652 477 685; x_wconf 83' lang='lat' dir='ltr'>forsan</span> <span class='ocrx_word' id='word_1_56' title='bbox 512 653 587 685; x_wconf 88' lang='lat' dir='ltr'>artis</span> <span class='ocrx_word' id='word_1_57' title='bbox 625 653 833 686; x_wconf 87' lang='lat' dir='ltr'>aromatariae</span> <span class='ocrx_word' id='word_1_58' title='bbox 872 652 1053 695; x_wconf 85' lang='lat' dir='ltr'>imperitum</span> 
     </span>
     <span class='ocr_line' id='line_1_15' title="bbox 310 704 1052 750; baseline -0.001 -13"><span class='ocrx_word' id='word_1_59' title='bbox 310 704 370 737; x_wconf 88' lang='lat' dir='ltr'>sibi</span> <span class='ocrx_word' id='word_1_60' title='bbox 387 705 534 738; x_wconf 86' lang='lat' dir='ltr'>comitem</span> <span class='ocrx_word' id='word_1_61' title='bbox 558 705 719 749; x_wconf 74' lang='lat' dir='ltr'>adiungat,</span> <span class='ocrx_word' id='word_1_62' title='bbox 736 706 977 750; x_wconf 80' lang='lat' dir='ltr'>protomedicus,</span> <span class='ocrx_word' id='word_1_63' title='bbox 999 704 1052 747; x_wconf 88' lang='lat' dir='ltr'>qui</span> 
     </span>
     <span class='ocr_line' id='line_1_16' title="bbox 308 756 1053 801; baseline 0 -13"><span class='ocrx_word' id='word_1_64' title='bbox 308 756 478 790; x_wconf 78' lang='lat' dir='ltr'>visitatoris</span> <span class='ocrx_word' id='word_1_65' title='bbox 501 757 687 801; x_wconf 82' lang='lat' dir='ltr'>designandi</span> <span class='ocrx_word' id='word_1_66' title='bbox 704 759 752 791; x_wconf 91' lang='lat' dir='ltr'>ius</span> <span class='ocrx_word' id='word_1_67' title='bbox 769 758 898 798; x_wconf 86' lang='lat' dir='ltr'>obtinet,</span> <span class='ocrx_word' id='word_1_68' title='bbox 916 757 1053 790; x_wconf 87' lang='lat' dir='ltr'>urbanis</span> 
     </span>
     <span class='ocr_line' id='line_1_17' title="bbox 306 809 1054 854; baseline -0.001 -12"><span class='ocrx_word' id='word_1_69' title='bbox 306 809 506 844; x_wconf 89' lang='lat' dir='ltr'>aromatariis</span> <span class='ocrx_word' id='word_1_70' title='bbox 535 811 568 843; x_wconf 92' lang='lat' dir='ltr'>id</span> <span class='ocrx_word' id='word_1_71' title='bbox 595 811 784 852; x_wconf 91' lang='lat' dir='ltr'>denuntiet,</span> <span class='ocrx_word' id='word_1_72' title='bbox 815 816 909 854; x_wconf 92' lang='lat' dir='ltr'>atque</span> <span class='ocrx_word' id='word_1_73' title='bbox 940 810 980 843; x_wconf 91' lang='lat' dir='ltr'>ab</span> <span class='ocrx_word' id='word_1_74' title='bbox 1007 810 1054 842; x_wconf 89' lang='lat' dir='ltr'>eis</span> 
     </span>
     <span class='ocr_line' id='line_1_18' title="bbox 305 862 1047 908; baseline 0.001 -14"><span class='ocrx_word' id='word_1_75' title='bbox 305 862 448 905; x_wconf 81' lang='lat' dir='ltr'>exquirat</span> <span class='ocrx_word' id='word_1_76' title='bbox 470 863 605 897; x_wconf 77' lang='lat' dir='ltr'><strong>habeant</strong></span> <span class='ocrx_word' id='word_1_77' title='bbox 629 875 668 898; x_wconf 89' lang='lat' dir='ltr'>ne</span> <span class='ocrx_word' id='word_1_78' title='bbox 691 865 827 908; x_wconf 82' lang='lat' dir='ltr'>aliquem</span> <span class='ocrx_word' id='word_1_79' title='bbox 852 865 991 908; x_wconf 89' lang='lat' dir='ltr'>peritum</span> <span class='ocrx_word' id='word_1_80' title='bbox 1020 869 1047 896; x_wconf 86' lang='lat' dir='ltr'>et</span> 
     </span>
     <span class='ocr_line' id='line_1_19' title="bbox 306 914 1053 961; baseline 0.004 -14"><span class='ocrx_word' id='word_1_81' title='bbox 306 914 456 949; x_wconf 89' lang='lat' dir='ltr'>idoneum</span> <span class='ocrx_word' id='word_1_82' title='bbox 487 916 648 950; x_wconf 88' lang='lat' dir='ltr'>hominem</span> <span class='ocrx_word' id='word_1_83' title='bbox 666 944 673 958; x_wconf 92' lang='lat'><strong><em>‚</em></strong></span> <span class='ocrx_word' id='word_1_84' title='bbox 698 918 752 961; x_wconf 92' lang='lat' dir='ltr'>qui</span> <span class='ocrx_word' id='word_1_85' title='bbox 784 918 905 951; x_wconf 88' lang='lat' dir='ltr'>medico</span> <span class='ocrx_word' id='word_1_86' title='bbox 936 917 979 949; x_wconf 90' lang='lat' dir='ltr'>illi</span> <span class='ocrx_word' id='word_1_87' title='bbox 1019 917 1053 950; x_wconf 90' lang='lat' dir='ltr'>in</span> 
     </span>
     <span class='ocr_line' id='line_1_20' title="bbox 307 969 1050 1003; baseline 0 -2"><span class='ocrx_word' id='word_1_88' title='bbox 307 969 489 1003; x_wconf 89' lang='lat' dir='ltr'>huiusmodi</span> <span class='ocrx_word' id='word_1_89' title='bbox 516 970 704 1003; x_wconf 80' lang='lat' dir='ltr'>visitationis</span> <span class='ocrx_word' id='word_1_90' title='bbox 733 981 864 1003; x_wconf 87' lang='lat' dir='ltr'>munere</span> <span class='ocrx_word' id='word_1_91' title='bbox 891 980 996 1003; x_wconf 88' lang='lat' dir='ltr'>comes</span> <span class='ocrx_word' id='word_1_92' title='bbox 1023 975 1050 1001; x_wconf 93' lang='lat' dir='ltr'>et</span> 
     </span>
     <span class='ocr_line' id='line_1_21' title="bbox 308 1022 1052 1067; baseline -0.001 -12"><span class='ocrx_word' id='word_1_93' title='bbox 308 1022 454 1056; x_wconf 86' lang='lat' dir='ltr'>minister</span> <span class='ocrx_word' id='word_1_94' title='bbox 468 1033 535 1057; x_wconf 87' lang='lat' dir='ltr'>esse</span> <span class='ocrx_word' id='word_1_95' title='bbox 550 1024 638 1064; x_wconf 72' lang='lat' dir='ltr'>velit,</span> <span class='ocrx_word' id='word_1_96' title='bbox 655 1035 717 1067; x_wconf 92' lang='lat' dir='ltr'>quo</span> <span class='ocrx_word' id='word_1_97' title='bbox 734 1024 871 1064; x_wconf 88' lang='lat' dir='ltr'>invento,</span> <span class='ocrx_word' id='word_1_98' title='bbox 887 1029 1012 1066; x_wconf 89' lang='lat' dir='ltr'>protom</span> <span class='ocrx_word' id='word_1_99' title='bbox 1022 1032 1052 1054; x_wconf 85' lang='lat' dir='ltr'>e-</span> 
     </span>
     <span class='ocr_line' id='line_1_22' title="bbox 308 1075 1049 1119; baseline -0.001 -12"><span class='ocrx_word' id='word_1_100' title='bbox 308 1075 397 1108; x_wconf 90' lang='lat' dir='ltr'>dicus</span> <span class='ocrx_word' id='word_1_101' title='bbox 424 1075 567 1119; x_wconf 87' lang='lat' dir='ltr'>utrisque</span> <span class='ocrx_word' id='word_1_102' title='bbox 589 1087 659 1109; x_wconf 90' lang='lat' dir='ltr'>eam</span> <span class='ocrx_word' id='word_1_103' title='bbox 682 1076 828 1109; x_wconf 76' lang='lat' dir='ltr'>visitandi</span> <span class='ocrx_word' id='word_1_104' title='bbox 852 1075 1049 1118; x_wconf 82' lang='lat' dir='ltr'>provinciam</span> 
     </span>
     <span class='ocr_line' id='line_1_23' title="bbox 307 1127 1050 1171; baseline -0.001 -11"><span class='ocrx_word' id='word_1_105' title='bbox 307 1128 473 1170; x_wconf 82' lang='lat' dir='ltr'>delegabit,</span> <span class='ocrx_word' id='word_1_106' title='bbox 485 1128 672 1171; x_wconf 68' lang='lat' dir='ltr'>curabitque</span> <span class='ocrx_word' id='word_1_107' title='bbox 687 1128 878 1161; x_wconf 87' lang='lat' dir='ltr'>aromatario</span> <span class='ocrx_word' id='word_1_108' title='bbox 895 1127 1014 1160; x_wconf 85' lang='lat' dir='ltr'>viaticu</span> <span class='ocrx_word' id='word_1_109' title='bbox 1023 1138 1050 1159; x_wconf 89' lang='lat' dir='ltr'>m</span> 
     </span>
     <span class='ocr_line' id='line_1_24' title="bbox 308 1180 1051 1224; baseline -0.003 -11"><span class='ocrx_word' id='word_1_110' title='bbox 308 1186 490 1224; x_wconf 85' lang='lat' dir='ltr'>competens</span> <span class='ocrx_word' id='word_1_111' title='bbox 511 1181 686 1224; x_wconf 88' lang='lat' dir='ltr'>praestari;</span> <span class='ocrx_word' id='word_1_112' title='bbox 711 1181 795 1224; x_wconf 87' lang='lat' dir='ltr'>quod</span> <span class='ocrx_word' id='word_1_113' title='bbox 818 1181 843 1214; x_wconf 88' lang='lat' dir='ltr'>si</span> <span class='ocrx_word' id='word_1_114' title='bbox 868 1180 1051 1214; x_wconf 85' lang='lat' dir='ltr'>aromatarii</span> 
     </span>
     <span class='ocr_line' id='line_1_25' title="bbox 308 1235 1052 1279; baseline -0.004 -11"><span class='ocrx_word' id='word_1_115' title='bbox 308 1236 503 1279; x_wconf 79' lang='lat' dir='ltr'>negligentes</span> <span class='ocrx_word' id='word_1_116' title='bbox 525 1246 563 1269; x_wconf 86' lang='lat' dir='ltr'>ea</span> <span class='ocrx_word' id='word_1_117' title='bbox 586 1235 619 1268; x_wconf 93' lang='lat' dir='ltr'>in</span> <span class='ocrx_word' id='word_1_118' title='bbox 642 1246 675 1268; x_wconf 92' lang='lat' dir='ltr'>re</span> <span class='ocrx_word' id='word_1_119' title='bbox 691 1235 818 1276; x_wconf 85' lang='lat' dir='ltr'>suerint,</span> <span class='ocrx_word' id='word_1_120' title='bbox 836 1236 918 1268; x_wconf 88' lang='lat' dir='ltr'>solus</span> <span class='ocrx_word' id='word_1_121' title='bbox 943 1239 1052 1278; x_wconf 89' lang='lat' dir='ltr'>proto-</span> 
     </span>
     <span class='ocr_line' id='line_1_26' title="bbox 308 1287 1047 1331; baseline -0.004 -9"><span class='ocrx_word' id='word_1_122' title='bbox 308 1289 448 1322; x_wconf 89' lang='lat' dir='ltr'>medicus</span> <span class='ocrx_word' id='word_1_123' title='bbox 471 1288 557 1321; x_wconf 91' lang='lat' dir='ltr'>hunc</span> <span class='ocrx_word' id='word_1_124' title='bbox 571 1288 667 1321; x_wconf 89' lang='lat' dir='ltr'>etiam</span> <span class='ocrx_word' id='word_1_125' title='bbox 683 1288 788 1331; x_wconf 80' lang='lat' dir='ltr'>eligat.</span> <span class='ocrx_word' id='word_1_126' title='bbox 806 1287 837 1320; x_wconf 88' lang='lat' dir='ltr'>Si</span> <span class='ocrx_word' id='word_1_127' title='bbox 854 1292 958 1320; x_wconf 88' lang='lat' dir='ltr'>autem</span> <span class='ocrx_word' id='word_1_128' title='bbox 975 1297 1047 1330; x_wconf 90' lang='lat' dir='ltr'>pro-</span> 
     </span>
     <span class='ocr_line' id='line_1_27' title="bbox 308 1340 1050 1383; baseline -0.003 -9"><span class='ocrx_word' id='word_1_129' title='bbox 308 1341 484 1374; x_wconf 88' lang='lat' dir='ltr'>tomedicus</span> <span class='ocrx_word' id='word_1_130' title='bbox 507 1350 571 1373; x_wconf 89' lang='lat' dir='ltr'>non</span> <span class='ocrx_word' id='word_1_131' title='bbox 594 1340 842 1380; x_wconf 81' lang='lat' dir='ltr'>adnunciaverit‚</span> <span class='ocrx_word' id='word_1_132' title='bbox 867 1340 900 1373; x_wconf 89' lang='lat' dir='ltr'>in</span> <span class='ocrx_word' id='word_1_133' title='bbox 924 1341 1050 1383; x_wconf 79' lang='lat' dir='ltr'>viginti-</span> 
     </span>
     <span class='ocr_line' id='line_1_28' title="bbox 307 1392 1048 1438; baseline -0.003 -11"><span class='ocrx_word' id='word_1_134' title='bbox 307 1394 449 1438; x_wconf 87' lang='lat' dir='ltr'>quinque</span> <span class='ocrx_word' id='word_1_135' title='bbox 471 1393 658 1426; x_wconf 82' lang='lat' dir='ltr'>ducatorum</span> <span class='ocrx_word' id='word_1_136' title='bbox 681 1402 699 1424; x_wconf 87' lang='lat' dir='ltr'>a</span> <span class='ocrx_word' id='word_1_137' title='bbox 723 1392 858 1436; x_wconf 73' lang='lat' dir='ltr'>syndicis</span> <span class='ocrx_word' id='word_1_138' title='bbox 875 1419 883 1433; x_wconf 95' lang='lat'>,</span> <span class='ocrx_word' id='word_1_139' title='bbox 908 1398 1048 1436; x_wconf 84' lang='lat' dir='ltr'>tempore</span> 
     </span>
     <span class='ocr_line' id='line_1_29' title="bbox 306 1447 808 1492; baseline -0.008 -10"><span class='ocrx_word' id='word_1_140' title='bbox 306 1448 497 1492; x_wconf 81' lang='lat' dir='ltr'>syndicatus,</span> <span class='ocrx_word' id='word_1_141' title='bbox 513 1457 614 1491; x_wconf 85' lang='lat' dir='ltr'>poena</span> <span class='ocrx_word' id='word_1_142' title='bbox 630 1447 808 1478; x_wconf 88' lang='lat' dir='ltr'>mulctetur.</span> 
     </span>
    </p>

    <p class='ocr_par' dir='ltr' id='par_1_10' title="bbox 350 1498 1048 1544">
     <span class='ocr_line' id='line_1_30' title="bbox 350 1498 1048 1544; baseline -0.003 -11"><span class='ocrx_word' id='word_1_143' title='bbox 350 1501 366 1544; x_wconf 65' lang='grc' dir='ltr'><strong>ἓ</strong></span> <span class='ocrx_word' id='word_1_144' title='bbox 389 1499 441 1533; x_wconf 72' lang='lat'>21.</span> <span class='ocrx_word' id='word_1_145' title='bbox 465 1499 600 1533; x_wconf 87' lang='lat' dir='ltr'>Medicus</span> <span class='ocrx_word' id='word_1_146' title='bbox 622 1509 695 1532; x_wconf 83' lang='lat' dir='ltr'>vero</span> <span class='ocrx_word' id='word_1_147' title='bbox 719 1499 757 1531; x_wconf 91' lang='lat' dir='ltr'>ad</span> <span class='ocrx_word' id='word_1_148' title='bbox 781 1498 973 1531; x_wconf 76' lang='lat' dir='ltr'>visitandum</span> <span class='ocrx_word' id='word_1_149' title='bbox 997 1499 1048 1531; x_wconf 87' lang='lat' dir='ltr'>de—</span> 
     </span>
    </p>
   </div>
   <div class='ocr_carea' id='block_1_9' title="bbox 134 1548 1049 1595">
    <p class='ocr_par' dir='ltr' id='par_1_11' title="bbox 134 1548 1049 1595">
     <span class='ocr_line' id='line_1_31' title="bbox 134 1548 1049 1595; baseline -0.001 -10"><span class='ocrx_word' id='word_1_150' title='bbox 134 1548 465 1593; x_wconf 52' lang='lat' dir='ltr'>medie⁰⁸1¹&#39;³·stinatus,</span> <span class='ocrx_word' id='word_1_151' title='bbox 490 1551 629 1595; x_wconf 84' lang='lat' dir='ltr'>singulas</span> <span class='ocrx_word' id='word_1_152' title='bbox 658 1551 825 1594; x_wconf 79' lang='lat' dir='ltr'>apothecas</span> <span class='ocrx_word' id='word_1_153' title='bbox 855 1557 883 1585; x_wconf 89' lang='lat' dir='ltr'>et</span> <span class='ocrx_word' id='word_1_154' title='bbox 909 1552 1049 1584; x_wconf 81' lang='lat' dir='ltr'>officinas</span> 
     </span>
    </p>
   </div>
   <div class='ocr_carea' id='block_1_10' title="bbox 104 1575 299 1655">
    <p class='ocr_par' dir='ltr' id='par_1_12' title="bbox 104 1575 299 1655">
     <span class='ocr_line' id='line_1_32' title="bbox 106 1575 299 1596; baseline 0.01 -2"><span class='ocrx_word' id='word_1_155' title='bbox 106 1575 217 1595; x_wconf 72' lang='lat' dir='ltr'>sitandam</span> <span class='ocrx_word' id='word_1_156' title='bbox 250 1582 299 1596; x_wconf 77' lang='lat' dir='ltr'>aro-</span> 
     </span>
     <span class='ocr_line' id='line_1_33' title="bbox 105 1603 299 1623; baseline 0.005 -1"><span class='ocrx_word' id='word_1_157' title='bbox 105 1603 208 1623; x_wconf 66' lang='lat' dir='ltr'>matum</span> <span class='ocrx_word' id='word_1_158' title='bbox 230 1603 299 1623; x_wconf 81' lang='lat' dir='ltr'>desti-</span> 
     </span>
     <span class='ocr_line' id='line_1_34' title="bbox 104 1630 162 1655; baseline -0.017 -7"><span class='ocrx_word' id='word_1_159' title='bbox 104 1630 162 1655; x_wconf 69' lang='lat'>”⁵⁸⁰5</span> 
     </span>
    </p>
   </div>
   <div class='ocr_carea' id='block_1_11' title="bbox 99 2130 291 2212">
    <p class='ocr_par' dir='ltr' id='par_1_13' title="bbox 99 2130 291 2212">
     <span class='ocr_line' id='line_1_35' title="bbox 112 2130 283 2154; baseline 0.023 -4"><span class='ocrx_word' id='word_1_160' title='bbox 112 2130 232 2153; x_wconf 76' lang='lat' dir='ltr'>Poenarum</span> <span class='ocrx_word' id='word_1_161' title='bbox 242 2140 283 2154; x_wconf 68' lang='lat' dir='ltr'>exa</span> 
     </span>
     <span class='ocr_line' id='line_1_36' title="bbox 99 2159 291 2181; baseline 0.01 -2"><span class='ocrx_word' id='word_1_162' title='bbox 99 2159 172 2180; x_wconf 66' lang='lat' dir='ltr'>ctione</span> <span class='ocrx_word' id='word_1_163' title='bbox 185 2165 210 2180; x_wconf 73' lang='lat' dir='ltr'>ac</span> <span class='ocrx_word' id='word_1_164' title='bbox 226 2162 291 2181; x_wconf 75' lang='lat' dir='ltr'>ratio-</span> 
     </span>
     <span class='ocr_line' id='line_1_37' title="bbox 100 2189 139 2212; baseline 0 0"><span class='ocrx_word' id='word_1_165' title='bbox 100 2189 139 2212; x_wconf 70' lang='lat'>⁸¹⁹·</span> 
     </span>
    </p>
   </div>
   <div class='ocr_carea' id='block_1_12' title="bbox 297 1604 1048 2335">
    <p class='ocr_par' dir='ltr' id='par_1_14' title="bbox 297 1604 1048 2072">
     <span class='ocr_line' id='line_1_38' title="bbox 307 1604 1048 1645; baseline -0.001 -7"><span class='ocrx_word' id='word_1_166' title='bbox 307 1605 524 1645; x_wconf 78' lang='lat' dir='ltr'>aromatarias,</span> <span class='ocrx_word' id='word_1_167' title='bbox 548 1614 613 1636; x_wconf 91' lang='lat' dir='ltr'>non</span> <span class='ocrx_word' id='word_1_168' title='bbox 636 1604 707 1636; x_wconf 87' lang='lat' dir='ltr'>ficte</span> <span class='ocrx_word' id='word_1_169' title='bbox 730 1609 784 1636; x_wconf 88' lang='lat' dir='ltr'>aut</span> <span class='ocrx_word' id='word_1_170' title='bbox 807 1604 972 1645; x_wconf 78' lang='lat' dir='ltr'>fallaciter,</span> <span class='ocrx_word' id='word_1_171' title='bbox 996 1605 1048 1637; x_wconf 79' lang='lat' dir='ltr'>sed</span> 
     </span>
     <span class='ocr_line' id='line_1_39' title="bbox 306 1656 1047 1701; baseline -0.001 -10"><span class='ocrx_word' id='word_1_172' title='bbox 306 1668 378 1692; x_wconf 87' lang='lat' dir='ltr'>vere</span> <span class='ocrx_word' id='word_1_173' title='bbox 394 1657 494 1691; x_wconf 81' lang='lat' dir='ltr'>visitet</span> <span class='ocrx_word' id='word_1_174' title='bbox 513 1662 606 1700; x_wconf 87' lang='lat' dir='ltr'>atque</span> <span class='ocrx_word' id='word_1_175' title='bbox 623 1656 780 1700; x_wconf 87' lang='lat' dir='ltr'>inspiciat,</span> <span class='ocrx_word' id='word_1_176' title='bbox 797 1661 826 1690; x_wconf 85' lang='lat' dir='ltr'>et</span> <span class='ocrx_word' id='word_1_177' title='bbox 846 1657 958 1689; x_wconf 83' lang='lat' dir='ltr'>debitis</span> <span class='ocrx_word' id='word_1_178' title='bbox 975 1668 1047 1701; x_wconf 90' lang='lat' dir='ltr'>poe-</span> 
     </span>
     <span class='ocr_line' id='line_1_40' title="bbox 304 1710 1046 1755; baseline -0.004 -10"><span class='ocrx_word' id='word_1_179' title='bbox 304 1712 354 1745; x_wconf 90' lang='lat' dir='ltr'>nis</span> <span class='ocrx_word' id='word_1_180' title='bbox 370 1711 492 1755; x_wconf 86' lang='lat' dir='ltr'>puniat,</span> <span class='ocrx_word' id='word_1_181' title='bbox 505 1711 599 1753; x_wconf 88' lang='lat' dir='ltr'>idque</span> <span class='ocrx_word' id='word_1_182' title='bbox 616 1720 648 1743; x_wconf 90' lang='lat' dir='ltr'>se</span> <span class='ocrx_word' id='word_1_183' title='bbox 661 1710 778 1750; x_wconf 88' lang='lat' dir='ltr'>secisse,</span> <span class='ocrx_word' id='word_1_184' title='bbox 793 1710 972 1743; x_wconf 86' lang='lat' dir='ltr'>testimonio</span> <span class='ocrx_word' id='word_1_185' title='bbox 988 1722 1046 1754; x_wconf 84' lang='lat' dir='ltr'>pu·</span> 
     </span>
     <span class='ocr_line' id='line_1_41' title="bbox 302 1762 1046 1805; baseline -0.007 -7"><span class='ocrx_word' id='word_1_186' title='bbox 302 1765 383 1798; x_wconf 88' lang='lat' dir='ltr'>blico</span> <span class='ocrx_word' id='word_1_187' title='bbox 408 1765 508 1801; x_wconf 85' lang='lat' dir='ltr'>allato,</span> <span class='ocrx_word' id='word_1_188' title='bbox 529 1763 659 1803; x_wconf 87' lang='lat' dir='ltr'>doceat;</span> <span class='ocrx_word' id='word_1_189' title='bbox 676 1762 701 1795; x_wconf 91' lang='lat' dir='ltr'>si</span> <span class='ocrx_word' id='word_1_190' title='bbox 725 1762 955 1801; x_wconf 80' lang='lat' dir='ltr'>contrafecerit,</span> <span class='ocrx_word' id='word_1_191' title='bbox 973 1773 1046 1805; x_wconf 90' lang='lat' dir='ltr'>pro-</span> 
     </span>
     <span class='ocr_line' id='line_1_42' title="bbox 300 1815 1046 1850; baseline -0.004 0"><span class='ocrx_word' id='word_1_192' title='bbox 300 1817 446 1850; x_wconf 87' lang='lat' dir='ltr'>tomedici</span> <span class='ocrx_word' id='word_1_193' title='bbox 471 1821 499 1849; x_wconf 91' lang='lat' dir='ltr'>et</span> <span class='ocrx_word' id='word_1_194' title='bbox 524 1815 778 1848; x_wconf 80' lang='lat' dir='ltr'>consiliariorum</span> <span class='ocrx_word' id='word_1_195' title='bbox 801 1815 962 1848; x_wconf 90' lang='lat' dir='ltr'>communi</span> <span class='ocrx_word' id='word_1_196' title='bbox 993 1816 1046 1848; x_wconf 87' lang='lat' dir='ltr'>de-</span> 
     </span>
     <span class='ocr_line' id='line_1_43' title="bbox 299 1868 1042 1912; baseline -0.004 -9"><span class='ocrx_word' id='word_1_197' title='bbox 299 1876 396 1911; x_wconf 86' lang='lat' dir='ltr'>creto‚</span> <span class='ocrx_word' id='word_1_198' title='bbox 420 1868 675 1912; x_wconf 80' lang='lat' dir='ltr'>vigintiquinque</span> <span class='ocrx_word' id='word_1_199' title='bbox 699 1868 886 1901; x_wconf 87' lang='lat' dir='ltr'>ducatorum</span> <span class='ocrx_word' id='word_1_200' title='bbox 910 1879 1042 1911; x_wconf 87' lang='lat' dir='ltr'>poenam</span> 
     </span>
     <span class='ocr_line' id='line_1_44' title="bbox 298 1922 1045 1966; baseline -0.003 -10"><span class='ocrx_word' id='word_1_201' title='bbox 298 1924 428 1958; x_wconf 86' lang='lat' dir='ltr'>subeat:</span> <span class='ocrx_word' id='word_1_202' title='bbox 446 1931 526 1966; x_wconf 87' lang='lat' dir='ltr'>quae</span> <span class='ocrx_word' id='word_1_203' title='bbox 549 1932 651 1965; x_wconf 88' lang='lat' dir='ltr'>poena</span> <span class='ocrx_word' id='word_1_204' title='bbox 674 1931 732 1965; x_wconf 91' lang='lat' dir='ltr'>pro</span> <span class='ocrx_word' id='word_1_205' title='bbox 756 1931 889 1953; x_wconf 90' lang='lat' dir='ltr'>numero</span> <span class='ocrx_word' id='word_1_206' title='bbox 913 1922 1045 1964; x_wconf 87' lang='lat' dir='ltr'>apothe-</span> 
     </span>
     <span class='ocr_line' id='line_1_45' title="bbox 298 1973 1044 2019; baseline -0.004 -9"><span class='ocrx_word' id='word_1_207' title='bbox 298 1987 419 2017; x_wconf 81' lang='lat' dir='ltr'>carum,</span> <span class='ocrx_word' id='word_1_208' title='bbox 443 1986 522 2019; x_wconf 82' lang='lat' dir='ltr'>quas</span> <span class='ocrx_word' id='word_1_209' title='bbox 545 1984 610 2007; x_wconf 90' lang='lat' dir='ltr'>non</span> <span class='ocrx_word' id='word_1_210' title='bbox 632 1973 813 2017; x_wconf 76' lang='lat' dir='ltr'>inspexerit,</span> <span class='ocrx_word' id='word_1_211' title='bbox 837 1973 928 2006; x_wconf 90' lang='lat' dir='ltr'>toties</span> <span class='ocrx_word' id='word_1_212' title='bbox 951 1974 991 2005; x_wconf 89' lang='lat' dir='ltr'>ab</span> <span class='ocrx_word' id='word_1_213' title='bbox 1008 1986 1044 2007; x_wconf 91' lang='lat' dir='ltr'>eo</span> 
     </span>
     <span class='ocr_line' id='line_1_46' title="bbox 297 2029 451 2072; baseline -0.006 -10"><span class='ocrx_word' id='word_1_214' title='bbox 297 2029 451 2072; x_wconf 79' lang='lat' dir='ltr'>exigatur.</span> 
     </span>
    </p>

    <p class='ocr_par' dir='ltr' id='par_1_15' title="bbox 297 2079 1041 2335">
     <span class='ocr_line' id='line_1_47' title="bbox 343 2079 1038 2124; baseline -0.001 -11"><span class='ocrx_word' id='word_1_215' title='bbox 343 2082 357 2124; x_wconf 63' lang='lat' dir='ltr'>g</span> <span class='ocrx_word' id='word_1_216' title='bbox 374 2081 424 2113; x_wconf 67' lang='lat'>22.</span> <span class='ocrx_word' id='word_1_217' title='bbox 439 2081 476 2114; x_wconf 82' lang='lat' dir='ltr'>Ut</span> <span class='ocrx_word' id='word_1_218' title='bbox 494 2085 598 2113; x_wconf 89' lang='lat' dir='ltr'>autem</span> <span class='ocrx_word' id='word_1_219' title='bbox 611 2079 774 2123; x_wconf 89' lang='lat' dir='ltr'>pecuniae,</span> <span class='ocrx_word' id='word_1_220' title='bbox 788 2089 868 2122; x_wconf 89' lang='lat' dir='ltr'>quae</span> <span class='ocrx_word' id='word_1_221' title='bbox 881 2079 972 2112; x_wconf 87' lang='lat' dir='ltr'>abiis</span> <span class='ocrx_word' id='word_1_222' title='bbox 986 2082 1038 2123; x_wconf 88' lang='lat' dir='ltr'>qui</span> 
     </span>
     <span class='ocr_line' id='line_1_48' title="bbox 301 2132 1041 2175; baseline 0 -10"><span class='ocrx_word' id='word_1_223' title='bbox 301 2133 350 2166; x_wconf 90' lang='lat' dir='ltr'>his</span> <span class='ocrx_word' id='word_1_224' title='bbox 374 2133 508 2166; x_wconf 79' lang='lat' dir='ltr'>decretis</span> <span class='ocrx_word' id='word_1_225' title='bbox 531 2142 595 2165; x_wconf 92' lang='lat' dir='ltr'>non</span> <span class='ocrx_word' id='word_1_226' title='bbox 618 2132 902 2175; x_wconf 81' lang='lat' dir='ltr'>obtemperaverint</span> <span class='ocrx_word' id='word_1_227' title='bbox 923 2143 1041 2175; x_wconf 85' lang='lat' dir='ltr'>poenae</span> 
     </span>
     <span class='ocr_line' id='line_1_49' title="bbox 300 2185 1040 2228; baseline -0.004 -9"><span class='ocrx_word' id='word_1_228' title='bbox 300 2187 428 2219; x_wconf 85' lang='lat' dir='ltr'>nominc</span> <span class='ocrx_word' id='word_1_229' title='bbox 452 2186 614 2228; x_wconf 78' lang='lat' dir='ltr'>exigetur,</span> <span class='ocrx_word' id='word_1_230' title='bbox 639 2185 719 2218; x_wconf 88' lang='lat' dir='ltr'>ratio</span> <span class='ocrx_word' id='word_1_231' title='bbox 742 2189 884 2225; x_wconf 90' lang='lat' dir='ltr'>constet,</span> <span class='ocrx_word' id='word_1_232' title='bbox 909 2185 1040 2227; x_wconf 55' lang='lat' dir='ltr'>singulis¹</span> 
     </span>
     <span class='ocr_line' id='line_1_50' title="bbox 299 2237 1037 2282; baseline -0.001 -11"><span class='ocrx_word' id='word_1_233' title='bbox 299 2239 391 2272; x_wconf 84' lang='lat' dir='ltr'>annis</span> <span class='ocrx_word' id='word_1_234' title='bbox 415 2250 431 2271; x_wconf 89' lang='lat' dir='ltr'>a</span> <span class='ocrx_word' id='word_1_235' title='bbox 456 2239 670 2282; x_wconf 84' lang='lat' dir='ltr'>protomedico</span> <span class='ocrx_word' id='word_1_236' title='bbox 693 2243 724 2271; x_wconf 88' lang='lat' dir='ltr'>et</span> <span class='ocrx_word' id='word_1_237' title='bbox 750 2237 932 2271; x_wconf 87' lang='lat' dir='ltr'>consulibus</span> <span class='ocrx_word' id='word_1_238' title='bbox 956 2249 1037 2270; x_wconf 69' lang='lat' dir='ltr'>unus</span> 
     </span>
     <span class='ocr_line' id='line_1_51' title="bbox 297 2291 1037 2335; baseline -0.004 -10"><span class='ocrx_word' id='word_1_239' title='bbox 297 2292 505 2335; x_wconf 77' lang='lat' dir='ltr'>depositarius</span> <span class='ocrx_word' id='word_1_240' title='bbox 539 2302 575 2324; x_wconf 86' lang='lat' dir='ltr'>cx</span> <span class='ocrx_word' id='word_1_241' title='bbox 609 2291 808 2324; x_wconf 85' lang='lat' dir='ltr'>aromatariis</span> <span class='ocrx_word' id='word_1_242' title='bbox 846 2291 1037 2323; x_wconf 86' lang='lat' dir='ltr'>coniunctim</span> 
     </span>
    </p>
   </div>
   <div class='ocr_carea' id='block_1_13' title="bbox 296 2343 1038 2606">
    <p class='ocr_par' dir='ltr' id='par_1_16' title="bbox 296 2343 1038 2606">
     <span class='ocr_line' id='line_1_52' title="bbox 297 2343 1036 2387; baseline -0.003 -10"><span class='ocrx_word' id='word_1_243' title='bbox 297 2345 454 2387; x_wconf 83' lang='lat' dir='ltr'>eligatur,</span> <span class='ocrx_word' id='word_1_244' title='bbox 480 2355 574 2387; x_wconf 85' lang='lat' dir='ltr'>penes</span> <span class='ocrx_word' id='word_1_245' title='bbox 601 2355 695 2387; x_wconf 85' lang='lat' dir='ltr'>quem</span> <span class='ocrx_word' id='word_1_246' title='bbox 718 2343 852 2387; x_wconf 88' lang='lat' dir='ltr'>pecunia</span> <span class='ocrx_word' id='word_1_247' title='bbox 876 2343 979 2376; x_wconf 91' lang='lat' dir='ltr'>omnis</span> <span class='ocrx_word' id='word_1_248' title='bbox 1003 2354 1036 2375; x_wconf 81' lang='lat' dir='ltr'>ex</span> 
     </span>
     <span class='ocr_line' id='line_1_53' title="bbox 296 2387 1038 2429; baseline -0.003 -9"><span class='ocrx_word' id='word_1_249' title='bbox 296 2388 478 2421; x_wconf 86' lang='lat' dir='ltr'>huiusmodi</span> <span class='ocrx_word' id='word_1_250' title='bbox 514 2388 715 2421; x_wconf 78' lang='lat' dir='ltr'>mulctatione</span> <span class='ocrx_word' id='word_1_251' title='bbox 750 2388 876 2420; x_wconf 87' lang='lat' dir='ltr'>collecta</span> <span class='ocrx_word' id='word_1_252' title='bbox 899 2387 1038 2429; x_wconf 79' lang='lat' dir='ltr'>depona-</span> 
     </span>
     <span class='ocr_line' id='line_1_54' title="bbox 304 2431 1035 2474; baseline -0.003 -10"><span class='ocrx_word' id='word_1_253' title='bbox 304 2437 379 2472; x_wconf 88' lang='lat' dir='ltr'>tur,</span> <span class='ocrx_word' id='word_1_254' title='bbox 404 2431 493 2474; x_wconf 88' lang='lat' dir='ltr'>eique</span> <span class='ocrx_word' id='word_1_255' title='bbox 528 2443 564 2464; x_wconf 81' lang='lat' dir='ltr'>cx</span> <span class='ocrx_word' id='word_1_256' title='bbox 599 2432 706 2474; x_wconf 84' lang='lat' dir='ltr'>poenis</span> <span class='ocrx_word' id='word_1_257' title='bbox 737 2431 895 2474; x_wconf 79' lang='lat' dir='ltr'>exigendis</span> <span class='ocrx_word' id='word_1_258' title='bbox 918 2436 1035 2463; x_wconf 82' lang='lat' dir='ltr'>certum</span> 
     </span>
     <span class='ocr_line' id='line_1_55' title="bbox 297 2475 1036 2518; baseline -0.003 -10"><span class='ocrx_word' id='word_1_259' title='bbox 297 2475 499 2518; x_wconf 88' lang='lat' dir='ltr'>stipendium,</span> <span class='ocrx_word' id='word_1_260' title='bbox 517 2476 722 2518; x_wconf 85' lang='lat' dir='ltr'>protomedici</span> <span class='ocrx_word' id='word_1_261' title='bbox 746 2481 777 2509; x_wconf 86' lang='lat' dir='ltr'>et</span> <span class='ocrx_word' id='word_1_262' title='bbox 799 2476 960 2509; x_wconf 90' lang='lat' dir='ltr'>consulum</span> <span class='ocrx_word' id='word_1_263' title='bbox 986 2485 1036 2506; x_wconf 85' lang='lat' dir='ltr'>ar-</span> 
     </span>
     <span class='ocr_line' id='line_1_56' title="bbox 296 2518 1035 2560; baseline -0.003 -9"><span class='ocrx_word' id='word_1_264' title='bbox 296 2519 402 2559; x_wconf 82' lang='lat' dir='ltr'>bitrio,</span> <span class='ocrx_word' id='word_1_265' title='bbox 428 2524 603 2560; x_wconf 84' lang='lat' dir='ltr'>statuatur,</span> <span class='ocrx_word' id='word_1_266' title='bbox 628 2520 671 2552; x_wconf 89' lang='lat' dir='ltr'>ita</span> <span class='ocrx_word' id='word_1_267' title='bbox 696 2525 800 2552; x_wconf 83' lang='lat' dir='ltr'>tamen</span> <span class='ocrx_word' id='word_1_268' title='bbox 826 2525 860 2551; x_wconf 92' lang='lat' dir='ltr'>ut</span> <span class='ocrx_word' id='word_1_269' title='bbox 883 2524 974 2551; x_wconf 86' lang='lat' dir='ltr'>antea</span> <span class='ocrx_word' id='word_1_270' title='bbox 998 2518 1035 2550; x_wconf 70' lang='lat' dir='ltr'>do</span> 
     </span>
     <span class='ocr_line' id='line_1_57' title="bbox 296 2563 1036 2606; baseline -0.001 -11"><span class='ocrx_word' id='word_1_271' title='bbox 296 2563 416 2606; x_wconf 83' lang='lat' dir='ltr'>reliqua</span> <span class='ocrx_word' id='word_1_272' title='bbox 440 2573 561 2596; x_wconf 88' lang='lat' dir='ltr'>summa</span> <span class='ocrx_word' id='word_1_273' title='bbox 585 2564 777 2596; x_wconf 80' lang='lat' dir='ltr'>restituenda</span> <span class='ocrx_word' id='word_1_274' title='bbox 794 2563 938 2596; x_wconf 85' lang='lat' dir='ltr'>idoneam</span> <span class='ocrx_word' id='word_1_275' title='bbox 962 2572 1036 2595; x_wconf 87' lang='lat' dir='ltr'>cau-</span> 
     </span>
    </p>
   </div>
   <div class='ocr_carea' id='block_1_14' title="bbox 333 2617 818 2650">
    <p class='ocr_par' dir='ltr' id='par_1_17' title="bbox 333 2617 818 2650">
     <span class='ocr_line' id='line_1_58' title="bbox 333 2617 818 2650; baseline 0.002 -8"><span class='ocrx_word' id='word_1_276' title='bbox 333 2619 346 2642; x_wconf 91' lang='lat'>1</span> <span class='ocrx_word' id='word_1_277' title='bbox 368 2618 552 2649; x_wconf 78' lang='lat' dir='ltr'>Moratoriam,</span> <span class='ocrx_word' id='word_1_278' title='bbox 572 2617 688 2643; x_wconf 87' lang='lat' dir='ltr'>Cherub.</span> <span class='ocrx_word' id='word_1_279' title='bbox 707 2618 753 2650; x_wconf 71' lang='lat' dir='ltr'>(n.</span> <span class='ocrx_word' id='word_1_280' title='bbox 773 2617 818 2649; x_wconf 79' lang='lat' dir='ltr'>T.)</span> 
     </span>
    </p>
   </div>
   <div class='ocr_carea' id='block_1_15' title="bbox 902 233 1253 259">
    <p class='ocr_par' dir='ltr' id='par_1_18' title="bbox 902 233 1253 259">
     <span class='ocr_line' id='line_1_59' title="bbox 902 233 1253 259; baseline 0.009 -3"><span class='ocrx_word' id='word_1_281' title='bbox 902 233 1082 258; x_wconf 73' lang='lat' dir='ltr'>nULLAmUM</span> <span class='ocrx_word' id='word_1_282' title='bbox 1099 234 1253 259; x_wconf 70' lang='lat' dir='ltr'><strong>ROMANUM</strong></span> 
     </span>
    </p>
   </div>
   <div class='ocr_carea' id='block_1_16' title="bbox 1068 2025 2041 2331">
    <p class='ocr_par' dir='ltr' id='par_1_19' title="bbox 1068 2025 2041 2331">
     <span class='ocr_line' id='line_1_60' title="bbox 1074 2025 1991 2069; baseline 0.005 -13"><span class='ocrx_word' id='word_1_283' title='bbox 1074 2025 1220 2058; x_wconf 79' lang='lat' dir='ltr'>adversus</span> <span class='ocrx_word' id='word_1_284' title='bbox 1242 2026 1420 2068; x_wconf 85' lang='lat' dir='ltr'>supradicta</span> <span class='ocrx_word' id='word_1_285' title='bbox 1441 2026 1564 2058; x_wconf 86' lang='lat' dir='ltr'>decreta</span> <span class='ocrx_word' id='word_1_286' title='bbox 1588 2026 1753 2069; x_wconf 87' lang='lat' dir='ltr'>deliquerit</span> <span class='ocrx_word' id='word_1_287' title='bbox 1778 2032 1808 2060; x_wconf 85' lang='lat' dir='ltr'>et</span> <span class='ocrx_word' id='word_1_288' title='bbox 1821 2036 1879 2055; x_wconf 69' lang='lat' dir='ltr'>none</span> <span class='ocrx_word' id='word_1_289' title='bbox 1891 2038 1991 2061; x_wconf 66' lang='lat' dir='ltr'>tun—&lt;er</span> 
     </span>
     <span class='ocr_line' id='line_1_61' title="bbox 1073 2075 2041 2122; baseline 0.001 -12"><span class='ocrx_word' id='word_1_290' title='bbox 1073 2079 1102 2110; x_wconf 88' lang='lat' dir='ltr'>in</span> <span class='ocrx_word' id='word_1_291' title='bbox 1128 2089 1260 2121; x_wconf 84' lang='lat' dir='ltr'>poenam</span> <span class='ocrx_word' id='word_1_292' title='bbox 1285 2078 1432 2111; x_wconf 82' lang='lat' dir='ltr'>inciderit.</span> <span class='ocrx_word' id='word_1_293' title='bbox 1457 2089 1556 2111; x_wconf 89' lang='lat' dir='ltr'>necne</span> <span class='ocrx_word' id='word_1_294' title='bbox 1583 2078 1713 2122; x_wconf 83' lang='lat' dir='ltr'>eiusque</span> <span class='ocrx_word' id='word_1_295' title='bbox 1736 2089 1810 2121; x_wconf 88' lang='lat' dir='ltr'>poe-</span> <span class='ocrx_word' id='word_1_296' title='bbox 1995 2075 1999 2078; x_wconf 47' lang='grc'><em>“</em></span> <span class='ocrx_word' id='word_1_297' title='bbox 2019 2075 2041 2078; x_wconf 72' lang='grc'><strong>’</strong></span> 
     </span>
     <span class='ocr_line' id='line_1_62' title="bbox 1072 2130 1809 2174; baseline 0.003 -12"><span class='ocrx_word' id='word_1_298' title='bbox 1072 2142 1128 2163; x_wconf 85' lang='lat' dir='ltr'>nae</span> <span class='ocrx_word' id='word_1_299' title='bbox 1146 2131 1315 2174; x_wconf 73' lang='lat' dir='ltr'>exigendae</span> <span class='ocrx_word' id='word_1_300' title='bbox 1332 2130 1428 2164; x_wconf 91' lang='lat' dir='ltr'>iussio</span> <span class='ocrx_word' id='word_1_301' title='bbox 1444 2131 1482 2163; x_wconf 84' lang='lat' dir='ltr'>ad</span> <span class='ocrx_word' id='word_1_302' title='bbox 1501 2141 1553 2163; x_wconf 89' lang='lat' dir='ltr'>eos</span> <span class='ocrx_word' id='word_1_303' title='bbox 1568 2132 1649 2164; x_wconf 89' lang='lat' dir='ltr'>solos</span> <span class='ocrx_word' id='word_1_304' title='bbox 1670 2136 1700 2164; x_wconf 86' lang='lat' dir='ltr'>et</span> <span class='ocrx_word' id='word_1_305' title='bbox 1724 2130 1755 2163; x_wconf 88' lang='lat' dir='ltr'>in</span> <span class='ocrx_word' id='word_1_306' title='bbox 1773 2141 1809 2164; x_wconf 78' lang='lat' dir='ltr'>ea</span> 
     </span>
     <span class='ocr_line' id='line_1_63' title="bbox 1070 2183 1806 2227; baseline 0.001 -12"><span class='ocrx_word' id='word_1_307' title='bbox 1070 2184 1168 2216; x_wconf 80' lang='lat' dir='ltr'>forma</span> <span class='ocrx_word' id='word_1_308' title='bbox 1190 2184 1356 2226; x_wconf 86' lang='lat' dir='ltr'>pertineat,</span> <span class='ocrx_word' id='word_1_309' title='bbox 1381 2183 1496 2226; x_wconf 88' lang='lat' dir='ltr'>quibus</span> <span class='ocrx_word' id='word_1_310' title='bbox 1519 2183 1551 2215; x_wconf 91' lang='lat' dir='ltr'>in</span> <span class='ocrx_word' id='word_1_311' title='bbox 1575 2183 1651 2226; x_wconf 84' lang='lat' dir='ltr'>ipsis</span> <span class='ocrx_word' id='word_1_312' title='bbox 1674 2183 1806 2227; x_wconf 83' lang='lat' dir='ltr'>singulis</span> 
     </span>
     <span class='ocr_line' id='line_1_64' title="bbox 1068 2235 1805 2280; baseline 0.001 -12"><span class='ocrx_word' id='word_1_313' title='bbox 1068 2236 1214 2280; x_wconf 77' lang='lat' dir='ltr'>capitulis</span> <span class='ocrx_word' id='word_1_314' title='bbox 1227 2237 1424 2269; x_wconf 87' lang='lat' dir='ltr'>decretorum</span> <span class='ocrx_word' id='word_1_315' title='bbox 1452 2235 1604 2279; x_wconf 83' lang='lat' dir='ltr'>expressis</span> <span class='ocrx_word' id='word_1_316' title='bbox 1626 2236 1729 2269; x_wconf 87' lang='lat' dir='ltr'>verbis</span> <span class='ocrx_word' id='word_1_317' title='bbox 1752 2236 1805 2269; x_wconf 87' lang='lat' dir='ltr'>de-</span> 
     </span>
     <span class='ocr_line' id='line_1_65' title="bbox 1069 2287 1805 2331; baseline 0 -11"><span class='ocrx_word' id='word_1_318' title='bbox 1069 2289 1193 2320; x_wconf 85' lang='lat' dir='ltr'>linitum</span> <span class='ocrx_word' id='word_1_319' title='bbox 1218 2294 1288 2328; x_wconf 70' lang='lat' dir='ltr'>est,</span> <span class='ocrx_word' id='word_1_320' title='bbox 1313 2288 1435 2331; x_wconf 87' lang='lat' dir='ltr'>quoties</span> <span class='ocrx_word' id='word_1_321' title='bbox 1458 2293 1563 2320; x_wconf 90' lang='lat' dir='ltr'>autem</span> <span class='ocrx_word' id='word_1_322' title='bbox 1587 2287 1637 2321; x_wconf 89' lang='lat' dir='ltr'>his</span> <span class='ocrx_word' id='word_1_323' title='bbox 1671 2287 1805 2321; x_wconf 86' lang='lat' dir='ltr'>decretis</span> 
     </span>
    </p>
   </div>
   <div class='ocr_carea' id='block_1_17' title="bbox 1066 2393 1805 2646">
    <p class='ocr_par' dir='ltr' id='par_1_20' title="bbox 1066 2393 1805 2646">
     <span class='ocr_line' id='line_1_66' title="bbox 1068 2393 1805 2433; baseline -0.001 -8"><span class='ocrx_word' id='word_1_324' title='bbox 1068 2395 1135 2427; x_wconf 62' lang='lat' dir='ltr'>silio</span> <span class='ocrx_word' id='word_1_325' title='bbox 1153 2395 1316 2427; x_wconf 82' lang='lat' dir='ltr'>consulum</span> <span class='ocrx_word' id='word_1_326' title='bbox 1345 2393 1619 2433; x_wconf 81' lang='lat' dir='ltr'>aromatariorum,</span> <span class='ocrx_word' id='word_1_327' title='bbox 1641 2397 1675 2425; x_wconf 91' lang='lat' dir='ltr'>ut</span> <span class='ocrx_word' id='word_1_328' title='bbox 1699 2402 1805 2432; x_wconf 75' lang='lat' dir='ltr'>supra,</span> 
     </span>
     <span class='ocr_line' id='line_1_67' title="bbox 1068 2444 1802 2490; baseline 0 -13"><span class='ocrx_word' id='word_1_329' title='bbox 1068 2447 1192 2490; x_wconf 73' lang='lat' dir='ltr'>aliquod</span> <span class='ocrx_word' id='word_1_330' title='bbox 1224 2444 1408 2479; x_wconf 67' lang='lat' dir='ltr'>nhndatum</span> <span class='ocrx_word' id='word_1_331' title='bbox 1439 2451 1500 2485; x_wconf 79' lang='lat' dir='ltr'>est,</span> <span class='ocrx_word' id='word_1_332' title='bbox 1528 2446 1571 2478; x_wconf 81' lang='lat' dir='ltr'>ita</span> <span class='ocrx_word' id='word_1_333' title='bbox 1595 2456 1689 2488; x_wconf 88' lang='lat' dir='ltr'>super</span> <span class='ocrx_word' id='word_1_334' title='bbox 1711 2445 1802 2477; x_wconf 84' lang='lat' dir='ltr'>intel-</span> 
     </span>
     <span class='ocr_line' id='line_1_68' title="bbox 1069 2497 1804 2542; baseline -0.003 -11"><span class='ocrx_word' id='word_1_335' title='bbox 1069 2500 1181 2539; x_wconf 67' lang='lat' dir='ltr'>ligatur</span> <span class='ocrx_word' id='word_1_336' title='bbox 1206 2505 1236 2531; x_wconf 85' lang='lat' dir='ltr'>ut</span> <span class='ocrx_word' id='word_1_337' title='bbox 1263 2504 1327 2531; x_wconf 85' lang='lat' dir='ltr'>tam</span> <span class='ocrx_word' id='word_1_338' title='bbox 1362 2500 1395 2531; x_wconf 88' lang='lat' dir='ltr'>in</span> <span class='ocrx_word' id='word_1_339' title='bbox 1425 2499 1614 2542; x_wconf 82' lang='lat' dir='ltr'>inquirendo</span> <span class='ocrx_word' id='word_1_340' title='bbox 1644 2508 1739 2540; x_wconf 82' lang='lat' dir='ltr'>quam</span> <span class='ocrx_word' id='word_1_341' title='bbox 1770 2497 1804 2530; x_wconf 90' lang='lat' dir='ltr'>in</span> 
     </span>
     <span class='ocr_line' id='line_1_69' title="bbox 1066 2550 1802 2594; baseline -0.001 -11"><span class='ocrx_word' id='word_1_342' title='bbox 1066 2551 1262 2594; x_wconf 83' lang='lat' dir='ltr'>procedendo</span> <span class='ocrx_word' id='word_1_343' title='bbox 1281 2579 1288 2591; x_wconf 90' lang='lat'>,</span> <span class='ocrx_word' id='word_1_344' title='bbox 1313 2551 1438 2584; x_wconf 86' lang='lat' dir='ltr'>citando</span> <span class='ocrx_word' id='word_1_345' title='bbox 1455 2578 1463 2592; x_wconf 89' lang='lat'>‚</span> <span class='ocrx_word' id='word_1_346' title='bbox 1487 2550 1703 2593; x_wconf 76' lang='lat' dir='ltr'>cognoscendo</span> <span class='ocrx_word' id='word_1_347' title='bbox 1717 2576 1725 2590; x_wconf 89' lang='lat'>,</span> <span class='ocrx_word' id='word_1_348' title='bbox 1748 2551 1802 2582; x_wconf 82' lang='lat' dir='ltr'>dc-</span> 
     </span>
     <span class='ocr_line' id='line_1_70' title="bbox 1066 2601 1800 2646; baseline -0.004 -10"><span class='ocrx_word' id='word_1_349' title='bbox 1066 2605 1215 2637; x_wconf 82' lang='lat' dir='ltr'>‹laraudo</span> <span class='ocrx_word' id='word_1_350' title='bbox 1232 2632 1239 2643; x_wconf 86' lang='lat'>‚</span> <span class='ocrx_word' id='word_1_351' title='bbox 1265 2605 1438 2637; x_wconf 70' lang='lat' dir='ltr'>decidendo</span> <span class='ocrx_word' id='word_1_352' title='bbox 1470 2608 1499 2636; x_wconf 84' lang='lat' dir='ltr'>et</span> <span class='ocrx_word' id='word_1_353' title='bbox 1523 2602 1682 2646; x_wconf 86' lang='lat' dir='ltr'>puniendo</span> <span class='ocrx_word' id='word_1_354' title='bbox 1713 2608 1744 2634; x_wconf 91' lang='lat' dir='ltr'>et</span> <span class='ocrx_word' id='word_1_355' title='bbox 1767 2601 1800 2632; x_wconf 90' lang='lat' dir='ltr'>in</span> 
     </span>
    </p>
   </div>
   <div class='ocr_carea' id='block_1_18' title="bbox 1077 219 2021 2017">
    <p class='ocr_par' dir='ltr' id='par_1_21' title="bbox 1086 219 2021 589">
     <span class='ocr_line' id='line_1_71' title="bbox 1856 219 2021 257; baseline -0.006 -1"><span class='ocrx_word' id='word_1_356' title='bbox 1856 228 1910 257; x_wconf 82' lang='lat' dir='ltr'>An.</span> <span class='ocrx_word' id='word_1_357' title='bbox 1921 229 1950 257; x_wconf 91' lang='lat' dir='ltr'>c.</span> <span class='ocrx_word' id='word_1_358' title='bbox 1982 219 2021 241; x_wconf 65' lang='grc' dir='ltr'>-ἒ</span> 
     </span>
     <span class='ocr_line' id='line_1_72' title="bbox 1093 286 1834 330; baseline 0.008 -12"><span class='ocrx_word' id='word_1_359' title='bbox 1093 287 1208 319; x_wconf 84' lang='lat' dir='ltr'>tionem</span> <span class='ocrx_word' id='word_1_360' title='bbox 1232 286 1392 330; x_wconf 88' lang='lat' dir='ltr'>praebeat.</span> <span class='ocrx_word' id='word_1_361' title='bbox 1417 288 1444 321; x_wconf 85' lang='lat' dir='ltr'>Is</span> <span class='ocrx_word' id='word_1_362' title='bbox 1467 293 1572 322; x_wconf 89' lang='lat' dir='ltr'>autem</span> <span class='ocrx_word' id='word_1_363' title='bbox 1595 289 1629 322; x_wconf 92' lang='lat' dir='ltr'>in</span> <span class='ocrx_word' id='word_1_364' title='bbox 1649 290 1712 323; x_wconf 83' lang='lat' dir='ltr'>fine</span> <span class='ocrx_word' id='word_1_365' title='bbox 1729 291 1834 325; x_wconf 90' lang='lat' dir='ltr'>cuius·</span> 
     </span>
     <span class='ocr_line' id='line_1_73' title="bbox 1090 339 1833 386; baseline 0.009 -15"><span class='ocrx_word' id='word_1_366' title='bbox 1090 339 1162 372; x_wconf 87' lang='lat' dir='ltr'>libet</span> <span class='ocrx_word' id='word_1_367' title='bbox 1186 340 1272 381; x_wconf 84' lang='lat' dir='ltr'>anni,</span> <span class='ocrx_word' id='word_1_368' title='bbox 1290 341 1328 374; x_wconf 85' lang='lat' dir='ltr'>de</span> <span class='ocrx_word' id='word_1_369' title='bbox 1351 341 1461 384; x_wconf 90' lang='lat' dir='ltr'>poenis</span> <span class='ocrx_word' id='word_1_370' title='bbox 1483 343 1601 376; x_wconf 86' lang='lat' dir='ltr'>exactis</span> <span class='ocrx_word' id='word_1_371' title='bbox 1616 344 1833 386; x_wconf 84' lang='lat' dir='ltr'>protomedioo</span> 
     </span>
     <span class='ocr_line' id='line_1_74' title="bbox 1088 393 1831 430; baseline 0.009 -7"><span class='ocrx_word' id='word_1_372' title='bbox 1088 397 1115 423; x_wconf 78' lang='lat' dir='ltr'>et</span> <span class='ocrx_word' id='word_1_373' title='bbox 1140 393 1259 425; x_wconf 85' lang='lat' dir='ltr'>consuli</span> <span class='ocrx_word' id='word_1_374' title='bbox 1285 394 1552 428; x_wconf 84' lang='lat' dir='ltr'>aromatariorum</span> <span class='ocrx_word' id='word_1_375' title='bbox 1579 396 1735 429; x_wconf 88' lang='lat' dir='ltr'>rationem</span> <span class='ocrx_word' id='word_1_376' title='bbox 1759 398 1831 430; x_wconf 89' lang='lat' dir='ltr'>red-</span> 
     </span>
     <span class='ocr_line' id='line_1_75' title="bbox 1087 444 1832 493; baseline 0.011 -17"><span class='ocrx_word' id='word_1_377' title='bbox 1087 444 1149 476; x_wconf 88' lang='lat' dir='ltr'>dat.</span> <span class='ocrx_word' id='word_1_378' title='bbox 1167 445 1233 478; x_wconf 92' lang='lat' dir='ltr'>Duo</span> <span class='ocrx_word' id='word_1_379' title='bbox 1258 451 1364 479; x_wconf 90' lang='lat' dir='ltr'>autem</span> <span class='ocrx_word' id='word_1_380' title='bbox 1388 446 1460 479; x_wconf 90' lang='lat' dir='ltr'>libri</span> <span class='ocrx_word' id='word_1_381' title='bbox 1479 448 1637 482; x_wconf 86' lang='lat' dir='ltr'>rationum</span> <span class='ocrx_word' id='word_1_382' title='bbox 1650 450 1738 491; x_wconf 83' lang='lat' dir='ltr'>fiant,</span> <span class='ocrx_word' id='word_1_383' title='bbox 1755 461 1832 493; x_wconf 91' lang='lat' dir='ltr'>quo-</span> 
     </span>
     <span class='ocr_line' id='line_1_76' title="bbox 1087 497 1830 542; baseline 0.012 -15"><span class='ocrx_word' id='word_1_384' title='bbox 1087 506 1157 527; x_wconf 90' lang='lat' dir='ltr'>rum</span> <span class='ocrx_word' id='word_1_385' title='bbox 1181 497 1259 530; x_wconf 89' lang='lat' dir='ltr'>alter</span> <span class='ocrx_word' id='word_1_386' title='bbox 1281 498 1365 541; x_wconf 88' lang='lat' dir='ltr'>apud</span> <span class='ocrx_word' id='word_1_387' title='bbox 1383 500 1645 542; x_wconf 87' lang='lat' dir='ltr'>protomedicum,</span> <span class='ocrx_word' id='word_1_388' title='bbox 1662 502 1741 534; x_wconf 86' lang='lat' dir='ltr'>alter</span> <span class='ocrx_word' id='word_1_389' title='bbox 1755 513 1830 536; x_wconf 76' lang='lat' dir='ltr'>vero</span> 
     </span>
     <span class='ocr_line' id='line_1_77' title="bbox 1086 548 1406 589; baseline 0.016 -11"><span class='ocrx_word' id='word_1_390' title='bbox 1086 548 1167 589; x_wconf 88' lang='lat' dir='ltr'>apud</span> <span class='ocrx_word' id='word_1_391' title='bbox 1192 550 1334 583; x_wconf 85' lang='lat' dir='ltr'>consules</span> <span class='ocrx_word' id='word_1_392' title='bbox 1357 550 1406 583; x_wconf 88' lang='lat' dir='ltr'>sit.</span> 
     </span>
    </p>

    <p class='ocr_par' dir='ltr' id='par_1_22' title="bbox 1080 599 1828 1384">
     <span class='ocr_line' id='line_1_78' title="bbox 1127 599 1827 648; baseline 0.013 -16"><span class='ocrx_word' id='word_1_393' title='bbox 1127 600 1142 642; x_wconf 65' lang='grc' dir='ltr'><strong>ξ</strong></span> <span class='ocrx_word' id='word_1_394' title='bbox 1166 599 1275 634; x_wconf 78' lang='lat' dir='ltr'>23.1n</span> <span class='ocrx_word' id='word_1_395' title='bbox 1298 603 1473 645; x_wconf 87' lang='lat' dir='ltr'>partiendis</span> <span class='ocrx_word' id='word_1_396' title='bbox 1488 614 1561 638; x_wconf 81' lang='lat' dir='ltr'>vero</span> <span class='ocrx_word' id='word_1_397' title='bbox 1577 606 1687 648; x_wconf 90' lang='lat' dir='ltr'>poenis</span> <span class='ocrx_word' id='word_1_398' title='bbox 1702 612 1733 640; x_wconf 91' lang='lat' dir='ltr'>et</span> <span class='ocrx_word' id='word_1_399' title='bbox 1748 608 1827 640; x_wconf 90' lang='lat' dir='ltr'>mul-</span> 
     </span>
     <span class='ocr_line' id='line_1_79' title="bbox 1084 653 1828 696; baseline 0.011 -11"><span class='ocrx_word' id='word_1_400' title='bbox 1084 653 1151 694; x_wconf 84' lang='lat' dir='ltr'>ctis,</span> <span class='ocrx_word' id='word_1_401' title='bbox 1169 664 1248 696; x_wconf 90' lang='lat' dir='ltr'>quae</span> <span class='ocrx_word' id='word_1_402' title='bbox 1273 666 1309 688; x_wconf 85' lang='lat' dir='ltr'>ex</span> <span class='ocrx_word' id='word_1_403' title='bbox 1332 656 1454 689; x_wconf 81' lang='lat' dir='ltr'>dclictis</span> <span class='ocrx_word' id='word_1_404' title='bbox 1469 662 1499 690; x_wconf 86' lang='lat' dir='ltr'>et</span> <span class='ocrx_word' id='word_1_405' title='bbox 1516 659 1828 694; x_wconf 87' lang='lat' dir='ltr'>contraventionibus</span> 
     </span>
     <span class='ocr_line' id='line_1_80' title="bbox 1085 706 1827 746; baseline 0.012 -9"><span class='ocrx_word' id='word_1_406' title='bbox 1085 706 1279 743; x_wconf 84' lang='lat' dir='ltr'>urbanorum</span> <span class='ocrx_word' id='word_1_407' title='bbox 1309 709 1574 742; x_wconf 86' lang='lat' dir='ltr'>aromatariorum</span> <span class='ocrx_word' id='word_1_408' title='bbox 1605 711 1668 744; x_wconf 87' lang='lat' dir='ltr'>sive</span> <span class='ocrx_word' id='word_1_409' title='bbox 1695 712 1772 745; x_wconf 88' lang='lat' dir='ltr'>alias</span> <span class='ocrx_word' id='word_1_410' title='bbox 1793 718 1827 746; x_wconf 91' lang='lat' dir='ltr'>et.</span> 
     </span>
     <span class='ocr_line' id='line_1_81' title="bbox 1083 762 1827 804; baseline 0.011 -14"><span class='ocrx_word' id='word_1_411' title='bbox 1083 769 1118 790; x_wconf 86' lang='lat' dir='ltr'>ex</span> <span class='ocrx_word' id='word_1_412' title='bbox 1143 770 1340 804; x_wconf 86' lang='lat' dir='ltr'>quacumque</span> <span class='ocrx_word' id='word_1_413' title='bbox 1365 771 1467 802; x_wconf 84' lang='lat' dir='ltr'>causa,</span> <span class='ocrx_word' id='word_1_414' title='bbox 1493 762 1589 795; x_wconf 90' lang='lat' dir='ltr'>etiam</span> <span class='ocrx_word' id='word_1_415' title='bbox 1612 767 1699 796; x_wconf 84' lang='lat' dir='ltr'>extra</span> <span class='ocrx_word' id='word_1_416' title='bbox 1720 764 1827 798; x_wconf 83' lang='lat' dir='ltr'>visita-</span> 
     </span>
     <span class='ocr_line' id='line_1_82' title="bbox 1085 811 1828 858; baseline 0.007 -14"><span class='ocrx_word' id='word_1_417' title='bbox 1085 811 1201 845; x_wconf 88' lang='lat' dir='ltr'>tionem</span> <span class='ocrx_word' id='word_1_418' title='bbox 1218 840 1226 853; x_wconf 95' lang='lat'>,</span> <span class='ocrx_word' id='word_1_419' title='bbox 1262 824 1280 846; x_wconf 90' lang='lat' dir='ltr'>a</span> <span class='ocrx_word' id='word_1_420' title='bbox 1315 814 1568 858; x_wconf 89' lang='lat' dir='ltr'>quibuscumque</span> <span class='ocrx_word' id='word_1_421' title='bbox 1601 815 1828 858; x_wconf 82' lang='lat' dir='ltr'>exigerentur,</span> 
     </span>
     <span class='ocr_line' id='line_1_83' title="bbox 1084 861 1825 913; baseline 0.008 -16"><span class='ocrx_word' id='word_1_422' title='bbox 1084 864 1153 907; x_wconf 88' lang='lat' dir='ltr'>piae</span> <span class='ocrx_word' id='word_1_423' title='bbox 1177 866 1348 899; x_wconf 89' lang='lat' dir='ltr'>memoriae</span> <span class='ocrx_word' id='word_1_424' title='bbox 1372 867 1418 899; x_wconf 91' lang='lat' dir='ltr'>Pii</span> <span class='ocrx_word' id='word_1_425' title='bbox 1443 867 1544 910; x_wconf 84' lang='lat' dir='ltr'>Papae</span> <span class='ocrx_word' id='word_1_426' title='bbox 1567 868 1600 909; x_wconf 87' lang='lat' dir='ltr'>V,</span> <span class='ocrx_word' id='word_1_427' title='bbox 1617 861 1825 913; x_wconf 63' lang='lat' dir='ltr'>etiam⁶prae-</span> 
     </span>
     <span class='ocr_line' id='line_1_84' title="bbox 1083 917 1824 964; baseline 0.007 -14"><span class='ocrx_word' id='word_1_428' title='bbox 1083 917 1253 951; x_wconf 83' lang='lat' dir='ltr'>decessoris</span> <span class='ocrx_word' id='word_1_429' title='bbox 1275 919 1400 961; x_wconf 90' lang='lat' dir='ltr'>nostri,</span> <span class='ocrx_word' id='word_1_430' title='bbox 1425 925 1528 953; x_wconf 86' lang='lat' dir='ltr'>motus</span> <span class='ocrx_word' id='word_1_431' title='bbox 1550 921 1698 964; x_wconf 84' lang='lat' dir='ltr'>proprius</span> <span class='ocrx_word' id='word_1_432' title='bbox 1722 932 1824 955; x_wconf 87' lang='lat' dir='ltr'>serve-</span> 
     </span>
     <span class='ocr_line' id='line_1_85' title="bbox 1083 971 1824 1016; baseline 0.005 -14"><span class='ocrx_word' id='word_1_433' title='bbox 1083 976 1142 1011; x_wconf 88' lang='lat' dir='ltr'>tur,</span> <span class='ocrx_word' id='word_1_434' title='bbox 1160 971 1215 1014; x_wconf 88' lang='lat' dir='ltr'>qui</span> <span class='ocrx_word' id='word_1_435' title='bbox 1239 971 1329 1004; x_wconf 86' lang='lat' dir='ltr'>datus</span> <span class='ocrx_word' id='word_1_436' title='bbox 1351 977 1398 1005; x_wconf 85' lang='lat' dir='ltr'>est</span> <span class='ocrx_word' id='word_1_437' title='bbox 1422 972 1472 1005; x_wconf 89' lang='lat' dir='ltr'>die</span> <span class='ocrx_word' id='word_1_438' title='bbox 1485 973 1670 1005; x_wconf 90' lang='lat' dir='ltr'>duodecima</span> <span class='ocrx_word' id='word_1_439' title='bbox 1686 973 1824 1016; x_wconf 81' lang='lat' dir='ltr'>augusti,</span> 
     </span>
     <span class='ocr_line' id='line_1_86' title="bbox 1082 1024 1824 1069; baseline 0.003 -13"><span class='ocrx_word' id='word_1_440' title='bbox 1082 1024 1282 1066; x_wconf 85' lang='lat' dir='ltr'>pontificatus</span> <span class='ocrx_word' id='word_1_441' title='bbox 1305 1025 1353 1058; x_wconf 88' lang='lat' dir='ltr'>sui</span> <span class='ocrx_word' id='word_1_442' title='bbox 1378 1036 1461 1058; x_wconf 85' lang='lat' dir='ltr'>anno</span> <span class='ocrx_word' id='word_1_443' title='bbox 1479 1025 1600 1069; x_wconf 90' lang='lat' dir='ltr'>quinto.</span> <span class='ocrx_word' id='word_1_444' title='bbox 1618 1025 1663 1058; x_wconf 85' lang='lat' dir='ltr'>lta</span> <span class='ocrx_word' id='word_1_445' title='bbox 1680 1025 1824 1058; x_wconf 82' lang='lat' dir='ltr'>videlicet</span> 
     </span>
     <span class='ocr_line' id='line_1_87' title="bbox 1084 1077 1824 1120; baseline 0.001 -11"><span class='ocrx_word' id='word_1_446' title='bbox 1084 1082 1114 1109; x_wconf 89' lang='lat' dir='ltr'>ut</span> <span class='ocrx_word' id='word_1_447' title='bbox 1139 1082 1251 1120; x_wconf 86' lang='lat' dir='ltr'>quarta</span> <span class='ocrx_word' id='word_1_448' title='bbox 1273 1088 1346 1120; x_wconf 73' lang='lat' dir='ltr'>pals</span> <span class='ocrx_word' id='word_1_449' title='bbox 1369 1077 1563 1111; x_wconf 88' lang='lat' dir='ltr'>medicorum</span> <span class='ocrx_word' id='word_1_450' title='bbox 1587 1077 1716 1120; x_wconf 80' lang='lat' dir='ltr'>collegio</span> <span class='ocrx_word' id='word_1_451' title='bbox 1733 1077 1824 1110; x_wconf 84' lang='lat' dir='ltr'>attri-</span> 
     </span>
     <span class='ocr_line' id='line_1_88' title="bbox 1083 1129 1823 1174; baseline 0.001 -13"><span class='ocrx_word' id='word_1_452' title='bbox 1083 1129 1207 1170; x_wconf 88' lang='lat' dir='ltr'>buatur,</span> <span class='ocrx_word' id='word_1_453' title='bbox 1231 1130 1370 1173; x_wconf 89' lang='lat' dir='ltr'>reliquae</span> <span class='ocrx_word' id='word_1_454' title='bbox 1393 1130 1540 1174; x_wconf 88' lang='lat' dir='ltr'>hospitali</span> <span class='ocrx_word' id='word_1_455' title='bbox 1564 1130 1594 1164; x_wconf 87' lang='lat' dir='ltr'>S.</span> <span class='ocrx_word' id='word_1_456' title='bbox 1610 1131 1768 1163; x_wconf 89' lang='lat' dir='ltr'>Laurentii</span> <span class='ocrx_word' id='word_1_457' title='bbox 1788 1130 1823 1162; x_wconf 88' lang='lat' dir='ltr'>in</span> 
     </span>
     <span class='ocr_line' id='line_1_89' title="bbox 1083 1181 1820 1226; baseline 0.003 -13"><span class='ocrx_word' id='word_1_458' title='bbox 1083 1181 1221 1215; x_wconf 80' lang='lat' dir='ltr'>Miranda</span> <span class='ocrx_word' id='word_1_459' title='bbox 1238 1209 1245 1223; x_wconf 91' lang='lat'>,</span> <span class='ocrx_word' id='word_1_460' title='bbox 1269 1192 1333 1215; x_wconf 89' lang='lat' dir='ltr'>non</span> <span class='ocrx_word' id='word_1_461' title='bbox 1356 1182 1500 1215; x_wconf 88' lang='lat' dir='ltr'>obstante</span> <span class='ocrx_word' id='word_1_462' title='bbox 1524 1183 1620 1215; x_wconf 86' lang='lat' dir='ltr'>altero</span> <span class='ocrx_word' id='word_1_463' title='bbox 1642 1182 1820 1226; x_wconf 87' lang='lat' dir='ltr'>posteriore</span> 
     </span>
     <span class='ocr_line' id='line_1_90' title="bbox 1081 1234 1822 1278; baseline -0.001 -11"><span class='ocrx_word' id='word_1_464' title='bbox 1081 1234 1221 1267; x_wconf 90' lang='lat' dir='ltr'>eiusdem</span> <span class='ocrx_word' id='word_1_465' title='bbox 1244 1235 1290 1267; x_wconf 93' lang='lat' dir='ltr'>Pii</span> <span class='ocrx_word' id='word_1_466' title='bbox 1314 1236 1338 1267; x_wconf 89' lang='lat' dir='ltr'>V</span> <span class='ocrx_word' id='word_1_467' title='bbox 1361 1240 1449 1268; x_wconf 86' lang='lat' dir='ltr'>motu</span> <span class='ocrx_word' id='word_1_468' title='bbox 1473 1234 1616 1278; x_wconf 88' lang='lat' dir='ltr'>proprio,</span> <span class='ocrx_word' id='word_1_469' title='bbox 1641 1245 1704 1277; x_wconf 87' lang='lat' dir='ltr'>quo</span> <span class='ocrx_word' id='word_1_470' title='bbox 1727 1244 1822 1277; x_wconf 89' lang='lat' dir='ltr'>pecu-</span> 
     </span>
     <span class='ocr_line' id='line_1_91' title="bbox 1081 1287 1820 1331; baseline 0.001 -12"><span class='ocrx_word' id='word_1_471' title='bbox 1081 1287 1151 1320; x_wconf 84' lang='lat' dir='ltr'>niae</span> <span class='ocrx_word' id='word_1_472' title='bbox 1175 1298 1283 1321; x_wconf 89' lang='lat' dir='ltr'>omnes</span> <span class='ocrx_word' id='word_1_473' title='bbox 1306 1298 1425 1331; x_wconf 87' lang='lat' dir='ltr'>poenae</span> <span class='ocrx_word' id='word_1_474' title='bbox 1449 1288 1577 1320; x_wconf 91' lang='lat' dir='ltr'>nomine</span> <span class='ocrx_word' id='word_1_475' title='bbox 1601 1288 1794 1331; x_wconf 81' lang='lat' dir='ltr'>colligendae</span> <span class='ocrx_word' id='word_1_476' title='bbox 1812 1314 1820 1328; x_wconf 95' lang='lat'>,</span> 
     </span>
     <span class='ocr_line' id='line_1_92' title="bbox 1080 1340 1818 1384; baseline 0 -12"><span class='ocrx_word' id='word_1_477' title='bbox 1080 1340 1186 1372; x_wconf 90' lang='lat' dir='ltr'>domui</span> <span class='ocrx_word' id='word_1_478' title='bbox 1204 1340 1279 1373; x_wconf 84' lang='lat' dir='ltr'>dicti</span> <span class='ocrx_word' id='word_1_479' title='bbox 1297 1341 1460 1384; x_wconf 86' lang='lat' dir='ltr'>hospitalis</span> <span class='ocrx_word' id='word_1_480' title='bbox 1476 1340 1606 1374; x_wconf 89' lang='lat' dir='ltr'>attribui</span> <span class='ocrx_word' id='word_1_481' title='bbox 1614 1340 1818 1373; x_wconf 68' lang='lat' dir='ltr'>videbantur.</span> 
     </span>
    </p>

    <p class='ocr_par' dir='ltr' id='par_1_23' title="bbox 1077 1392 1822 1964">
     <span class='ocr_line' id='line_1_93' title="bbox 1121 1392 1818 1440; baseline 0.001 -16"><span class='ocrx_word' id='word_1_482' title='bbox 1121 1393 1135 1435; x_wconf 61' lang='lat' dir='ltr'>g</span> <span class='ocrx_word' id='word_1_483' title='bbox 1152 1393 1203 1425; x_wconf 66' lang='lat'>24.</span> <span class='ocrx_word' id='word_1_484' title='bbox 1222 1393 1252 1426; x_wconf 86' lang='lat' dir='ltr'>Si</span> <span class='ocrx_word' id='word_1_485' title='bbox 1270 1404 1305 1426; x_wconf 84' lang='lat' dir='ltr'>ex</span> <span class='ocrx_word' id='word_1_486' title='bbox 1323 1393 1459 1426; x_wconf 87' lang='lat' dir='ltr'>cuiusvis</span> <span class='ocrx_word' id='word_1_487' title='bbox 1475 1392 1673 1440; x_wconf 83' lang='lat' dir='ltr'>accusatione</span> <span class='ocrx_word' id='word_1_488' title='bbox 1696 1397 1750 1425; x_wconf 88' lang='lat' dir='ltr'>aut</span> <span class='ocrx_word' id='word_1_489' title='bbox 1766 1392 1818 1425; x_wconf 88' lang='lat' dir='ltr'>de-</span> 
     </span>
     <span class='ocr_line' id='line_1_94' title="bbox 1079 1445 1818 1489; baseline 0.003 -13"><span class='ocrx_word' id='word_1_490' title='bbox 1079 1445 1281 1479; x_wconf 84' lang='lat' dir='ltr'>nunciatione</span> <span class='ocrx_word' id='word_1_491' title='bbox 1316 1446 1453 1489; x_wconf 87' lang='lat' dir='ltr'>aliquem</span> <span class='ocrx_word' id='word_1_492' title='bbox 1487 1457 1524 1479; x_wconf 84' lang='lat' dir='ltr'>ex</span> <span class='ocrx_word' id='word_1_493' title='bbox 1553 1445 1818 1479; x_wconf 84' lang='lat' dir='ltr'>aromatariorum</span> 
     </span>
     <span class='ocr_line' id='line_1_95' title="bbox 1080 1498 1822 1533; baseline 0.005 -4"><span class='ocrx_word' id='word_1_494' title='bbox 1080 1498 1124 1530; x_wconf 80' lang='lat' dir='ltr'>vel</span> <span class='ocrx_word' id='word_1_495' title='bbox 1148 1499 1343 1532; x_wconf 87' lang='lat' dir='ltr'>medicorum</span> <span class='ocrx_word' id='word_1_496' title='bbox 1377 1510 1511 1533; x_wconf 89' lang='lat' dir='ltr'>numero</span> <span class='ocrx_word' id='word_1_497' title='bbox 1546 1500 1711 1532; x_wconf 80' lang='lat' dir='ltr'>adversum</span> <span class='ocrx_word' id='word_1_498' title='bbox 1743 1499 1822 1533; x_wconf 86' lang='lat' dir='ltr'>haec</span> 
     </span>
     <span class='ocr_line' id='line_1_96' title="bbox 1079 1551 1819 1595; baseline 0.003 -13"><span class='ocrx_word' id='word_1_499' title='bbox 1079 1551 1202 1584; x_wconf 80' lang='lat' dir='ltr'>decreta</span> <span class='ocrx_word' id='word_1_500' title='bbox 1220 1552 1386 1595; x_wconf 84' lang='lat' dir='ltr'>deliquisse</span> <span class='ocrx_word' id='word_1_501' title='bbox 1402 1552 1587 1593; x_wconf 87' lang='lat' dir='ltr'>constiterit,</span> <span class='ocrx_word' id='word_1_502' title='bbox 1614 1557 1687 1584; x_wconf 87' lang='lat' dir='ltr'>tunc</span> <span class='ocrx_word' id='word_1_503' title='bbox 1710 1562 1746 1584; x_wconf 86' lang='lat' dir='ltr'>ex</span> <span class='ocrx_word' id='word_1_504' title='bbox 1771 1552 1819 1584; x_wconf 89' lang='lat' dir='ltr'>in-</span> 
     </span>
     <span class='ocr_line' id='line_1_97' title="bbox 1081 1605 1817 1649; baseline 0.004 -14"><span class='ocrx_word' id='word_1_505' title='bbox 1081 1608 1166 1646; x_wconf 74' lang='lat' dir='ltr'>tegra</span> <span class='ocrx_word' id='word_1_506' title='bbox 1180 1615 1312 1645; x_wconf 89' lang='lat' dir='ltr'>summa,</span> <span class='ocrx_word' id='word_1_507' title='bbox 1327 1616 1467 1648; x_wconf 85' lang='lat' dir='ltr'>quarens</span> <span class='ocrx_word' id='word_1_508' title='bbox 1480 1605 1694 1646; x_wconf 86' lang='lat' dir='ltr'>mulctabitur,</span> <span class='ocrx_word' id='word_1_509' title='bbox 1704 1610 1817 1649; x_wconf 82' lang='lat' dir='ltr'>quarta</span> 
     </span>
     <span class='ocr_line' id='line_1_98' title="bbox 1079 1657 1818 1700; baseline 0.003 -12"><span class='ocrx_word' id='word_1_510' title='bbox 1079 1667 1150 1699; x_wconf 87' lang='lat' dir='ltr'>pars</span> <span class='ocrx_word' id='word_1_511' title='bbox 1173 1667 1191 1689; x_wconf 89' lang='lat' dir='ltr'>a</span> <span class='ocrx_word' id='word_1_512' title='bbox 1214 1657 1428 1700; x_wconf 84' lang='lat' dir='ltr'>protomedieo</span> <span class='ocrx_word' id='word_1_513' title='bbox 1451 1663 1481 1691; x_wconf 91' lang='lat' dir='ltr'>et</span> <span class='ocrx_word' id='word_1_514' title='bbox 1504 1657 1691 1691; x_wconf 88' lang='lat' dir='ltr'>consiliariis</span> <span class='ocrx_word' id='word_1_515' title='bbox 1714 1658 1818 1691; x_wconf 86' lang='lat' dir='ltr'>eidem</span> 
     </span>
     <span class='ocr_line' id='line_1_99' title="bbox 1080 1709 1819 1743; baseline 0.005 -4"><span class='ocrx_word' id='word_1_516' title='bbox 1080 1709 1252 1741; x_wconf 87' lang='lat' dir='ltr'>accusatori</span> <span class='ocrx_word' id='word_1_517' title='bbox 1281 1714 1333 1742; x_wconf 86' lang='lat' dir='ltr'>aut</span> <span class='ocrx_word' id='word_1_518' title='bbox 1358 1710 1576 1743; x_wconf 88' lang='lat' dir='ltr'>denunciatori</span> <span class='ocrx_word' id='word_1_519' title='bbox 1600 1710 1705 1743; x_wconf 87' lang='lat' dir='ltr'>statim</span> <span class='ocrx_word' id='word_1_520' title='bbox 1729 1711 1819 1743; x_wconf 89' lang='lat' dir='ltr'>adiu-</span> 
     </span>
     <span class='ocr_line' id='line_1_100' title="bbox 1078 1760 1818 1806; baseline 0.005 -14"><span class='ocrx_word' id='word_1_521' title='bbox 1078 1760 1208 1800; x_wconf 67' lang='lat' dir='ltr'>dicem-3</span> <span class='ocrx_word' id='word_1_522' title='bbox 1227 1762 1310 1805; x_wconf 90' lang='lat' dir='ltr'>quod</span> <span class='ocrx_word' id='word_1_523' title='bbox 1327 1762 1485 1806; x_wconf 89' lang='lat' dir='ltr'>reliquum</span> <span class='ocrx_word' id='word_1_524' title='bbox 1501 1763 1572 1803; x_wconf 87' lang='lat' dir='ltr'>erit,</span> <span class='ocrx_word' id='word_1_525' title='bbox 1588 1773 1605 1795; x_wconf 89' lang='lat' dir='ltr'>a</span> <span class='ocrx_word' id='word_1_526' title='bbox 1626 1762 1818 1806; x_wconf 84' lang='lat' dir='ltr'>depositario</span> 
     </span>
     <span class='ocr_line' id='line_1_101' title="bbox 1077 1815 1814 1855; baseline 0.004 -10"><span class='ocrx_word' id='word_1_527' title='bbox 1077 1820 1287 1855; x_wconf 71' lang='lat' dir='ltr'>conservetur,</span> <span class='ocrx_word' id='word_1_528' title='bbox 1311 1819 1344 1847; x_wconf 92' lang='lat' dir='ltr'>ut</span> <span class='ocrx_word' id='word_1_529' title='bbox 1369 1815 1401 1847; x_wconf 91' lang='lat' dir='ltr'>in</span> <span class='ocrx_word' id='word_1_530' title='bbox 1426 1815 1488 1848; x_wconf 88' lang='lat' dir='ltr'>fine</span> <span class='ocrx_word' id='word_1_531' title='bbox 1511 1815 1597 1855; x_wconf 91' lang='lat' dir='ltr'>anni,</span> <span class='ocrx_word' id='word_1_532' title='bbox 1615 1815 1697 1847; x_wconf 87' lang='lat' dir='ltr'>inter</span> <span class='ocrx_word' id='word_1_533' title='bbox 1720 1816 1814 1848; x_wconf 88' lang='lat' dir='ltr'>colle-</span> 
     </span>
     <span class='ocr_line' id='line_1_102' title="bbox 1077 1867 1815 1911; baseline 0 -11"><span class='ocrx_word' id='word_1_534' title='bbox 1077 1868 1164 1909; x_wconf 67' lang='lat' dir='ltr'>gium</span> <span class='ocrx_word' id='word_1_535' title='bbox 1188 1868 1383 1900; x_wconf 87' lang='lat' dir='ltr'>medicorum</span> <span class='ocrx_word' id='word_1_536' title='bbox 1417 1873 1447 1900; x_wconf 89' lang='lat' dir='ltr'>et</span> <span class='ocrx_word' id='word_1_537' title='bbox 1470 1867 1623 1911; x_wconf 84' lang='lat' dir='ltr'>hospitale</span> <span class='ocrx_word' id='word_1_538' title='bbox 1658 1873 1815 1900; x_wconf 86' lang='lat' dir='ltr'>aromata-</span> 
     </span>
     <span class='ocr_line' id='line_1_103' title="bbox 1078 1920 1813 1964; baseline 0.004 -13"><span class='ocrx_word' id='word_1_539' title='bbox 1078 1920 1206 1960; x_wconf 86' lang='lat' dir='ltr'>riorum,</span> <span class='ocrx_word' id='word_1_540' title='bbox 1217 1921 1338 1953; x_wconf 86' lang='lat' dir='ltr'>ratione</span> <span class='ocrx_word' id='word_1_541' title='bbox 1355 1922 1447 1964; x_wconf 86' lang='lat' dir='ltr'>paulo</span> <span class='ocrx_word' id='word_1_542' title='bbox 1465 1921 1629 1953; x_wconf 86' lang='lat' dir='ltr'>antedicta</span> <span class='ocrx_word' id='word_1_543' title='bbox 1645 1920 1813 1957; x_wconf 84' lang='lat' dir='ltr'>dividatur.</span> 
     </span>
    </p>

    <p class='ocr_par' dir='ltr' id='par_1_24' title="bbox 1117 1972 1984 2017">
     <span class='ocr_line' id='line_1_104' title="bbox 1117 1972 1984 2017; baseline 0.001 -12"><span class='ocrx_word' id='word_1_544' title='bbox 1117 1973 1132 2015; x_wconf 60' lang='grc' dir='ltr'><strong>ξ</strong></span> <span class='ocrx_word' id='word_1_545' title='bbox 1156 1972 1208 2005; x_wconf 66' lang='grc'>95.</span> <span class='ocrx_word' id='word_1_546' title='bbox 1234 1973 1375 2016; x_wconf 79' lang='lat' dir='ltr'>Cognitio</span> <span class='ocrx_word' id='word_1_547' title='bbox 1398 1978 1427 2006; x_wconf 88' lang='lat' dir='ltr'>et</span> <span class='ocrx_word' id='word_1_548' title='bbox 1452 1973 1619 2006; x_wconf 88' lang='lat' dir='ltr'>declaratio</span> <span class='ocrx_word' id='word_1_549' title='bbox 1635 1984 1675 2006; x_wconf 86' lang='lat' dir='ltr'>an</span> <span class='ocrx_word' id='word_1_550' title='bbox 1699 1974 1812 2017; x_wconf 89' lang='lat' dir='ltr'>aliquis</span> <span class='ocrx_word' id='word_1_551' title='bbox 1821 1981 1946 2006; x_wconf 61' lang='lat' dir='ltr'>Commune</span> <span class='ocrx_word' id='word_1_552' title='bbox 1955 1988 1984 2006; x_wconf 74' lang='lat' dir='ltr'>qn</span> 
     </span>
    </p>
   </div>
   <div class='ocr_carea' id='block_1_19' title="bbox 1819 2010 1977 2032">
    <p class='ocr_par' dir='ltr' id='par_1_25' title="bbox 1819 2010 1977 2032">
     <span class='ocr_line' id='line_1_105' title="bbox 1819 2010 1977 2032; baseline 0.013 -5"><span class='ocrx_word' id='word_1_553' title='bbox 1819 2013 1862 2032; x_wconf 77' lang='lat' dir='ltr'>que</span> <span class='ocrx_word' id='word_1_554' title='bbox 1875 2015 1901 2028; x_wconf 74' lang='lat' dir='ltr'>nc</span> <span class='ocrx_word' id='word_1_555' title='bbox 1914 2010 1977 2029; x_wconf 53' lang='lat' dir='ltr'>decl*</span> 
     </span>
    </p>
   </div>
   <div class='ocr_carea' id='block_1_20' title="bbox 1836 604 1974 658">
    <p class='ocr_par' dir='ltr' id='par_1_26' title="bbox 1836 604 1974 658">
     <span class='ocr_line' id='line_1_106' title="bbox 1849 604 1974 630; baseline 0.016 -6"><span class='ocrx_word' id='word_1_556' title='bbox 1849 604 1974 630; x_wconf 65' lang='lat' dir='ltr'>Ean-nmque</span> 
     </span>
     <span class='ocr_line' id='line_1_107' title="bbox 1836 632 1925 658; baseline 0 -7"><span class='ocrx_word' id='word_1_557' title='bbox 1836 632 1925 658; x_wconf 70' lang='lat' dir='ltr'>titione,</span> 
     </span>
    </p>
   </div>
   <div class='ocr_carea' id='block_1_21' title="bbox 1978 0 2059 3228">
    <p class='ocr_par' dir='ltr' id='par_1_27' title="bbox 1978 0 2059 3228">
     <span class='ocr_line' id='line_1_108' title="bbox 1978 0 2059 3228; baseline 0 -1867"><span class='ocrx_word' id='word_1_558' title='bbox 1978 0 2059 3228; x_wconf 95' lang='lat' dir='ltr'>      </span> 
     </span>
    </p>
   </div>
   <div class='ocr_carea' id='block_1_22' title="bbox 1844 1382 2024 1425">
    <p class='ocr_par' dir='ltr' id='par_1_28' title="bbox 1844 1382 2024 1425">
     <span class='ocr_line' id='line_1_109' title="bbox 1844 1382 2024 1425; baseline 0 -8"><span class='ocrx_word' id='word_1_559' title='bbox 1844 1382 2024 1425; x_wconf 44' lang='lat' dir='ltr'>&amp;nudo-qd</span> 
     </span>
    </p>
   </div>
   <div class='ocr_carea' id='block_1_23' title="bbox 1826 1420 2047 1688">
    <p class='ocr_par' dir='ltr' id='par_1_29' title="bbox 1826 1420 2047 1454">
     <span class='ocr_line' id='line_1_110' title="bbox 1826 1420 2047 1454; baseline 0.023 -5"><span class='ocrx_word' id='word_1_560' title='bbox 1826 1424 1981 1452; x_wconf 61' lang='lat' dir='ltr'>*immo-⁸5</span> <span class='ocrx_word' id='word_1_561' title='bbox 2005 1421 2025 1454; x_wconf 56' lang='grc' dir='ltr'>εἴ·</span> <span class='ocrx_word' id='word_1_562' title='bbox 2044 1420 2047 1441; x_wconf 60' lang='lat'>4</span> 
     </span>
    </p>

    <p class='ocr_par' dir='ltr' id='par_1_30' title="bbox 2007 1458 2044 1688">
     <span class='ocr_line' id='line_1_111' title="bbox 2007 1458 2022 1497; baseline 0 -34"><span class='ocrx_word' id='word_1_563' title='bbox 2007 1458 2022 1497; x_wconf 41' lang='grc' dir='ltr'>,ἲ</span> 
     </span>
     <span class='ocr_line' id='line_1_112' title="bbox 2008 1507 2028 1546; baseline 0 0"><span class='ocrx_word' id='word_1_564' title='bbox 2008 1507 2028 1546; x_wconf 55' lang='lat'>&#39;⁴⁴</span> 
     </span>
     <span class='ocr_line' id='line_1_113' title="bbox 2010 1634 2044 1688; baseline 0 0"><span class='ocrx_word' id='word_1_565' title='bbox 2010 1634 2025 1688; x_wconf 70' lang='grc' dir='ltr'><em>ἓὲ</em></span> <span class='ocrx_word' id='word_1_566' title='bbox 2042 1660 2044 1665; x_wconf 66' lang='grc'>’</span> 
     </span>
    </p>
   </div>
   <div class='ocr_carea' id='block_1_24' title="bbox 1818 2062 1915 2088">
    <p class='ocr_par' dir='ltr' id='par_1_31' title="bbox 1818 2062 1915 2088">
     <span class='ocr_line' id='line_1_114' title="bbox 1818 2062 1915 2088; baseline 0.01 -8"><span class='ocrx_word' id='word_1_567' title='bbox 1818 2062 1915 2088; x_wconf 47' lang='lat' dir='ltr'>stonum*</span> 
     </span>
    </p>
   </div>
   <div class='ocr_carea' id='block_1_25' title="bbox 1072 2340 1807 2385">
    <p class='ocr_par' dir='ltr' id='par_1_32' title="bbox 1072 2340 1807 2385">
     <span class='ocr_line' id='line_1_115' title="bbox 1072 2340 1807 2385; baseline -0.003 -11"><span class='ocrx_word' id='word_1_568' title='bbox 1072 2341 1284 2385; x_wconf 75' lang='lat' dir='ltr'>protomedico</span> <span class='ocrx_word' id='word_1_569' title='bbox 1308 2346 1336 2373; x_wconf 87' lang='lat' dir='ltr'>et</span> <span class='ocrx_word' id='word_1_570' title='bbox 1361 2341 1430 2374; x_wconf 87' lang='lat' dir='ltr'>eius</span> <span class='ocrx_word' id='word_1_571' title='bbox 1453 2340 1650 2381; x_wconf 86' lang='lat' dir='ltr'>consiliariis,</span> <span class='ocrx_word' id='word_1_572' title='bbox 1672 2341 1710 2373; x_wconf 87' lang='lat' dir='ltr'>de</span> <span class='ocrx_word' id='word_1_573' title='bbox 1733 2350 1807 2372; x_wconf 87' lang='lat' dir='ltr'>con-</span> 
     </span>
    </p>
   </div>
  </div>
 </body>
</html>
