2059 3228
137 259 190 285 An.
210 258 238 285 C.
258 260 327 287 1579

339 323 592 365 consignandum
628 322 711 356 intra
739 322 818 357 duos
846 334 968 358 menses
991 335 1010 357 a
1034 324 1084 357 die

338 374 564 418 publicationis
599 375 783 409 carumdem
808 376 985 410 litterarum
1000 404 1007 418 ,
1033 376 1189 410 hic‘tuali
1204 405 1211 418 ,
1236 378 1333 410 etiam
1356 388 1414 421 per
1431 378 1678 412 subtractionem
1699 405 1706 419 ,
1729 382 1760 411 et
1785 377 1861 411 alias

339 429 377 461 de
393 438 480 461 more
494 428 756 462 constitutionum
769 434 800 463 et
815 430 993 464 litterarum
1011 440 1085 473 apo·
1113 435 1206 474 prout
1221 430 1266 463 eis
1275 430 1377 463 visum
1394 430 1464 471 erit,
1478 436 1631 474 perpetuo
1648 429 1861 464 constituendi

337 481 519 514 stolicarum
545 482 708 515 faciendae
731 483 965 523 numerandos,
988 483 1084 516 etiam

337 544 395 576 per
426 533 639 576 privationem
663 535 932 569 monasteriorum
955 541 986 568 et
1009 536 1085 568 alio-

339 597 411 619 rum
434 587 663 620 beneficiorum
687 588 971 621 ecclesiasticorum
985 590 1024 620 ab
1041 588 1086 620 eis

339 640 553 681 obtentorum,
578 645 746 684 ceteraque
768 641 878 673 omnia
901 640 981 673 iuris
993 645 1024 673 et
1041 640 1085 672 sa—

339 694 381 726 cti
417 694 556 727 remedia
584 699 785 738 opportuna,
820 694 996 737 compellat.
1025 693 1086 725 Nos

339 746 423 779 enim
450 747 492 779 illi
517 752 545 780 et
571 757 628 790 pro
656 753 799 790 tempore
822 745 966 779 existenti
981 749 1086 788 prote—

339 800 430 840 ctori,
454 810 510 843 per
534 810 566 833 se
590 800 637 832 vel
661 799 758 832 alium
783 809 839 832 seu
862 798 950 838 alios,
975 801 1085 830 contra

339 852 628 886 commendatarios
644 862 754 886 omnes
770 849 1040 884 monasteriorum
1056 853 1083 881 et
1098 865 1103 890 ,

920 266 1104 296 BULLARHJM
1127 268 1283 296 ROMANUM

1113 324 1232 357 buntur
1255 324 1473 367 eligendorum
1486 352 1494 366 ,
1511 334 1570 369 pro
1601 323 1709 359 mensa
1725 334 1860 358 conven-

1113 488 1145 516 et.
1168 483 1362 526 assignandi;
1380 488 1548 527 ceteraque
1571 483 1606 516 in
1622 483 1807 527 praemissis
1830 487 1868 516 et*

1114 535 1202 568 circa
1224 546 1262 568 ea
1278 536 1457 569 necessaria
1473 541 1502 568 et
1528 531 1708 580 opportuna
1724 535 1861 569 faciendi

1114 593 1145 621 et
1168 589 1351 632 exequendi,
1375 588 1501 622 etiamsi
1527 589 1601 622 talia
1625 589 1754 630 suerint,
1777 598 1861 632 quae

1115 642 1299 675 mandatum
1319 642 1484 685 requirant.
1501 642 1602 685 magis
1610 642 1753 685 speciale,
1763 649 1861 684 quam

1114 696 1334 738 praesentibus
1372 699 1419 728 est
1449 705 1631 738 expressum
1648 722 1656 736 ‚
1681 694 1806 737 plenam
1828 696 1861 725 et

1114 749 1256 787 liberam,
1282 754 1390 782 tenore
1406 748 1634 792 praesentium,
1655 746 1859 780 concedimus

1114 801 1304 834 facultatem.

1159 854 1172 896 ξ
1195 853 1247 887 ⁹23.
1272 855 1339 887 Non
1363 854 1561 887 obstantibus
1596 852 1798 897 praemissis,
1823 861 1860 885 ac

339 907 481 939 locorum
505 910 717 938 conventuum
740 903 976 948 praedictorum
994 901 1085 934 sicin
1098 892 1229 943 ‘tnosuis
1246 907 1284 939 de
1298 906 1469 940 unionibus
1485 906 1720 939 committendis
1733 905 1772 938 ad
1787 914 1860 949 par—

339 958 621 1001 congregationem
661 958 886 997 reductorum,
923 955 976 999 qui
1013 965 1086 987 con·
1114 964 1170 998 tes,
1195 969 1232 991 ac
1254 960 1359 992 valore
1382 959 1540 992 fructuum
1555 958 1773 1001 exprimendo,
1788 967 1860 991 nec-

341 1022 455 1054 gruam
479 1011 727 1054 assignationem
752 1010 920 1049 bonorum,
944 1008 1087 1052 proprie-
1115 1021 1179 1044 non
1204 1012 1242 1045 de
1273 1023 1337 1045 non
1361 1013 1497 1046 tollendo
1529 1012 1598 1045 iure
1629 1011 1774 1055 quaesito
1791 1038 1800 1052 ‚
1824 1020 1872 1044 ac*

340 1069 443 1097 tatum
466 1075 503 1097 ac
525 1064 645 1097 iurium
669 1064 971 1097 dismembramrum
996 1072 1087 1105 prae-
1116 1065 1282 1108 generalis,
1306 1071 1335 1099 et
1361 1066 1494 1099 uniones
1525 1070 1692 1109 perpetuas
1710 1091 1717 1105 ,
1742 1063 1803 1096 nisi
1826 1063 1861 1095 in

341 1117 498 1150 dictorum
522 1117 709 1161 praestituto
733 1122 877 1159 tempore
901 1115 1003 1148 facere
1021 1115 1088 1147 dis—

340 1170 495 1210 tulerint,
535 1170 776 1211 recusaverint,
815 1168 1001 1212 negaverint
1043 1168 1089 1200 vel

342 1223 439 1256 etiam
463 1223 573 1266 quovis
598 1223 690 1255 modo
704 1222 937 1265 impediverint,
954 1227 1090 1254 ceteros-

344 1286 406 1319 que
430 1286 540 1309 omnes
563 1287 619 1309 sua
643 1276 676 1308 in
700 1275 883 1319 praemissis
915 1274 1090 1318 quomodo-

344 1330 420 1362 libet
442 1330 592 1363 interesse
616 1334 763 1372 putantes
778 1355 786 1370 ,
823 1328 920 1361 etiam
945 1338 1001 1371 per
1025 1326 1090 1359 edi·
1120 1332 1334 1365 Romanorum
1360 1330 1547 1364 Pontificum
1565 1357 1573 1371 ‚
1596 1330 1635 1362 de
1662 1339 1727 1362 una
1743 1355 1751 1369 ‚
1775 1333 1805 1361 et
1828 1328 1873 1360 iu·

345 1388 431 1415 ctum
456 1382 532 1416 locis
544 1382 680 1426 publicis
696 1381 902 1424 affigendum,
926 1379 1042 1413 citandi
1061 1380 1228 1438 etleodem
1253 1385 1387 1417 concilio
1411 1383 1561 1427 generali,
1585 1383 1669 1416 edita
1685 1383 1731 1434 de·
1740 1382 1874 1415 duabus*

347 1436 508 1476 monendi;
533 1447 569 1469 ac
592 1441 702 1469 contra
718 1447 771 1469 eos
784 1440 815 1468 et
832 1444 963 1479 prorsus
979 1437 1092 1466 contra
1121 1437 1242 1478 diaetis,
1271 1438 1404 1481 aliisque
1428 1437 1608 1480 apostolicis
1626 1434 1863 1469 constitutioni-

347 1499 563 1533 quoscumque
587 1490 664 1522 alios
680 1489 929 1522 contradictores
945 1492 976 1519 et
992 1485 1092 1519 l'ebel-
1122 1490 1190 1530 bus;
1213 1499 1336 1523 necnon
1360 1490 1626 1523 monasteriorum
1650 1494 1682 1522 et.
1705 1488 1862 1522 Ordinum

347 1543 401 1583 les,
418 1543 526 1585 eisque
542 1542 704 1583 auxilium,
718 1541 885 1575 consilium
898 1546 928 1573 et
940 1540 1090 1579 favorem,

347 1595 471 1639 publice
495 1595 543 1627 vel
565 1595 706 1635 occulte,
738 1599 934 1638 praestantes
952 1620 960 1634 ‚
993 1592 1090 1625 etiam

347 1647 529 1689 summarie,
547 1648 733 1691 simpliciter
749 1652 780 1680 et
796 1647 835 1680 de
847 1648 951 1690 plano,
969 1656 1006 1679 ac
1023 1646 1090 1679 sine

346 1700 480 1743 strepitu
503 1706 534 1733 et
557 1701 660 1743 figura
684 1700 794 1733 iudicii
811 1727 818 1741 ,
843 1701 897 1733 sed
921 1701 986 1733 sola
1017 1699 1089 1732 sacti

347 1754 478 1786 veritate
501 1753 652 1796 inspecta,
669 1753 757 1787 omni
774 1759 803 1786 et
820 1764 1020 1797 quacumque
1037 1763 1091 1796 ap-

347 1807 514 1850 pellatione
530 1812 662 1847 remota,
680 1807 883 1849 p1·ocedendi;
901 1812 932 1839 et
948 1807 988 1840 ad
1006 1806 1090 1839 hunc

347 1858 547 1902 aliorumque
570 1860 818 1902 praemissorum
853 1860 997 1893 omnium
1021 1871 1092 1893 exe-

347 1914 509 1947 cutionem
532 1919 563 1947 et
585 1915 743 1955 effectum,
767 1919 832 1947 tam
860 1914 979 1947 eisdem
996 1924 1091 1957 quam

348 1969 445 2001 etiam
470 1968 724 2012 quibuscumque
749 1967 908 2000 iudicibus
932 1972 961 1999 et
986 1976 1092 2010 perso-

348 2022 408 2062 nis,
433 2022 529 2054 etiam
553 2022 612 2054 sub
636 2021 779 2055 censuris
802 2025 833 2054 et
856 2021 967 2064 poenis
991 2021 1090 2053 eccle-

349 2075 493 2115 siasticis,
518 2085 554 2108 ac
577 2074 672 2108 etiam
696 2086 754 2119 per
770 2075 871 2108 simile
888 2075 1026 2108 edictum
1044 2075 1093 2107 iu-

351 2127 491 2167 hibendi;
509 2138 658 2161 censuras
682 2133 712 2161 et
727 2138 845 2171 poenas
857 2127 953 2161 etiam
966 2127 1093 2170 saepius

351 2181 544 2223 aggravandi
562 2192 570 2220 ;
607 2180 809 2214 interdictum
848 2180 1092 2214 ecclesiasticum

352 2234 551 2276 apponendi;
577 2233 729 2266 auxilium
751 2233 876 2266 brachii
900 2233 1068 2267 saecularis
1085 2261 1092 2274 ,

351 2286 546 2330 ubicumque
569 2296 649 2330 opus
673 2287 778 2327 suerit,
803 2286 996 2326 invocandi;
1020 2297 1093 2320 nec-

352 2347 416 2370 non
429 2345 553 2380 partem
562 2340 794 2383 proprietatum
811 2345 840 2373 et
858 2340 1092 2383 possessionum

351 2401 534 2424 mensarum
579 2393 787 2427 abbatialium
833 2392 1067 2437 praedictarum
1085 2419 1092 2432 ,

352 2456 433 2487 quae
456 2449 495 2481 ad
518 2449 675 2482 redditum
701 2458 843 2481 annuum
875 2457 933 2491 pro
957 2447 1040 2480 victu
1063 2453 1092 2481 et

351 2499 420 2531 aliis
444 2501 482 2532 ad
507 2512 598 2534 usum
615 2501 697 2534 soliti
712 2501 940 2544 monachorum
952 2505 983 2533 et
1000 2500 1093 2533 mini-

352 2557 489 2585 strorum
515 2555 639 2587 numeri
664 2554 740 2587 satis
763 2554 836 2592 sint,
861 2553 994 2587 arbitrio
1011 2554 1092 2586 eius—

353 2605 424 2637 dem
441 2605 595 2639 Guillclmi
621 2608 790 2641 cardinalis
814 2613 845 2640 et
867 2617 926 2651 pro
950 2611 1092 2650 tempore

353 2659 541 2703 protectoris
564 2662 610 2693 vel
633 2671 743 2694 eorum
767 2661 821 2703 qui
845 2661 885 2694 ab
901 2670 939 2694 eo
962 2659 1092 2704 deputa·
1121 2658 1238 2702 gentiis
1260 2662 1292 2692 et
1314 2656 1426 2691 litteris
1450 2654 1641 2699 apostolicis,
1674 2653 1862 2698 specialibus

1116 1118 1242 1151 casibus
1266 1119 1328 1151 iuri
1353 1119 1524 1162 permissis,
1549 1118 1618 1151 fieri
1650 1115 1862 1160 prohibentis,

1117 1172 1287 1205 novissime
1309 1172 1457 1205 celebrati
1496 1170 1754 1204 Late1·anensium
1785 1178 1862 1202 cona

1117 1225 1263 1258 ciliorum
1281 1252 1288 1266 ‚
1321 1235 1357 1257 ac
1389 1224 1460 1267 piae
1491 1224 1662 1257 memoriae
1685 1221 1862 1265 Innocentii

1118 1279 1165 1320 IV,
1182 1289 1263 1322 quae
1279 1278 1392 1321 incipit
1413 1278 1559 1318 Volentes,
1574 1282 1604 1310 et
1620 1275 1771 1309 Bonifacii
1788 1273 1863 1315 Vssl,

1121 1543 1366 1586 praedictorum,
1392 1543 1570 1576 iuramento
1588 1569 1596 1583 ,
1623 1541 1866 1575 confirmatione

1121 1595 1290 1639 apostolica
1314 1596 1362 1628 vel
1385 1595 1495 1639 quavis
1519 1595 1669 1628 firmitate
1693 1595 1754 1628 alia
1770 1595 1865 1627 robo-

1120 1650 1206 1690 ratis,
1231 1649 1356 1682 statutis
1379 1654 1408 1682 et
1433 1648 1741 1688 consuetudinibus3
1765 1647 1865 1691 privi-⁶

1121 1704 1210 1746 legiis
1234 1713 1370 1747 quoque,
1395 1703 1525 1735 indultis
1548 1707 1577 1735 et
1602 1701 1716 1735 litteris
1739 1706 1879 1745 aposto-³·

1120 1757 1199 1797 licis,
1215 1757 1333 1790 eisdem
1353 1756 1554 1789 monasteriis
1569 1761 1600 1788 et
1616 1755 1798 1795 Ordinibus,
1814 1765 1868 1788 eoa

1120 1820 1256 1853 rumque
1280 1809 1500 1852 superioribus
1523 1813 1552 1842 et
1577 1807 1722 1852 personis
1736 1834 1744 1848 ,
1767 1807 1866 1840 etiam

1122 1862 1314 1896 monasteria
1337 1868 1367 1895 et
1391 1861 1693 1895 archimandritatus
1724 1860 1882 1893 eiusdem*

1121 1916 1249 1949 Ordinis
1272 1916 1305 1948 in
1328 1914 1547 1948 commendam
1563 1913 1792 1953 obtinentibus,
1810 1919 1881 1955 per·r

1122 1979 1339 2014 quoscumque
1362 1969 1520 2001 Romanos
1543 1966 1710 2000 Pontifices
1733 1965 1867 2008 praede—-

1121 2033 1261 2056 cessores
1273 2028 1398 2055 nostros
1410 2031 1446 2053 ac
1464 2030 1520 2053 nos
1536 2025 1565 2052 et
1583 2020 1726 2052 eamdem
1745 2018 1868 2059 Sedem,

1121 2075 1218 2108 etiam
1234 2085 1291 2118 per
1304 2074 1433 2106 modum
1446 2072 1554 2106 statuti
1573 2071 1726 2116 perpetui,
1737 2082 1773 2105 ac
1790 2071 1864 2104 initi

1122 2135 1152 2162 et
1175 2127 1315 2171 stipulati
1339 2131 1530 2166 contractus,
1556 2136 1592 2158 ac
1616 2125 1694 2157 alias
1718 2124 1778 2157 sub
1794 2123 1867 2167 qui⁴

1122 2182 1320 2222 buscumque
1343 2179 1504 2212 tenoribus
1528 2183 1557 2211 et
1582 2177 1712 2218 formis,
1736 2187 1772 2210 ac
1795 2187 1884 2210 cum·

1122 2234 1386 2277 quibuscumque,
1409 2232 1505 2266 etiam
1524 2232 1797 2275 derogatoriarum
1815 2231 1868 2264 de⁴

1123 2287 1292 2331 rogatoriis
1315 2286 1447 2329 aliisque
1471 2285 1700 2319 efficacioribus
1722 2289 1753 2318 et
1781 2283 1868 2317 imo*

1123 2341 1195 2380 litis,
1220 2341 1377 2381 clausulis,
1394 2339 1659 2382 irritantibusque
1682 2343 1711 2372 et
1729 2338 1798 2371 aliis
1814 2338 1868 2371 de·

1123 2393 1226 2433 cretis,
1239 2393 1272 2425 in
1290 2403 1404 2436 genere
1417 2397 1447 2426 et
1460 2392 1574 2436 specie,
1590 2392 1685 2424 etiam
1699 2392 1741 2424 ab
1755 2391 1867 2424 imme-

1123 2446 1269 2479 morabili
1293 2452 1433 2489 tempore
1450 2444 1687 2488 quomodolibet
1698 2442 1866 2483 concessis,

1122 2499 1304 2544 approbatis
1327 2503 1358 2532 et
1382 2498 1539 2531 innovatis
1563 2508 1599 2530 ac
1622 2497 1716 2530 etiam
1740 2507 1799 2530 usu
1815 2506 1864 2529 re-

1122 2552 1220 2596 ceptis
1238 2579 1246 2593 ,
1271 2562 1306 2585 ac
1330 2561 1531 2594 quocumque
1554 2556 1695 2593 tempore
1720 2548 1809 2582 factis
1832 2553 1865 2582 et

1122 2604 1340 2649 promulgatis,
1357 2609 1387 2637 et
1404 2603 1657 2647 quibuscumque
1673 2601 1742 2635 aliis
1759 2601 1864 2634 indul-
