2059 3228
145 225 195 254 Au.
211 225 239 254 C.
259 226 325 255 1584

382 219 446 254 1240

337 279 524 314 annexionis
544 284 572 312 et
594 277 865 322 incorporationis
883 278 1081 319 huiusmodi,

336 333 398 366 sive
421 333 499 366 alias
523 331 635 376 quovis
659 332 767 371 medo,
801 342 912 375 quern,
943 333 1037 366 etiam
1058 332 1083 365 si
1125 330 1252 364 Ordinis
1277 330 1307 364 S.
1331 331 1460 364 Antonii
1491 330 1586 374 primi
1612 332 1776 373 eremitae,
1810 332 1870 366 sub

335 397 371 419 cx
392 386 447 418 illo
464 385 593 428 quaevis
616 385 774 428 generalis
786 386 970 427 reservatio,
986 387 1081 420 etiam

334 440 366 472 in
386 450 522 483 corpore
538 438 617 471 iuris
633 439 752 478 clausa,
772 440 916 482 resultat,
932 445 1082 484 praesen-

333 492 416 526 tibus
440 492 551 525 haberi
572 492 720 526 volumus
741 503 798 537 pro
819 503 981 538 expresso,
1004 499 1035 527 et
1044 505 1080 527 ex

331 545 566 588 cuiuscumque
600 556 750 589 persona,
788 557 845 580 seu
865 557 924 590 per
943 547 1078 581 liberam

329 598 581 641 resignationem
602 599 741 633 cuiusvis
760 599 800 633 de
819 600 919 634 illain
935 601 1079 634 Romana

330 651 426 684 Curia
445 653 492 685 vel
513 658 601 686 extra
618 662 702 693 eam,
729 653 825 686 etiam
852 664 961 688 coram
985 661 1077 688 nota-

329 704 376 738 rio
396 705 527 749 publico
537 711 567 738 et
578 706 726 748 testibus,
748 712 862 750 sponte
882 708 1010 749 factam,
1023 713 1078 741 aut

327 759 590 802 assequutionem
610 759 743 793 alterius
758 760 906 794 beneficii
928 762 1076 795 ecclesia-

324 812 407 853 stici,
427 813 537 856 quavis
556 813 746 847 auctoritate
769 815 887 855 collati,
917 821 1018 857 vacet,
1041 827 1074 849 e-

326 865 401 898 tiam
411 865 436 898 si
449 870 537 899 tanto
557 871 703 911 tempore
721 868 890 909 vacaverit,
912 869 1075 912 quodeius

325 918 557 959 collatio,iuxta
565 920 787 953 Lateranensis
805 926 922 955 statuta
933 923 1072 964 concilii,

324 972 365 1005 ad
385 971 501 1006 Sedem
521 973 719 1016 praedictam
739 974 882 1017 legitime
903 975 1070 1017 devoluta;

324 1024 459 1070 ipsaque
491 1027 628 1060 ecclesia
653 1028 685 1060 S.
714 1028 841 1061 loannis
870 1029 1072 1073 dispositioni

323 1080 519 1123 apostolicae
543 1081 726 1125 specialiter
744 1082 793 1115 vel
818 1093 876 1126 per
889 1083 1072 1117 dissolutio-

321 1143 396 1166 nem
424 1133 572 1175 unionis,
607 1135 794 1168 annexionis
827 1141 857 1169 et
881 1136 1071 1181 incorpora-

321 1186 416 1221 tionis
462 1188 650 1222 huiusmodi
685 1194 740 1221 aut
769 1189 847 1222 alias
878 1190 1071 1233 generaliter

321 1247 480 1274 reservata
500 1242 622 1283 existat,
645 1242 796 1286 illiusque
824 1242 966 1284 collatio,
993 1254 1069 1288 pro-

319 1294 399 1327 visio
419 1300 449 1328 et
468 1295 598 1339 quaevis
613 1296 676 1328 alia
688 1295 855 1339 dispositio
867 1297 907 1329 ad
927 1297 1069 1341 aliquem

320 1358 356 1381 ex
375 1348 519 1382 eiusdem
537 1349 568 1383 S.
591 1350 626 1382 R.
650 1350 684 1382 E.
699 1350 929 1391 cardinalibus,
943 1351 1069 1385 ratione

319 1403 473 1436 ecclesiae
506 1404 565 1444 sibi
590 1414 649 1448 pro
676 1404 770 1437 titulo
794 1415 850 1438 seu
877 1405 1068 1439 denomina-

319 1456 404 1489 tione
431 1457 481 1490 sui
508 1457 723 1491 cardinalatus
749 1458 938 1502 assignatae,
970 1460 1069 1503 perti-

317 1515 402 1550 neat,
421 1515 450 1543 et
470 1520 568 1554 super
587 1521 624 1544 ea
648 1511 731 1545 inter
750 1512 878 1555 aliquos
897 1512 946 1554 lis,
975 1514 1068 1547 euius

316 1568 433 1596 statum
453 1564 676 1607 praesentibus
695 1565 841 1598 similiter
849 1565 962 1600 haberi
975 1568 1066 1600 volu-

316 1626 389 1649 mus
409 1627 467 1660 pro
487 1628 649 1662 expresso,
671 1619 808 1662 pendeat
824 1618 1065 1661 indecisa‚cum

317 1670 476 1711 domibus,
509 1671 676 1713 aedificiis,
719 1672 832 1713 hortiS,
873 1673 1063 1714 hortaliciis,

316 1724 469 1757 membris
488 1730 519 1758 et
550 1725 764 1769 pertinentiis,
796 1734 975 1770 eorumque
1002 1728 1063 1761 situ

316 1783 345 1810 et
365 1777 487 1811 ambitu
511 1778 712 1819 huiusmodi,
735 1779 767 1812 in
780 1787 973 1824 perpetuum
991 1789 1064 1815 eon-

315 1830 458 1864 (edimus
482 1837 513 1865 et
546 1832 767 1875 assignamus:
791 1832 834 1866 ita
857 1835 944 1877 quod
964 1835 1064 1869 'liceat

313 1883 415 1926 ipsius
441 1884 610 1929 hospitalis
632 1886 750 1919 rectori
771 1892 802 1920 et
821 1887 1062 1921 administrato-

312 1937 402 1971 1ibus
430 1948 490 1981 pro
517 1943 664 1983 tempore
691 1939 898 1973 existentibus
930 1940 1060 1974 iliorum

311 1991 456 2023 omnium
487 1993 688 2036 corporalem
722 1993 970 2037 possessionem,
1003 2005 1062 2038 per

310 2053 342 2075 se
363 2043 411 2076 vei
431 2044 531 2077 alium
552 2055 609 2078 seu
628 2045 717 2086 alios,
751 2046 883 2090 propria
920 2048 1061 2080 auetori-

311 2101 384 2137 tate,
405 2097 502 2130 etiam
522 2098 644 2141 absque
676 2098 793 2132 iudicis
823 2100 972 2133 mandato
1008 2101 1059 2134 vel

310 2149 449 2191 decreto,
474 2150 573 2184 libere
594 2152 838 2196 apprehendere
854 2159 884 2186 et
899 2160 1057 2197 perpetuo

309 2202 459 2243 retinere,
481 2203 670 2248 fructusque
703 2205 848 2239 redditus
873 2212 904 2239 et
920 2217 1058 2250 proven-

310 2260 370 2295 tus,
413 2256 495 2294 inra,
541 2257 749 2292 obventiones
777 2266 807 2292 et
841 2260 1058 2293 emolumenta

309 2308 497 2341 eorumdem
517 2310 548 2342 iu
565 2311 730 2354 hospitalis
747 2323 784 2345 ac
803 2313 960 2346 ecclesiae
976 2313 1058 2347 Sar-

309 2360 350 2392 cti
370 2360 497 2395 Ioannis
516 2363 703 2397 huiusmodi
728 2376 815 2407 usus,
835 2365 1007 2399 utilitatem
1025 2372 1056 2399 et

307 2410 530 2444 necessitatem
549 2419 749 2447 convertere.

351 2457 366 2500 5
390 2457 422 2491 3.
449 2459 579 2493 Necnon
604 2462 707 2496 eidem
737 2463 891 2498 ecclesiae
910 2463 941 2497 S.
964 2464 1058 2498 Ioan-

143 2533 256 2553 swintun
273 2532 292 2551 in
307 2504 357 2538 nis
377 2516 435 2549 per
455 2518 555 2541 unum
576 2511 624 2543 rel
650 2512 759 2554 plures
783 2513 964 2547 sacerdotes
984 2514 1054 2546 ido·

111 2563 293 2585 ‘erinnem-sn-
306 2563 395 2595 neos,
412 2555 560 2590 avicario
575 2558 679 2592 dictae
700 2560 792 2594 Urbis
811 2562 1049 2605 approbandos,

111 2596 171 2616 tui-im

306 2603 339 2637 in
359 2604 473 2640 divinis
492 2606 643 2641 deserviri
672 2609 790 2652 facere,
821 2621 879 2645 seu
898 2612 992 2645 etiam
1020 2611 1051 2645 in

930 226 1110 251 RUUARIUM
1129 227 1146 250 R
1151 226 1210 250 om
1215 227 1278 250 >ww

1127 289 1162 311 ea
1182 283 1239 318 tot,
1280 283 1360 321 quot
1392 277 1469 322 ipsis
1497 277 1666 319 ridebitur,
1694 279 1871 314 monachos

1124 383 1302 417 monastica
1321 384 1491 428 disciplina
1510 395 1546 417 ac
1566 385 1721 418 ecclesiae
1732 385 1869 420 Maroni-

1123 442 1232 470 tarum
1258 437 1417 482 praesulis
1449 448 1508 481 pre
1536 443 1682 482 tempore
1710 438 1871 473 existentis

1122 491 1305 524 obedientia
1332 492 1501 534 degentes,
1534 491 1590 534 qui
1615 491 1734 525 ibidem
1758 491 1871 526 missas

1121 550 1151 577 et
1171 545 1233 578 alia
1252 545 1358 579 divina
1386 545 1492 579 officia
1511 545 1662 579 idiomate
1682 545 1818 580 Arabico
1838 551 1870 580 et

1120 597 1268 632 Caldaico
1289 599 1465 639 celebrent,
1486 598 1706 640 introducere,
1729 599 1870 632 cuiusvis

1119 651 1248 685 licentia
1263 652 1402 696 desuper
1425 652 1558 685 minime
1577 652 1743 696 requisita.
2032 687 2035 689 Α

1162 705 1228 748 gli.
1264 705 1400 750 Insuper
1424 705 1626 749 praedictum
1655 705 1813 750 hospitale
1837 711 1868 739 et
1906 683 2025 771 μιαρὲ

1117 768 1272 802 personas
1291 759 1324 791 in
1340 769 1378 792 eo
1397 769 1457 803 pro
1468 763 1614 803 tempore
1625 759 1776 802 degentes
1796 759 1868 793 illo·
1879 745 2012 823 333...ἑᾷ

1117 823 1223 856 rumq.
1244 813 1533 853 administratores,
1547 813 1700 846 officiales
1723 818 1754 847 et
1768 813 1867 847 mini-
1973 807 1976 811 ’

1116 871 1210 906 stros‚
1233 877 1270 899 ac
1282 866 1381 910 ipsius
1401 866 1568 910 hospitalis
1587 876 1639 899 res
1658 871 1689 900 et
1702 866 1789 901 bona
1799 878 1866 902 mo-

1114 919 1191 952 bilia
1211 925 1242 953 et
1267 919 1462 959 immobilia,
1482 919 1664 963 praesentia
1687 926 1718 954 et
1743 920 1862 963 futura,
1983 942 1986 948 ι

1114 973 1348 1016 cuiuscumque
1368 973 1532 1016 qualitatis
1551 979 1582 1006 et
1601 974 1800 1016 quantitatis,
1825 986 1864 1009 ac

1113 1026 1310 1070 ubicumque
1328 1027 1487 1068 locorum,
1507 1027 1647 1061 etiamin
1668 1028 1753 1064 dieta
1762 1028 1859 1071 Urbe,

1112 1080 1242 1122 fuerint,
1253 1081 1292 1114 ab
1301 1082 1390 1115 omni
1398 1081 1631 1122 iurisdictione,
1643 1082 1858 1125 correctione,
1980 1119 1992 1131 ἃ

1111 1133 1302 1175 visitatione,
1324 1135 1478 1176 dominio,
1490 1135 1716 1179 superioritate
1727 1141 1759 1169 et
1770 1142 1860 1180 pote·
1980 1144 2004 1242 ᾖ

1983 1419 2000 1437 ,-

1980 466 2037 510 2

1979 511 2035 626 t

1979 1130 1984 1134 “
1996 1126 2003 1142 9

1112 1192 1189 1221 state
1198 1198 1257 1232 pro
1277 1194 1423 1232 tempore
1442 1188 1605 1222 existentis
1622 1189 1744 1230 vicarii,
1765 1200 1860 1224 sena-

1110 1241 1200 1282 toris,
1241 1247 1502 1275 conservatorum
1539 1248 1571 1276 et
1610 1243 1859 1277 reformatorum
1974 1246 2010 1297 ἑ

1111 1294 1215 1329 dictae
1239 1295 1344 1336 Urbis,
1367 1306 1403 1329 ac
1427 1296 1681 1339 gubernatorum
1697 1297 1857 1339 locorum,

1110 1349 1316 1393 aliorumque
1343 1349 1487 1382 iudicum
1509 1354 1540 1382 et
1558 1349 1744 1383 officialium
1776 1362 1858 1396 quo·
1979 1293 2004 1401 Ξ

1109 1413 1326 1446 rumeumque
1346 1403 1381 1436 in
1400 1403 1469 1447 ipsa
1488 1403 1573 1436 Urbe
1591 1404 1640 1436 rel
1672 1403 1752 1437 alias
1779 1415 1858 1438 con-

1987 831 2010 947 ξι

1109 1456 1306 1490 stitutorum.

1153 1510 1168 1553 g
1188 1510 1219 1544 5.
1241 1510 1373 1544 Necnon
1393 1510 1479 1544 idem
1500 1511 1657 1555 hospitale
1677 1511 1859 1556 inpropriis
1919 1522 1993 1555 aa}

1110 1564 1179 1597 eius
1199 1564 1296 1598 rebus
1325 1570 1356 1598 et
1387 1564 1493 1605 bonis,
1521 1575 1558 1598 ac
1583 1565 1662 1598 alias
1689 1576 1764 1599 eum
1788 1565 1859 1610 ipso
1871 1557 1954 1606 222³?
1972 1599 1974 1601 ,

1112 1618 1340 1652 contrahentes
1367 1629 1385 1651 a
1412 1619 1572 1652 solutione
1618 1625 1649 1652 et
1693 1619 1859 1653 exactione
1971 1618 1975 1619 ⁷

1106 1671 1252 1704 omnium
1273 1677 1306 1705 et
1325 1671 1527 1715 singulorum
1543 1672 1766 1716 pedagiorum,
1780 1673 1858 1716 gab-

1105 1725 1277 1766 bellarum,
1309 1725 1553 1765 bollefinorum,
1601 1725 1799 1760 decimarum
1827 1732 1859 1760 et

1104 1778 1243 1812 alierum
1265 1789 1568 1822 quorumcumque,
1591 1785 1655 1812 tam
1681 1779 1859 1814 ordinario-

1106 1843 1183 1865 rum
1221 1842 1318 1876 quam
1340 1832 1676 1874 extraordinariorum,
1707 1843 1855 1874 onerum,

1114 1896 1151 1918 ex
1166 1896 1372 1929 quacumque
1389 1896 1485 1919 causa
1504 1886 1728 1930 impositorum
1749 1892 1780 1920 et
1794 1887 1856 1920 im-

1108 1938 1334 1982 ponendorum
1355 1939 1525 1972 eximimus
1545 1945 1575 1973 et
1608 1939 1795 1982 liberamus,
1817 1951 1856 1974 ac

1104 1992 1163 2024 sub
1183 1992 1268 2025 beati
1288 1993 1372 2025 Petri
1384 1998 1414 2025 et
1425 1992 1528 2026 dictae
1541 1992 1631 2026 Sedis
1641 1999 1736 2038 atque
1745 2000 1854 2028 nostra

1101 2046 1300 2088 protectione
1318 2046 1521 2090 suscipimus,
1535 2045 1692 2091 nobisque
1705 2053 1736 2081 et
1747 2047 1852 2082 eidem

1100 2098 1172 2131 Sedi
1195 2099 1379 2132 immediate
1399 2099 1607 2141 subiicimus;
1632 2111 1669 2133 ac
1693 2100 1846 2135 dilectum

1100 2151 1203 2184 fitium
1232 2158 1378 2185 nostrum
1420 2153 1596 2186 Antonium
1631 2153 1715 2187 tituli
1743 2153 1850 2191 Sancti

1102 2205 1229 2238 Eusebii
1250 2206 1478 2250 presbyterum
1486 2207 1683 2240 cardinalem
1694 2207 1852 2242 Caraffam

1102 2265 1336 2302 nuncupatum,
1360 2259 1503 2293 eiusdem
1515 2260 1682 2304 hospitalis
1690 2267 1851 2305 protecto·-

1101 2322 1167 2344 rem
1189 2317 1217 2344 et
1238 2312 1457 2353 defensorem,
1484 2313 1577 2347 euius
1600 2313 1735 2347 consilio
1750 2319 1849 2358 etope

1100 2365 1232 2397 omnino
1252 2366 1438 2409 supradicta
1460 2371 1491 2399 et
1509 2367 1571 2400 alia
1587 2367 1734 2412 adipsius
1743 2368 1851 2412 hospi—

1098 2417 1169 2450 talis
1183 2418 1336 2462 illiusque
1346 2419 1411 2452 bon
1421 2429 1527 2460 orum.
1546 2430 1656 2453 rerum
1671 2426 1701 2454 et
1712 2420 1845 2462 iurium‚

1098 2473 1161 2499 tam
1199 2467 1418 2511 spiritualium
1461 2479 1559 2512 quam
1598 2469 1844 2514 temporalium,

1097 2515 1260 2548 salubrem
1282 2516 1505 2558 directionem,
1521 2517 1845 2558 administrationem,

1097 2575 1133 2597 ac
1159 2566 1370 2607 personarum
1392 2565 1424 2598 in
1443 2575 1480 2598 eo
1495 2566 1715 2610 receptionem
1726 2565 1849 2599 etdire-

1098 2612 1249 2656 ctionem,
1271 2623 1450 2657 eorumque
1480 2614 1660 2657 qualitates,
1681 2613 1846 2658 pertinen-
