2059 3228
51 0 123 102 ξ,

49 218 99 254 Δι’.
113 220 144 252 c.
158 221 224 253 ¹584

245 274 370 310 sublata
387 275 433 310 eis
453 281 484 310 et
502 285 614 311 eorum
640 278 771 312 cuilibet
795 277 905 321 quavis
933 277 990 310 ali-

245 333 293 362 ter
312 329 476 363 iudicandi
497 336 527 363 et
546 330 778 374 interpretandi
793 330 942 364 facultate
957 335 988 363 ct

242 382 444 424 auctoritate,
461 382 595 416 iudicari
607 389 638 417 et
654 384 756 418 decidi
773 384 888 417 debere
901 394 989 416 mau-

243 435 366 469 damus.
392 436 606 471 Decernentes
629 438 759 471 irritum
784 443 815 471 ct
838 437 944 478 inane,
962 436 987 470 si

240 498 334 523 secus
353 499 452 534 super
471 489 520 523 his
544 501 562 524 a
586 501 763 535 quoquam,
793 490 904 534 quavis
929 501 987 523 au-

241 541 400 584 ctoritate,
421 543 560 577 scienter
587 544 636 577 vel
662 543 859 587 ignoranter,
887 543 988 577 conti-

239 595 323 639 gerit
342 596 504 629 attentari.

284 649 299 693 ἓ
318 649 372 683 llO.
395 649 439 683 Ac
460 650 649 683 mandantes
663 649 782 683 dilecto
796 648 864 683 filio
877 654 987 684 nostro

45 699 227 756 efffiffigssc'gn‘tx
239 702 391 748 Philippo
415 702 446 736 S.
468 703 581 746 Angeli
605 703 638 736 in
662 703 743 736 Foro
763 702 900 736 Piscium
922 702 989 736 dia-

44 763 198 786 tnobediwu-
241 766 323 789 cono
348 755 738 796 cardinaliVastavillano‚
762 755 930 796 moderno,
950 767 986 789 ac

241 819 300 856 pro
321 814 467 854 tempore
486 808 632 842 existenti
653 812 762 841 nostro
782 813 813 842 et
832 808 865 843 S.
886 809 923 842 R.
946 809 982 844 E.

241 862 431 904 camerario,
458 867 504 903 ut,
527 872 585 906 pro
602 861 855 906 praemissorum
878 862 987 897 obser-

239 916 380 958 vatione,
402 915 591 949 executione
601 921 632 948 et
643 915 867 958 implemento,
879 916 985 950 omni-

239 969 300 1003 bus
319 975 350 1004 et
373 969 506 1014 singulis
525 969 675 1013 praefatis
705 975 737 1002 et
760 970 878 1013 quibus
904 981 985 1015 opus

238 1023 334 1058 fuerit
357 1023 546 1068 praecipiat,
570 1023 700 1057 mandet
719 1028 751 1057 et
769 1023 925 1065 inhibeat,
949 1025 986 1057 il-

237 1077 351 1121 losque
375 1076 459 1118 citet,
480 1082 573 1120 cogat
592 1081 622 1110 et
641 1076 826 1120 compellat,
845 1082 877 1110 et
892 1078 982 1119 alias,

235 1135 335 1174 prout
353 1130 413 1164 sihi
432 1129 602 1171 videbitur,
623 1135 737 1164 contra
749 1140 804 1164 eos
817 1131 982 1174 procedat,

238 1188 410 1227 ceteraque
430 1183 492 1217 alia
506 1183 602 1216 faciat
621 1188 653 1217 et
680 1189 870 1227 exequatur,
901 1194 985 1227 quac

236 1237 270 1270 in
285 1237 473 1282 'praemissis
493 1242 524 1271 et
544 1237 630 1270 circa
649 1247 686 1270 ea
709 1237 890 1271 necessaria
913 1238 984 1271 fue-

236 1283 312 1332 rin't,
334 1296 366 1325 et
380 1291 440 1325 sibi
455 1291 653 1325 videbuntur
668 1291 912 1334 quomodolibet
928 1302 984 1335 op-

235 1348 385 1389 portuna.
406 1345 468 1378 Nos
486 1345 585 1385 enim,
598 1350 689 1378 motu
701 1350 732 1378 et
746 1344 909 1389 potestatis
919 1346 984 1388 ple-

236 1398 382 1438 nitudine
402 1398 574 1439 similibus,
588 1398 692 1432 eidem
712 1398 861 1442 Philippo
879 1398 983 1432 cardi-

65 1474 78 1490 .
235 1451 301 1485 nali
325 1456 357 1485 et
375 1451 567 1493 camerario,
593 1452 679 1485 ultra
704 1452 772 1485 eius
793 1457 983 1496 potestatem

236 1508 267 1538 et
276 1505 515 1546 auctoritatem,
525 1505 557 1538 in
569 1505 752 1549 praemissis
763 1505 983 1550 plenissimam

234 1557 398 1592 licentiam
415 1564 446 1592 et
469 1559 652 1592 facultatem
673 1559 892 1593 concedimus.

279 1612 295 1657 ἓ
318 1611 374 1646 11.
398 1612 469 1646 Non
501 1613 701 1646 obstantibus
734 1613 916 1656 praemissis
953 1618 984 1647 et

41 1667 220 1726 “mgffiffiglw
235 1670 345 1699 nostra
369 1665 408 1699 de
427 1676 492 1699 non
512 1666 655 1699 tollendo
675 1666 746 1699 iure
766 1666 924 1709 quaesito,
946 1678 983 1701 ac

234 1719 305 1753 aliis
329 1719 513 1764 apostolicis
542 1720 839 1760 constitutionibus;
860 1720 982 1755 dictae-

233 1783 297 1816 que
321 1774 485 1815 Gamerae,
517 1773 709 1815 iuramento,
737 1775 982 1809 confirmatione

234 1827 412 1872 apostolica
430 1827 479 1860 vel
498 1827 610 1871 quavis
629 1827 781 1861 firmitate
801 1827 863 1860 alia
884 1829 982 1862 robo-

234 1880 323 1922 ratis,
340 1880 464 1914 statutis
476 1885 506 1914 et
524 1881 828 1922 consuetudinibus3
854 1892 982 1916 necnon

233 1933 420 1978 privilegiis,
442 1933 574 1968 indultis
594 1940 626 1968 et
653 1934 767 1968 litteris
797 1935 981 1979 apostolicis

233 1986 296 2021 illis
320 1998 357 2021 ac
381 1987 552 2031 praedictis
571 1988 831 2033 praesidentibus
857 1994 887 2023 et
915 1990 980 2023 cle-

233 2041 308 2074 ricis
327 2041 633 2085 quomodocumque
660 2042 831 2083 concessis,
860 2043 979 2076 confir-

233 2096 326 2129 matis
345 2100 376 2128 et
394 2095 564 2136 innovatis,
587 2095 705 2139 quibus
725 2096 886 2137 omnibus,
908 2096 980 2129 illo-

231 2158 306 2181 rum
334 2154 474 2190 tenores,
503 2149 638 2193 perinde
667 2160 704 2183 ac
729 2150 753 2183 si
778 2151 817 2183 ad
848 2150 980 2184 verbum

232 2201 453 2235 insererentur
462 2202 697 2246 praesentibus,
714 2214 773 2247 pro
785 2204 981 2237 sufficienter

233 2255 389 2298 expressis
404 2255 573 2297 habentes,
590 2257 705 2289 harum
726 2257 824 2297 serie,
847 2257 885 2290 ad
905 2258 979 2291 effe-

233 2313 321 2342 ctum
337 2308 483 2341 omnium
508 2309 771 2352 praemissorum,
801 2310 981 2353 specialiter

233 2367 265 2395 et
285 2371 432 2405 expresse
447 2361 650 2405 derogamuS,
666 2363 835 2396 contrariis
847 2363 979 2407 quibus-

233 2420 391 2453 cumque3
413 2415 467 2443 aut
486 2410 512 2443 si
536 2410 670 2451 decano,
698 2412 823 2445 clericis
848 2412 979 2446 ceteris—

233 2469 297 2502 que
316 2458 487 2503 praedietis
506 2469 543 2492 ac
563 2459 727 2502 quibusvis
742 2460 822 2502 aliis,
836 2471 981 2494 commu-

228 2507 318 2553 'niter
336 2508 385 2541 vel
403 2507 540 2549 divisim,
562 2508 601 2541 ab
620 2509 803 2552 Apostolica
831 2509 871 2542 sit
899 2509 979 2543 Sede

226 2555 395 2599 ‘indultum
423 2556 511 2600 quod
547 2557 714 2598 interdici,
749 2558 900 2602 suspendi
931 2559 978 2591 vel

233 2586 507 2640 excomniunicaii
539 2616 604 2640 non
629 2607 753 2650 possint
776 2617 834 2650 per
857 2607 978 2640 litteras

848 222 1022 248 GnEcomtls
1041 224 1095 247 xm
1116 225 1161 247 ΓΡ.

1669 210 1732 243 lists)

1030 276 1220 320 apostolicas
1240 286 1302 309 non
1325 277 1478 309 facientes
1506 275 1634 319 plenam
1663 277 1695 306 et
1722 283 1776 305 ex-

1030 340 1173 372 pressam
1198 340 1234 361 ac
1259 330 1296 361 dc
1322 331 1416 362 verbo
1441 329 1479 361 ad
1504 327 1638 362 verbum
1661 325 1701 360 de
1726 325 1774 359 in-

1030 382 1120 416 dulto
1142 382 1327 415 huiusmodi
1347 382 1556 416 mentionem.

1074 435 1159 469 Nulli
1179 446 1255 479 ergo
1276 440 1331 469 otc.

1073 489 1142 522 Dat.
1166 489 1284 523 Romae
1303 490 1389 533 aluid
1409 489 1440 523 S.
1462 489 1607 529 Petrum,
1627 497 1711 521 anno
1727 488 1775 521 ln-

1030 542 1227 576 carnationis
1241 543 1422 576 dominicae
1432 542 1602 575 millesimo
1617 542 1774 586 quingen-

1029 596 1142 628 tesimo
1162 596 1382 639 octuagesimo
1395 601 1523 639 quarto,
1540 595 1633 628 nonis
1646 595 1773 628 decem-

1027 649 1106 690 bris,
1129 649 1335 693 pontificatus
1354 649 1455 682 nostri
1476 659 1560 682 anno
1572 658 1638 682 xm.

1048 702 1110 733 Dat.
1124 703 1171 733 die
1186 703 1204 733 5
1220 702 1352 733 decemb.
1373 702 1458 737 1584,
1477 702 1581 742 pontif.
1597 710 1674 732 anno
1689 709 1752 731 xm.

1796 217 1848 245 An.
1862 216 1890 245 C.
1908 217 1975 246 1584

1327 852 1476 886 CLXXVI.

1026 921 1196 955 Institutio
1217 920 1497 964 confraternitatis
1526 930 1579 953 sen
1605 922 1775 963 conq'reqn-

1073 976 1170 1008 tionis
1185 979 1392 1008 aeternornm
1412 974 1627 1013 scholarium,
1656 974 1773 1007 studiis

1071 1029 1194 1071 colleqii
1208 1028 1361 1062 Soc.Icsu
1380 1028 1417 1061 dc
1440 1027 1521 1060 Urbe
1538 1027 1771 1068 insistentium,

1069 1083 1126 1115 snb
1146 1083 1350 1115 invocatione
1362 1081 1639 1114 Annttnciationis
1648 1080 1687 1113 B.
1702 1080 1774 1113 Mn·

1069 1135 1150 1173 riae,
1173 1135 1216 1168 ad
1232 1135 1290 1179 pin
1310 1144 1406 1177 operat
1428 1133 1638 1167 exercendum
1647 1145 1659 1174 ;
1679 1138 1707 1166 ct
1724 1134 1774 1175 fct-

1069 1188 1169 1221 cultas
1182 1189 1266 1221 sitias
1286 1187 1485 1231 ctyyreyandi
1501 1187 1771 1230 conqreyatz'ones,

1069 1253 1141 1276 cnm
1160 1241 1440 1285 indulqentt'arum
1470 1241 1770 1274 communicatione.

1070 1321 1217 1358 Gregorius
1235 1321 1386 1357 episcopus.
1402 1327 1497 1350 servus
1513 1327 1654 1350 servorum
1665 1320 1727 1354 Dei.

1170 1376 1204 1403 ad
1221 1376 1382 1411 perpetuam
1399 1374 1442 1404 rei
1458 1374 1626 1404 memoriam„

1068 1447 1306 1492 Omnipotentis
1315 1446 1372 1481 Dei
1393 1446 1564 1481 Salvatoris
1576 1447 1686 1488 nostri,
1701 1447 1770 1490 qui,
1812 1460 1930 1484 madium,

1025 1513 1062 1536 ex
1081 1501 1207 1547 pietatis
1218 1512 1294 1536 suae
1307 1501 1613 1546 superabundantia,
1627 1501 1772 1534 fidelium

1025 1555 1189 1590 mentibus
1222 1554 1367 1589 caelestis
1391 1554 1610 1599 inspirationis
1636 1554 1771 1598 gratiam

1024 1617 1057 1644 et
1078 1609 1258 1643 devotionis
1281 1610 1430 1642 ardorem
1456 1609 1496 1642 ad
1520 1608 1646 1642 divinae
1676 1608 1771 1642 Maie-

1024 1664 1111 1697 statis
1135 1663 1291 1708 obsequia
1310 1668 1341 1696 et
1364 1663 1493 1707 piorum
1520 1673 1657 1707 operum
1685 1672 1773 1696 exer-

1024 1717 1098 1751 citia
1130 1717 1303 1752 salubriter
1332 1717 1516 1762 peragenda
1544 1716 1698 1750 continuo
1722 1715 1771 1749 in-

1023 1771 1138 1813 fundit,
1159 1772 1305 1815 exemplo
1326 1770 1466 1811 adducti,
1486 1770 1519 1803 in
1540 1780 1610 1804 eam
1629 1774 1772 1814 pastora-

1023 1826 1063 1859 lis
1083 1825 1180 1859 officii
1201 1836 1313 1859 curam
1341 1824 1633 1868 cogitationemque
1659 1824 1771 1857 sedulo

1023 1878 1252 1919 incumbimus,
1270 1889 1327 1922 per
1348 1889 1444 1922 quam
1461 1878 1605 1922 ipsorum
1625 1876 1771 1910 fidelium

1023 1932 1198 1966 fructuosis
1227 1931 1412 1965 huiusmodi
1444 1930 1596 1975 operibus
1625 1935 1656 1963 et
1684 1939 1772 1963 exer-

1023 1986 1106 2020 citiis
1124 1986 1305 2020 vacantium
1325 1985 1437 2028 religio
1460 1990 1490 2017 et
1517 1983 1644 2017 devotio
1669 1983 1775 2029 conti-¹

1023 2051 1126 2073 nuum
1147 2040 1301 2084 suscipiat
1320 2039 1569 2079 incrementum,
1592 2037 1703 2082 eisque
1717 2049 1771 2071 vo-

1023 2094 1085 2127 tiva
1101 2094 1186 2126 salus
1204 2093 1369 2137 proveniat
1389 2092 1581 2125 animarum.

1066 2148 1131 2191 §l
1158 2147 1242 2180 Alias
1270 2146 1427 2190 siquidem
1458 2156 1514 2189 per
1546 2155 1604 2178 nos
1637 2150 1770 2189 accepto
1818 2160 1847 2180 en
1889 2160 1965 2182 adole-

1022 2201 1108 2245 quod
1132 2201 1278 2244 plerique
1299 2199 1389 2244 probi
1410 2204 1440 2232 et
1467 2199 1511 2243 pii
1536 2198 1767 2240 adolescentes,
1782 2194 1870 2248 ξζῖζζῖἳῗ
1889 2193 1965 2244 ξζζῗξῗ

1021 2254 1180 2287 bonarum
1214 2253 1393 2286 litterarum
1425 2252 1538 2285 studiis
1571 2252 1603 2284 in
1633 2252 1769 2295 collegio
1783 2254 1830 2273 ¹³⁸⁵
1860 2253 1907 2275 ¹⁰⁵³
1938 2255 1964 2275 ¹¹⁹

1784 2283 1838 2305 Urbe
1881 2286 1962 2306 incum-

1022 2314 1130 2340 nostro
1146 2306 1311 2340 Societatis
1332 2306 1401 2338 Iesu
1422 2305 1460 2338 de
1471 2305 1555 2338 Urbe
1570 2304 1765 2346 insistentes,
1782 2315 1857 2335 tentes
1870 2317 1906 2350 *aa
1928 2317 1960 2342 pn

1021 2359 1174 2403 singulari
1196 2370 1269 2402 erga
1295 2359 1512 2392 BeatIssimam
1542 2358 1673 2391 Mariam
1702 2359 1769 2391 Vir·
1781 2346 1961 2398 ἷζῖῗὲζξῗὲἒξ.

1021 2409 1127 2451 ginem
1151 2408 1205 2441 Dei
1231 2407 1423 2441 Genitricem
1453 2408 1567 2441 affectu
1599 2407 1696 2448 ducti,
1730 2408 1865 2460 τιεὲίᾛαζξ
1882 2412 1962 2429 ⁰⁰⁰⁵⁰⁶

1021 2458 1117 2492 etiam
1142 2458 1299 2490 lectorum
1326 2462 1355 2489 et
1380 2457 1608 2500 magistrorum
1632 2467 1766 2490 suorum
1858 2454 1870 2465 ²

1021 2506 1239 2550 spiritualium
1252 2505 1527 2539 cohortationibus
1537 2506 1575 2539 ad
1589 2505 1619 2539 id
1628 2506 1765 2545 accensi,

1021 2555 1188 2589 ecclesiam
1209 2554 1474 2588 Annunciationis
1494 2555 1635 2589 eiusdem
1654 2556 1687 2588 Β.
1702 2555 1765 2588 Ma-

1021 2605 1086 2638 riae
1107 2605 1138 2638 in
1159 2614 1293 2648 corpore
1314 2604 1536 2638 aedificiorum
1562 2603 1637 2637 dicti
1666 2604 1764 2636 colle-
