2059 3228
150 248 203 274 An.
218 246 246 275 C.
266 248 334 275 1586

393 237 454 272 ets

347 300 390 333 ita
409 299 610 342 disponente,
633 307 698 330 non
717 297 889 340 imperant,
916 296 969 330 sed
995 297 1092 329 inser-

346 353 454 392 viunt3
477 352 521 384 sie
542 351 628 384 enim
653 350 774 394 Moyses
792 351 949 395 populum
966 351 1033 391 Dei,
1057 356 1092 383 ut

346 407 432 438 hunc
465 415 608 438 errorem
648 409 796 445 caveret,
834 404 1062 448 praemonebat
1081 415 1090 436 :

345 459 389 491 Ne
399 458 492 500 force,
515 458 645 491 elevatis
665 458 763 491 oculis
776 458 818 490 ad
829 458 960 497 coelum,
984 458 1091 490 videas

344 512 440 544 solem
460 515 487 544 et
507 511 621 544 lunam
647 515 676 544 el
700 511 812 544 omnia
832 515 921 544 astra
947 512 1035 551 coeli,
1062 515 1091 543 el

345 575 451 597 errore
475 565 617 607 deceptus
640 565 752 598 adores
779 575 815 598 ea
840 569 869 598 et
889 565 987 605 colas;
1012 574 1091 607 quae

345 619 465 651 creavit
484 618 642 651 Dominus
666 618 750 652 Deus
777 622 848 652 tuus
882 619 918 651 in
946 619 1092 651 1111111313-

345 673 431 704 rium
459 673 583 705 cunctis
614 673 778 716 yentibus,
814 683 892 716 quae
921 672 976 704 sub
1010 672 1091 705 coelo

344 730 431 758 sunt.
456 726 516 759 Sed
532 726 612 769 quid
628 726 740 771 sydera
759 726 943 758 mirandum
965 731 1010 759 est
1032 726 1091 758 ho-

343 778 422 811 mini
435 778 1090 821 servire‘monnenobilissimaeintelligen-

343 832 417 873 tiae,
441 832 544 875 angeli
557 832 630 876 ipsi,
644 843 756 866 omnes
768 839 841 866 sunt
856 832 1092 865 administrato-

343 885 384 918 rii
399 886 542 930 spiritus,
569 886 602 919 in
618 886 833 920 ministerium
854 886 941 919 missi
960 892 1092 929 propter

343 949 414 981 eos,
447 940 501 984 qui
536 940 765 974 haereditatem
796 939 929 984 capiunt
957 939 1091 972 salutis?

343 993 420 1026 Nam
441 994 613 1027 rationales
643 1005 716 1027 oves
741 994 785 1026 ita
812 993 915 1036 diligit
934 994 1029 1034 Deus,
1056 998 1092 1026 ut

342 1057 407 1080 non
432 1047 536 1080 solum
563 1047 746 1091 episcopos,
777 1047 1050 1090 quemadmodum
1073 1058 1091 1080 a

340 1099 374 1133 S.
405 1100 575 1133 Ambrosio
604 1101 760 1143 seriptum
781 1105 839 1138 est,
862 1100 901 1132 ad
935 1100 1089 1133 tuendum

345 1163 471 1197 gregem
491 1153 697 1194 ordinaverit,
711 1153 767 1186 sed
786 1153 881 1186 etiam
897 1154 1027 1195 angelos
1038 1154 1092 1186 de-

342 1206 516 1240 stinaverit.
548 1207 715 1240 Praeclare
745 1205 840 1239 etiam
872 1206 904 1239 S.
934 1206 1090 1250 Hierony-

341 1270 432 1293 mus:
455 1260 566 1303 Magna
587 1259 725 1303 dignitas
740 1259 933 1299 animarum,
958 1265 993 1291 ut
1012 1269 1092 1292 una-

343 1324 490 1358 quaeque
508 1314 623 1347 habeat
640 1314 679 1347 ab
699 1319 773 1347 ortu
793 1312 963 1346 nativitatis
984 1313 1016 1346 in
1037 1324 1091 1346 eu-

343 1367 478 1403 stodiam
497 1368 545 1401 sui
567 1369 717 1411 angelum
739 1368 934 1410 delegatum.
957 1367 1048 1406 Quod
1064 1366 1090 1402 si

342 1421 447 1465 angeli
467 1422 615 1455 homines
635 1422 832 1462 custodiunt,
853 1421 930 1464 quid
941 1421 1091 1454 adversus

343 1475 532 1518 angelorum
545 1475 723 1508 custodiam
735 1481 765 1507 et
782 1475 914 1507 tutelam
930 1479 1013 1507 astra
1026 1485 1091 1507 mo-

343 1528 394 1561 liri
415 1534 470 1561 aut
488 1529 614 1562 efficere
635 1533 797 1573 poterunt,
817 1538 900 1571 quae
921 1538 993 1560 cum
1016 1527 1091 1570 ipsis

344 1582 465 1624 angelis
484 1583 574 1615 nullo
595 1582 692 1615 modo
703 1581 1091 1624 sintconipa1·ansla‘?Nee

345 1645 420 1669 sane
438 1636 500 1669 hoc
514 1637 586 1669 loco
602 1635 838 1679 praetereunda
854 1641 896 1667 est
917 1635 1024 1672 eximii
1038 1635 1092 1667 Ee-

345 1689 461 1723 elesiae
491 1689 630 1723 doctoris
663 1695 694 1722 et
721 1688 896 1721 beatissimi
930 1688 1092 1721 Pontitieis

344 1743 447 1786 Magni
467 1742 611 1785 Gregorii
630 1742 799 1782 sententia,
814 1742 868 1785 qui
885 1741 1092 1774 priscilliani-

345 1802 411 1830 stas
426 1796 617 1837 haereficos,
640 1806 907 1838 unumquemque
927 1795 1091 1827 hominem

346 1850 405 1883 sub
432 1850 716 1883 constitutionibus
733 1849 895 1882 stellarum
917 1848 1005 1881 nasci
1034 1860 1092 1891 pu-

346 1909 458 1944 tantes,
471 1914 586 1948 niagno
599 1914 707 1937 rerum
720 1908 748 1936 et
764 1904 936 1937 verborum
951 1902 1075 1946 ponder
1078 1912 1093 1934 e

348 1958 501 1991 confutat.
529 1958 627 1997 Absit,
651 1957 767 2000 inquit,
787 1967 804 1989 a
824 1956 965 1989 fidelium
988 1956 1093 1988 cordi-

347 2012 418 2052 bus,
450 2017 486 2044 ut
513 2011 635 2055 aliquid
654 2022 721 2044 esse
743 2011 841 2043 satum
862 2010 982 2050 (licant,
998 2009 1094 2041 vitain

349 2065 470 2109 quippe
485 2064 654 2098 hominum
665 2064 752 2097 solus
768 2064 851 2096 hanc
867 2063 1026 2101 conditor,
1041 2062 1093 2104 qui

350 2119 476 2159 creavit,
497 2119 713 2159 administrat,
735 2128 841 2161 neque
860 2117 944 2149 enim
962 2124 1094 2160 proptir

351 2172 456 2205 stellas
472 2172 583 2212 homo,
606 2172 658 2205 sed
678 2171 787 2204 stellae
807 2170 1096 2214 propter-homines

351 2226 451 2259 sactae
471 2231 556 2266 sunt,
573 2225 640 2259 etsi
654 2226 744 2258 stella
759 2225 858 2257 satum
871 2223 1011 2256 hominis
1029 2233 1061 2256 e
1065 2234 1097 2256 se

352 2279 483 2320 dieitur,
503 2279 579 2322 ipsis
599 2279 665 2312 suis
685 2277 870 2311 ministeriis
889 2277 1017 2309 subesse
1039 2277 1097 2309 lio-

353 2343 405 2366 1110
430 2333 630 2376 perhibetur.
657 2332 784 2365 Utinam
816 2330 917 2363 insani
951 2330 1099 2363 homines

354 2387 433 2419 haee
448 2392 596 2430 saperent
616 2392 643 2419 et
667 2385 892 2439 intelligerent.
916 2394 950 2415 ac
962 2383 1014 2415 Dei
1030 2393 1098 2414 mo-

355 2434 428 2467 nitis
455 2435 715 2477 obtemperarent
735 2434 766 2466 in
788 2433 925 2466 Lexitieo
952 2432 1096 2465 dicentis

949 243 1129 268 BULLARIUM
1151 242 1303 274 ROMANUM

1132 302 1215 336 rent,
1246 295 1426 339 iisdemque
1453 296 1568 331 misere
1589 309 1621 333 se
1646 299 1749 345 decipi
1781 307 1878 346 atque

1133 348 1251 382 irretiri
1272 355 1470 393 paterentur.
1488 350 1568 384 Sunt
1579 352 1672 386 etiam
1683 355 1795 389 inanes
1806 356 1878 400 qui-

1132 402 1204 435 dam
1221 402 1369 436 homines
1390 408 1419 436 et
1439 404 1568 445 curiosi,
1590 406 1635 438 vel
1656 406 1877 452 impiietirre-

1892 238 1944 268 An.
1998 245 2007 268 A
2022 230 2023 240 ¹

1133 456 1248 499 ligiosi,
1271 457 1327 499 qui
1344 457 1526 490 futurarum
1538 463 1568 491 et
1581 460 1782 495 occultarum
1803 463 1878 496 alia-
1905 469 1913 476 ·

1132 520 1204 542 rum
1224 520 1333 542 rerum
1364 511 1510 543 notitiam
1536 511 1615 544 adeo
1649 513 1740 558 anxie
1759 515 1878 550 habere
1911 528 1916 532 ·

1132 563 1281 604 student,
1311 569 1347 596 ut
1379 563 1420 596 ob
1440 564 1552 596 eadem
1581 569 1821 608 praenoscenda
1847 574 1879 607 et

1132 616 1348 660 investiganda
1368 617 1400 650 in
1421 617 1546 651 divinae
1570 619 1649 661 legis
1668 620 1877 656 offensionem

1133 669 1356 712 multipliciter
1390 670 1569 704 incurrant.
1597 672 1656 704 Alii
1689 670 1794 706 enim'
1803 685 1879 718 geo-

1133 724 1283 764 mantiae,
1306 724 1560 768 hydmmanfiae,
1579 727 1807 769 aeromantiae,
1823 739 1878 773 py-

1133 777 1326 818 romantiae,
1361 778 1589 819 onomantiae,
1621 779 1874 823 chiromantiae‚

1134 831 1373 874 negromantiae
1389 831 1524 874 aliisque
1536 832 1706 875 sortilegiis
1721 839 1753 867 et
1767 835 1879 879 super-

1133 884 1327 925 stitionibus,
1355 895 1421 918 non
1446 885 1514 918 sine
1541 886 1735 922 daemonnm
1766 888 1877 922 saltem

1129 938 1259 971 occulta
1277 939 1430 972 societate
1451 940 1506 972 au't
1517 940 1612 972 tacita
1629 940 1786 983 pactione,
1803 952 1880 986 ope-

1131 1002 1200 1024 ram
1221 992 1306 1032 dare,
1327 1002 1382 1025 seu
1406 992 1467 1024 illis
1483 1003 1519 1025 ae
1537 992 1677 1025 sortibus
1697 993 1816 1027 illicitis
1835 999 1880 1028 ta-

1131 1045 1295 1086 xillorum,
1316 1056 1493 1088 granorum
1512 1043 1714 1079 triticeoruiii
1725 1048 1774 1080 vel
1794 1047 1880 1081 faba-

1132 1109 1204 1131 rum
1226 1099 1311 1132 iactu
1332 1099 1378 1132 uti
1395 1109 1462 1132 non
1478 1100 1710 1132 ve1·entur.Alii
1724 1111 1811 1142 vero,
1825 1097 1880 1134 ali-

1133 1163 1213 1196 quas
1232 1152 1385 1196 pristinae
1406 1157 1436 1185 et
1455 1152 1640 1196 antiquatae
1660 1164 1696 1186 ae
1719 1164 1778 1197 per
1802 1154 1881 1188 Cru-

1132 1207 1177 1239 cis
1196 1206 1360 1239 victoriam
1383 1212 1560 1250 prostratae
1582 1206 1783 1241 idololatriae
1802 1209 1879 1242 reli-

1133 1259 1224 1303 quias
1244 1259 1634 1303 retinentes,quibusdam
1645 1261 1802 1303 auguriis,
1819 1273 1878 1295 au·
1910 1268 1915 1273 ”

1131 1308 1240 1352 spieiis
1259 1308 1483 1352 similibusque
1505 1308 1602 1352 signis
1614 1315 1653 1353 ‚et
1668 1310 1757 1343 vanis
1768 1310 1878 1344 ohser-

1131 1357 1314 1390 vationibus
1349 1358 1387 1390 ad
1420 1358 1615 1390 *futurorum
1647 1358 1879 1394 divinationem

1134 1406 1385 1439 intensltint.Alii
1407 1413 1513 1439 autem
1532 1412 1617 1446 sunt,
1630 1407 1880 1450 quieummorte

1134 1456 1245 1488 loetlus
1267 1455 1388 1495 ineunt,
1401 1461 1431 1488 et
1451 1462 1580 1499 pactum
1602 1456 1724 1489 faciunt
1743 1468 1817 1490 cum
1834 1458 1882 1490 in-

1133 1506 1180 1537 sei
1184 1515 1237 1544 no,
1250 1504 1306 1548 qui
1327 1504 1474 1536 similiter
1485 1505 1523 1537 ad
1537 1505 1740 1538 occultorum
1756 1506 1880 1540 divina—

1135 1554 1264 1593 tionem,
1290 1554 1329 1586 ad
1349 1553 1558 1586 inveniendos
1578 1554 1758 1595 thesauros,
1784 1555 1831 1589 vel
1842 1556 1881 1589 ad

1133 1602 1193 1634 alii
1214 1602 1357 1634 facinora
1379 1601 1603 1644 per-petiandffi
1621 1602 1716 1634 etiam
1732 1613 1888 1647 expresse

1133 1657 1206 1684 eum
1227 1651 1355 1684 diabolo
1371 1651 1520 1694 pactione
1530 1650 1578 1683 stzu
1583 1657 1623 1691 ta,
1636 1651 1668 1683 in
1680 1651 1882 1686 manifestam

1133 1711 1265 1733 suarum
1298 1699 1474 1743 perniciem
1506 1699 1710 1740 ani-maium,
1746 1701 1884 1735 nefarias

1135 1760 1205 1792 111ιὲ1
1204 1749 1277 1782 icae
1292 1748 1622 1788 111111511161111111101165,
1631 1749 1821 1783 instrument
1827 1755 1884 1784 1θὶ

1135 1798 1288 1831 xenesseia
1308 1798 1472 1837 adhihent,
1495 1797 1635 1830 circulos
1655 1803 1685 1830 et
1704 1798 1880 1833 diabolicos

1135 1848 1335 1880 characteres
1343 1841 1540 1886 describunt,
1549 1847 1882 1881 daemones-invocant
1895 1872 1901 1878 .

1135 1903 1189 1930 aut
1221 1897 1405 1936 consulunt,
1440 1896 1479 1928 ab
1513 1895 1558 1928 eis
1586 1906 1739 1940 responsa
1767 1903 1884 1941 petunt

1136 1952 1187 1979 aut
1215 1945 1396 1989 accipiunt,
1423 1945 1469 1978 eis
1497 1955 1608 1988 preces
1639 1951 1669 1978 et
1694 1945 1799 1979 thuris
1830 1951 1908 1979 aut⁴

1136 1995 1272 2027 aliarum
1298 2004 1405 2026 rerum
1427 1994 1610 2026 suffimenta
1629 2005 1686 2027 seu
1705 1995 1886 2038 fumigatio-

1137 2054 1193 2076 nes
1209 2043 1308 2076 aliave
1329 2043 1486 2075 sacrificia
1501 2042 1652 2083 offerunt,
1668 2044 1818 2077 candelas
1828 2055 1882 2077 ae-

1138 2093 1291 2131 cendunt,
1314 2097 1367 2124 aut
1388 2092 1484 2125 rebus
1504 2092 1602 2124 sacris
1622 2092 1668 2124 vel
1699 2102 1884 2125 sacramen—

1138 2142 1176 2173 ti
1197 2147 1249 2174 aut
1271 2140 1557 2174 sacramentalibus
1573 2141 1727 2183 sacrilege
1746 2141 1886 2174 abutun-

1139 2196 1202 2229 tur,
1229 2189 1436 2229 adorationis,
1459 2188 1691 2231 genuflexionis
1714 2195 1769 2222 aut
1785 2200 1885 2232 quae-

1141 2240 1184 2271 xis
1205 2239 1266 2272 alia
1287 2237 1886 2282 impietatisolisequiapraestant,cul-

1142 2295 1207 2321 111111
1219 2287 1494 2320 venerationemre
1506 2287 1690 2326 111111111111ς·1
1707 2294 1762 2320 aut
1774 2298 1903 2332 parvas

1142 2338 1264 2380 phialas
1295 2336 1354 2368 sihi
1380 2335 1534 2368 fabris-ant
1564 2341 1615 2368 aut
1652 2335 1799 2368 l'ahiieari
1824 2345 1882 2369 eu·

1142 2398 1163 2418 r.
1160 2393 1224 2425 ’1111,
1246 2386 1284 2418 ad
1315 2385 1488 2418 daemones
1508 2385 1541 2417 in
1565 2385 1611 2417 eis
1634 2384 1811 2428 alligandos
1828 2395 1886 2418 seu
1932 2390 1934 2392 '

1138 2434 1364 2474 includendos,
1388 2439 1419 2466 111
1444 2438 1566 2475 putant,
1597 2433 1635 2465 «id
1661 2443 1814 2476 responsa
1846 2432 1886 2466 ab

356 2483 425 2515 Non
453 2483 618 2515 declimate
637 2484 679 2515 (ul
697 2493 817 2526 incuso-‚c
842 2492 898 2514 mc
923 2481 961 2513 ab
989 2481 1101 2513 avidis
1141 2486 1189 2533 ip:
1195 2484 1219 2516 is
1239 2484 1312 2517 inde
1332 2483 1467 2527 petenda
1489 2482 1708 2515 antliabenda.
1724 2482 1887 2526 Aliiprae-

356 2531 1025 2575 altqitrd<‹1sczttiniizzutpolluaminipei
1037 2541 1098 2562 eum

357 2580 466 2624 Neque
487 2581 572 2613 enim
589 2591 670 2624 qnae
686 2579 793 2613 chtisti
798 2590 857 2612 ma
869 2585 899 2612 et
915 2590 987 2612 iera
1000 2578 1063 2623 piet
1070 2589 1102 2611 as

359 2629 486 2674 repellit
505 2640 543 2663 ae
562 2629 692 2663 damnat
707 2633 796 2662 tanto
815 2627 920 2662 studio
934 2627 1101 2670 investiga-

1145 2539 1230 2565 terei
1259 2532 1353 2565 etiam
1388 2531 1421 2563 in
1450 2530 1640 2574 corporibus
1673 2529 1808 2563 obsessis
1837 2530 1886 2563 vel

1180 2596 1189 2622 1
1209 2593 1330 2622 Cherub
1347 2594 1403 2621 Aut
1418 2593 1552 2620 (tizitulum
1566 2592 1606 2620 tel
1618 2592 1885 2631 speculumgautetc.

1144 2636 1174 2669 (n
1200 2636 1238 2668 T.)
