2059 3228
809 237 986 262 onncomns
1004 238 1061 263 xm
1083 238 1131 263 PP.
1629 234 1695 269 403

199 298 230 328 et
247 292 459 331 declaramus3
481 295 510 324 et
531 296 689 334 quatenus
707 291 797 324 alteri
815 292 946 335 provin·
989 297 1108 325 statuta
1128 294 1354 336 cognoscendi,
1377 295 1549 339 omniaque
1558 295 1619 330 alia
1631 302 1662 331 et
1677 297 1741 331 sin-

197 346 266 382 ciac
285 345 578 389 archiepiscopove,
600 345 695 378 etiam
721 345 946 379 Mediolanensi
988 346 1076 387 gula,
1099 357 1182 389 quac
1202 348 1240 381 de
1261 348 1329 381 iure
1355 350 1401 383 vel
1432 351 1666 385 consuetudine
1684 357 1741 386 aut

196 404 227 434 et
245 398 489 437 Ravennatensi,
511 404 575 431 tam
597 399 729 443 antiquo
754 399 835 439 iure,
868 409 946 432 con-
987 398 1066 431 alias
1087 401 1329 442 quomodolibet
1348 403 1385 435 ad
1420 404 1679 450 archiepiscopos
1708 410 1739 440 ct

195 452 377 492 suetudine,
406 452 581 495 privilegio,
606 453 653 485 vel
674 452 805 485 alterius
826 457 944 485 metro·
987 452 1261 497 archiepiscopale
1283 467 1402 489 munus
1422 463 1566 501 spectare
1586 463 1617 492 et
1635 460 1735 503 perti-

193 505 279 551 ·polis
298 506 458 539 erectione
471 505 533 539 sive
544 506 751 545 institutione,
764 516 861 548 quam
873 506 943 539 iure
984 514 1060 538 nere
1073 506 1176 540 solent
1187 512 1218 540 ct
1230 508 1357 549 debent,
1375 511 1507 553 gerendi
1521 516 1551 544 et
1564 513 1734 547 exercendi

194 558 360 594 electionis
376 568 413 593 ex
432 559 513 593 sacri
535 558 662 592 concilii
694 558 869 592 Tiidcntini
889 559 944 592 de-
983 558 1111 601 plenam
1132 564 1163 593 et
1178 561 1397 595 omnimodam
1410 565 1619 599 concedimus
1635 566 1734 600 sacul-

185 617 282 646 creto
302 612 415 653 factae,
445 613 492 646 vel
527 612 587 645 alia
617 612 726 656 quavis
759 612 881 645 ratione
912 617 943 644 et
983 617 1090 645 tatem.
1113 613 1300 648 Piovinciae
1320 626 1449 659 quoque
1465 618 1732 653 Bononiensicle-

192 675 289 699 causa
320 671 413 699 antea
441 665 609 700 adiunctae
647 665 884 709 subiectaeque,
909 666 939 699 in
982 676 1053 698 runi
1075 672 1105 699 ct
1124 668 1281 711 populum
1303 669 1487 703 universum
1509 683 1568 715 pre
1599 682 1730 707 eorum-

189 722 256 752 toto
293 724 349 752 aut
389 719 423 752 in
460 724 563 763 paite,
601 722 706 752 essent
742 719 789 751 vel
829 730 939 753 censo·
980 718 1052 751 dem
1074 720 1227 754 eeclesiae
1247 727 1277 754 et
1297 732 1325 754 a·
1326 722 1405 755 ‘Jehit
1409 724 1530 768 piscopi
1550 726 1730 760 Bononien-

189 777 316 814 rentur,
360 773 423 807 sive
460 773 494 805 in
532 772 617 805 illius
654 773 854 816 possessione
891 774 938 806 vel
979 772 1021 805 sis
1042 774 1291 815 provincialibus
1311 775 1458 809 similiter
1478 784 1633 823 perpetuo
1654 790 1730 814 con-

46 227 106 265 sss.
118 221 187 268 {582
1751 247 1804 276 An.
1820 246 1852 276 c.
1868 246 1936 277 τευ

187 826 280 871 quasi
299 837 332 860 se
352 837 421 860 esse
440 826 698 872 praetenderent,
721 826 760 859 ab
781 827 868 860 omni
898 827 937 859 il-

187 879 249 912 lius
273 879 336 914 sive
356 880 486 914 alterius
505 879 689 924 provinciae
708 880 756 913 vel
775 881 936 924 archiepi-

186 933 287 977 scopi,
299 933 394 967 etiam
407 933 651 967 Mediolanensis
668 938 699 966 et
718 933 936 967 Ravennatcn-

185 986 228 1020 sis
238 992 294 1019 aut
303 986 434 1020 illorum
446 987 677 1031 capitulorum,
687 986 758 1020 iure
770 993 933 1031 metropo-

184 1039 288 1081 litico,
304 1040 514 1081 correctione,
529 1040 720 1082 visitatione,
734 1041 932 1074 subiectione

183 1098 214 1127 et
237 1093 326 1127 omni
359 1104 565 1138 quacumque
598 1094 660 1126 alia
696 1094 929 1133 iurisdictione,

182 1146 364 1181 obedientia
383 1152 413 1180 et
432 1147 669 1191 superioritate,
691 1147 715 1180 si
737 1159 800 1191 qua
826 1150 931 1181 forsan

181 1200 292 1244 quavis
307 1201 477 1234 occasione
488 1200 552 1234 illis
563 1206 761 1245 competeret
772 1202 834 1234 sive
844 1213 930 1236 eom-

180 1258 277 1297 petat,
302 1253 450 1287 similiter
473 1258 631 1298 perpetuo
651 1254 820 1287 eximimus
840 1261 871 1288 et
890 1256 929 1288 li-

179 1305 343 1341 beramus.

222 1360 237 1404 §
257 1360 287 1394 5.
309 1360 441 1394 Necnon
456 1359 560 1394 dictae
570 1361 766 1395 Bononiensi
776 1362 928 1396 ecclesiae

178 1413 358 1458 praedictas
376 1414 606 1455 placentinam,
628 1407 847 1458 parmensem,
869 1417 928 1450 Re

153 1469 331 1513 g-iensem,
365 1469 588 1511 Mutinensem,
620 1470 824 1510 Imolensem,
855 1471 929 1505 Cer-

157 1520 317 1556 viensem
334 1528 365 1557 et
379 1522 583 1557 Cremensem
600 1522 740 1556 civitates
756 1528 786 1556 et
801 1524 928 1558 dioec-e-

176 1587 226 1610 ses
248 1587 309 1621 pro
340 1587 398 1610 sua
426 1576 673 1620 metropolitana
693 1571 926 1621 provinciafac.

174 1630 404 1672 placentinam,
419 1630 638 1671 Parmensem,
649 1630 848 1673 Regiensem‚
857 1631 925 1664 Mu-

174 1682 558 1725 tinensem,Imolensem,
574 1683 773 1717 Cerviensem
795 1689 825 1717 et
849 1684 924 1719 Cre-

175 1747 317 1771 mensem
324 1737 476 1771 ecclesias
483 1737 641 1781 praefatas
649 1738 886 1781 modernosque
895 1744 926 1772 et

173 1800 234 1835 pro
245 1796 391 1835 tempore
406 1791 573 1824 existentes
582 1791 712 1824 illarum
724 1791 923 1834 singularum

174 1844 349 1888 praesules,
371 1854 430 1889 pro
457 1844 523 1877 suis
552 1850 582 1877 et
609 1855 668 1888 pro
695 1849 838 1888 tempore
859 1845 923 1878 exi-

173 1896 284 1931 stentis
302 1896 540 1941 archiepiscopi
569 1898 781 1931 Bononiensis
808 1898 923 1932 suffra-

172 1950 294 1995 ganeis,
306 1954 362 1995 qui
380 1961 508 1984 necnon
524 1961 635 1984 earum
649 1950 847 1994 singularum
869 1963 923 1985 ca-

172 2003 286 2048 pitula,
307 2003 403 2037 etiam
433 2013 640 2049 quocumque
670 2004 835 2048 privilegio
860 2006 924 2038 suf-

172 2057 263 2099 fulta,
285 2062 447 2101 tamquam
468 2058 613 2091 membra
627 2057 736 2101 capiti,
755 2058 857 2092 eidem
874 2070 921 2092 ar-

173 2110 378 2156 chiepiscopo
386 2109 580 2145 Bononiensi
596 2111 666 2144 iure
686 2112 922 2156 metropolitico

172 2163 308 2206 subsint,
329 2164 455 2208 sibique
474 2164 689 2198 obedientiam
714 2169 745 2197 et
771 2175 921 2198 reveren—

172 2217 251 2250 tiam
285 2222 449 2262 tamquam
498 2217 631 2261 proprio
671 2218 920 2261 metropolitano

172 2281 306 2315 prorsus
324 2272 503 2312 exhibeant,
530 2272 649 2316 pariter
669 2278 825 2315 perpetuo
845 2274 921 2306 sub-

172 2323 320 2366 iicimus3
347 2325 516 2369 eidemque
545 2325 789 2369 archiepiscopo
816 2327 921 2360 Bono-

172 2377 275 2411 niensi
294 2378 475 2422 praedictos
494 2389 568 2412 suos
592 2379 809 2422 suffraganeos
843 2390 920 2413 con-

172 2430 332 2472 secrandi,
344 2431 382 2463 ad
393 2430 606 2474 provinciales
617 2432 753 2475 synodos
768 2434 920 2466 evocandi

172 2489 210 2513 ac
229 2490 301 2513 eum
324 2481 368 2512 ais
379 2480 472 2512 etiam
485 2479 699 2513 ecclesiastica
709 2481 842 2524 negocia
858 2487 921 2515 ter-

173 2528 328 2568 minandi,
351 2538 464 2562 eorum
485 2528 636 2562 ecclesias
657 2529 861 2572 disponendi,
890 2536 920 2564 et

173 2587 285 2610 causas
295 2588 576 2622 quarumcumque
587 2578 840 2621 appellationum
856 2579 919 2613 sive

123 2638 127 2642 ·
173 2625 321 2671 querelas
339 2625 416 2659 alias
440 2626 525 2659 iuxta
559 2636 724 2660 sacrorum
758 2636 918 2662 canonum

979 826 1122 860 cedimus
1142 833 1171 860 et
1191 828 1401 871 assignamus.

1020 880 1087 922 ξῧ.
1116 881 1329 916 Decerncntes
1358 894 1395 916 ex
1424 894 1511 918 nunc
1539 885 1664 921 irritum
1697 894 1727 922 ct

976 932 1080 974 inane,
1102 935 1127 967 si
1148 946 1239 969 secus
1249 947 1347 980 super
1366 937 1441 970 bisa
1454 949 1631 983 quoquam,
1648 953 1726 986 qua-

975 986 1018 1019 vis
1051 989 1251 1030 auctoritate,
1282 990 1419 1024 scienter
1450 992 1498 1025 vel
1520 993 1722 1037 ignoranter,

974 1040 1144 1082 contigerit
1163 1043 1323 1076 attentari.

1016 1093 1030 1135 ἓ
1052 1093 1082 1126 7.
1104 1094 1173 1127 Non
1194 1096 1395 1130 obstantibus
1421 1099 1531 1141 regula
1551 1104 1660 1135 nostra
1684 1102 1723 1135 de

971 1145 1042 1179 iure
1062 1149 1207 1191 quaesito
1228 1161 1292 1183 non
1312 1152 1468 1193 tollendo,
1495 1164 1531 1186 ac
1560 1154 1721 1198 quibusvis

970 1199 1040 1232 aliis
1060 1202 1342 1237 constitutionibus
1362 1211 1393 1239 et
1412 1207 1669 1243 ordinationibus
1688 1222 1721 1243 a-

971 1254 1145 1296 postolicis,
1157 1266 1283 1290 necnon
1297 1258 1511 1303 Placentinae,
1527 1261 1720 1305 Parmensis,

969 1306 1166 1349 Mutinensis,
1188 1310 1364 1354 Regiensis,
1382 1313 1569 1356 Cerviensis,
1582 1317 1719 1351 Imolen-

969 1359 1021 1401 sis,
1044 1360 1224 1396 Cremensis
1244 1375 1280 1398 ac
1300 1365 1550 1402 Ravennatensis
1561 1369 1720 1404 ctMedio-

969 1413 1107 1448 lanensis
1126 1417 1279 1451 ecclesiai
1282 1430 1337 1453 um
1358 1421 1608 1464 praedictarum,
1630 1424 1718 1457 iura-

968 1472 1088 1509 me,nto
1111 1470 1354 1505 confiimuione
1375 1475 1550 1517 apostoliea
1569 1477 1617 1510 vel
1642 1489 1719 1522 qua-

967 1520 1012 1552 vis
1031 1521 1181 1556 firmitate
1201 1524 1263 1557 alia
1278 1526 1375 1559 lohel
1377 1534 1446 1569 ‘uis
1470 1530 1718 1565 statutiseteon-

966 1575 1206 1617 suetudinibus;
1228 1578 1402 1623 plivilegiis
1422 1592 1563 1625 quoque,
1586 1583 1717 1619 indultis

966 1632 996 1659 et
1015 1627 1129 1663 litteris
1148 1632 1331 1674 apostolicis
1344 1633 1464 1666 eisdem
1482 1636 1626 1669 ecclesiis
1646 1637 1715 1670 illa-

966 1692 1103 1726 rumque
1123 1685 1326 1728 praesulibus
1346 1693 1376 1719 et
1405 1688 1715 1724 ailministratoribus

965 1744 1002 1767 ac
1021 1736 1170 1779 capitulis
1190 1743 1221 1771 et
1239 1739 1396 1782 personis,
1419 1741 1477 1773 sub
1503 1743 1713 1785 quibuscum-

965 1795 1028 1830 que
1046 1790 1214 1824 tenoribus
1238 1797 1268 1825 et
1287 1793 1409 1834 formis,
1432 1805 1469 1828 ac
1489 1806 1563 1829 cum
1583 1798 1714 1840 quibus-

963 1841 1025 1882 vis,
1059 1842 1153 1876 etiam
1191 1845 1466 1889 derogatoriarum
1505 1849 1713 1893 ‹lerogatoriis

964 1894 1099 1939 aliisque
1109 1897 1345 1932 efficacioribus
1355 1906 1385 1933 et
1396 1901 1540 1940 insolitis,
1550 1903 1711 1945 clausulis,

964 1958 1091 1982 necnon
1111 1950 1311 1985 irritantibus
1331 1958 1362 1986 et
1377 1954 1603 1997 aliisdecretis,
1617 1957 1711 1990 etiam

964 2006 1052 2034 motu
1072 2004 1205 2047 proprio
1225 2011 1255 2037 et
1276 2016 1313 2037 ex
1333 2011 1418 2039 certa
1438 2008 1581 2049 scientia,
1607 2020 1644 2043 ae
1673 2011 1711 2045 (le

963 2054 1059 2087 simili
1083 2058 1277 2099 apostolieae
1305 2060 1467 2102 potestatis
1496 2061 1708 2105 plenitudine,

963 2114 993 2141 et
1013 2110 1287 2149 consistorialiter,
1301 2112 1394 2145 etiam
1413 2113 1451 2147 de
1463 2114 1557 2147 simili
1577 2117 1710 2151 consilio

962 2172 999 2194 ae
1019 2162 1097 2196 alias
1109 2165 1362 2207 quomodolibet,
1379 2166 1472 2199 etiam
1485 2169 1618 2211 pluries,
1632 2181 1709 2204 con-

962 2216 1069 2257 cessis,
1105 2218 1303 2252 confirmatis
1332 2214 1361 2252 et
1388 2219 1561 2263 innovatis3
1592 2223 1709 2266 quibus

962 2270 1111 2303 omnibus
1131 2277 1162 2303 ct
1182 2272 1327 2315 singulis,
1351 2274 1485 2314 etiamsi,
1508 2286 1566 2318 pro
1579 2277 1708 2312 illorum

961 2323 1130 2356 sufficienti
1151 2324 1368 2367 derogatione,
1389 2327 1427 2359 de
1448 2328 1509 2361 illis
1529 2339 1708 2375 eorumque

960 2375 1033 2409 totis
1041 2378 1205 2410 tenoribus
1216 2379 1376 2422 specialis,
1388 2381 1550 2424 specifica,
1560 2394 1707 2427 expressa

960 2435 990 2462 ct
1018 2430 1192 2471 individua,
1229 2442 1292 2465 non
1322 2439 1429 2466 autem
1460 2446 1518 2479 per
1546 2437 1707 2471 clausulas

960 2480 1124 2521 generales
1144 2480 1227 2512 idem
1249 2481 1468 2524 importantes,
1503 2486 1623 2519 mentio
1650 2498 1705 2521 seu

959 2529 1087 2571 quaevis
1106 2529 1169 2561 alia
1185 2531 1346 2573 expressio
1370 2532 1517 2566 habenda
1537 2533 1629 2576 soret,
1658 2543 1705 2570 te-

958 2587 1053 2611 nores
1065 2579 1262 2620 huiusmodi,
1273 2591 1310 2613 ac
1321 2581 1346 2613 si
1358 2582 1397 2615 de
1403 2583 1498 2616 verbo
1510 2585 1549 2617 ad
1557 2586 1702 2626 verbum,

958 2627 1038 2660 nibil
1064 2629 1191 2671 penitus
1224 2630 1352 2672 omisso,
1386 2633 1643 2675 exprimerentur
1674 2642 1704 2669 ct

1766 899 1876 926 Decretum
1891 904 1923 926 lr-

1740 933 1814 954 ritans.

1763 1111 1873 1134 Clausulas
1883 1111 1920 1135 de:

1736 1145 1864 1171 rogatense-
