<?xml version="1.0" encoding="UTF-8"?>
<!DOCTYPE html PUBLIC "-//W3C//DTD XHTML 1.0 Transitional//EN"
    "http://www.w3.org/TR/xhtml1/DTD/xhtml1-transitional.dtd">
<html xmlns="http://www.w3.org/1999/xhtml" xml:lang="en" lang="en">
 <head>
  <title>
</title>
<meta http-equiv="Content-Type" content="text/html;charset=utf-8" />
  <meta name='ocr-system' content='tesseract 3.04.00' />
  <meta name='ocr-capabilities' content='ocr_page ocr_carea ocr_par ocr_line ocrx_word'/>
</head>
<body>
  <div class='ocr_page' id='page_1' title='image "./bullarumdiplomat08cath_0708.png"; bbox 0 0 2059 3228; ppageno 0'>
   <div class='ocr_carea' id='block_1_1' title="bbox 118 213 1071 2537">
    <p class='ocr_par' dir='ltr' id='par_1_1' title="bbox 118 213 1071 2455">
     <span class='ocr_line' id='line_1_1' title="bbox 364 213 428 248; baseline -0.031 0"><span class='ocrx_word' id='word_1_1' title='bbox 364 213 428 248; x_wconf 70' lang='lat'>692</span> 
     </span>
     <span class='ocr_line' id='line_1_2' title="bbox 323 268 1068 319; baseline -0.009 -11"><span class='ocrx_word' id='word_1_2' title='bbox 323 286 382 319; x_wconf 90' lang='lat' dir='ltr'>pro</span> <span class='ocrx_word' id='word_1_3' title='bbox 407 275 510 307; x_wconf 88' lang='lat' dir='ltr'>litium</span> <span class='ocrx_word' id='word_1_4' title='bbox 535 278 566 305; x_wconf 92' lang='lat' dir='ltr'>et</span> <span class='ocrx_word' id='word_1_5' title='bbox 593 269 886 305; x_wconf 77' lang='lat' dir='ltr'>controversiarum</span> <span class='ocrx_word' id='word_1_6' title='bbox 911 268 996 302; x_wconf 90' lang='lat' dir='ltr'>inter</span> <span class='ocrx_word' id='word_1_7' title='bbox 1013 278 1068 313; x_wconf 93' lang='lat' dir='ltr'>po-</span> 
     </span>
     <span class='ocr_line' id='line_1_3' title="bbox 320 322 1068 372; baseline -0.005 -12"><span class='ocrx_word' id='word_1_8' title='bbox 320 328 414 372; x_wconf 87' lang='lat' dir='ltr'>pulos</span> <span class='ocrx_word' id='word_1_9' title='bbox 433 336 507 360; x_wconf 89' lang='lat' dir='ltr'>suos</span> <span class='ocrx_word' id='word_1_10' title='bbox 530 325 705 368; x_wconf 75' lang='lat' dir='ltr'>vigentium</span> <span class='ocrx_word' id='word_1_11' title='bbox 722 322 953 367; x_wconf 82' lang='lat' dir='ltr'>compositione</span> <span class='ocrx_word' id='word_1_12' title='bbox 964 328 995 357; x_wconf 89' lang='lat' dir='ltr'>et</span> <span class='ocrx_word' id='word_1_13' title='bbox 1005 327 1068 356; x_wconf 88' lang='lat' dir='ltr'>ter-</span> 
     </span>
     <span class='ocr_line' id='line_1_4' title="bbox 324 375 1066 422; baseline -0.005 -10"><span class='ocrx_word' id='word_1_14' title='bbox 324 379 508 419; x_wconf 78' lang='lat' dir='ltr'>minatione,</span> <span class='ocrx_word' id='word_1_15' title='bbox 522 389 559 412; x_wconf 78' lang='lat' dir='ltr'>ex</span> <span class='ocrx_word' id='word_1_16' title='bbox 570 378 640 411; x_wconf 89' lang='lat' dir='ltr'>eius</span> <span class='ocrx_word' id='word_1_17' title='bbox 651 377 781 422; x_wconf 85' lang='lat' dir='ltr'>speciali</span> <span class='ocrx_word' id='word_1_18' title='bbox 793 377 943 410; x_wconf 89' lang='lat' dir='ltr'>mandato</span> <span class='ocrx_word' id='word_1_19' title='bbox 959 375 1066 420; x_wconf 83' lang='lat' dir='ltr'>provi-</span> 
     </span>
     <span class='ocr_line' id='line_1_5' title="bbox 321 429 1066 475; baseline -0.005 -9"><span class='ocrx_word' id='word_1_20' title='bbox 321 434 358 466; x_wconf 82' lang='lat' dir='ltr'>de</span> <span class='ocrx_word' id='word_1_21' title='bbox 369 438 455 475; x_wconf 71' lang='lat' dir='ltr'>gesta</span> <span class='ocrx_word' id='word_1_22' title='bbox 470 432 613 470; x_wconf 87' lang='lat' dir='ltr'>fuerunt,</span> <span class='ocrx_word' id='word_1_23' title='bbox 624 435 857 474; x_wconf 86' lang='lat' dir='ltr'>utperpetuam</span> <span class='ocrx_word' id='word_1_24' title='bbox 870 429 997 463; x_wconf 89' lang='lat' dir='ltr'>roboris</span> <span class='ocrx_word' id='word_1_25' title='bbox 1010 429 1066 461; x_wconf 87' lang='lat' dir='ltr'>fir-</span> 
     </span>
     <span class='ocr_line' id='line_1_6' title="bbox 321 482 1067 526; baseline -0.005 -8"><span class='ocrx_word' id='word_1_26' title='bbox 321 486 462 518; x_wconf 83' lang='lat' dir='ltr'>mitatem</span> <span class='ocrx_word' id='word_1_27' title='bbox 496 484 671 524; x_wconf 88' lang='lat' dir='ltr'>obtineant,</span> <span class='ocrx_word' id='word_1_28' title='bbox 700 484 795 517; x_wconf 86' lang='lat' dir='ltr'>etiam</span> <span class='ocrx_word' id='word_1_29' title='bbox 820 493 896 516; x_wconf 89' lang='lat' dir='ltr'>suae</span> <span class='ocrx_word' id='word_1_30' title='bbox 920 482 1067 526; x_wconf 85' lang='lat' dir='ltr'>specialis</span> 
     </span>
     <span class='ocr_line' id='line_1_7' title="bbox 319 535 1066 581; baseline -0.003 -11"><span class='ocrx_word' id='word_1_31' title='bbox 319 537 573 571; x_wconf 87' lang='lat' dir='ltr'>confirmationis</span> <span class='ocrx_word' id='word_1_32' title='bbox 592 536 790 581; x_wconf 81' lang='lat' dir='ltr'>praesidium</span> <span class='ocrx_word' id='word_1_33' title='bbox 810 536 962 576; x_wconf 88' lang='lat' dir='ltr'>adiicere,</span> <span class='ocrx_word' id='word_1_34' title='bbox 975 535 1066 568; x_wconf 88' lang='lat' dir='ltr'>alias-</span> 
     </span>
     <span class='ocr_line' id='line_1_8' title="bbox 319 589 1065 635; baseline -0.003 -12"><span class='ocrx_word' id='word_1_35' title='bbox 319 602 382 634; x_wconf 91' lang='lat' dir='ltr'>que</span> <span class='ocrx_word' id='word_1_36' title='bbox 406 592 545 634; x_wconf 76' lang='lat' dir='ltr'>desuper</span> <span class='ocrx_word' id='word_1_37' title='bbox 557 590 739 635; x_wconf 82' lang='lat' dir='ltr'>providere,</span> <span class='ocrx_word' id='word_1_38' title='bbox 753 595 851 634; x_wconf 90' lang='lat' dir='ltr'>prout</span> <span class='ocrx_word' id='word_1_39' title='bbox 863 589 1065 622; x_wconf 89' lang='lat' dir='ltr'>subditorum</span> 
     </span>
     <span class='ocr_line' id='line_1_9' title="bbox 318 641 1066 687; baseline -0.003 -10"><span class='ocrx_word' id='word_1_40' title='bbox 318 655 450 677; x_wconf 89' lang='lat' dir='ltr'>suorum</span> <span class='ocrx_word' id='word_1_41' title='bbox 469 643 601 677; x_wconf 79' lang='lat' dir='ltr'>utilitati</span> <span class='ocrx_word' id='word_1_42' title='bbox 618 649 649 677; x_wconf 90' lang='lat' dir='ltr'>et</span> <span class='ocrx_word' id='word_1_43' title='bbox 668 643 838 677; x_wconf 88' lang='lat' dir='ltr'>commodo</span> <span class='ocrx_word' id='word_1_44' title='bbox 859 642 1019 687; x_wconf 78' lang='lat' dir='ltr'>conspicit</span> <span class='ocrx_word' id='word_1_45' title='bbox 1033 641 1066 674; x_wconf 90' lang='lat' dir='ltr'>in</span> 
     </span>
     <span class='ocr_line' id='line_1_10' title="bbox 316 697 640 741; baseline 0 -11"><span class='ocrx_word' id='word_1_46' title='bbox 316 697 453 730; x_wconf 89' lang='lat' dir='ltr'>Domino</span> <span class='ocrx_word' id='word_1_47' title='bbox 478 697 640 741; x_wconf 81' lang='lat' dir='ltr'>expedire.</span> 
     </span>
     <span class='ocr_line' id='line_1_11' title="bbox 361 749 1067 794; baseline -0.003 -10"><span class='ocrx_word' id='word_1_48' title='bbox 361 751 376 794; x_wconf 62' lang='grc' dir='ltr'><strong>ἓ</strong></span> <span class='ocrx_word' id='word_1_49' title='bbox 399 751 431 784; x_wconf 80' lang='lat' dir='ltr'>t.</span> <span class='ocrx_word' id='word_1_50' title='bbox 458 751 585 784; x_wconf 90' lang='lat' dir='ltr'>Dudum</span> <span class='ocrx_word' id='word_1_51' title='bbox 607 750 780 794; x_wconf 89' lang='lat' dir='ltr'>siquidem,</span> <span class='ocrx_word' id='word_1_52' title='bbox 801 760 875 782; x_wconf 88' lang='lat' dir='ltr'>cum</span> <span class='ocrx_word' id='word_1_53' title='bbox 891 749 1067 793; x_wconf 88' lang='lat' dir='ltr'>accepisse-</span> 
     </span>
     <span class='ocr_line' id='line_1_12' title="bbox 132 803 1067 839; baseline -0.002 -1"><span class='ocrx_word' id='word_1_54' title='bbox 132 818 302 839; x_wconf 73' lang='lat' dir='ltr'>cumnonnutne</span> <span class='ocrx_word' id='word_1_55' title='bbox 318 815 389 838; x_wconf 91' lang='lat' dir='ltr'>mus</span> <span class='ocrx_word' id='word_1_56' title='bbox 409 804 492 838; x_wconf 89' lang='lat' dir='ltr'>inter</span> <span class='ocrx_word' id='word_1_57' title='bbox 511 804 644 838; x_wconf 90' lang='lat' dir='ltr'>dilectos</span> <span class='ocrx_word' id='word_1_58' title='bbox 663 803 746 837; x_wconf 88' lang='lat' dir='ltr'>filios</span> <span class='ocrx_word' id='word_1_59' title='bbox 767 803 1013 837; x_wconf 81' lang='lat' dir='ltr'>communitates</span> <span class='ocrx_word' id='word_1_60' title='bbox 1036 807 1067 836; x_wconf 89' lang='lat' dir='ltr'>et</span> 
     </span>
     <span class='ocr_line' id='line_1_13' title="bbox 120 850 1062 901; baseline -0.001 -10"><span class='ocrx_word' id='word_1_61' title='bbox 120 850 303 901; x_wconf 52' lang='lat' dir='ltr'>{gffiafing&#39;reuhdfj</span> <span class='ocrx_word' id='word_1_62' title='bbox 317 857 465 891; x_wconf 87' lang='lat' dir='ltr'>homines</span> <span class='ocrx_word' id='word_1_63' title='bbox 484 857 649 891; x_wconf 86' lang='lat' dir='ltr'>civitatum</span> <span class='ocrx_word' id='word_1_64' title='bbox 673 862 857 890; x_wconf 86' lang='lat' dir='ltr'>nostrarum</span> <span class='ocrx_word' id='word_1_65' title='bbox 876 856 1062 895; x_wconf 81' lang='lat' dir='ltr'>Perusinae,</span> 
     </span>
     <span class='ocr_line' id='line_1_14' title="bbox 118 910 1064 963; baseline -0.003 -18"><span class='ocrx_word' id='word_1_66' title='bbox 118 912 304 963; x_wconf 51' lang='lat' dir='ltr'><strong>jffiffi‘e’giwmfflfl·</strong></span> <span class='ocrx_word' id='word_1_67' title='bbox 316 912 535 945; x_wconf 84' lang='lat' dir='ltr'>Urbcvetanae</span> <span class='ocrx_word' id='word_1_68' title='bbox 569 916 601 944; x_wconf 91' lang='lat' dir='ltr'>et</span> <span class='ocrx_word' id='word_1_69' title='bbox 632 910 827 944; x_wconf 87' lang='lat' dir='ltr'>Tudertinae</span> <span class='ocrx_word' id='word_1_70' title='bbox 860 910 1064 954; x_wconf 88' lang='lat' dir='ltr'>quampluri-</span> 
     </span>
     <span class='ocr_line' id='line_1_15' title="bbox 197 958 1066 1003; baseline -0.003 -5"><span class='ocrx_word' id='word_1_71' title='bbox 197 958 204 968; x_wconf 84' lang='lat'>&#39;</span> <span class='ocrx_word' id='word_1_72' title='bbox 317 975 384 998; x_wconf 85' lang='lat' dir='ltr'>mas</span> <span class='ocrx_word' id='word_1_73' title='bbox 403 965 476 998; x_wconf 93' lang='lat' dir='ltr'>lites</span> <span class='ocrx_word' id='word_1_74' title='bbox 495 970 526 998; x_wconf 90' lang='lat' dir='ltr'>et</span> <span class='ocrx_word' id='word_1_75' title='bbox 551 963 783 998; x_wconf 76' lang='lat' dir='ltr'>controversias</span> <span class='ocrx_word' id='word_1_76' title='bbox 796 990 803 1003; x_wconf 94' lang='lat'>,</span> <span class='ocrx_word' id='word_1_77' title='bbox 823 963 947 996; x_wconf 87' lang='lat' dir='ltr'>ratione</span> <span class='ocrx_word' id='word_1_78' title='bbox 967 962 1066 996; x_wconf 89' lang='lat' dir='ltr'>confi-</span> 
     </span>
     <span class='ocr_line' id='line_1_16' title="bbox 316 1016 1064 1059; baseline -0.004 -8"><span class='ocrx_word' id='word_1_79' title='bbox 316 1018 407 1052; x_wconf 89' lang='lat' dir='ltr'>nium</span> <span class='ocrx_word' id='word_1_80' title='bbox 448 1018 635 1051; x_wconf 80' lang='lat' dir='ltr'>earumdem</span> <span class='ocrx_word' id='word_1_81' title='bbox 671 1017 833 1050; x_wconf 84' lang='lat' dir='ltr'>civitatum</span> <span class='ocrx_word' id='word_1_82' title='bbox 868 1016 1064 1059; x_wconf 88' lang='lat' dir='ltr'>illarumque</span> 
     </span>
     <span class='ocr_line' id='line_1_17' title="bbox 315 1069 1064 1110; baseline -0.004 -5"><span class='ocrx_word' id='word_1_83' title='bbox 315 1071 554 1105; x_wconf 80' lang='lat' dir='ltr'>territoriorum</span> <span class='ocrx_word' id='word_1_84' title='bbox 567 1077 598 1104; x_wconf 91' lang='lat' dir='ltr'>et</span> <span class='ocrx_word' id='word_1_85' title='bbox 613 1070 831 1110; x_wconf 88' lang='lat' dir='ltr'>districtuum,</span> <span class='ocrx_word' id='word_1_86' title='bbox 850 1070 889 1103; x_wconf 90' lang='lat' dir='ltr'>ab</span> <span class='ocrx_word' id='word_1_87' title='bbox 902 1069 979 1102; x_wconf 89' lang='lat' dir='ltr'>hinc</span> <span class='ocrx_word' id='word_1_88' title='bbox 999 1075 1064 1102; x_wconf 92' lang='lat' dir='ltr'>tre—</span> 
     </span>
     <span class='ocr_line' id='line_1_18' title="bbox 316 1121 1063 1163; baseline -0.005 -5"><span class='ocrx_word' id='word_1_89' title='bbox 316 1124 418 1158; x_wconf 83' lang='lat' dir='ltr'>centis</span> <span class='ocrx_word' id='word_1_90' title='bbox 433 1130 461 1158; x_wconf 91' lang='lat' dir='ltr'>et</span> <span class='ocrx_word' id='word_1_91' title='bbox 482 1125 568 1157; x_wconf 91' lang='lat' dir='ltr'>ultra</span> <span class='ocrx_word' id='word_1_92' title='bbox 585 1124 678 1157; x_wconf 87' lang='lat' dir='ltr'>annis</span> <span class='ocrx_word' id='word_1_93' title='bbox 699 1128 812 1163; x_wconf 80' lang='lat' dir='ltr'>motas,</span> <span class='ocrx_word' id='word_1_94' title='bbox 836 1129 868 1156; x_wconf 89' lang='lat' dir='ltr'>et</span> <span class='ocrx_word' id='word_1_95' title='bbox 886 1122 983 1156; x_wconf 83' lang='lat' dir='ltr'>etiam</span> <span class='ocrx_word' id='word_1_96' title='bbox 999 1121 1063 1155; x_wconf 83' lang='lat' dir='ltr'>for-</span> 
     </span>
     <span class='ocr_line' id='line_1_19' title="bbox 316 1176 1063 1219; baseline -0.005 -7"><span class='ocrx_word' id='word_1_97' title='bbox 316 1189 372 1212; x_wconf 91' lang='lat' dir='ltr'>san</span> <span class='ocrx_word' id='word_1_98' title='bbox 382 1179 415 1211; x_wconf 91' lang='lat' dir='ltr'>in</span> <span class='ocrx_word' id='word_1_99' title='bbox 426 1184 535 1212; x_wconf 90' lang='lat' dir='ltr'>nostro</span> <span class='ocrx_word' id='word_1_100' title='bbox 547 1178 647 1211; x_wconf 88' lang='lat' dir='ltr'>Rotae</span> <span class='ocrx_word' id='word_1_101' title='bbox 656 1177 816 1210; x_wconf 89' lang='lat' dir='ltr'>auditorio</span> <span class='ocrx_word' id='word_1_102' title='bbox 829 1182 859 1210; x_wconf 93' lang='lat' dir='ltr'>et</span> <span class='ocrx_word' id='word_1_103' title='bbox 871 1186 978 1210; x_wconf 90' lang='lat' dir='ltr'>coram</span> <span class='ocrx_word' id='word_1_104' title='bbox 991 1176 1063 1219; x_wconf 94' lang='lat' dir='ltr'>plu-</span> 
     </span>
     <span class='ocr_line' id='line_1_20' title="bbox 315 1229 1063 1273; baseline -0.004 -9"><span class='ocrx_word' id='word_1_105' title='bbox 315 1232 406 1264; x_wconf 82' lang='lat' dir='ltr'>ribus</span> <span class='ocrx_word' id='word_1_106' title='bbox 424 1231 558 1264; x_wconf 70' lang='lat' dir='ltr'>dirersis</span> <span class='ocrx_word' id='word_1_107' title='bbox 581 1230 754 1271; x_wconf 87' lang='lat' dir='ltr'>iudicibus,</span> <span class='ocrx_word' id='word_1_108' title='bbox 774 1239 891 1272; x_wconf 84' lang='lat' dir='ltr'>magno</span> <span class='ocrx_word' id='word_1_109' title='bbox 922 1229 1063 1273; x_wconf 86' lang='lat' dir='ltr'>ipsarum</span> 
     </span>
     <span class='ocr_line' id='line_1_21' title="bbox 316 1282 1064 1330; baseline -0.005 -12"><span class='ocrx_word' id='word_1_110' title='bbox 316 1284 640 1330; x_wconf 89' lang='lat' dir='ltr'>partiumimpendio,</span> <span class='ocrx_word' id='word_1_111' title='bbox 653 1283 798 1327; x_wconf 79' lang='lat' dir='ltr'>agitatas,</span> <span class='ocrx_word' id='word_1_112' title='bbox 816 1288 846 1316; x_wconf 90' lang='lat' dir='ltr'>et</span> <span class='ocrx_word' id='word_1_113' title='bbox 858 1282 987 1315; x_wconf 84' lang='lat' dir='ltr'>illarum</span> <span class='ocrx_word' id='word_1_114' title='bbox 1010 1293 1064 1315; x_wconf 91' lang='lat' dir='ltr'>oc-</span> 
     </span>
     <span class='ocr_line' id='line_1_22' title="bbox 317 1335 1064 1380; baseline -0.004 -9"><span class='ocrx_word' id='word_1_115' title='bbox 317 1338 444 1372; x_wconf 89' lang='lat' dir='ltr'>casione</span> <span class='ocrx_word' id='word_1_116' title='bbox 456 1337 670 1377; x_wconf 83' lang='lat' dir='ltr'>incursiones,</span> <span class='ocrx_word' id='word_1_117' title='bbox 680 1336 961 1380; x_wconf 82' lang='lat' dir='ltr'>depopulationes,</span> <span class='ocrx_word' id='word_1_118' title='bbox 971 1335 1064 1368; x_wconf 79' lang='lat' dir='ltr'>dera-</span> 
     </span>
     <span class='ocr_line' id='line_1_23' title="bbox 313 1388 1067 1435; baseline -0.005 -10"><span class='ocrx_word' id='word_1_119' title='bbox 313 1392 484 1432; x_wconf 81' lang='lat' dir='ltr'>stationes,</span> <span class='ocrx_word' id='word_1_120' title='bbox 515 1390 720 1435; x_wconf 89' lang='lat' dir='ltr'>direptiones,</span> <span class='ocrx_word' id='word_1_121' title='bbox 741 1390 826 1423; x_wconf 80' lang='lat' dir='ltr'>rixas</span> <span class='ocrx_word' id='word_1_122' title='bbox 843 1395 874 1423; x_wconf 92' lang='lat' dir='ltr'>et</span> <span class='ocrx_word' id='word_1_123' title='bbox 890 1388 1067 1422; x_wconf 88' lang='lat' dir='ltr'>homicidia</span> 
     </span>
     <span class='ocr_line' id='line_1_24' title="bbox 317 1444 622 1479; baseline 0 -1"><span class='ocrx_word' id='word_1_124' title='bbox 317 1445 488 1479; x_wconf 87' lang='lat' dir='ltr'>subsecuta</span> <span class='ocrx_word' id='word_1_125' title='bbox 512 1444 622 1478; x_wconf 80' lang='lat' dir='ltr'>fuisse.</span> 
     </span>
     <span class='ocr_line' id='line_1_25' title="bbox 361 1495 1066 1542; baseline -0.004 -11"><span class='ocrx_word' id='word_1_126' title='bbox 361 1499 376 1542; x_wconf 65' lang='grc' dir='ltr'><strong>ξ</strong></span> <span class='ocrx_word' id='word_1_127' title='bbox 400 1498 431 1530; x_wconf 71' lang='lat'>02.</span> <span class='ocrx_word' id='word_1_128' title='bbox 458 1498 618 1537; x_wconf 89' lang='lat' dir='ltr'>Volentes,</span> <span class='ocrx_word' id='word_1_129' title='bbox 640 1507 699 1541; x_wconf 91' lang='lat' dir='ltr'>pro</span> <span class='ocrx_word' id='word_1_130' title='bbox 719 1501 830 1530; x_wconf 89' lang='lat' dir='ltr'>nostro</span> <span class='ocrx_word' id='word_1_131' title='bbox 849 1495 1002 1540; x_wconf 85' lang='lat' dir='ltr'>pastorali</span> <span class='ocrx_word' id='word_1_132' title='bbox 1018 1495 1066 1529; x_wconf 84' lang='lat' dir='ltr'>of-</span> 
     </span>
     <span class='ocr_line' id='line_1_26' title="bbox 132 1549 1067 1596; baseline -0.003 -11"><span class='ocrx_word' id='word_1_133' title='bbox 132 1560 221 1596; x_wconf 53' lang='lat' dir='ltr'>ssarum</span> <span class='ocrx_word' id='word_1_134' title='bbox 249 1559 306 1594; x_wconf 58' lang='lat' dir='ltr'>dect·</span> <span class='ocrx_word' id='word_1_135' title='bbox 318 1552 404 1593; x_wconf 91' lang='lat' dir='ltr'>ficio,</span> <span class='ocrx_word' id='word_1_136' title='bbox 426 1557 462 1584; x_wconf 90' lang='lat' dir='ltr'>ut</span> <span class='ocrx_word' id='word_1_137' title='bbox 481 1551 591 1584; x_wconf 86' lang='lat' dir='ltr'>litibus</span> <span class='ocrx_word' id='word_1_138' title='bbox 610 1549 797 1583; x_wconf 86' lang='lat' dir='ltr'>huiusmodi</span> <span class='ocrx_word' id='word_1_139' title='bbox 814 1554 845 1583; x_wconf 90' lang='lat' dir='ltr'>et</span> <span class='ocrx_word' id='word_1_140' title='bbox 863 1554 910 1582; x_wconf 90' lang='lat' dir='ltr'>tot</span> <span class='ocrx_word' id='word_1_141' title='bbox 933 1549 1067 1582; x_wconf 85' lang='lat' dir='ltr'>scanda-</span> 
     </span>
     <span class='ocr_line' id='line_1_27' title="bbox 120 1590 1068 1649; baseline -0.004 -10"><span class='ocrx_word' id='word_1_142' title='bbox 120 1590 358 1646; x_wconf 51' lang='lat' dir='ltr'>{22&#39;¹⁶&#39;&#39;&#39;0„,f,³ss‚&#39;}‡{}lis</span> <span class='ocrx_word' id='word_1_143' title='bbox 382 1605 645 1649; x_wconf 84' lang='lat' dir='ltr'>populorumque</span> <span class='ocrx_word' id='word_1_144' title='bbox 665 1609 850 1636; x_wconf 90' lang='lat' dir='ltr'>nostrorum</span> <span class='ocrx_word' id='word_1_145' title='bbox 868 1602 1068 1636; x_wconf 87' lang='lat' dir='ltr'>detrimentis</span> 
     </span>
     <span class='ocr_line' id='line_1_28' title="bbox 120 1656 1068 1700; baseline -0.004 -8"><span class='ocrx_word' id='word_1_146' title='bbox 120 1656 351 1692; x_wconf 68' lang='lat' dir='ltr'>Pe“⁰C‘¹¹³⁵¹‘³¹³⁰·et</span> <span class='ocrx_word' id='word_1_147' title='bbox 372 1658 504 1691; x_wconf 88' lang='lat' dir='ltr'>iacturis</span> <span class='ocrx_word' id='word_1_148' title='bbox 533 1657 605 1690; x_wconf 83' lang='lat' dir='ltr'>finis</span> <span class='ocrx_word' id='word_1_149' title='bbox 635 1657 858 1700; x_wconf 89' lang='lat' dir='ltr'>imponeretur</span> <span class='ocrx_word' id='word_1_150' title='bbox 886 1661 1068 1699; x_wconf 85' lang='lat' dir='ltr'>opportune</span> 
     </span>
     <span class='ocr_line' id='line_1_29' title="bbox 321 1709 1066 1757; baseline -0.004 -12"><span class='ocrx_word' id='word_1_151' title='bbox 321 1712 502 1757; x_wconf 80' lang='lat' dir='ltr'>previdere,</span> <span class='ocrx_word' id='word_1_152' title='bbox 529 1712 598 1755; x_wconf 88' lang='lat' dir='ltr'>ipso</span> <span class='ocrx_word' id='word_1_153' title='bbox 619 1710 825 1755; x_wconf 88' lang='lat' dir='ltr'>pontificatus</span> <span class='ocrx_word' id='word_1_154' title='bbox 843 1709 944 1743; x_wconf 88' lang='lat' dir='ltr'>nostri</span> <span class='ocrx_word' id='word_1_155' title='bbox 963 1709 1066 1749; x_wconf 87' lang='lat' dir='ltr'>initio,</span> 
     </span>
     <span class='ocr_line' id='line_1_30' title="bbox 321 1763 1068 1806; baseline -0.003 -8"><span class='ocrx_word' id='word_1_156' title='bbox 321 1766 475 1799; x_wconf 88' lang='lat' dir='ltr'>dilectum</span> <span class='ocrx_word' id='word_1_157' title='bbox 499 1764 603 1798; x_wconf 90' lang='lat' dir='ltr'>filium</span> <span class='ocrx_word' id='word_1_158' title='bbox 624 1764 813 1806; x_wconf 79' lang='lat' dir='ltr'>magistrum</span> <span class='ocrx_word' id='word_1_159' title='bbox 831 1763 982 1796; x_wconf 85' lang='lat' dir='ltr'>Ioannem</span> <span class='ocrx_word' id='word_1_160' title='bbox 1008 1763 1068 1796; x_wconf 84' lang='lat' dir='ltr'>Pe-</span> 
     </span>
     <span class='ocr_line' id='line_1_31' title="bbox 319 1816 1069 1860; baseline -0.007 -7"><span class='ocrx_word' id='word_1_161' title='bbox 319 1821 406 1853; x_wconf 77' lang='lat' dir='ltr'>trum</span> <span class='ocrx_word' id='word_1_162' title='bbox 425 1818 621 1851; x_wconf 82' lang='lat' dir='ltr'>Ghislerium</span> <span class='ocrx_word' id='word_1_163' title='bbox 634 1818 667 1849; x_wconf 89' lang='lat' dir='ltr'>in</span> <span class='ocrx_word' id='word_1_164' title='bbox 678 1823 815 1860; x_wconf 84' lang='lat' dir='ltr'>utraque</span> <span class='ocrx_word' id='word_1_165' title='bbox 832 1816 1002 1859; x_wconf 76' lang='lat' dir='ltr'>Signatum</span> <span class='ocrx_word' id='word_1_166' title='bbox 1013 1826 1069 1848; x_wconf 89' lang='lat' dir='ltr'>no-</span> 
     </span>
     <span class='ocr_line' id='line_1_32' title="bbox 319 1870 1069 1911; baseline -0.004 -6"><span class='ocrx_word' id='word_1_167' title='bbox 319 1878 384 1906; x_wconf 91' lang='lat' dir='ltr'>stra</span> <span class='ocrx_word' id='word_1_168' title='bbox 403 1871 669 1911; x_wconf 80' lang='lat' dir='ltr'>referendarium,</span> <span class='ocrx_word' id='word_1_169' title='bbox 690 1877 720 1903; x_wconf 92' lang='lat' dir='ltr'>et</span> <span class='ocrx_word' id='word_1_170' title='bbox 739 1871 772 1903; x_wconf 93' lang='lat' dir='ltr'>in</span> <span class='ocrx_word' id='word_1_171' title='bbox 790 1870 940 1903; x_wconf 87' lang='lat' dir='ltr'>Consulta</span> <span class='ocrx_word' id='word_1_172' title='bbox 960 1875 1069 1902; x_wconf 85' lang='lat' dir='ltr'>nostra</span> 
     </span>
     <span class='ocr_line' id='line_1_33' title="bbox 321 1922 1066 1970; baseline -0.004 -12"><span class='ocrx_word' id='word_1_173' title='bbox 321 1926 499 1970; x_wconf 81' lang='lat' dir='ltr'>praelatum</span> <span class='ocrx_word' id='word_1_174' title='bbox 510 1930 657 1958; x_wconf 89' lang='lat' dir='ltr'>nostrum</span> <span class='ocrx_word' id='word_1_175' title='bbox 668 1922 1066 1966; x_wconf 87' lang='lat' dir='ltr'>domesticum,probitate,</span> 
     </span>
     <span class='ocr_line' id='line_1_34' title="bbox 322 1977 1068 2021; baseline -0.004 -10"><span class='ocrx_word' id='word_1_176' title='bbox 322 1978 479 2018; x_wconf 87' lang='lat' dir='ltr'>doctrina,</span> <span class='ocrx_word' id='word_1_177' title='bbox 506 1977 701 2020; x_wconf 78' lang='lat' dir='ltr'>integritate,</span> <span class='ocrx_word' id='word_1_178' title='bbox 723 1977 894 2021; x_wconf 86' lang='lat' dir='ltr'>prudentia</span> <span class='ocrx_word' id='word_1_179' title='bbox 914 1981 945 2009; x_wconf 89' lang='lat' dir='ltr'>et</span> <span class='ocrx_word' id='word_1_180' title='bbox 960 1986 1068 2009; x_wconf 88' lang='lat' dir='ltr'>rerum</span> 
     </span>
     <span class='ocr_line' id='line_1_35' title="bbox 321 2030 1069 2075; baseline -0.004 -10"><span class='ocrx_word' id='word_1_181' title='bbox 321 2032 534 2075; x_wconf 77' lang='lat' dir='ltr'>gerendarum</span> <span class='ocrx_word' id='word_1_182' title='bbox 552 2042 613 2064; x_wconf 86' lang='lat' dir='ltr'>usu</span> <span class='ocrx_word' id='word_1_183' title='bbox 633 2031 815 2074; x_wconf 82' lang='lat' dir='ltr'>praeditum</span> <span class='ocrx_word' id='word_1_184' title='bbox 840 2035 934 2074; x_wconf 83' lang='lat' dir='ltr'>atque</span> <span class='ocrx_word' id='word_1_185' title='bbox 951 2030 1069 2073; x_wconf 83' lang='lat' dir='ltr'>proba-</span> 
     </span>
     <span class='ocr_line' id='line_1_36' title="bbox 322 2083 1068 2127; baseline -0.004 -9"><span class='ocrx_word' id='word_1_186' title='bbox 322 2092 404 2125; x_wconf 84' lang='lat' dir='ltr'>tum,</span> <span class='ocrx_word' id='word_1_187' title='bbox 425 2085 464 2118; x_wconf 87' lang='lat' dir='ltr'>ad</span> <span class='ocrx_word' id='word_1_188' title='bbox 481 2086 551 2118; x_wconf 80' lang='lat' dir='ltr'>loca</span> <span class='ocrx_word' id='word_1_189' title='bbox 567 2084 820 2118; x_wconf 82' lang='lat' dir='ltr'>differentiarum</span> <span class='ocrx_word' id='word_1_190' title='bbox 833 2083 1068 2127; x_wconf 86' lang='lat' dir='ltr'>praedictarum</span> 
     </span>
     <span class='ocr_line' id='line_1_37' title="bbox 325 2138 1069 2178; baseline -0.003 -7"><span class='ocrx_word' id='word_1_191' title='bbox 325 2138 552 2171; x_wconf 73' lang='lat' dir='ltr'>destinavimus</span> <span class='ocrx_word' id='word_1_192' title='bbox 567 2164 574 2178; x_wconf 88' lang='lat'>,</span> <span class='ocrx_word' id='word_1_193' title='bbox 607 2149 681 2171; x_wconf 89' lang='lat' dir='ltr'>cum</span> <span class='ocrx_word' id='word_1_194' title='bbox 714 2138 864 2170; x_wconf 77' lang='lat' dir='ltr'>facultate</span> <span class='ocrx_word' id='word_1_195' title='bbox 896 2147 1008 2170; x_wconf 80' lang='lat' dir='ltr'>causas</span> <span class='ocrx_word' id='word_1_196' title='bbox 1040 2142 1069 2169; x_wconf 91' lang='lat' dir='ltr'>et</span> 
     </span>
     <span class='ocr_line' id='line_1_38' title="bbox 323 2191 1070 2233; baseline -0.003 -9"><span class='ocrx_word' id='word_1_197' title='bbox 323 2192 521 2225; x_wconf 81' lang='lat' dir='ltr'>differentias</span> <span class='ocrx_word' id='word_1_198' title='bbox 553 2191 738 2224; x_wconf 85' lang='lat' dir='ltr'>huiusmodi</span> <span class='ocrx_word' id='word_1_199' title='bbox 766 2191 932 2230; x_wconf 87' lang='lat' dir='ltr'>audiendi,</span> <span class='ocrx_word' id='word_1_200' title='bbox 955 2200 1070 2233; x_wconf 85' lang='lat' dir='ltr'>cogno-</span> 
     </span>
     <span class='ocr_line' id='line_1_39' title="bbox 323 2248 1071 2290; baseline -0.003 -8"><span class='ocrx_word' id='word_1_201' title='bbox 323 2249 456 2290; x_wconf 87' lang='lat' dir='ltr'>scendi,</span> <span class='ocrx_word' id='word_1_202' title='bbox 482 2249 650 2282; x_wconf 90' lang='lat' dir='ltr'>decidendi</span> <span class='ocrx_word' id='word_1_203' title='bbox 681 2255 709 2282; x_wconf 90' lang='lat' dir='ltr'>et</span> <span class='ocrx_word' id='word_1_204' title='bbox 736 2249 799 2282; x_wconf 90' lang='lat' dir='ltr'>fine</span> <span class='ocrx_word' id='word_1_205' title='bbox 830 2248 938 2281; x_wconf 84' lang='lat' dir='ltr'>debito</span> <span class='ocrx_word' id='word_1_206' title='bbox 962 2249 1071 2281; x_wconf 87' lang='lat' dir='ltr'>termi-</span> 
     </span>
     <span class='ocr_line' id='line_1_40' title="bbox 324 2305 1071 2350; baseline -0.003 -10"><span class='ocrx_word' id='word_1_207' title='bbox 324 2307 438 2348; x_wconf 88' lang='lat' dir='ltr'>nandi,</span> <span class='ocrx_word' id='word_1_208' title='bbox 465 2312 495 2340; x_wconf 91' lang='lat' dir='ltr'>et</span> <span class='ocrx_word' id='word_1_209' title='bbox 528 2306 605 2340; x_wconf 88' lang='lat' dir='ltr'>alias</span> <span class='ocrx_word' id='word_1_210' title='bbox 625 2312 718 2350; x_wconf 90' lang='lat' dir='ltr'>prout</span> <span class='ocrx_word' id='word_1_211' title='bbox 740 2307 772 2339; x_wconf 89' lang='lat' dir='ltr'>in</span> <span class='ocrx_word' id='word_1_212' title='bbox 792 2306 910 2339; x_wconf 88' lang='lat' dir='ltr'>nostris</span> <span class='ocrx_word' id='word_1_213' title='bbox 933 2305 1071 2350; x_wconf 82' lang='lat' dir='ltr'>desuper</span> 
     </span>
     <span class='ocr_line' id='line_1_41' title="bbox 326 2362 1070 2406; baseline -0.004 -9"><span class='ocrx_word' id='word_1_214' title='bbox 326 2364 479 2397; x_wconf 81' lang='lat' dir='ltr'>consectis</span> <span class='ocrx_word' id='word_1_215' title='bbox 498 2363 532 2396; x_wconf 92' lang='lat' dir='ltr'>in</span> <span class='ocrx_word' id='word_1_216' title='bbox 561 2364 665 2397; x_wconf 80' lang='lat' dir='ltr'>forma</span> <span class='ocrx_word' id='word_1_217' title='bbox 684 2363 788 2396; x_wconf 81' lang='lat' dir='ltr'>brevis</span> <span class='ocrx_word' id='word_1_218' title='bbox 807 2363 921 2396; x_wconf 87' lang='lat' dir='ltr'>litteris</span> <span class='ocrx_word' id='word_1_219' title='bbox 945 2362 1070 2406; x_wconf 58' lang='lat' dir='ltr'>plenius</span> 
     </span>
     <span class='ocr_line' id='line_1_42' title="bbox 327 2422 521 2455; baseline 0 -1"><span class='ocrx_word' id='word_1_220' title='bbox 327 2422 521 2455; x_wconf 86' lang='lat' dir='ltr'>continetur.</span> 
     </span>
    </p>

    <p class='ocr_par' dir='ltr' id='par_1_2' title="bbox 130 2479 1070 2537">
     <span class='ocr_line' id='line_1_43' title="bbox 130 2479 1070 2537; baseline -0.004 -23"><span class='ocrx_word' id='word_1_221' title='bbox 130 2483 315 2537; x_wconf 49' lang='lat' dir='ltr'>teffiffffen&#39;fa&#39;fffiss</span> <span class='ocrx_word' id='word_1_222' title='bbox 371 2481 386 2523; x_wconf 63' lang='grc' dir='ltr'>ξ</span> <span class='ocrx_word' id='word_1_223' title='bbox 410 2480 441 2513; x_wconf 80' lang='lat'>3.</span> <span class='ocrx_word' id='word_1_224' title='bbox 468 2480 528 2518; x_wconf 85' lang='lat' dir='ltr'>Qui</span> <span class='ocrx_word' id='word_1_225' title='bbox 548 2480 681 2523; x_wconf 89' lang='lat' dir='ltr'>quidem</span> <span class='ocrx_word' id='word_1_226' title='bbox 692 2480 826 2512; x_wconf 87' lang='lat' dir='ltr'>Ioannes</span> <span class='ocrx_word' id='word_1_227' title='bbox 840 2479 964 2519; x_wconf 85' lang='lat' dir='ltr'>Petrus,</span> <span class='ocrx_word' id='word_1_228' title='bbox 981 2488 1070 2510; x_wconf 87' lang='lat' dir='ltr'>man-</span> 
     </span>
    </p>
   </div>
   <div class='ocr_carea' id='block_1_2' title="bbox 131 2535 1072 2635">
    <p class='ocr_par' dir='ltr' id='par_1_3' title="bbox 131 2535 1072 2635">
     <span class='ocr_line' id='line_1_44' title="bbox 131 2535 1072 2598; baseline 0.001 -32"><span class='ocrx_word' id='word_1_229' title='bbox 131 2548 161 2597; x_wconf 51' lang='lat' dir='ltr'>¹vin</span> <span class='ocrx_word' id='word_1_230' title='bbox 177 2552 213 2572; x_wconf 60' lang='lat' dir='ltr'>nef</span> <span class='ocrx_word' id='word_1_231' title='bbox 227 2550 314 2598; x_wconf 44' lang='lat' dir='ltr'>Scamp-</span> <span class='ocrx_word' id='word_1_232' title='bbox 329 2538 408 2569; x_wconf 82' lang='lat' dir='ltr'>datis</span> <span class='ocrx_word' id='word_1_233' title='bbox 429 2538 544 2570; x_wconf 88' lang='lat' dir='ltr'>nostris</span> <span class='ocrx_word' id='word_1_234' title='bbox 565 2537 774 2576; x_wconf 86' lang='lat' dir='ltr'>inhaerendo,</span> <span class='ocrx_word' id='word_1_235' title='bbox 797 2547 908 2570; x_wconf 82' lang='lat' dir='ltr'>causas</span> <span class='ocrx_word' id='word_1_236' title='bbox 925 2535 1072 2569; x_wconf 83' lang='lat' dir='ltr'>dissercn-</span> 
     </span>
     <span class='ocr_line' id='line_1_45' title="bbox 132 2582 351 2635; baseline -0.009 -6"><span class='ocrx_word' id='word_1_237' title='bbox 132 2584 185 2635; x_wconf 50' lang='lat'>83¹,</span> <span class='ocrx_word' id='word_1_238' title='bbox 241 2582 251 2599; x_wconf 70' lang='lat'><strong>⁶</strong></span> <span class='ocrx_word' id='word_1_239' title='bbox 269 2583 316 2598; x_wconf 76' lang='lat'>‘²¹¹&#39;</span> <span class='ocrx_word' id='word_1_240' title='bbox 346 2594 351 2599; x_wconf 84' lang='lat'>·</span> 
     </span>
    </p>
   </div>
   <div class='ocr_carea' id='block_1_3' title="bbox 123 223 307 263">
    <p class='ocr_par' dir='ltr' id='par_1_4' title="bbox 123 223 307 263">
     <span class='ocr_line' id='line_1_46' title="bbox 123 223 307 263; baseline -0.011 -10"><span class='ocrx_word' id='word_1_241' title='bbox 123 225 177 253; x_wconf 69' lang='lat' dir='ltr'>An.</span> <span class='ocrx_word' id='word_1_242' title='bbox 192 223 222 253; x_wconf 87' lang='lat' dir='ltr'>c.</span> <span class='ocrx_word' id='word_1_243' title='bbox 238 223 307 263; x_wconf 73' lang='lat' dir='ltr'>¹58.ss</span> 
     </span>
    </p>
   </div>
   <div class='ocr_carea' id='block_1_4' title="bbox 928 215 1282 242">
    <p class='ocr_par' dir='ltr' id='par_1_5' title="bbox 928 215 1282 242">
     <span class='ocr_line' id='line_1_47' title="bbox 928 215 1282 242; baseline -0.003 0"><span class='ocrx_word' id='word_1_244' title='bbox 928 215 1109 242; x_wconf 68' lang='lat' dir='ltr'>mmmmm</span> <span class='ocrx_word' id='word_1_245' title='bbox 1130 216 1282 242; x_wconf 57' lang='lat' dir='ltr'>nonaum!</span> 
     </span>
    </p>
   </div>
   <div class='ocr_carea' id='block_1_5' title="bbox 1085 1535 1089 1646">
    <p class='ocr_par' dir='ltr' id='par_1_6' title="bbox 1085 1535 1089 1646">
     <span class='ocr_line' id='line_1_48' title="bbox 1085 1535 1089 1646; baseline 0 0"><span class='ocrx_word' id='word_1_246' title='bbox 1085 1535 1089 1646; x_wconf 95' lang='lat' dir='ltr'> </span> 
     </span>
    </p>
   </div>
   <div class='ocr_carea' id='block_1_6' title="bbox 1086 1650 1090 1772">
    <p class='ocr_par' dir='ltr' id='par_1_7' title="bbox 1086 1650 1090 1772">
     <span class='ocr_line' id='line_1_49' title="bbox 1086 1650 1090 1772; baseline 0 0"><span class='ocrx_word' id='word_1_247' title='bbox 1086 1650 1090 1772; x_wconf 95' lang='lat' dir='ltr'> </span> 
     </span>
    </p>
   </div>
   <div class='ocr_carea' id='block_1_7' title="bbox 331 2587 1857 2641">
    <p class='ocr_par' dir='ltr' id='par_1_8' title="bbox 331 2587 1857 2641">
     <span class='ocr_line' id='line_1_50' title="bbox 331 2587 1857 2641; baseline -0.004 -14"><span class='ocrx_word' id='word_1_248' title='bbox 331 2600 446 2628; x_wconf 76' lang='lat' dir='ltr'>uarum</span> <span class='ocrx_word' id='word_1_249' title='bbox 462 2596 698 2640; x_wconf 86' lang='lat' dir='ltr'>praedictarum</span> <span class='ocrx_word' id='word_1_250' title='bbox 715 2595 846 2637; x_wconf 85' lang='lat' dir='ltr'>audivit,</span> <span class='ocrx_word' id='word_1_251' title='bbox 860 2594 1018 2638; x_wconf 83' lang='lat' dir='ltr'>cognovit,</span> <span class='ocrx_word' id='word_1_252' title='bbox 1031 2599 1074 2626; x_wconf 84' lang='lat' dir='ltr'>at·</span> <span class='ocrx_word' id='word_1_253' title='bbox 1089 2614 1098 2641; x_wconf 54' lang='grc' dir='ltr'>ι</span> <span class='ocrx_word' id='word_1_254' title='bbox 1114 2592 1222 2626; x_wconf 61' lang='lat' dir='ltr'>narios</span> <span class='ocrx_word' id='word_1_255' title='bbox 1242 2597 1272 2627; x_wconf 89' lang='lat' dir='ltr'>et</span> <span class='ocrx_word' id='word_1_256' title='bbox 1291 2593 1465 2636; x_wconf 80' lang='lat' dir='ltr'>delegatos,</span> <span class='ocrx_word' id='word_1_257' title='bbox 1481 2590 1576 2624; x_wconf 84' lang='lat' dir='ltr'>etiam</span> <span class='ocrx_word' id='word_1_258' title='bbox 1587 2598 1758 2623; x_wconf 81' lang='lat' dir='ltr'>causarum</span> <span class='ocrx_word' id='word_1_259' title='bbox 1768 2587 1857 2621; x_wconf 85' lang='lat' dir='ltr'>Pala-</span> 
     </span>
    </p>
   </div>
   <div class='ocr_carea' id='block_1_8' title="bbox 1102 212 2034 2339">
    <p class='ocr_par' dir='ltr' id='par_1_9' title="bbox 1107 202 2014 367">
     <span class='ocr_line' id='line_1_51' title="bbox 1867 212 1961 246; baseline 0 -4"><span class='ocrx_word' id='word_1_260' title='bbox 1867 212 1918 242; x_wconf 66' lang='grc' dir='ltr'><strong>Διι.</strong></span> <span class='ocrx_word' id='word_1_261' title='bbox 1930 203 2014 253; x_wconf 75' lang='grc' dir='ltr'>α9</span> 
     </span>
     <span class='ocr_line' id='line_1_52' title="bbox 1107 266 1980 312; baseline -0.001 -11"><span class='ocrx_word' id='word_1_262' title='bbox 1107 269 1171 312; x_wconf 82' lang='lat' dir='ltr'>que</span> <span class='ocrx_word' id='word_1_263' title='bbox 1191 278 1248 311; x_wconf 89' lang='lat' dir='ltr'>per</span> <span class='ocrx_word' id='word_1_264' title='bbox 1265 266 1333 302; x_wconf 88' lang='lat' dir='ltr'>eius</span> <span class='ocrx_word' id='word_1_265' title='bbox 1341 266 1521 302; x_wconf 86' lang='lat' dir='ltr'>diffinitivas</span> <span class='ocrx_word' id='word_1_266' title='bbox 1534 266 1707 302; x_wconf 85' lang='lat' dir='ltr'>sententias</span> <span class='ocrx_word' id='word_1_267' title='bbox 1718 276 1851 312; x_wconf 88' lang='lat' dir='ltr'>compo·</span> <span class='ocrx_word' id='word_1_268' title='bbox 1978 267 1980 270; x_wconf 81' lang='grc'>’</span> 
     </span>
     <span class='ocr_line' id='line_1_53' title="bbox 1107 320 1972 367; baseline 0 -13"><span class='ocrx_word' id='word_1_269' title='bbox 1107 320 1170 354; x_wconf 91' lang='lat' dir='ltr'>suit</span> <span class='ocrx_word' id='word_1_270' title='bbox 1189 326 1220 354; x_wconf 87' lang='lat' dir='ltr'>et</span> <span class='ocrx_word' id='word_1_271' title='bbox 1241 321 1433 355; x_wconf 87' lang='lat' dir='ltr'>terminavit.</span> <span class='ocrx_word' id='word_1_272' title='bbox 1798 331 1808 339; x_wconf 56' lang='lat'><em>³</em></span> <span class='ocrx_word' id='word_1_273' title='bbox 1970 362 1972 367; x_wconf 39' lang='grc'><strong>,</strong></span> 
     </span>
    </p>

    <p class='ocr_par' dir='ltr' id='par_1_10' title="bbox 1105 363 2031 683">
     <span class='ocr_line' id='line_1_54' title="bbox 1150 373 1983 418; baseline -0.001 -11"><span class='ocrx_word' id='word_1_274' title='bbox 1150 374 1165 417; x_wconf 64' lang='grc' dir='ltr'><strong>ἓ</strong></span> <span class='ocrx_word' id='word_1_275' title='bbox 1189 373 1220 407; x_wconf 83' lang='grc'>4.</span> <span class='ocrx_word' id='word_1_276' title='bbox 1247 374 1272 407; x_wconf 89' lang='grc' dir='ltr'><strong>Α</strong></span> <span class='ocrx_word' id='word_1_277' title='bbox 1287 374 1406 418; x_wconf 89' lang='lat' dir='ltr'>quibus</span> <span class='ocrx_word' id='word_1_278' title='bbox 1417 373 1549 417; x_wconf 88' lang='lat' dir='ltr'>quidem</span> <span class='ocrx_word' id='word_1_279' title='bbox 1560 374 1723 408; x_wconf 88' lang='lat' dir='ltr'>sententiis</span> <span class='ocrx_word' id='word_1_280' title='bbox 1735 380 1850 408; x_wconf 87' lang='lat' dir='ltr'>neutra</span> <span class='ocrx_word' id='word_1_281' title='bbox 1891 385 1908 406; x_wconf 76' lang='lat' dir='ltr'>A</span> <span class='ocrx_word' id='word_1_282' title='bbox 1922 390 1963 412; x_wconf 68' lang='lat' dir='ltr'>qu.</span> <span class='ocrx_word' id='word_1_283' title='bbox 1980 386 1983 388; x_wconf 60' lang='grc'>’</span> 
     </span>
     <span class='ocr_line' id='line_1_55' title="bbox 1108 417 2031 471; baseline 0.002 -12"><span class='ocrx_word' id='word_1_284' title='bbox 1108 427 1248 470; x_wconf 89' lang='lat' dir='ltr'>partium</span> <span class='ocrx_word' id='word_1_285' title='bbox 1268 427 1440 471; x_wconf 87' lang='lat' dir='ltr'>appellavit</span> <span class='ocrx_word' id='word_1_286' title='bbox 1468 424 1528 460; x_wconf 89' lang='lat' dir='ltr'>nec</span> <span class='ocrx_word' id='word_1_287' title='bbox 1547 427 1741 468; x_wconf 85' lang='lat' dir='ltr'>reclamavit,</span> <span class='ocrx_word' id='word_1_288' title='bbox 1754 428 1850 471; x_wconf 89' lang='lat' dir='ltr'>quin·</span> <span class='ocrx_word' id='word_1_289' title='bbox 1862 417 1969 469; x_wconf 52' lang='lat' dir='ltr'>ffissfm</span> <span class='ocrx_word' id='word_1_290' title='bbox 2016 431 2031 468; x_wconf 47' lang='grc' dir='ltr'>ῑ,</span> 
     </span>
     <span class='ocr_line' id='line_1_56' title="bbox 1108 476 1994 524; baseline 0.002 -12"><span class='ocrx_word' id='word_1_291' title='bbox 1108 481 1206 513; x_wconf 89' lang='lat' dir='ltr'>immo</span> <span class='ocrx_word' id='word_1_292' title='bbox 1223 481 1470 514; x_wconf 80' lang='lat' dir='ltr'>communitates</span> <span class='ocrx_word' id='word_1_293' title='bbox 1489 481 1577 524; x_wconf 83' lang='lat' dir='ltr'>ipsae</span> <span class='ocrx_word' id='word_1_294' title='bbox 1595 480 1795 514; x_wconf 83' lang='lat' dir='ltr'>Urbevetana</span> <span class='ocrx_word' id='word_1_295' title='bbox 1820 486 1851 514; x_wconf 86' lang='lat' dir='ltr'>et</span> <span class='ocrx_word' id='word_1_296' title='bbox 1990 476 1994 485; x_wconf 91' lang='lat'>&#39;</span> 
     </span>
     <span class='ocr_line' id='line_1_57' title="bbox 1107 533 1851 577; baseline 0 -11"><span class='ocrx_word' id='word_1_297' title='bbox 1107 534 1281 567; x_wconf 88' lang='lat' dir='ltr'>Tudertina</span> <span class='ocrx_word' id='word_1_298' title='bbox 1302 533 1373 567; x_wconf 88' lang='lat' dir='ltr'>illas</span> <span class='ocrx_word' id='word_1_299' title='bbox 1391 534 1423 567; x_wconf 91' lang='lat' dir='ltr'>in</span> <span class='ocrx_word' id='word_1_300' title='bbox 1449 544 1562 567; x_wconf 90' lang='lat' dir='ltr'>eorum</span> <span class='ocrx_word' id='word_1_301' title='bbox 1587 534 1684 577; x_wconf 90' lang='lat' dir='ltr'>pleno</span> <span class='ocrx_word' id='word_1_302' title='bbox 1715 533 1851 567; x_wconf 84' lang='lat' dir='ltr'>consilio</span> 
     </span>
     <span class='ocr_line' id='line_1_58' title="bbox 1105 586 1852 631; baseline 0.001 -11"><span class='ocrx_word' id='word_1_303' title='bbox 1105 587 1248 630; x_wconf 82' lang='lat' dir='ltr'>generali</span> <span class='ocrx_word' id='word_1_304' title='bbox 1259 591 1481 631; x_wconf 83' lang='lat' dir='ltr'>acceptarunt,</span> <span class='ocrx_word' id='word_1_305' title='bbox 1496 586 1718 631; x_wconf 85' lang='lat' dir='ltr'>approbarunt</span> <span class='ocrx_word' id='word_1_306' title='bbox 1727 592 1758 620; x_wconf 89' lang='lat' dir='ltr'>et</span> <span class='ocrx_word' id='word_1_307' title='bbox 1767 597 1852 621; x_wconf 86' lang='lat' dir='ltr'>emo·</span> 
     </span>
     <span class='ocr_line' id='line_1_59' title="bbox 1106 641 1990 683; baseline 0.001 -10"><span class='ocrx_word' id='word_1_308' title='bbox 1106 641 1268 683; x_wconf 72' lang='lat' dir='ltr'>logarunt.</span> <span class='ocrx_word' id='word_1_309' title='bbox 1987 681 1990 683; x_wconf 41' lang='grc'><strong>,</strong></span> 
     </span>
    </p>

    <p class='ocr_par' dir='ltr' id='par_1_11' title="bbox 1104 692 2034 1047">
     <span class='ocr_line' id='line_1_60' title="bbox 1148 692 1954 737; baseline 0.001 -11"><span class='ocrx_word' id='word_1_310' title='bbox 1148 693 1163 737; x_wconf 65' lang='lat' dir='ltr'>g</span> <span class='ocrx_word' id='word_1_311' title='bbox 1187 692 1219 726; x_wconf 83' lang='lat'>5.</span> <span class='ocrx_word' id='word_1_312' title='bbox 1254 693 1334 726; x_wconf 91' lang='lat' dir='ltr'>Cum</span> <span class='ocrx_word' id='word_1_313' title='bbox 1364 697 1473 727; x_wconf 88' lang='lat' dir='ltr'>autem</span> <span class='ocrx_word' id='word_1_314' title='bbox 1501 703 1539 726; x_wconf 90' lang='lat' dir='ltr'>ea</span> <span class='ocrx_word' id='word_1_315' title='bbox 1571 693 1750 737; x_wconf 89' lang='lat' dir='ltr'>pleniorem</span> <span class='ocrx_word' id='word_1_316' title='bbox 1773 692 1854 727; x_wconf 85' lang='lat' dir='ltr'>obti-</span> <span class='ocrx_word' id='word_1_317' title='bbox 1924 699 1954 724; x_wconf 76' lang='lat' dir='ltr'>Im</span> 
     </span>
     <span class='ocr_line' id='line_1_61' title="bbox 1104 732 2034 796; baseline 0.003 -17"><span class='ocrx_word' id='word_1_318' title='bbox 1104 752 1199 780; x_wconf 88' lang='lat' dir='ltr'>neant</span> <span class='ocrx_word' id='word_1_319' title='bbox 1220 746 1416 788; x_wconf 86' lang='lat' dir='ltr'>firmitatem,</span> <span class='ocrx_word' id='word_1_320' title='bbox 1438 757 1522 790; x_wconf 86' lang='lat' dir='ltr'>quae</span> <span class='ocrx_word' id='word_1_321' title='bbox 1541 746 1632 796; x_wconf 84' lang='lat' dir='ltr'>Sedis</span> <span class='ocrx_word' id='word_1_322' title='bbox 1650 732 1991 790; x_wconf 34' lang='lat' dir='ltr'>Apostolicae&#39;fffiffssss</span> <span class='ocrx_word' id='word_1_323' title='bbox 2013 743 2034 782; x_wconf 61' lang='lat'>[³³</span> 
     </span>
     <span class='ocr_line' id='line_1_62' title="bbox 1105 797 1978 848; baseline 0.001 -15"><span class='ocrx_word' id='word_1_324' title='bbox 1105 800 1264 844; x_wconf 88' lang='lat' dir='ltr'>praesidio</span> <span class='ocrx_word' id='word_1_325' title='bbox 1293 801 1413 834; x_wconf 86' lang='lat' dir='ltr'>suerint</span> <span class='ocrx_word' id='word_1_326' title='bbox 1445 801 1607 842; x_wconf 89' lang='lat' dir='ltr'>roborata,</span> <span class='ocrx_word' id='word_1_327' title='bbox 1635 797 1978 848; x_wconf 47' lang='lat' dir='ltr'>communita-‘⁸⁸⁶⁸hv</span> 
     </span>
     <span class='ocr_line' id='line_1_63' title="bbox 1104 853 1853 898; baseline 0 -12"><span class='ocrx_word' id='word_1_328' title='bbox 1104 859 1150 887; x_wconf 89' lang='lat' dir='ltr'>tes</span> <span class='ocrx_word' id='word_1_329' title='bbox 1170 859 1200 887; x_wconf 90' lang='lat' dir='ltr'>et</span> <span class='ocrx_word' id='word_1_330' title='bbox 1224 854 1371 887; x_wconf 91' lang='lat' dir='ltr'>homines</span> <span class='ocrx_word' id='word_1_331' title='bbox 1396 854 1551 898; x_wconf 84' lang='lat' dir='ltr'>praedicti</span> <span class='ocrx_word' id='word_1_332' title='bbox 1571 854 1663 887; x_wconf 91' lang='lat' dir='ltr'>nobis</span> <span class='ocrx_word' id='word_1_333' title='bbox 1685 853 1853 887; x_wconf 88' lang='lat' dir='ltr'>humiliter</span> 
     </span>
     <span class='ocr_line' id='line_1_64' title="bbox 1105 907 1851 952; baseline 0 -12"><span class='ocrx_word' id='word_1_334' title='bbox 1105 907 1281 952; x_wconf 88' lang='lat' dir='ltr'>supplicari</span> <span class='ocrx_word' id='word_1_335' title='bbox 1308 908 1455 941; x_wconf 82' lang='lat' dir='ltr'>fecerunt</span> <span class='ocrx_word' id='word_1_336' title='bbox 1482 913 1519 940; x_wconf 91' lang='lat' dir='ltr'>ut</span> <span class='ocrx_word' id='word_1_337' title='bbox 1538 907 1713 951; x_wconf 84' lang='lat' dir='ltr'>praemissa</span> <span class='ocrx_word' id='word_1_338' title='bbox 1732 907 1851 941; x_wconf 88' lang='lat' dir='ltr'>confir-</span> 
     </span>
     <span class='ocr_line' id='line_1_65' title="bbox 1104 960 1911 1005; baseline 0.002 -12"><span class='ocrx_word' id='word_1_339' title='bbox 1104 972 1192 995; x_wconf 88' lang='lat' dir='ltr'>mare</span> <span class='ocrx_word' id='word_1_340' title='bbox 1212 961 1251 995; x_wconf 87' lang='lat' dir='ltr'>de</span> <span class='ocrx_word' id='word_1_341' title='bbox 1279 961 1476 1005; x_wconf 85' lang='lat' dir='ltr'>benignitate</span> <span class='ocrx_word' id='word_1_342' title='bbox 1499 960 1674 1005; x_wconf 86' lang='lat' dir='ltr'>apostolica</span> <span class='ocrx_word' id='word_1_343' title='bbox 1703 960 1853 1005; x_wconf 82' lang='lat' dir='ltr'>dignare·</span> <span class='ocrx_word' id='word_1_344' title='bbox 1904 988 1911 995; x_wconf 90' lang='lat'>.</span> 
     </span>
     <span class='ocr_line' id='line_1_66' title="bbox 1104 1025 1188 1047; baseline 0.012 -1"><span class='ocrx_word' id='word_1_345' title='bbox 1104 1025 1188 1047; x_wconf 90' lang='lat' dir='ltr'>mur.</span> 
     </span>
    </p>

    <p class='ocr_par' dir='ltr' id='par_1_12' title="bbox 1102 1067 2016 2286">
     <span class='ocr_line' id='line_1_67' title="bbox 1147 1067 1852 1111; baseline 0 -11"><span class='ocrx_word' id='word_1_346' title='bbox 1147 1067 1162 1110; x_wconf 65' lang='grc' dir='ltr'><strong>ἓ</strong></span> <span class='ocrx_word' id='word_1_347' title='bbox 1187 1067 1217 1100; x_wconf 87' lang='grc'>6.</span> <span class='ocrx_word' id='word_1_348' title='bbox 1245 1067 1307 1100; x_wconf 84' lang='lat' dir='ltr'>Nos</span> <span class='ocrx_word' id='word_1_349' title='bbox 1326 1067 1435 1111; x_wconf 79' lang='lat' dir='ltr'>igitur,</span> <span class='ocrx_word' id='word_1_350' title='bbox 1454 1068 1509 1111; x_wconf 89' lang='lat' dir='ltr'>qui</span> <span class='ocrx_word' id='word_1_351' title='bbox 1530 1077 1642 1111; x_wconf 81' lang='lat' dir='ltr'>pacem</span> <span class='ocrx_word' id='word_1_352' title='bbox 1661 1073 1691 1100; x_wconf 91' lang='lat' dir='ltr'>et</span> <span class='ocrx_word' id='word_1_353' title='bbox 1710 1067 1852 1111; x_wconf 87' lang='lat' dir='ltr'>quietem</span> 
     </span>
     <span class='ocr_line' id='line_1_68' title="bbox 1104 1114 2016 1164; baseline 0.003 -12"><span class='ocrx_word' id='word_1_354' title='bbox 1104 1120 1188 1153; x_wconf 89' lang='lat' dir='ltr'>inter</span> <span class='ocrx_word' id='word_1_355' title='bbox 1211 1121 1349 1164; x_wconf 89' lang='lat' dir='ltr'>populos</span> <span class='ocrx_word' id='word_1_356' title='bbox 1367 1127 1495 1154; x_wconf 87' lang='lat' dir='ltr'>nostros</span> <span class='ocrx_word' id='word_1_357' title='bbox 1513 1121 1632 1164; x_wconf 81' lang='lat' dir='ltr'>vigere,</span> <span class='ocrx_word' id='word_1_358' title='bbox 1659 1127 1690 1154; x_wconf 91' lang='lat' dir='ltr'>et</span> <span class='ocrx_word' id='word_1_359' title='bbox 1709 1132 1793 1164; x_wconf 88' lang='lat' dir='ltr'>quae</span> <span class='ocrx_word' id='word_1_360' title='bbox 1813 1121 1852 1155; x_wconf 88' lang='lat' dir='ltr'>ad</span> <span class='ocrx_word' id='word_1_361' title='bbox 1865 1116 1913 1164; x_wconf 50' lang='lat'>2¹2⁸}</span> <span class='ocrx_word' id='word_1_362' title='bbox 1929 1117 1984 1164; x_wconf 55' lang='grc' dir='ltr'>’ἐξ</span> <span class='ocrx_word' id='word_1_363' title='bbox 2012 1114 2016 1118; x_wconf 57' lang='grc'><strong>”</strong></span> 
     </span>
     <span class='ocr_line' id='line_1_69' title="bbox 1103 1173 1943 1208; baseline 0.002 -2"><span class='ocrx_word' id='word_1_364' title='bbox 1103 1174 1190 1206; x_wconf 88' lang='lat' dir='ltr'>hunc</span> <span class='ocrx_word' id='word_1_365' title='bbox 1211 1173 1361 1207; x_wconf 82' lang='lat' dir='ltr'>effectum</span> <span class='ocrx_word' id='word_1_366' title='bbox 1380 1179 1497 1207; x_wconf 88' lang='lat' dir='ltr'>statuta</span> <span class='ocrx_word' id='word_1_367' title='bbox 1512 1180 1543 1207; x_wconf 92' lang='lat' dir='ltr'>et</span> <span class='ocrx_word' id='word_1_368' title='bbox 1562 1175 1708 1207; x_wconf 87' lang='lat' dir='ltr'>ordinata</span> <span class='ocrx_word' id='word_1_369' title='bbox 1719 1180 1794 1208; x_wconf 90' lang='lat' dir='ltr'>sunt</span> <span class='ocrx_word' id='word_1_370' title='bbox 1803 1174 1852 1208; x_wconf 91' lang='lat' dir='ltr'>in-</span> <span class='ocrx_word' id='word_1_371' title='bbox 1864 1174 1943 1202; x_wconf 72' lang='lat'>⁸¹¹⁸”3</span> 
     </span>
     <span class='ocr_line' id='line_1_70' title="bbox 1102 1227 1854 1271; baseline 0.003 -12"><span class='ocrx_word' id='word_1_372' title='bbox 1102 1227 1294 1260; x_wconf 72' lang='lat' dir='ltr'>violabiliter</span> <span class='ocrx_word' id='word_1_373' title='bbox 1313 1227 1474 1261; x_wconf 84' lang='lat' dir='ltr'>observari</span> <span class='ocrx_word' id='word_1_374' title='bbox 1484 1233 1618 1271; x_wconf 87' lang='lat' dir='ltr'>paterno</span> <span class='ocrx_word' id='word_1_375' title='bbox 1633 1228 1854 1262; x_wconf 87' lang='lat' dir='ltr'>desideramus</span> 
     </span>
     <span class='ocr_line' id='line_1_71' title="bbox 1104 1281 1853 1325; baseline 0.003 -12"><span class='ocrx_word' id='word_1_376' title='bbox 1104 1281 1234 1321; x_wconf 77' lang='lat' dir='ltr'>affectu,</span> <span class='ocrx_word' id='word_1_377' title='bbox 1255 1281 1436 1314; x_wconf 84' lang='lat' dir='ltr'>litterarum</span> <span class='ocrx_word' id='word_1_378' title='bbox 1456 1281 1705 1325; x_wconf 85' lang='lat' dir='ltr'>praedictarum,</span> <span class='ocrx_word' id='word_1_379' title='bbox 1725 1291 1853 1315; x_wconf 89' lang='lat' dir='ltr'>necnon</span> 
     </span>
     <span class='ocr_line' id='line_1_72' title="bbox 1104 1335 1853 1379; baseline 0.001 -12"><span class='ocrx_word' id='word_1_380' title='bbox 1104 1335 1348 1375; x_wconf 84' lang='lat' dir='ltr'>sententiarum,</span> <span class='ocrx_word' id='word_1_381' title='bbox 1370 1340 1405 1368; x_wconf 91' lang='lat' dir='ltr'>ut</span> <span class='ocrx_word' id='word_1_382' title='bbox 1424 1336 1618 1379; x_wconf 65' lang='lat' dir='ltr'>praescitur,</span> <span class='ocrx_word' id='word_1_383' title='bbox 1649 1335 1800 1376; x_wconf 86' lang='lat' dir='ltr'>latarum,</span> <span class='ocrx_word' id='word_1_384' title='bbox 1821 1339 1853 1369; x_wconf 82' lang='lat' dir='ltr'>et</span> 
     </span>
     <span class='ocr_line' id='line_1_73' title="bbox 1106 1387 1891 1429; baseline 0 -8"><span class='ocrx_word' id='word_1_385' title='bbox 1106 1387 1368 1421; x_wconf 80' lang='lat' dir='ltr'>terminationum</span> <span class='ocrx_word' id='word_1_386' title='bbox 1387 1388 1647 1429; x_wconf 86' lang='lat' dir='ltr'>subsecutarum,</span> <span class='ocrx_word' id='word_1_387' title='bbox 1668 1394 1700 1422; x_wconf 89' lang='lat' dir='ltr'>et</span> <span class='ocrx_word' id='word_1_388' title='bbox 1722 1388 1852 1422; x_wconf 89' lang='lat' dir='ltr'>territo·</span> <span class='ocrx_word' id='word_1_389' title='bbox 1888 1396 1891 1398; x_wconf 83' lang='lat'>&#39;</span> 
     </span>
     <span class='ocr_line' id='line_1_74' title="bbox 1106 1440 1853 1485; baseline 0.001 -12"><span class='ocrx_word' id='word_1_390' title='bbox 1106 1440 1227 1473; x_wconf 88' lang='lat' dir='ltr'>riorum</span> <span class='ocrx_word' id='word_1_391' title='bbox 1259 1440 1532 1474; x_wconf 86' lang='lat' dir='ltr'>adiudicationum</span> <span class='ocrx_word' id='word_1_392' title='bbox 1561 1452 1598 1474; x_wconf 88' lang='lat' dir='ltr'>ac</span> <span class='ocrx_word' id='word_1_393' title='bbox 1621 1451 1853 1485; x_wconf 84' lang='lat' dir='ltr'>quarumcum-</span> 
     </span>
     <span class='ocr_line' id='line_1_75' title="bbox 1106 1494 1852 1538; baseline 0.004 -11"><span class='ocrx_word' id='word_1_394' title='bbox 1106 1505 1167 1537; x_wconf 81' lang='lat' dir='ltr'>que</span> <span class='ocrx_word' id='word_1_395' title='bbox 1204 1494 1439 1538; x_wconf 84' lang='lat' dir='ltr'>scripturarum</span> <span class='ocrx_word' id='word_1_396' title='bbox 1463 1494 1601 1538; x_wconf 85' lang='lat' dir='ltr'>desuper</span> <span class='ocrx_word' id='word_1_397' title='bbox 1631 1494 1852 1531; x_wconf 83' lang='lat' dir='ltr'>confectarum</span> 
     </span>
     <span class='ocr_line' id='line_1_76' title="bbox 1107 1548 1851 1592; baseline 0.003 -12"><span class='ocrx_word' id='word_1_398' title='bbox 1107 1554 1248 1589; x_wconf 88' lang='lat' dir='ltr'>tenores,</span> <span class='ocrx_word' id='word_1_399' title='bbox 1269 1557 1397 1581; x_wconf 90' lang='lat' dir='ltr'>necnon</span> <span class='ocrx_word' id='word_1_400' title='bbox 1418 1548 1597 1581; x_wconf 89' lang='lat' dir='ltr'>confinium</span> <span class='ocrx_word' id='word_1_401' title='bbox 1611 1548 1851 1592; x_wconf 85' lang='lat' dir='ltr'>praedictorum</span> 
     </span>
     <span class='ocr_line' id='line_1_77' title="bbox 1108 1601 1854 1646; baseline 0.003 -13"><span class='ocrx_word' id='word_1_402' title='bbox 1108 1601 1292 1634; x_wconf 34' lang='lat' dir='ltr'>situationes</span> <span class='ocrx_word' id='word_1_403' title='bbox 1312 1601 1534 1645; x_wconf 80' lang='lat' dir='ltr'>praesentibus</span> <span class='ocrx_word' id='word_1_404' title='bbox 1553 1612 1612 1646; x_wconf 92' lang='lat' dir='ltr'>pro</span> <span class='ocrx_word' id='word_1_405' title='bbox 1627 1601 1784 1645; x_wconf 84' lang='lat' dir='ltr'>expressis</span> <span class='ocrx_word' id='word_1_406' title='bbox 1797 1602 1854 1636; x_wconf 59' lang='lat' dir='ltr'>haf-</span> 
     </span>
     <span class='ocr_line' id='line_1_78' title="bbox 1110 1654 1852 1699; baseline 0.003 -13"><span class='ocrx_word' id='word_1_407' title='bbox 1110 1655 1230 1695; x_wconf 67' lang='lat' dir='ltr'>tientes,</span> <span class='ocrx_word' id='word_1_408' title='bbox 1251 1654 1439 1688; x_wconf 89' lang='lat' dir='ltr'>huiusmodi</span> <span class='ocrx_word' id='word_1_409' title='bbox 1458 1654 1748 1699; x_wconf 86' lang='lat' dir='ltr'>supplicationibus</span> <span class='ocrx_word' id='word_1_410' title='bbox 1759 1654 1852 1688; x_wconf 64' lang='lat' dir='ltr'>incli-</span> 
     </span>
     <span class='ocr_line' id='line_1_79' title="bbox 1110 1707 1854 1752; baseline 0 -12"><span class='ocrx_word' id='word_1_411' title='bbox 1110 1708 1184 1748; x_wconf 87' lang='lat' dir='ltr'>nati,</span> <span class='ocrx_word' id='word_1_412' title='bbox 1207 1708 1378 1741; x_wconf 89' lang='lat' dir='ltr'>sententias</span> <span class='ocrx_word' id='word_1_413' title='bbox 1402 1718 1499 1752; x_wconf 90' lang='lat' dir='ltr'>super</span> <span class='ocrx_word' id='word_1_414' title='bbox 1525 1707 1706 1740; x_wconf 88' lang='lat' dir='ltr'>confinibus</span> <span class='ocrx_word' id='word_1_415' title='bbox 1728 1708 1854 1751; x_wconf 86' lang='lat' dir='ltr'>praedi—</span> 
     </span>
     <span class='ocr_line' id='line_1_80' title="bbox 1109 1761 1854 1805; baseline 0 -11"><span class='ocrx_word' id='word_1_416' title='bbox 1109 1762 1168 1794; x_wconf 82' lang='lat' dir='ltr'>etis</span> <span class='ocrx_word' id='word_1_417' title='bbox 1186 1761 1265 1794; x_wconf 86' lang='lat' dir='ltr'>latas</span> <span class='ocrx_word' id='word_1_418' title='bbox 1290 1761 1479 1805; x_wconf 84' lang='lat' dir='ltr'>praedictas,</span> <span class='ocrx_word' id='word_1_419' title='bbox 1499 1772 1536 1794; x_wconf 85' lang='lat' dir='ltr'>ac</span> <span class='ocrx_word' id='word_1_420' title='bbox 1556 1761 1798 1795; x_wconf 82' lang='lat' dir='ltr'>terminationes</span> <span class='ocrx_word' id='word_1_421' title='bbox 1820 1766 1854 1794; x_wconf 89' lang='lat' dir='ltr'>et</span> 
     </span>
     <span class='ocr_line' id='line_1_81' title="bbox 1108 1813 1852 1855; baseline 0 -8"><span class='ocrx_word' id='word_1_422' title='bbox 1108 1814 1364 1848; x_wconf 83' lang='lat' dir='ltr'>adiudicationes</span> <span class='ocrx_word' id='word_1_423' title='bbox 1383 1815 1481 1847; x_wconf 82' lang='lat' dir='ltr'>saetas</span> <span class='ocrx_word' id='word_1_424' title='bbox 1502 1819 1533 1847; x_wconf 91' lang='lat' dir='ltr'>et</span> <span class='ocrx_word' id='word_1_425' title='bbox 1560 1814 1750 1855; x_wconf 83' lang='lat' dir='ltr'>declaratas,</span> <span class='ocrx_word' id='word_1_426' title='bbox 1767 1813 1852 1847; x_wconf 82' lang='lat' dir='ltr'>iuxta</span> 
     </span>
     <span class='ocr_line' id='line_1_82' title="bbox 1109 1867 1856 1910; baseline -0.001 -9"><span class='ocrx_word' id='word_1_427' title='bbox 1109 1869 1235 1901; x_wconf 85' lang='lat' dir='ltr'>illarum</span> <span class='ocrx_word' id='word_1_428' title='bbox 1257 1867 1487 1910; x_wconf 82' lang='lat' dir='ltr'>continentiam</span> <span class='ocrx_word' id='word_1_429' title='bbox 1501 1873 1533 1900; x_wconf 88' lang='lat' dir='ltr'>et</span> <span class='ocrx_word' id='word_1_430' title='bbox 1548 1873 1704 1907; x_wconf 86' lang='lat' dir='ltr'>tenorem,</span> <span class='ocrx_word' id='word_1_431' title='bbox 1715 1873 1746 1901; x_wconf 90' lang='lat' dir='ltr'>et</span> <span class='ocrx_word' id='word_1_432' title='bbox 1758 1877 1856 1910; x_wconf 85' lang='lat' dir='ltr'>quae-</span> 
     </span>
     <span class='ocr_line' id='line_1_83' title="bbox 1117 1920 1855 1965; baseline -0.001 -11"><span class='ocrx_word' id='word_1_433' title='bbox 1117 1932 1250 1965; x_wconf 66' lang='lat' dir='ltr'>tumque</span> <span class='ocrx_word' id='word_1_434' title='bbox 1269 1921 1330 1954; x_wconf 89' lang='lat' dir='ltr'>alia</span> <span class='ocrx_word' id='word_1_435' title='bbox 1350 1921 1424 1954; x_wconf 90' lang='lat' dir='ltr'>inde</span> <span class='ocrx_word' id='word_1_436' title='bbox 1438 1927 1560 1962; x_wconf 87' lang='lat' dir='ltr'>secuta,</span> <span class='ocrx_word' id='word_1_437' title='bbox 1577 1920 1768 1954; x_wconf 87' lang='lat' dir='ltr'>auctoritate</span> <span class='ocrx_word' id='word_1_438' title='bbox 1780 1930 1855 1964; x_wconf 87' lang='lat' dir='ltr'>apo-</span> 
     </span>
     <span class='ocr_line' id='line_1_84' title="bbox 1112 1973 1855 2018; baseline -0.003 -10"><span class='ocrx_word' id='word_1_439' title='bbox 1112 1975 1231 2015; x_wconf 47' lang='lat' dir='ltr'>dolica,</span> <span class='ocrx_word' id='word_1_440' title='bbox 1248 1981 1359 2008; x_wconf 90' lang='lat' dir='ltr'>tenore</span> <span class='ocrx_word' id='word_1_441' title='bbox 1378 1974 1610 2018; x_wconf 88' lang='lat' dir='ltr'>praesentium,</span> <span class='ocrx_word' id='word_1_442' title='bbox 1624 1973 1855 2007; x_wconf 85' lang='lat' dir='ltr'>confirmamus</span> 
     </span>
     <span class='ocr_line' id='line_1_85' title="bbox 1109 2026 1857 2073; baseline -0.001 -12"><span class='ocrx_word' id='word_1_443' title='bbox 1109 2034 1139 2061; x_wconf 78' lang='lat' dir='ltr'>ct</span> <span class='ocrx_word' id='word_1_444' title='bbox 1163 2029 1391 2073; x_wconf 85' lang='lat' dir='ltr'>approbamus,</span> <span class='ocrx_word' id='word_1_445' title='bbox 1413 2028 1539 2070; x_wconf 87' lang='lat' dir='ltr'>illisque</span> <span class='ocrx_word' id='word_1_446' title='bbox 1558 2033 1733 2071; x_wconf 83' lang='lat' dir='ltr'>perpetuae</span> <span class='ocrx_word' id='word_1_447' title='bbox 1753 2032 1784 2060; x_wconf 90' lang='lat' dir='ltr'>et</span> <span class='ocrx_word' id='word_1_448' title='bbox 1809 2026 1857 2060; x_wconf 88' lang='lat' dir='ltr'>in-</span> 
     </span>
     <span class='ocr_line' id='line_1_86' title="bbox 1109 2079 1856 2124; baseline -0.003 -10"><span class='ocrx_word' id='word_1_449' title='bbox 1109 2081 1267 2115; x_wconf 78' lang='lat' dir='ltr'>violabilis</span> <span class='ocrx_word' id='word_1_450' title='bbox 1283 2081 1443 2114; x_wconf 87' lang='lat' dir='ltr'>firmitatis</span> <span class='ocrx_word' id='word_1_451' title='bbox 1453 2081 1554 2113; x_wconf 90' lang='lat' dir='ltr'>robur</span> <span class='ocrx_word' id='word_1_452' title='bbox 1564 2079 1747 2120; x_wconf 87' lang='lat' dir='ltr'>adiicimus,</span> <span class='ocrx_word' id='word_1_453' title='bbox 1760 2085 1856 2124; x_wconf 86' lang='lat' dir='ltr'>atque</span> 
     </span>
     <span class='ocr_line' id='line_1_87' title="bbox 1107 2129 1854 2178; baseline -0.003 -10"><span class='ocrx_word' id='word_1_454' title='bbox 1107 2129 1221 2168; x_wconf 84' lang='lat' dir='ltr'>¹omnes</span> <span class='ocrx_word' id='word_1_455' title='bbox 1240 2140 1271 2168; x_wconf 89' lang='lat' dir='ltr'>et</span> <span class='ocrx_word' id='word_1_456' title='bbox 1289 2135 1433 2178; x_wconf 79' lang='lat' dir='ltr'>singulos</span> <span class='ocrx_word' id='word_1_457' title='bbox 1455 2134 1534 2167; x_wconf 88' lang='lat' dir='ltr'>iuris</span> <span class='ocrx_word' id='word_1_458' title='bbox 1554 2140 1585 2167; x_wconf 91' lang='lat' dir='ltr'>et</span> <span class='ocrx_word' id='word_1_459' title='bbox 1603 2133 1677 2167; x_wconf 87' lang='lat' dir='ltr'>facti</span> <span class='ocrx_word' id='word_1_460' title='bbox 1697 2134 1854 2175; x_wconf 84' lang='lat' dir='ltr'>defectus,</span> 
     </span>
     <span class='ocr_line' id='line_1_88' title="bbox 1102 2186 1856 2232; baseline -0.004 -10"><span class='ocrx_word' id='word_1_461' title='bbox 1102 2186 1135 2221; x_wconf 54' lang='grc' dir='ltr'>Ᾰεί</span> <span class='ocrx_word' id='word_1_462' title='bbox 1155 2189 1210 2232; x_wconf 88' lang='lat' dir='ltr'>qui</span> <span class='ocrx_word' id='word_1_463' title='bbox 1231 2189 1338 2222; x_wconf 81' lang='lat' dir='ltr'>forsan</span> <span class='ocrx_word' id='word_1_464' title='bbox 1351 2187 1580 2221; x_wconf 81' lang='lat' dir='ltr'>intervenerint</span> <span class='ocrx_word' id='word_1_465' title='bbox 1591 2187 1624 2220; x_wconf 92' lang='lat' dir='ltr'>in</span> <span class='ocrx_word' id='word_1_466' title='bbox 1635 2186 1856 2231; x_wconf 89' lang='lat' dir='ltr'>eisdem,sup-</span> 
     </span>
     <span class='ocr_line' id='line_1_89' title="bbox 1112 2242 1246 2286; baseline 0.007 -12"><span class='ocrx_word' id='word_1_467' title='bbox 1112 2242 1246 2286; x_wconf 86' lang='lat' dir='ltr'>plemus.</span> 
     </span>
    </p>

    <p class='ocr_par' dir='ltr' id='par_1_13' title="bbox 1154 2293 1858 2339">
     <span class='ocr_line' id='line_1_90' title="bbox 1154 2293 1858 2339; baseline -0.003 -11"><span class='ocrx_word' id='word_1_468' title='bbox 1154 2296 1168 2339; x_wconf 58' lang='grc' dir='ltr'><strong>ξ</strong></span> <span class='ocrx_word' id='word_1_469' title='bbox 1194 2295 1224 2328; x_wconf 90' lang='grc'>7.</span> <span class='ocrx_word' id='word_1_470' title='bbox 1258 2295 1389 2328; x_wconf 86' lang='lat' dir='ltr'>Necnon</span> <span class='ocrx_word' id='word_1_471' title='bbox 1417 2293 1590 2328; x_wconf 86' lang='lat' dir='ltr'>sententias</span> <span class='ocrx_word' id='word_1_472' title='bbox 1620 2293 1799 2337; x_wconf 87' lang='lat' dir='ltr'>praedictas</span> <span class='ocrx_word' id='word_1_473' title='bbox 1825 2299 1858 2327; x_wconf 88' lang='lat' dir='ltr'>et</span> 
     </span>
    </p>
   </div>
   <div class='ocr_carea' id='block_1_9' title="bbox 1112 2346 1856 2587">
    <p class='ocr_par' dir='ltr' id='par_1_14' title="bbox 1112 2346 1856 2587">
     <span class='ocr_line' id='line_1_91' title="bbox 1112 2346 1856 2392; baseline -0.001 -11"><span class='ocrx_word' id='word_1_474' title='bbox 1112 2349 1186 2381; x_wconf 87' lang='lat' dir='ltr'>inde</span> <span class='ocrx_word' id='word_1_475' title='bbox 1201 2355 1309 2381; x_wconf 80' lang='lat' dir='ltr'>secuta</span> <span class='ocrx_word' id='word_1_476' title='bbox 1324 2358 1549 2392; x_wconf 85' lang='lat' dir='ltr'>quaecumque</span> <span class='ocrx_word' id='word_1_477' title='bbox 1567 2347 1606 2380; x_wconf 91' lang='lat' dir='ltr'>ab</span> <span class='ocrx_word' id='word_1_478' title='bbox 1627 2346 1747 2380; x_wconf 87' lang='lat' dir='ltr'>eisdem</span> <span class='ocrx_word' id='word_1_479' title='bbox 1767 2356 1856 2380; x_wconf 90' lang='lat' dir='ltr'>com-</span> 
     </span>
     <span class='ocr_line' id='line_1_92' title="bbox 1112 2395 1856 2440; baseline -0.001 -11"><span class='ocrx_word' id='word_1_480' title='bbox 1112 2397 1321 2430; x_wconf 83' lang='lat' dir='ltr'>munitatibus</span> <span class='ocrx_word' id='word_1_481' title='bbox 1353 2404 1384 2430; x_wconf 90' lang='lat' dir='ltr'>et</span> <span class='ocrx_word' id='word_1_482' title='bbox 1413 2396 1598 2429; x_wconf 78' lang='lat' dir='ltr'>hominibus</span> <span class='ocrx_word' id='word_1_483' title='bbox 1616 2400 1774 2440; x_wconf 88' lang='lat' dir='ltr'>perpetuo</span> <span class='ocrx_word' id='word_1_484' title='bbox 1797 2395 1856 2428; x_wconf 93' lang='lat' dir='ltr'>ob-</span> 
     </span>
     <span class='ocr_line' id='line_1_93' title="bbox 1112 2443 1855 2486; baseline -0.003 -9"><span class='ocrx_word' id='word_1_485' title='bbox 1112 2445 1229 2478; x_wconf 73' lang='lat' dir='ltr'>servari</span> <span class='ocrx_word' id='word_1_486' title='bbox 1249 2446 1378 2486; x_wconf 86' lang='lat' dir='ltr'>debere,</span> <span class='ocrx_word' id='word_1_487' title='bbox 1397 2455 1456 2478; x_wconf 88' lang='lat' dir='ltr'>nec</span> <span class='ocrx_word' id='word_1_488' title='bbox 1480 2445 1520 2477; x_wconf 88' lang='lat' dir='ltr'>ab</span> <span class='ocrx_word' id='word_1_489' title='bbox 1539 2443 1602 2476; x_wconf 90' lang='lat' dir='ltr'>illis</span> <span class='ocrx_word' id='word_1_490' title='bbox 1620 2444 1688 2476; x_wconf 91' lang='lat' dir='ltr'>ullo</span> <span class='ocrx_word' id='word_1_491' title='bbox 1701 2452 1855 2486; x_wconf 84' lang='lat' dir='ltr'>umquam</span> 
     </span>
     <span class='ocr_line' id='line_1_94' title="bbox 1112 2490 1855 2538; baseline -0.003 -13"><span class='ocrx_word' id='word_1_492' title='bbox 1112 2498 1257 2538; x_wconf 89' lang='lat' dir='ltr'>tempore</span> <span class='ocrx_word' id='word_1_493' title='bbox 1273 2501 1303 2527; x_wconf 87' lang='lat' dir='ltr'>et</span> <span class='ocrx_word' id='word_1_494' title='bbox 1322 2494 1432 2537; x_wconf 83' lang='lat' dir='ltr'>quovis</span> <span class='ocrx_word' id='word_1_495' title='bbox 1451 2493 1595 2537; x_wconf 78' lang='lat' dir='ltr'>quaesito</span> <span class='ocrx_word' id='word_1_496' title='bbox 1615 2492 1724 2525; x_wconf 84' lang='lat' dir='ltr'>colore</span> <span class='ocrx_word' id='word_1_497' title='bbox 1739 2490 1855 2525; x_wconf 90' lang='lat' dir='ltr'>resiliri</span> 
     </span>
     <span class='ocr_line' id='line_1_95' title="bbox 1113 2538 1856 2587; baseline -0.004 -12"><span class='ocrx_word' id='word_1_498' title='bbox 1113 2552 1218 2585; x_wconf 79' lang='lat' dir='ltr'>posse3</span> <span class='ocrx_word' id='word_1_499' title='bbox 1228 2544 1336 2586; x_wconf 86' lang='lat' dir='ltr'>sicque</span> <span class='ocrx_word' id='word_1_500' title='bbox 1344 2553 1401 2587; x_wconf 91' lang='lat' dir='ltr'>per</span> <span class='ocrx_word' id='word_1_501' title='bbox 1409 2552 1631 2586; x_wconf 84' lang='lat' dir='ltr'>quoscumque</span> <span class='ocrx_word' id='word_1_502' title='bbox 1642 2540 1764 2573; x_wconf 87' lang='lat' dir='ltr'>iudices</span> <span class='ocrx_word' id='word_1_503' title='bbox 1773 2538 1856 2573; x_wconf 88' lang='lat' dir='ltr'>ordi-</span> 
     </span>
    </p>
   </div>
   <div class='ocr_carea' id='block_1_10' title="bbox 1957 0 2059 3228">
    <p class='ocr_par' dir='ltr' id='par_1_15' title="bbox 1957 0 2059 3228">
     <span class='ocr_line' id='line_1_96' title="bbox 1957 0 2059 465; baseline 0 0"><span class='ocrx_word' id='word_1_504' title='bbox 1957 0 2059 465; x_wconf 95' lang='lat' dir='ltr'>    </span> 
     </span>
     <span class='ocr_line' id='line_1_97' title="bbox 1957 465 2059 821; baseline 0 0"><span class='ocrx_word' id='word_1_505' title='bbox 1957 465 2059 821; x_wconf 95' lang='lat' dir='ltr'>  </span> 
     </span>
     <span class='ocr_line' id='line_1_98' title="bbox 1957 821 2059 3228; baseline 0 -2123"><span class='ocrx_word' id='word_1_506' title='bbox 1957 821 2059 3228; x_wconf 95' lang='lat' dir='ltr'>     </span> 
     </span>
    </p>
   </div>
   <div class='ocr_carea' id='block_1_11' title="bbox 1870 2265 2051 2362">
    <p class='ocr_par' dir='ltr' id='par_1_16' title="bbox 1870 2265 2051 2362">
     <span class='ocr_line' id='line_1_99' title="bbox 1920 2265 2051 2279; baseline 0.008 -1"><span class='ocrx_word' id='word_1_507' title='bbox 1920 2267 1923 2271; x_wconf 77' lang='lat'><em>&#39;</em></span> <span class='ocrx_word' id='word_1_508' title='bbox 1957 2265 1959 2268; x_wconf 75' lang='lat'><em>⁴</em></span> <span class='ocrx_word' id='word_1_509' title='bbox 1998 2274 2002 2278; x_wconf 87' lang='lat'>.</span> <span class='ocrx_word' id='word_1_510' title='bbox 2048 2269 2051 2279; x_wconf 83' lang='grc' dir='ltr'>ι</span> 
     </span>
     <span class='ocr_line' id='line_1_100' title="bbox 1917 2281 2051 2330; baseline -0.015 0"><span class='ocrx_word' id='word_1_511' title='bbox 1917 2294 1956 2330; x_wconf 57' lang='lat'>⁸⁸?</span> <span class='ocrx_word' id='word_1_512' title='bbox 1983 2312 2001 2329; x_wconf 61' lang='grc' dir='ltr'>ς</span> <span class='ocrx_word' id='word_1_513' title='bbox 2024 2306 2027 2310; x_wconf 75' lang='grc'><em>’</em></span> <span class='ocrx_word' id='word_1_514' title='bbox 2049 2281 2051 2287; x_wconf 47' lang='grc' dir='ltr'>Ι</span> 
     </span>
     <span class='ocr_line' id='line_1_101' title="bbox 1870 2330 2051 2362; baseline -0.011 -14"><span class='ocrx_word' id='word_1_515' title='bbox 1870 2331 1953 2349; x_wconf 65' lang='lat' dir='ltr'>servu!</span> <span class='ocrx_word' id='word_1_516' title='bbox 1966 2336 1967 2339; x_wconf 60' lang='lat'>¹</span> <span class='ocrx_word' id='word_1_517' title='bbox 1981 2330 2001 2351; x_wconf 67' lang='grc' dir='ltr'>ζΪ,</span> <span class='ocrx_word' id='word_1_518' title='bbox 2048 2343 2051 2362; x_wconf 44' lang='grc' dir='ltr'><em>ἢ</em></span> 
     </span>
    </p>
   </div>
  </div>
 </body>
</html>
