2059 3228
132 201 186 230 An.
203 202 223 232 C
248 205 315 234 1575

117 1697 289 1725 snbspdts'ltpn-

105 1729 191 1748 stoticae
234 1735 287 1756 pro-

104 1760 198 1779 tectione
220 1761 288 1780 susci-

104 1790 134 1815 pit
188 1790 287 1811 Ordinem

104 1820 192 1847 eiusque
202 1821 287 1848 profes-

102 1857 170 1872 notes.

330 256 469 290 iusmodi
501 255 743 300 privilegiorum
762 246 948 296 diffluente,
987 256 1073 289 idem

326 311 398 343 Pius
418 309 502 353 Papa
525 309 561 348 V,
583 309 721 352 septimo
732 309 884 342 kalendas
903 309 1070 350 februarii,

324 373 409 395 anno
440 362 583 395 seeundo
608 362 752 396 eiusdem
773 362 822 395 sui
850 362 1068 406 pontificatus,

324 426 436 448 novam
458 416 593 448 sormam
610 416 704 448 dictis
723 415 897 460 privilegiis
916 417 1072 460 praescri-

322 469 432 513 pserit,
450 469 645 511 quibusdam
665 469 811 511 sublatis,
824 470 989 503 nonnullis
1000 481 1069 504 mo-

322 522 440 554 deratis
459 527 489 554 et
509 522 693 563 declaratis,
715 523 787 556 aliis
802 533 878 557 vero
894 524 1026 557 mutatis
1038 529 1070 558 et

320 574 506 618 antiquatis.
540 576 613 615 Nos,
633 586 675 609 ne
695 576 750 609 illa
774 577 868 610 toties
897 575 971 610 ante
1001 589 1068 611 ere-

319 628 458 660 ctionem
469 629 653 672 praedictae
661 630 794 663 militiae
807 630 912 664 Sancti
928 631 1067 664 Mauritii

318 681 356 713 ad
379 692 472 714 usum
491 687 521 715 et
536 683 745 716 commodum
765 683 934 729 hospitalis
958 685 1067 718 Sancti

316 734 434 770 Lazari,
454 735 606 779 illiusque
634 736 782 770 locorum
803 743 835 771 et
852 748 1066 782 personarum

316 788 479 821 dumtaxat
494 800 658 830 concessa,
680 791 798 824 referta
817 796 849 825 et
857 792 975 826 refecta
991 803 1065 826 cum

314 842 538 883 praesentibus
555 844 778 878 confusionem
801 845 933 886 saciant,
954 846 1010 879 sed
1030 851 1065 879 ut

315 894 411 928 unica
426 895 486 929 hac
506 897 659 941 deinceps
682 898 1064 943 privilegiorum,gratia-

313 949 593 988 ru1n‚sacultatum
606 957 637 985 et
646 951 846 986 indultorum
859 953 1064 987 formulami·

312 1001 399 1034 litiae
419 1003 611 1037 Sanctorum
629 1004 922 1039 MauritiietLazari
936 1018 1064 1041 accom—

312 1056 438 1089 modata
459 1057 632 1098 habeatur,
659 1059 698 1092 de
713 1059 908 1103 apostolicae
924 1066 1062 1104 potesta-

311 1108 350 1140 tis
369 1109 583 1152 plenitudine,
606 1112 715 1145 omnia
730 1113 908 1156 privilegia,
928 1114 1058 1156 gratias,

309 1162 476 1196 facultates
499 1168 529 1196 et
548 1163 674 1197 indulta
699 1165 897 1208 supradicta,
924 1166 1060 1210 quibus-

310 1225 449 1259 cumque
470 1216 525 1249 illa
541 1223 698 1261 concepta
708 1218 772 1251 sint
790 1219 905 1260 modis,
919 1230 956 1253 ac
972 1221 1061 1254 clau-

309 1268 386 1300 sulis
403 1274 432 1301 et
444 1269 582 1303 decretis
600 1272 762 1312 roborata,
779 1272 818 1305 ad
838 1273 1059 1316 praesentium

308 1320 444 1354 sormam
465 1323 598 1357 omnino
618 1325 819 1366 reducimus,
833 1326 1056 1370 decernentes,

309 1373 346 1405 iis
365 1374 528 1408 dumtaxat
547 1378 772 1420 praesentibus
787 1379 826 1412 de
843 1385 951 1413 cetero
966 1386 1060 1415 uten-

306 1427 383 1460 dum
405 1440 490 1469 esse;
510 1441 570 1464 nec
586 1442 650 1464 non
665 1432 792 1465 irritum
809 1438 840 1466 et
849 1433 945 1467 inane
962 1435 1058 1478 quid-

307 1481 384 1524 quid
409 1493 501 1516 secus
530 1495 546 1517 a
572 1495 750 1528 quoquam,
773 1487 884 1529 quavis
913 1489 1057 1523 auctori-

306 1540 381 1576 tate,
407 1537 548 1571 scienter
572 1540 620 1572 vel
645 1540 847 1582 ignoranter,
884 1543 1058 1587 contigerit

305 1591 465 1623 attentari.

347 1643 361 1685 ξ
387 1644 417 1676 6.
445 1644 605 1686 Ceterum,
634 1647 761 1690 cognita
785 1648 930 1691 quotidie
954 1651 1056 1694 magis

301 1697 418 1730 virtute
439 1698 515 1731 dicti
535 1699 755 1734 Emmanuelis
774 1702 941 1736 Philiberti
964 1704 1056 1738 ducis

303 1756 331 1782 et
352 1752 456 1794 magni
477 1752 631 1795 magistri,
649 1764 876 1799 propensoque
896 1757 929 1789 in
948 1768 1008 1791 nos
1024 1763 1055 1791 et

301 1804 417 1836 dictam
441 1806 675 1848 rempublicam
697 1808 906 1843 christianam
931 1810 1051 1853 animo,

300 1868 372 1889 rum
388 1857 420 1889 in
439 1859 565 1899 ceteris,
589 1865 655 1892 tuni
673 1861 850 1895 maximein
864 1874 1055 1907 comparan-

299 1910 347 1943 dis
379 1911 492 1944 sedulo
519 1912 612 1945 dictis
639 1914 838 1956 triremibus,
867 1916 1053 1961 eisdemque

298 1969 505 1996 strenuorum
541 1965 680 1998 militum
717 1978 815 2001 manu
842 1969 1050 2011 instruendis,

299 2016 353 2059 qui
369 2021 400 2049 et
419 2017 543 2060 praelio
563 2024 593 2051 et
618 2020 760 2053 tutandis
780 2022 949 2056 maritimis
973 2025 1049 2066 oris,

299 2070 532 2114 rempublicam
558 2072 659 2116 ipsam
689 2074 896 2109 christianam
924 2078 1051 2121 egregie

298 2123 501 2165 adiuverunt,
524 2136 697 2170 prosperos
717 2134 745 2161 ct
767 2129 877 2163 felices
890 2130 1050 2165 dictarum

300 2177 488 2210 militiarum
514 2189 683 2213 successus
703 2182 743 2214 ad
773 2183 827 2215 Dei
858 2184 992 2226 gloriam
1021 2191 1051 2218 et

301 2229 391 2263 Sedis
411 2232 594 2274 praedictae
615 2235 746 2267 tutelam
770 2236 974 2270 vehementer
990 2250 1048 2282 op—

298 2287 412 2323 tantes,
434 2285 629 2329 suscipimus
650 2287 682 2319 in
702 2295 895 2332 perpetuum
917 2291 976 2324 sub
993 2302 1050 2325 no-

298 2341 362 2368 stra
382 2342 411 2369 et
432 2337 517 2371 Beati
534 2339 618 2372 Petri
632 2343 833 2384 protectione
847 2344 1004 2389 nobisque
1018 2352 1049 2379 et

297 2383 400 2417 dictae
418 2385 490 2418 Sesti
502 2387 685 2423 immediate
697 2391 887 2425 subiieimus
900 2394 1047 2428 militiam

297 2433 493 2474 praedictam
514 2436 707 2471 Sanctorum
727 2440 864 2474 Mauritii
881 2443 1045 2483 etLazari‚

297 2490 334 2512 ac
354 2480 481 2515 illorum
503 2494 656 2528 magnum
682 2489 882 2531 magistrum,
906 2491 1045 2534 priores,

297 2537 535 2574 p1·aeceptoreS‚
564 2534 681 2569 milites
706 2532 831 2578 fratres,
854 2539 949 2572 etiam
974 2551 1048 2584 pre·

296 2577 454 2624 sbyteros,
470 2586 498 2614 et
512 2592 679 2629 personas,
698 2595 877 2630 eorumque
890 2589 1046 2632 subditos,

924 201 1105 228 namnum
1123 202 1275 227 Rostfflmt

1115 256 1274 296 vassallos,
1294 255 1427 289 colonos
1438 261 1469 289 et
1480 255 1650 290 servitores
1665 257 1748 290 Intra
1767 265 1862 299 regu-

1114 308 1194 341 laria
1205 309 1311 343 dictae
1325 309 1458 342 militiae
1470 310 1540 342 loca
1551 310 1755 353 degentes‚ac
1763 309 1861 343 etiam

1113 372 1225 394 curam
1246 361 1426 395 animarum
1441 368 1634 403 exercentes,
1653 362 1860 396 salvistamen

1112 415 1241 448 concilii
1256 415 1435 449 Tridentini
1446 416 1595 457 decretis,
1606 416 1760 459 quamdiu
1770 417 1859 450 illam

1112 469 1326 510 exercuerint,
1349 474 1380 502 et
1399 469 1432 502 in
1451 469 1583 503 illorum
1602 468 1764 513 obsequiis
1788 470 1859 503 fae-

1110 522 1196 562 rint;
1226 533 1353 556 necnon
1394 523 1555 566 prioratus
1568 549 1576 563 ‚
1610 523 1858 567 praeceptorias,

1110 576 1273 617 ecclesias,
1311 577 1497 621 hospitalia,
1537 577 1660 617 domos,
1697 575 1856 619 grangiaS,

1108 630 1251 674 praedia,
1271 630 1421 671 fabricas,
1443 630 1641 670 molendina,
1661 629 1811 663 animalia
1827 634 1860 664 et

1108 685 1171 717 alia
1185 684 1270 718 bona
1286 694 1511 728 quaecumque
1525 683 1626 728 ipsius
1637 684 1770 717 militiae
1780 684 1859 718 San-

1108 743 1233 771 ctorum
1248 737 1386 771 Mauritii
1398 743 1428 771 et
1436 738 1557 779 Lazari,
1571 743 1602 771 et
1613 748 1696 781 quae
1711 737 1759 771 illi
1770 738 1810 771 ab
1820 748 1858 772 ea

1107 792 1252 825 obtinent
1272 797 1303 825 et
1321 792 1486 836 possident
1496 802 1534 825 ac
1548 791 1751 832 infuturum,
1762 791 1858 826 dante

1105 844 1254 885 Domino,
1274 844 1429 878 canonice
1449 844 1650 878 obtinebunt.

1149 899 1164 942 ἓ
1189 898 1220 932 7.
1247 899 1291 932 Ac
1311 899 1398 932 iuxta
1421 898 1576 932 terminos
1611 898 1688 933 dicti
1725 899 1856 933 concilii

1103 956 1241 993 tantum,
1274 958 1305 985 et
1328 953 1421 985 salvis
1452 952 1541 986 illius
1571 952 1721 993 decretis,
1743 953 1854 987 eximi-

1104 1015 1177 1038 mus
1195 1010 1226 1038 et
1244 1005 1514 1045 liberamusillos,
1528 1006 1598 1039 illas
1607 1012 1637 1039 et
1650 1006 1749 1040 illaab
1766 1007 1856 1040 omni

1102 1058 1337 1101 iurisdictione,
1351 1059 1786 1104 correctione,superiolate,
1799 1060 1856 1094 do-

1102 1111 1202 1145 minio
1210 1118 1242 1146 et
1252 1117 1408 1156 potestate
1419 1123 1703 1158 quorumcumque
1714 1113 1853 1158 patriar-

1102 1164 1248 1206 charum,
1267 1165 1599 1210 archiepiscoporum,
1615 1166 1853 1211 episcoporum,

1101 1220 1320 1262 praelatorum
1353 1225 1384 1252 et
1419 1220 1566 1253 locorum
1597 1221 1850 1263 ordinariorum,

1100 1283 1228 1306 necnon
1254 1273 1463 1307 dominorum
1493 1274 1743 1319 temporalium,
1770 1286 1852 1319 qua-

1100 1326 1157 1367 vis,
1179 1326 1276 1359 etiam
1297 1327 1418 1368 ducali,
1444 1327 1545 1371 regali
1565 1334 1596 1361 et
1615 1328 1776 1372 imperiali
1794 1340 1854 1373 po-

1099 1384 1211 1413 testate
1227 1380 1433 1423 fulgentium,
1447 1391 1484 1414 ac
1494 1381 1589 1414 etiam
1599 1381 1849 1420 Universitatum
1881 1420 1890 1429 ⁵

1099 1438 1131 1466 et
1162 1433 1292 1466 illarum
1312 1434 1495 1477 regentium
1515 1434 1733 1478 aliorumque,
1753 1445 1849 1479 prae-

1099 1491 1249 1530 terquam
1289 1488 1423 1521 militiae
1454 1488 1638 1532 praedictae
1657 1489 1848 1523 Sanctorum

1098 1541 1235 1574 Mauritii
1269 1546 1300 1575 et
1318 1542 1427 1575 Lazari
1456 1541 1674 1585 superiorum,
1704 1542 1738 1575 in
1766 1553 1848 1586 qua-

1098 1605 1238 1639 cumque
1258 1595 1426 1638 dignitate,
1445 1600 1540 1637 statu,
1563 1595 1676 1638 gradu,
1689 1595 1802 1643 ordine
1817 1601 1849 1629 et

1097 1648 1292 1690 conditione,
1314 1660 1352 1682 ac
1376 1649 1574 1692 ubicumque
1594 1649 1759 1692 gentium,
1781 1654 1846 1682 tam

1097 1702 1178 1735 citra
1198 1713 1295 1746 quam
1310 1703 1396 1736 ultra
1409 1713 1498 1736 mare
1515 1708 1545 1736 et
1570 1708 1706 1749 montes,
1726 1701 1846 1736 consti-

1096 1761 1253 1798 tutorum,
1276 1756 1473 1801 illorumque
1485 1756 1694 1797 vicariorum,
1722 1756 1845 1790 officia-

1096 1809 1186 1851 lium,
1207 1811 1460 1844 locatenentium
1480 1816 1512 1845 et
1530 1810 1676 1844 iudicum
1696 1820 1846 1855 praesen-

1094 1864 1176 1898 tium
1198 1871 1228 1898 et
1248 1865 1446 1898 futurorum.

1139 1918 1154 1961 ξ,
1170 1918 1201 1952 8.
1227 1919 1360 1952 Necnon
1380 1930 1397 1952 a
1414 1918 1586 1959 solutione,
1601 1910 1845 1963 ratione'passa-

1094 1971 1149 2014 gii,
1175 1972 1343 2015 arreragii,
1369 1971 1525 2014 gabessae,
1555 1972 1644 2012 datii,
1677 1972 1842 2014 collectae,

1094 2025 1343 2068 procurationis,
1368 2025 1501 2059 iucundi
1518 2025 1685 2067 adventus,
1707 2025 1842 2067 ini-ium,

1093 2079 1187 2112 etiam
1209 2080 1423 2123 synodalium,
1445 2090 1613 2120 censuum,
1633 2079 1843 2124 decimarum,

1092 2132 1266 2174 novalium,
1289 2133 1470 2174 hortorum,
1493 2139 1672 2176 pratorum,
1697 2133 1844 2176 piscatio-

1091 2195 1169 2218 num
1191 2192 1221 2220 et
1240 2187 1516 2227 molendinorum,
1539 2198 1575 2220 ac
1595 2188 1682 2231 quod
1701 2187 1843 2221 nullieo-

1091 2237 1333 2274 rum'accessus
1356 2241 1476 2274 directe
1496 2242 1543 2274 vel
1558 2241 1714 2276 indirecte
1728 2242 1840 2286 prohi-

1091 2292 1159 2327 beri
1180 2294 1292 2338 possit,
1314 2305 1350 2327 ac
1370 2295 1466 2327 etiam
1485 2301 1656 2338 terrarum,
1678 2307 1758 2340 quas
1783 2307 1841 2340 per

1090 2357 1123 2380 se
1143 2347 1242 2392 ipsos,
1263 2348 1311 2381 vel
1328 2348 1422 2381 etiam
1434 2349 1578 2390 colonos,
1591 2350 1838 2392 arrendatarios,

1090 2396 1306 2439 empliiteutas
1330 2403 1383 2429 aut
1405 2397 1485 2431 alios
1505 2398 1670 2440 excolent,
1702 2410 1738 2433 ex
1758 2400 1840 2433 mili-

1090 2445 1130 2477 tia
1142 2445 1336 2479 Sanctorum
1348 2446 1484 2479 Mauritii
1497 2452 1526 2480 et
1538 2447 1645 2480 Lazari
1661 2448 1834 2491 dumtaxat,

1090 2493 1185 2526 etiam
1207 2497 1331 2528 ratione
1351 2495 1491 2528 cuiusvis
1515 2496 1622 2529 oneris
1645 2497 1834 2541 personalis,
1855 2513 1861 2518 ·

1089 2543 1183 2575 realis
1204 2550 1233 2576 et
1254 2544 1354 2584 mixti,
1377 2544 1532 2578 ordinarii
1552 2546 1600 2579 vel
1617 2546 1835 2580 extraordina-

1088 2590 1139 2632 rii,
1163 2591 1362 2639 ubicumque
1395 2599 1429 2627 et>
1451 2603 1488 2629 ex
1508 2605 1714 2641 quacumque
1739 2606 1835 2632 causa

1830 954 1836 960 ,
1870 933 1947 957 dinece
1962 944 1965 945 ⁷

1877 200 1932 231 An.
1943 200 1974 232 c.

1917 904 1994 930 Exemn

1949 413 2028 1443 Μωφοαωὲθααψωκοωην
2008 317 2025 403 mur·
2006 290 2011 295 ·
2007 269 2011 275 ·

1885 1924 1972 1947 Necnon
1987 1932 1998 1948 ι

1859 1955 1939 1976 iuliane
1947 1957 1985 1980 gab

1859 1987 1910 2008 <tatii
1924 1991 1978 2011 etc..
2019 1999 2021 2002 ›
