2059 3228
39 282 68 328 ο,
84 284 151 314 1⁶78

27 0 204 69 '‘fffff(
211 0 233 19 Ὗ

73 55 79 70 Δ

159 344 284 378 incursu
308 345 353 379 vel
375 345 550 389 suspicione
567 346 752 387 vehementi,
768 355 886 379 necnon

159 407 218 441 pro
241 397 307 431 salsi
332 398 500 431 testimonii
517 403 569 431 aut
587 398 769 438 calumniae,
787 398 887 430 detra-

159 449 268 483 ctionis
305 450 436 483 crimine
474 451 623 490 convicto,
659 455 711 482 aut
748 450 885 482 iudicum

158 507 189 536 et
210 502 385 545 principum
410 503 614 535 saecularium
632 503 676 535 vel
690 511 752 534 non
770 501 886 532 haben-

158 555 237 588 tium
260 554 506 587 iurisdictionem
531 565 623 598 snper
646 552 887 596 congregatione

158 611 188 641 et
210 603 334 648 Ordine,
358 608 396 640 ad
420 608 651 651 impediendum
685 606 810 640 Ordinis
833 606 887 637 ol)-

157 659 344 693 servationes
366 665 396 691 et
420 660 535 692 tuenda
557 670 611 692 sua
624 654 764 699 crimina,
778 658 886 700 implo-

158 710 278 744 ratione
302 716 332 744 et
360 711 608 755 resngiopetitoe
632 711 678 743 vel
701 709 886 752 contagione

156 762 269 804 carnis,
293 764 401 796 ordine
424 764 501 796 iuris
523 764 610 806 prius
633 768 762 804 servato,
786 762 887 795 verifi-

156 820 234 856 cat.a;
258 821 311 848 aut
334 816 510 848 enormium
533 826 659 848 suorum
691 814 886 847 subditorum

155 867 325 900 criminum
364 868 491 901 notabili
537 873 605 910 post
651 867 900 912 praecedentem

155 921 361 954 monitionem
384 920 631 954 dissimulatione
644 931 651 959 ;
676 920 722 952 vel
745 919 886 961 blasphe-

154 973 238 1007 miae
260 979 291 1007 et
328 973 536 1017 percussionis
570 971 804 1009 consuetudine;
841 970 887 1002 vel

155 1025 311 1074 bonorum
334 1025 514 1058 monasterii
532 1025 659 1057 notabili
685 1023 887 1066 dissipatione

155 1083 186 1111 et
208 1082 398 1121 contemptu;
422 1087 476 1109 seu
498 1077 591 1109 libelli
617 1075 807 1108 infamatorii
823 1075 888 1107 edi-

154 1131 240 1164 tione
262 1131 308 1163 vel
330 1130 494 1173 scriptura;
508 1140 628 1162 necnon
642 1133 887 1161 mercaturarum

153 1183 354 1227 propriarum
378 1183 542 1222 exercitio;
567 1193 602 1215 ac
626 1181 755 1214 notabili
780 1180 888 1212 absen-

152 1235 197 1269 tia
220 1239 273 1268 aut
297 1245 361 1268 non
374 1235 543 1268 residentia
561 1235 593 1267 in
611 1234 799 1266 monasterio
817 1244 887 1266 cum

153 1287 321 1320 commisso
346 1287 405 1320 sibi
444 1297 550 1330 grege,
590 1287 656 1318 sine
691 1285 888 1326 superiorum

149 1340 357 1384 permissione
373 1366 381 1380 ,
416 1339 590 1372 monitione
629 1338 723 1371 etiam
763 1347 888 1380 praece—

152 1393 254 1426 dente.
278 1393 320 1425 ΕΚ
344 1391 457 1435 quibus
480 1391 627 1424 omnibus
642 1390 765 1423 casibus
782 1389 888 1433 priva-

153 1449 213 1486 tus,
237 1444 380 1487 amplius,
405 1444 466 1477 nisi
491 1455 508 1476 a
532 1444 667 1486 capitulo
683 1448 711 1476 ct
737 1448 810 1475 tunc
825 1443 888 1475 visa

153 1497 221 1531 eius
243 1497 472 1537 humiliatione,
498 1496 666 1540 approbari
692 1496 812 1534 debeat;
831 1505 887 1526 nec

153 1555 278 1595 praeter
302 1550 358 1583 hos
371 1561 459 1582 casus
473 1548 588 1592 privari
605 1549 649 1580 vel
666 1548 814 1588 amoveri,
828 1547 887 1579 nisi

153 1613 226 1636 eum
249 1603 288 1636 ad
311 1603 463 1635 maiorem
487 1602 671 1645 dignitatem
685 1629 692 1643 ,
717 1602 757 1635 ob
781 1611 889 1644 super—

153 1655 329 1688 venientem
353 1655 484 1688 alicuius
522 1661 673 1696 mortem,
712 1654 888 1687 assumendi

151 1717 254 1749 causa,
278 1718 342 1741 non
365 1708 471 1751 possit.

193 1762 209 1804 ἓ
232 1760 283 1794 025.
307 1761 350 1794 Ac
374 1772 436 1794 non
461 1761 554 1794 modo
578 1761 750 1794 triennium
788 1760 887 1794 eidem

133 1814 341 1847 -monasterio
365 1814 524 1856 integru'm
548 1825 699 1857 praeesse,
724 1814 777 1846 sed
794 1814 818 1846 si
836 1814 887 1846 ad-

151 1867 340 1900 ministratio
364 1867 432 1900 eius
455 1867 620 1899 laudabilis
644 1867 676 1899 in
699 1878 736 1900 eo
750 1866 887 1899 triennio

150 1925 274 1964 reperta
297 1920 392 1953 suerit
414 1925 444 1952 et
466 1920 551 1952 utilis
575 1930 630 1952 suo
654 1919 853 1959 monasterio,
871 1930 887 1952 a

151 1972 286 2016 capitulo
310 1973 344 2005 in
367 1973 477 2005 eodem
512 1973 702 2006 monasterio
726 1984 781 2016 per
804 1973 887 2005 aliud

149 2025 323 2058 triennium
339 2025 521 2058 confirmari
538 2026 644 2069 possit;
664 2026 747 2069 quod
761 2025 886 2068 quidem

149 2077 326 2111 institutum
350 2078 477 2111 initium
502 2089 520 2111 a
543 2078 683 2121 proxime
708 2079 812 2111 futuro
836 2090 887 2111 ca-

150 2131 259 2174 pitulo,
282 2132 368 2164 nulla
391 2131 534 2164 adhibita
556 2131 707 2174 temporis
725 2130 887 2174 praeteriti

151 2195 252 2228 neque
274 2186 524 2228 praelatui-arum
559 2189 650 2218 antea
687 2185 887 2217 obtentarum

149 2238 409 2277 consideratione,
435 2249 568 2271 sumere.

191 2292 205 2335 ἓ
228 2291 279 2324 ⁶26.
304 2291 385 2323 Talis
408 2297 512 2323 autem
536 2301 591 2333 per
609 2289 791 2323 sexennium
822 2299 887 2321 mo-

38 2346 140 2394 .».ἷ.“.“ῗζ
149 2343 285 2376 nastel'io
301 2343 486 2386 praefectus,
504 2348 644 2385 tempore
661 2353 712 2375 sex
729 2352 885 2374 annorum

149 2406 168 2428 a
189 2396 367 2439 praelatura
390 2394 472 2428 illius
495 2394 676 2427 monasterii
701 2396 814 2436 elapso,
832 2405 887 2436 per

148 2447 321 2481 triennium
346 2452 469 2479 tantum
492 2458 612 2487 vacare,
651 2452 681 2480 et
719 2452 825 2490 postea
849 2447 886 2478 de

150 2511 229 2534 novo
252 2501 355 2533 eidem
379 2500 568 2533 monasterio
591 2500 718 2543 praefici
736 2501 842 2532 valeat.

195 2554 210 2597 ᾖ
232 2554 284 2587 27.
308 2554 462 2597 Regimen
485 2564 557 2586 vero
581 2555 745 2598 utriusque
762 2555 888 2598 provin-

43 2606 216 2666 gssssnu-ciae
241 2608 472 2650 praedictarum
513 2607 550 2640 de
588 2617 651 2639 uno
690 2607 824 2650 capitulo
849 2608 888 2640 ad

35 2673 50 2686 ¹¹
67 2669 144 2693 quibu.
154 2661 236 2697 aliud
260 2668 386 2705 spectet,
410 2670 504 2706 prout
528 2664 559 2695 in
591 2663 706 2696 nostris
740 2662 888 2696 reforma-

776 293 950 319 GREGORIUS
966 293 1021 318 xm
1038 293 1087 318 PP.

918 345 999 378 tione
1023 351 1053 377 ct
1077 345 1235 386 divisione,
1261 356 1316 389 per
1339 355 1431 389 quam
1449 343 1583 387 capitulo
1600 341 1646 373 di-

917 400 982 428 ctae
1006 398 1257 438 congregationis
1287 398 1442 430 licentiam
1466 402 1496 429 et
1520 395 1647 427 sat-ulta-

917 451 978 479 tem
1001 448 1209 479 concessimus
1222 454 1254 480 ut
1268 450 1328 481 duo
1346 449 1498 491 regimina
1515 447 1645 489 singulis

916 498 1006 531 annis
1029 499 1206 539 constituat,
1231 510 1364 542 quorum
1388 511 1485 532 unum
1500 499 1646 531 Lombat-

916 550 995 590 diae,
1033 551 1164 583 alterum
1203 562 1275 583 vero
1313 553 1438 584 Tusciae
1478 550 1648 598 provinciis

917 602 1039 644 praesit,
1063 608 1092 636 et
1116 614 1249 646 quorum
1274 605 1472 646 quolibetscx
1487 603 1646 637 monachis

915 659 1044 695 constet,
1059 655 1090 687 in
1105 655 1185 688 hunc
1199 656 1339 688 videlicet
1353 657 1487 693 niodum,
1502 662 1533 688 ut
1549 666 1649 698 quan-

916 707 954 738 do
979 708 1172 749 praesidens,
1185 708 1237 750 qni
1255 708 1388 750 eligitur,
1404 707 1461 739 erit
1475 718 1509 739 cx
1522 707 1647 749 [Virovin-

915 759 963 792 cia
976 759 1189 800 Lombardiac‚
1213 764 1287 792 tunc
1311 760 1449 802 regimen
1464 759 1558 801 ipsius
1575 770 1647 801 pro-

916 811 1036 844 vinciae
1066 813 1268 845 Lombardiae
1307 812 1455 845 consistat
1493 823 1527 844 ex
1564 812 1648 843 dicto

916 865 1112 907 praesidente
1135 870 1165 897 et
1188 865 1309 897 duobus
1332 864 1543 896 visitatoribus
1559 865 1649 896 Lom-

917 917 1056 957 bardiae,
1081 927 1203 949 necnon
1226 917 1328 949 tribus
1352 917 1517 949 abbatibus
1555 916 1648 948 etiam

916 969 1097 1002 Lombardis
1121 980 1138 1001 a
1162 970 1295 1012 capitulo
1337 969 1544 1007 nominandis
1569 969 1650 1010 regi-

917 1032 987 1054 men
1011 1033 1082 1055 vero
1107 1023 1234 1055 Tusciae
1257 1033 1293 1055 eo
1319 1032 1401 1054 anno
1427 1022 1465 1054 sit
1489 1032 1582 1063 penes
1598 1022 1653 1053 al)-

917 1075 1020 1108 hatcm
1044 1075 1223 1108 monasterii
1249 1075 1377 1117 Septimi
1403 1073 1475 1105 dicti
1516 1073 1650 1112 Ordinis,

917 1127 1111 1159 Florentinae
1135 1127 1291 1165 dioecesis,
1317 1138 1351 1159 ac
1377 1127 1453 1158 duos
1472 1126 1647 1157 visitatores

917 1180 1041 1219 Tuscos,
1068 1190 1188 1212 necnon
1206 1185 1267 1212 tres
1280 1180 1407 1212 abbates
1420 1179 1513 1211 etiam
1532 1179 1645 1211 Tuscos

918 1241 934 1262 a
957 1231 1091 1274 capitulo
1115 1232 1232 1274 pariter
1255 1232 1471 1264 nominandos.
1486 1231 1560 1263 Cum
1577 1241 1651 1263 vero

917 1284 1081 1325 contigerit.
1104 1284 1331 1326 praesidentem
1370 1284 1441 1325 eligi
1479 1293 1576 1315 unum
1614 1293 1650 1315 ex

917 1336 1078 1378 provincia
1102 1336 1239 1377 Tusciae,
1279 1341 1354 1368 tunc
1392 1335 1531 1378 regimen
1570 1335 1651 1368 illius

917 1390 1095 1433 provinciae
1120 1390 1159 1422 sit
1183 1399 1278 1432 penes
1294 1389 1396 1432 ipsum
1412 1388 1652 1431 praesidentem,

917 1453 951 1475 ac
976 1443 1053 1475 duos
1075 1440 1249 1475 visitatores
1272 1442 1396 1481 Tuscos,
1435 1450 1554 1473 necnon
1589 1445 1652 1471 tres

917 1496 992 1528 alios
1015 1496 1143 1528 abbates
1166 1494 1261 1527 etiam
1277 1494 1391 1526 Tuscos
1415 1504 1432 1525 a
1456 1493 1600 1534 capitulo,
1618 1497 1652 1523 ut

918 1560 1022 1592 supra,
1045 1547 1287 1580 constituendos.
1312 1546 1460 1588 Regimen
1485 1555 1557 1577 vero
1581 1554 1652 1587 pro-

917 1602 1036 1634 vinciae
1060 1601 1264 1634 Lombardiae
1287 1610 1322 1631 eo
1347 1609 1426 1631 anno
1451 1598 1587 1630 habeant
1600 1597 1653 1629 ab·

918 1656 972 1687 bas
995 1653 1224 1687 Claravallensis
1263 1651 1511 1690 Mediolanensis,
1535 1655 1566 1682 et
1590 1650 1652 1681 duo

916 1709 1091 1741 visitatores
1125 1705 1302 1743 Lombardi,
1340 1713 1461 1736 necnon
1499 1707 1562 1734 tres
1600 1701 1651 1733 alii

917 1761 1066 1804 praelati,
1091 1759 1185 1791 etiam
1209 1756 1386 1796 Lombardi,
1410 1766 1427 1788 a
1450 1755 1594 1797 capitulo,
1619 1758 1653 1784 ut

916 1814 1100 1857 praefertur,
1124 1810 1269 1853 eligendi.
1296 1810 1330 1841 In
1354 1819 1488 1851 quorum
1510 1807 1652 1839 omnium

916 1866 1067 1900 electione
1090 1865 1190 1897 forma
1213 1864 1246 1896 in
1269 1862 1420 1905 eligendis
1455 1861 1555 1893 dictae
1579 1869 1652 1892 con-

916 1919 1109 1965 gregationis
1133 1917 1279 1961 praelatis
1303 1915 1459 1948 observari
1479 1913 1569 1945 solita
1586 1923 1652 1944 om-

916 1974 989 2006 nino
1013 1973 1202 2011 observetur,
1220 1976 1248 2002 et
1267 1969 1440 2012 superiores
1464 1966 1549 1999 electi
1569 1967 1651 1997 ultra

916 2025 1087 2058 triennium
1112 2034 1175 2056 non
1199 2024 1328 2059 durent;
1353 2028 1382 2053 et
1406 2020 1430 2052 si
1455 2019 1651 2061 contingeret

916 2088 1013 2110 unum
1030 2088 1066 2109 ex
1084 2076 1298 2119 superioribus
1321 2074 1433 2113 electis,
1447 2082 1502 2104 suo
1517 2072 1650 2104 durante

916 2130 1026 2170 officio,
1052 2129 1209 2167 decedere,
1234 2133 1263 2160 et
1288 2127 1383 2158 alium
1408 2125 1439 2157 in
1464 2124 1530 2157 eius
1548 2125 1649 2155 locum

916 2184 1121 2225 subrogatum
1146 2182 1177 2213 in
1202 2181 1341 2223 proximo
1356 2177 1494 2220 sequenti
1514 2176 1649 2218 capitulo

916 2235 1095 2275 confirmari
1121 2245 1174 2267 seu
1198 2234 1235 2265 dc
1260 2242 1338 2264 novo
1362 2230 1444 2271 eligi,
1483 2228 1651 2261 declaravi-

917 2300 985 2321 mus
1009 2294 1131 2330 tempus
1149 2285 1277 2318 triennii
1303 2285 1341 2316 ad
1365 2282 1549 2315 obtinendas
1562 2291 1653 2324 prac-

916 2343 1032 2374 laturas
1045 2339 1194 2379 concessi,
1218 2348 1279 2370 non
1305 2348 1322 2369 a
1347 2337 1395 2368 die
1409 2334 1655 2377 subrogationis,

916 2395 968 2428 sed
993 2405 1010 2426 a
1034 2395 1083 2427 die
1107 2389 1355 2425 confirmationis
1372 2399 1423 2420 seu
1441 2387 1600 2420 electionis
1619 2386 1651 2418 in

915 2448 1050 2491 capitulo
1075 2444 1211 2487 generali
1237 2443 1334 2475 sactae
1358 2441 1496 2484 incipere
1529 2441 1653 2472 debere.

959 2502 973 2543 ᾗ
996 2500 1047 2533 28.
1072 2500 1106 2531 Et
1132 2504 1199 2531 acta
1223 2496 1329 2527 onmia
1353 2495 1509 2527 dictorum
1526 2499 1650 2537 patrum

916 2553 1090 2596 regiminis,
1115 2551 1246 2583 fideliter
1284 2560 1301 2581 a
1339 2548 1440 2580 scriba
1469 2552 1589 2587 notata,
1614 2546 1652 2578 ad

916 2608 1087 2651 capitulum
1113 2606 1145 2636 in
1171 2604 1248 2635 libro
1273 2603 1421 2645 deputato
1459 2601 1650 2634 deserantur.

960 2661 974 2703 ξ,
998 2660 1048 2693 ΞΘ.
1074 2660 1107 2691 Et
1126 2658 1150 2690 si
1165 2657 1330 2700 contigerit
1344 2658 1479 2702 aliquem
1493 2666 1651 2690 commen-

1541 280 1603 314 220
1656 280 1708 307 An.
1727 278 1755 305 c.
1775 276 1843 304 1578

1657 337 1758 362 praetuta
1769 337 1795 355 de
1807 341 1841 354 oa-

1657 365 1725 389 pitulo
1744 364 1769 381 nd
1785 362 1841 385 ‹aupl—

1655 391 1724 410 tulutn
1734 395 1745 409 c
1753 390 1843 407 ansuis..

1678 2514 1754 2533 Eorum
1766 2516 1814 2532 acta
1824 2514 1852 2531 ,τῆ

1663 2541 1780 2565 capitulum
1792 2540 1852 2559 des<-

1664 2570 1747 2587 rantur.

1725 2665 1853 2686 Monesen-ta
