2059 3228
105 186 156 213 An.
170 184 198 213 C.
218 185 285 214 1576

142 2001 286 2029 indulgentiae

105 2033 210 2059 hospuate
234 2035 286 2054 visi-

107 2065 198 2083 tantibus
234 2069 288 2085 con-

105 2098 180 2114 cessae
203 2099 287 2116 centum

106 2125 185 2145 dierum
225 2128 288 2148 toties

105 2159 197 2183 quoties,
212 2161 233 2178 et
247 2157 289 2178 bis.

105 2190 189 2208 centnm
226 2188 288 2210 [estis

106 2218 187 2238 diebus.

358 178 421 212 538

908 184 1087 210 BULLARIUM
1105 184 1256 210 ROMANUM

310 252 363 274 sus
391 240 574 274 huiusmodi
588 252 595 280 ;
610 245 639 274 et
661 238 810 274 similiter
828 239 1055 280 confratribus,
1099 238 1176 272 dum
1193 238 1360 283 suffragii,
1374 249 1434 284 pro
1453 238 1696 277 defunctisiDeo
1705 239 1850 273 effunde-

309 293 634 333 adrninistratoribus,
656 293 903 328 servitoribuset
913 294 1059 338 aliisper-

309 348 395 379 sonis
421 347 496 380 dicti
526 347 705 391 hospitalis,
738 347 795 391 qui
820 358 879 391 pro
913 353 1058 392 tempore

310 400 563 440 infirmarentur,
586 400 682 433 etiam
702 400 905 446 inprincipio
921 401 1057 434 infirmi-

311 452 382 485 tatis
401 464 457 486 seu
480 453 616 487 durante
642 453 830 488 infirmitate
855 455 1054 495 huiusmodi,

308 506 402 538 etiam
423 507 511 550 quod
535 507 595 551 ipsi
616 512 647 541 et
665 507 720 540 alii
740 518 854 542 omnes
881 507 1056 552 supradicti

310 569 372 591 non
391 565 497 592 essent
516 560 549 593 in
574 560 686 594 mortis
710 561 848 595 articulo
877 561 1054 602 constituti,

307 612 393 655 quod
414 612 453 644 de
473 617 590 653 cetero,
608 614 774 658 perpetuis
793 614 910 648 futuris
930 621 1056 659 tempo-

307 665 407 705 ribus,
429 670 494 698 tam
523 666 598 700 dicti
620 667 788 711 hospitalis
812 679 909 711 quam
940 679 1055 712 quem·

305 729 444 761 cumque
473 719 572 752 alium
598 721 835 765 presbyterum,
857 727 922 754 tam
941 732 1056 756 saecu-

305 772 405 805 larem
425 783 521 816 quam
543 774 683 808 cuiusvis
707 774 834 808 Ordinis
859 776 1054 819 regularem,

304 835 320 857 a
352 825 415 858 loci
441 827 607 860 ordinario
638 828 853 872 approbatum
882 829 915 862 in
940 839 1054 862 eorum

303 885 432 922 possent
453 880 573 923 eligere
591 882 821 924 confessorem,
844 883 912 926 qui,
939 893 1053 916 eorum

302 933 559 967 confessionibus
586 935 758 978 diligenter
787 936 917 977 auditis,
948 947 1003 970 eos
1022 941 1053 969 et

302 995 415 1018 eorum
436 987 626 1030 quemlibet,
648 988 702 1032 qui
724 990 924 1032 poenitentes
939 989 1054 1023 existe-

301 1045 383 1080 rent,
405 1050 422 1072 a
442 1040 703 1084 quibuscumque
723 1034 847 1076 delictis
859 1048 889 1077 et
906 1043 1052 1077 crimini-

301 1092 372 1133 bus,
395 1099 698 1139 quantumcumque
717 1096 868 1139 gravibus
897 1101 928 1129 et
955 1107 1054 1130 enor-

301 1146 420 1187 mibus,
443 1147 539 1180 etiam
557 1149 740 1192 praedictae
765 1150 839 1184 Sedi
870 1150 1051 1192 reservatis,

301 1209 428 1233 necnon
448 1200 481 1233 in
501 1201 615 1235 litteris
635 1202 687 1235 die
706 1202 832 1236 Coenae
851 1203 979 1237 Domini
990 1204 1053 1247 legi

300 1252 401 1285 solitis
427 1254 597 1296 contentis,
628 1256 769 1299 exceptis
788 1262 897 1290 tamen
925 1257 1053 1291 casibus

300 1305 451 1347 haeresis,
472 1307 665 1350 schismatis,
688 1309 939 1354 conspirationis
951 1311 983 1343 in
992 1311 1053 1344 Ro-

301 1369 432 1392 manum
453 1360 643 1395 Pontificem
662 1368 718 1395 aut
737 1363 862 1396 Statum
889 1364 1053 1398 Romanae

300 1412 474 1454 Ecclesiae,
508 1414 741 1449 falsificationis
779 1417 960 1451 litterarum
998 1424 1053 1452 aut

300 1466 576 1510 supplicationum
600 1470 650 1502 vel
681 1470 947 1505 commissionum
972 1482 1052 1516 apo-

301 1519 500 1561 stolicarum,
529 1521 700 1556 delationis
725 1534 891 1557 armorum
921 1530 951 1558 et
971 1525 1051 1559 alio-

300 1583 372 1606 rum
389 1574 629 1618 prohibitorum
645 1577 684 1610 ad
696 1578 1052 1621 partesinfidelium,ac

300 1626 482 1662 iniectionis
510 1640 667 1663 manuum
697 1631 910 1666 violentarum
929 1632 962 1666 in
983 1634 1052 1677 epi-

300 1691 415 1724 scopos
435 1688 490 1715 aut
508 1683 669 1726 praelatos
687 1685 737 1717 vel
752 1685 937 1729 superiores
948 1687 1051 1720 eccle-

300 1733 455 1777 siasticos,
477 1737 654 1778 absolvere,
677 1738 786 1782 eisque
807 1750 866 1784 pro
892 1741 1050 1784 praemis-

301 1788 344 1822 sis
364 1788 594 1832 poenitentiam
616 1792 790 1826 salutarem
810 1792 980 1837 iniungere
996 1805 1052 1827 au-

301 1843 447 1877 ctoritate
477 1844 655 1888 apostolica
670 1851 778 1890 posset
797 1852 829 1880 et
848 1847 979 1889 valeret,
1001 1848 1051 1881 in-

301 1895 409 1929 dulsit.

345 1949 361 1992 g
385 1949 416 1983 3.
443 1950 546 1994 thue
570 1951 728 1995 hospitale
748 1951 935 1987 huiusmodi
956 1959 986 1988 et
1012 1954 1051 1987 il-

300 2001 363 2035 lius
371 2003 506 2036 ecclesia
517 2005 669 2047 congruis
680 2005 941 2049 frequentaretur
950 2007 1052 2041 bono-

301 2056 403 2097 ribus,
425 2068 461 2089 ac
482 2057 514 2089 in
535 2058 643 2091 debita
662 2060 840 2092 reverentia
862 2060 1049 2102 haberetur,

302 2120 429 2142 necnon
459 2111 718 2145 christifidelium
744 2113 925 2146 animarum
956 2115 1051 2147 saluti

303 2163 499 2196 fructuosius
515 2165 750 2207 consuleretur,
774 2166 900 2210 ipsique
925 2168 1053 2201 christi·

303 2215 413 2249 fideles
433 2227 471 2250 eo
492 2217 643 2251 libentius
660 2219 699 2251 ad
720 2219 877 2263 hospitale
902 2227 933 2253 et
951 2222 1053 2255 eccle-

303 2269 381 2302 siam
403 2270 601 2312 huiusmodi,
630 2272 809 2306 devotionis
838 2284 945 2315 causa,
975 2275 1051 2308 visi-

305 2323 435 2356 tandum
467 2325 677 2367 confluerent,
700 2337 764 2370 quo
781 2334 785 2339 ·
802 2327 915 2361 exinde
945 2329 1051 2362 coele-

304 2371 357 2404 stis
377 2374 498 2414 gratiae
518 2376 603 2408 dono
625 2375 756 2409 uberius
776 2377 1002 2421 conspicerent
1019 2389 1052 2412 se

305 2420 450 2461 refectos,
472 2428 559 2456 motu
582 2423 677 2456 simili
697 2424 847 2458 omnibus
869 2432 899 2459 et
919 2426 1052 2470 singulis

305 2468 472 2513 utriusque
495 2482 587 2505 sexus
615 2473 890 2515 christifidelibus,
917 2475 971 2519 qui
992 2487 1052 2520 pro

304 2521 449 2569 tempore
473 2519 589 2553 dictam
619 2522 785 2555 ecclesiam
817 2524 992 2565 visitarent,
1021 2530 1073 2558 et*

306 2575 335 2597 in
353 2576 387 2597 ea
410 2577 531 2610 preces,
556 2574 619 2601 tarn
641 2581 699 2614 pro
720 2581 752 2605 se
776 2582 886 2615 quam,
906 2583 966 2618 per
985 2577 1073 2617 moj

1102 298 1184 335 rent,
1207 292 1332 337 quoties
1348 292 1381 326 id
1401 292 1550 336 egissent,
1563 293 1846 337 quandocumque,

1101 346 1197 379 etiam
1218 347 1250 379 in
1270 345 1531 391 quibuscumque
1549 346 1673 387 diebus,
1686 346 1719 380 in
1735 357 1849 390 perpe-

1100 405 1205 441 tuum,
1218 400 1312 433 toties
1323 404 1453 434 centum
1470 399 1548 442 dies,
1557 399 1632 434 etin
1642 399 1848 434 diebusfesti-

1098 454 1145 487 vis
1157 454 1314 488 ducentos
1321 453 1389 487 dies
1399 452 1600 487 deiniunctis
1610 464 1667 487 seu
1675 453 1753 487 alias
1767 464 1850 497 quo·

1098 507 1275 541 modolibet
1294 507 1408 541 debitis
1434 507 1640 551 poenitentiis
1659 506 1692 539 in
1710 506 1846 540 Domino

1098 561 1353 595 misericorditer
1371 561 1533 595 relaxavit.
1553 561 1654 600 Quam
1679 559 1848 594 relaxatio-

1096 626 1171 649 nem
1202 616 1297 649 etiam
1323 615 1613 662 suffragarisvoluit
1635 614 1686 655 iis,
1707 613 1764 658 qui
1791 612 1848 647 ali-

1097 679 1195 712 quam
1227 669 1415 703 servitutem
1445 668 1478 701 in
1511 667 1676 712 praedicto
1695 665 1847 711 hospitali

1096 722 1236 756 infirmis
1252 723 1396 757 facerent
1415 728 1472 756 aut
1491 722 1564 756 illos
1578 721 1755 762 visitarent,
1769 730 1848 764 qua-

1097 775 1174 809 libet
1192 776 1259 810 vice
1276 787 1340 820 qua
1360 776 1392 810 id
1411 787 1470 810 seu
1489 775 1583 810 eavel
1594 785 1708 809 eorum
1720 773 1849 818 quodli-

1095 830 1148 863 bet
1167 841 1227 874 pro
1243 835 1388 875 tempore
1409 835 1551 873 agerent.

1139 883 1154 927 ἓ
1175 883 1207 916 4.
1234 884 1366 917 Necnon
1381 883 1533 916 omnibus
1545 887 1576 916 et
1585 881 1847 926 singulisutrius-

1094 948 1157 981 que
1179 948 1272 971 sexus
1296 937 1560 971 christifidelibus
1578 947 1653 970 vere
1676 935 1845 980 poeniten-

1095 991 1180 1024 tibus
1200 996 1231 1024 et
1251 990 1417 1032 confessis,
1439 990 1495 1035 qui
1522 989 1690 1024 ecclesiam
1720 988 1846 1033 praedi-

1095 1050 1179 1078 ctam
1203 1044 1252 1078 vel
1270 1044 1341 1078 eius
1361 1044 1540 1088 cappellam
1551 1043 1584 1076 in
1605 1043 1729 1076 duabus
1745 1041 1846 1076 diver-

1094 1098 1135 1132 sis
1155 1098 1378 1131 festivitatibus
1401 1098 1435 1131 in
1458 1108 1556 1139 anno,
1576 1107 1635 1141 per
1653 1097 1756 1130 dictos
1771 1106 1846 1130 con-

1094 1151 1208 1185 fratres
1227 1151 1261 1184 in
1281 1162 1395 1185 eorum
1416 1150 1550 1184 arbitrio
1560 1160 1619 1195 pro
1630 1154 1776 1194 tempore
1785 1149 1844 1182 eli-

1094 1205 1220 1249 gendis,
1241 1216 1260 1239 a
1279 1204 1394 1250 primis
1411 1204 1554 1249 vesperis
1573 1214 1677 1247 usque
1691 1203 1732 1237 ad
1752 1214 1845 1237 occa-

1093 1271 1164 1294 sum
1195 1259 1271 1293 solis
1291 1258 1464 1293 cuiuslibet
1483 1258 1546 1291 diei
1563 1258 1769 1292 festivitatum
1790 1268 1844 1291 ea-

1094 1313 1243 1347 rumdem
1270 1311 1438 1353 inclusive,
1460 1311 1571 1345 devote
1589 1311 1765 1352 visitarent,
1786 1322 1843 1345 an-

1093 1367 1231 1408 nuatim,
1253 1366 1391 1400 durante
1421 1364 1645 1409 quinquennio
1664 1370 1742 1398 tunc
1767 1375 1844 1409 pro-

1093 1420 1179 1453 ximo
1199 1426 1348 1461 venturo,
1375 1424 1407 1453 et
1425 1418 1470 1451 ibi
1490 1429 1549 1462 pro
1568 1428 1647 1463 pace
1666 1417 1844 1461 interprin—

1094 1474 1183 1518 cipes
1203 1473 1398 1507 christianos
1410 1472 1577 1513 servanda,
1594 1471 1643 1505 vel
1651 1471 1740 1513 alias,
1748 1475 1845 1515 prout

1094 1527 1274 1571 unicuique
1290 1532 1481 1571 suggereret
1492 1525 1630 1565 devotio,
1647 1524 1795 1558 similiter
1806 1524 1845 1558 ad

1093 1581 1193 1614 Deum
1214 1592 1327 1626 preces
1350 1580 1533 1620 funderent,
1556 1579 1682 1623 quoties
1710 1579 1742 1611 id
1773 1589 1845 1621 age-

1095 1640 1177 1676 rent,
1195 1635 1302 1676 toties‚
1321 1645 1381 1679 pro
1400 1633 1544 1679 qualibet
1561 1633 1718 1666 dictarum
1728 1632 1845 1666 festivi-

1095 1694 1209 1729 tatum,
1231 1694 1354 1732 septem
1372 1698 1474 1721 annos
1497 1692 1528 1721 et
1555 1686 1689 1720 totidem
1709 1686 1846 1730 quadra-

1094 1752 1191 1786 genas
1210 1752 1303 1775 verae
1324 1741 1543 1784 indulgentiae
1572 1740 1611 1773 de
1638 1738 1845 1784 poenitentiis

1094 1794 1268 1838 praedictis
1289 1794 1458 1835 relaxavit;
1491 1799 1521 1827 et
1550 1793 1576 1826 si
1596 1804 1655 1837 pro
1685 1792 1845 1826 defunctis

1093 1847 1269 1885 visitarent,
1292 1848 1524 1881 relaxationem
1539 1846 1728 1880 huiusmodi
1749 1845 1844 1879 etiam

1094 1900 1213 1934 eisdem
1238 1901 1397 1934 defunctis
1410 1911 1469 1945 per
1479 1900 1612 1935 modum
1625 1899 1767 1943 suffragii
1777 1899 1845 1944 opi-

1093 1953 1189 1987 tulari
1205 1954 1317 1987 voluit.

1133 2007 1147 2050 §
1171 2008 1203 2041 5.
1242 2008 1285 2040 Ac
1315 2007 1449 2052 insuper
1481 2013 1571 2041 motu
1599 2006 1667 2051 pari
1700 2006 1843 2040 eiusdem

1093 2059 1262 2104 hospitalis
1291 2061 1618 2103 administratoribus,
1650 2060 1841 2101 rectoribus,

1095 2115 1378 2157 gubernatoribus,
1399 2115 1617 2148 confratribus
1642 2120 1672 2148 et
1691 2114 1845 2148 ministris

1094 2179 1131 2201 ac
1158 2168 1365 2202 servitoribus
1390 2174 1421 2201 et
1445 2168 1657 2201 familiaribus
1675 2168 1845 2212 utriusque

1095 2233 1199 2263 sexus,
1223 2227 1299 2255 tunc
1323 2228 1354 2255 et
1373 2232 1433 2266 pro
1452 2227 1597 2266 tempore
1625 2221 1844 2261 existentibus,

1096 2275 1129 2307 in
1160 2282 1368 2320 perpetuum,
1401 2275 1456 2320 qui
1484 2286 1557 2308 vere
1583 2275 1786 2319 poenitentes
1814 2279 1845 2308 et

1097 2329 1234 2362 confessi
1258 2329 1289 2362 in
1307 2330 1421 2363 eodem
1441 2329 1592 2374 hospitali
1616 2329 1680 2362 sive
1697 2329 1792 2362 etiam
1812 2328 1845 2360 in

1097 2389 1210 2411 eorum
1232 2378 1380 2412 domibus
1400 2378 1540 2423 propriis
1565 2378 1612 2411 vel
1636 2383 1724 2411 extra
1752 2376 1846 2410 ubili-

1097 2427 1160 2466 bet;
1196 2427 1395 2472 pauperibus
1423 2438 1499 2461 vero
1530 2433 1561 2460 et
1580 2427 1715 2460 infirmis
1735 2426 1791 2469 qui
1810 2425 1844 2458 in

1097 2476 1182 2509 dicto
1198 2477 1349 2520 hospitali
1376 2487 1435 2521 pro
1463 2482 1608 2520 tempore
1637 2475 1841 2515 decederent,

1098 2536 1133 2558 ac
1155 2525 1255 2569 ipsius
1280 2525 1448 2570 hospitalis
1467 2524 1740 2564 benefactoribus,
1767 2535 1844 2558 nec-

1099 2584 1163 2607 non
1177 2574 1271 2608 etiani
1281 2574 1496 2609 confratribus
1507 2572 1775 2608 confraternitatis
1785 2573 1844 2606 sub

1860 892 1920 913 Aliae
1935 891 1970 914 int!
1983 897 2003 917 ιι]
2024 904 2025 908 =

1860 925 1903 944 tiae
1916 930 1968 952 quae
1988 931 2007 951 ¹4,
2024 923 2025 927 ¹

1860 953 1964 976 defunctis
2002 977 2006 981 ,

1860 986 1908 1007 dum
1948 991 1972 1007 an
2039 986 2040 989 ’

1860 1018 1942 1045 possint
1977 1017 2027 1047 {nil

1859 1054 1910 1069 cari.

2000 1570 2011 1578 „⁴
1994 1189 2022 1558 ‘5.‚7“ss‘4sp‡m5?27³939
1999 1128 2010 1168 ;·.·
1997 1092 2001 1112 -“
1995 1073 2009 1079 ζ
1995 1051 2004 1060 ⁸

2000 1680 2023 1794 aspha-⁶.
2006 1644 2020 1674 Α
2004 1600 2021 1639 ’π’

2012 1884 2022 1891 ι
2003 1805 2022 1869 -cfaerv

1871 2012 1971 2034 rien-rt:

1859 2044 1967 2071 dulgentia

1860 2082 1900 2096 moi
1906 2077 1933 2097 tis
1950 2077 1989 2097 aru

1859 2107 1989 2128 administrat

1860 2139 1898 2160 bus
1925 2141 1968 2160 etc.
1977 2139 1980 2144 ¹

1859 2175 1928 2192 cess»⁴

2010 2331 2030 2346 ,ει
2018 2304 2025 2321 m
1990 1993 2038 2297 1³·'sscss-Wfi'ffu
2013 1938 2025 1964 n·
2011 1905 2019 1930 *-
