2059 3228
47 190 69 210 ’1
84 165 92 181 ³
115 183 185 215 1586
857 183 960 208 sixrus
979 183 998 206 v
1016 182 1065 207 1²1².
1626 169 1690 206 809
1750 177 1801 206 An.
1819 176 1847 205 C.
1864 176 1932 205 1586

66 260 80 280 ,0

79 283 85 291 ι

195 236 292 280 cipua
312 236 398 270 illius
413 236 555 269 membra
569 236 715 280 aSpiritu
737 236 854 269 Sancto
869 245 944 268 con·
987 238 1082 266 tatem
1108 233 1331 276 promovendi,
1353 238 1519 267 anteactae
1537 231 1620 266 vitae
1639 231 1735 265 laude

196 290 319 329 stituta‚
341 290 395 334 qui
421 291 452 322 in
475 290 533 322 liac
555 290 623 332 ipsa
643 289 859 322 ecclesiastica
875 288 944 321 bie·
985 291 1082 329 atque
1101 287 1268 319 excellenti
1295 287 1434 331 quadam
1459 293 1490 320 et
1513 296 1586 320 rara
1605 285 1736 320 merito-

197 343 334 381 1111611111,
355 343 460 375 divina
485 343 706 386 dispositione,
738 342 838 375 instar
858 341 944 374 illius
986 350 1057 372 rum
1070 340 1350 374 commendatione
1363 351 1439 385 prae
1453 340 1569 374 ceteris
1578 339 1732 383 fulgeant,

196 396 351 436 caelestis,
373 395 425 429 cui
457 408 492 428 ex
513 397 613 428 altera
643 401 732 439 parte
757 395 942 440 respondet,
987 403 1116 426 necesse
1145 398 1193 426 est
1217 399 1251 426 ut
1288 394 1349 427 lioc
1384 393 1585 438 amplissimo
1609 394 1734 427 honore

195 449 353 489 ordinata,
374 450 413 482 ad
443 449 634 482 altissimum
668 450 803 492 gradum
834 449 944 488 evecti,
985 445 1074 489 digni
1094 446 1285 480 habeantur.
1305 447 1470 490 Siquidem
1485 458 1597 481 eorum
1618 447 1681 480 vita
1697 457 1734 480 ac

196 513 269 535 cum
287 502 355 546 ipso
372 503 516 535 Romano
536 502 689 535 1¹0ntifice
706 502 870 535 communi
888 512 944 545 pa-

197 561 243 588 tre
263 567 301 590 ac
322 562 461 600 pastore,
484 557 521 588 ad
545 567 640 599 quem
663 566 698 588 ex
717 555 868 588 omnibns
888 565 946 588 un-

195 608 293 652 diquc
313 609 463 652 gentibus
482 620 519 641 ac
540 609 728 641 nationibus
744 608 776 640 in
796 608 943 651 gravissi-

196 660 256 693 mis
298 662 500 705 maximeqtu,¹
546 660 655 693 arduis
698 660 793 693 rebus
835 660 945 694 tideles

194 713 341 747 omnium
380 726 553 757 generum,
593 714 739 747 omnium
777 714 943 753 ordinum,

193 767 324 808 summi,
337 774 368 801 et
379 768 494 808 intimi,
516 768 660 810 quotidie
671 766 850 807 confluunt,
866 767 945 800 tanti

192 821 346 864 ponderis
378 822 497 854 molem
522 828 619 864 atque
640 831 721 854 onus
746 821 943 864 populorum

191 873 382 915 sustineant,
403 880 433 908 et
453 885 511 919 pro
537 874 721 907 animarum
748 875 862 915 salute,
887 885 945 918 pro

197 927 272 967 tide,
291 938 351 972 pro
370 928 503 968 iustitia,
528 937 584 970 pro
606 927 729 960 unitate
749 927 874 961 assidue
895 928 945 960 in-

987 509 1092 532 mores
1109 499 1223 533 ceteris
1243 501 1389 544 exemplo
1410 511 1478 534 esse
1495 501 1624 542 debent,
1638 500 1734 534 verba

986 558 1017 585 et
1037 563 1190 596 responsa
1211 564 1269 596 pro
1290 554 1441 594 oraculis,
1459 554 1582 587 monita
1593 564 1630 587 ac
1641 564 1733 598 prae-

986 611 1077 649 cepta
1097 606 1136 639 ab
1161 607 1317 640 universis
1337 607 1520 640 christianis
1552 608 1684 649 regulae
1704 612 1735 639 et

988 669 1100 692 norma
1139 666 1225 693 reete
1259 660 1383 693 vivendi
1405 666 1555 705 recteque
1576 660 1733 694 sentiendi

986 711 1221 753 existimantur,
1244 714 1283 746 ab
1315 713 1350 745 iis
1375 714 1465 757 quasi
1491 713 1735 758 sapientissimis

987 765 1145 808 magistris
1165 767 1401 800 ecclesiasticae
1422 768 1611 811 disciplinae
1633 769 1735 801 t'orma

986 818 1172 862 suscipitur,
1194 830 1277 863 quae
1297 821 1334 853 ad
1357 831 1463 854 mores
1482 821 1643 865 vitamque
1659 831 1735 854 cun-

986 878 1111 905 ctorum
1141 873 1284 906 fidelium
1307 874 1548 917 componendos
1571 875 1666 917 longe
1685 874 1733 907 la-

988 931 1082 969 teque
1111 926 1226 959 diffusa
1255 934 1466 971 propagetur.
1498 927 1560 971 Ipsi
1594 928 1734 972 denique

197 980 327 1024 vigilent
345 991 381 1014 ac
397 981 556 1013 laborent:
575 981 629 1023 qni
647 981 731 1012 cirea
749 980 853 1024 ipsum
875 981 946 1014 uni-
964 1005 967 1036 Ι
986 990 1058 1012 vere
1079 986 1150 1012 sunt
1171 980 1217 1013 sal
1238 986 1354 1022 terrae,
1376 992 1413 1015 ac
1441 982 1593 1015 lucernae
1612 982 1735 1025 positae

196 1034 310 1068 versali
343 1034 504 1067 Ecclesiae
538 1035 717 1073 serviendo,
745 1035 945 1078 singularum

195 1087 406 1122 ecclesiarum
441 1087 725 1120 commoditatibus
758 1099 789 1120 se
823 1088 947 1131 impen-

195 1140 270 1174 dant
285 1167 293 1181 ,
323 1151 463 1185 quorum
496 1141 632 1174 consilio
679 1141 762 1173 idem
802 1142 945 1174 Pontifex

195 1195 320 1238 agenda
339 1194 500 1239 disponat,
523 1206 661 1238 (piorum
696 1205 807 1238 opera,
843 1201 871 1229 et
892 1206 947 1228 ne-

197 1248 335 1281 cessaria
353 1254 385 1281 et
402 1249 579 1292 plurimum
600 1250 763 1282 fructuosa
779 1249 946 1282 universae

197 1301 397 1346 reipublicae
418 1301 610 1334 christianae
630 1302 660 1333 in
682 1302 830 1335 secundis
852 1302 947 1335 rebus

196 1359 389 1397 ornamento
410 1360 440 1387 et
461 1355 642 1393 commodo,
665 1355 695 1387 in
720 1355 827 1388 dubiis
850 1366 945 1399 prae-

987 1044 1085 1076 super
1104 1034 1349 1075 candelabrum,
1376 1040 1412 1068 ut
1435 1035 1519 1068 inter
1544 1035 1734 1078 sanguinem

987 1092 1018 1120 et
1035 1087 1239 1129 sanguinem,
1255 1098 1385 1121 causam
1406 1093 1437 1121 et
1456 1099 1597 1130 causam,
1611 1089 1735 1133 lepram

987 1146 1017 1173 et
1033 1140 1156 1184 lepram
1167 1140 1362 1182 discernant,
1377 1153 1413 1174 ac
1433 1142 1599 1175 doctrinae
1619 1152 1737 1186 oppor-

987 1192 1122 1226 tunitate
1149 1199 1180 1226 et
1209 1194 1350 1235 veritate,
1384 1194 1511 1228 infirma
1531 1195 1735 1238 confirment,

987 1247 1133 1290 disrupta
1158 1248 1371 1287 consolident,
1401 1248 1571 1292 depravata
1600 1260 1736 1282 conver-

986 1305 1065 1340 tant,
1092 1300 1221 1334 luceant
1242 1301 1394 1334 omnibus
1423 1302 1478 1345 qui
1499 1302 1531 1334 in
1556 1302 1653 1335 domo
1672 1302 1735 1336 Do-

988 1354 1067 1386 mini
1091 1354 1246 1391 habitant,
1266 1365 1301 1387 ac
1327 1354 1450 1398 primae
1470 1355 1545 1388 huic
1570 1355 1642 1388 Sedi
1662 1356 1737 1388 assi-

196 1407 279 1440 sidio
297 1413 330 1441 et
344 1408 533 1441 adiumento
551 1419 619 1441 esse
644 1408 754 1451 possit.
776 1408 834 1447 Qui
857 1409 947 1442 deni·
987 1412 1115 1447 51611165,
1136 1414 1270 1440 cunctos
1290 1414 1444 1451 pastores,
1467 1409 1544 1441 dum
1565 1409 1597 1441 in
1617 1409 1738 1452 gravio-

197 1471 262 1504 que
279 1471 340 1504 pro
359 1461 551 1494 exaltatione
572 1462 750 1494 catholicae
770 1462 945 1504 religionis,

198 1523 258 1557 pro
283 1523 363 1556 pace
383 1519 415 1547 et
429 1514 535 1557 quiete
556 1514 721 1547 christiani
742 1516 866 1559 populi,
887 1527 946 1559 pro

198 1572 372 1610 augmento
391 1573 422 1600 et
444 1567 568 1600 bonore
593 1573 720 1601 5111161116
741 1568 830 1601 Sedis
860 1570 946 1612 Apo-

198 1619 329 1654 stolicae
361 1621 563 1664 sanguinem,
590 1621 616 1668 si
639 1622 681 1654 ita
711 1632 759 1654 res
792 1622 881 1662 serat,
917 1628 948 1655 et

199 1673 348 1718 spiritum
369 1680 555 1707 constanter
575 1674 750 1707 effundant.

241 1727 258 1771 ἓ
282 1727 312 1760 1.
330 1726 410 1760 Cum
424 1727 529 1770 itaque
548 1728 606 1771 ipsi
624 1728 687 1761 veri
709 1727 856 1761 cardines
872 1728 946 1768 sint,

76 1785 185 1846 14εέ-
198 1786 231 1814 61
247 1780 423 1814 clarissima
435 1781 597 1814 Ecclesiae
607 1781 744 1820 lumina,
766 1782 876 1825 templi
894 1782 948 1814 Dei

22 1838 30 1881 ξ
63 1848 186 1879 Jam-
197 1834 302 1874 baseS,
321 1833 525 1867 firmamenta
538 1841 567 1867 et
579 1834 744 1867 columina
757 1835 949 1868 christianae

22 1901 30 1912 ·
140 1910 187 1932 «ts-
199 1887 412 1932 reipublicae‚
434 1887 588 1930 singulari
615 1888 754 1931 quadam
775 1888 894 1930 pietate
914 1899 950 1921 ac

201 1940 359 1982 doctrina,
391 1951 450 1974 nec
470 1941 593 1984 vulgari
627 1947 679 1974 11111
710 1941 875 1981 mediocri,
896 1941 951 1974 sed

987 1460 1077 1492 ribus
1096 1461 1235 1503 negotiis
1250 1461 1396 1494 eamdem
1413 1462 1528 1495 Sedem
1549 1463 1734 1503 consulunt,

988 1513 1095 1547 eiusve
1111 1524 1204 1557 opem
1226 1514 1412 1557 implorant,
1435 1526 1493 1548 suo
1509 1515 1638 1555 iudicio,
1659 1526 1736 1548 con-

988 1566 1059 1599 silio
1080 1573 1108 1599 et
1138 1568 1328 1600 auctoritate
1346 1568 1519 1609 instruere,
1541 1568 1680 1611 dirigere
1700 1579 1737 1601 ae

989 1619 1104 1652 docere
1124 1630 1189 1653 non
1217 1627 1354 1653 cessent.
1383 1621 1544 1661 Ceterum,
1573 1632 1647 1654 cum
1673 1631 1736 1654 non

989 1673 1093 1705 solum
1110 1673 1150 1706 ad
1171 1684 1225 1707 eos
1246 1679 1368 1717 spectet
1387 1674 1529 1718 plurima
1553 1681 1583 1707 et
1601 1675 1737 1707 maxima

989 1727 1143 1759 momenti
1173 1728 1300 1769 negotia
1329 1733 1358 1759 et
1392 1738 1516 1767 causas,
1538 1739 1620 1771 quae
1640 1728 1686 1761 eis
1705 1727 1737 1759 in

990 1778 1057 1811 dies
1077 1780 1337 1817 committuntur,
1360 1781 1529 1824 praeclara
1542 1781 1604 1813 lide
1617 1787 1646 1814 et
1667 1792 1740 1824 pru-

991 1833 1099 1866 dentia
1120 1844 1326 1877 cognoscere,
1339 1846 1375 1867 ac
1393 1834 1605 1877 legationibus
1626 1835 1656 1867 in
1667 1845 1741 1878 pro-

991 1886 1103 1918 vinciis
1117 1887 1347 1929 gubernandis,
1368 1894 1394 1920 et
1419 1888 1450 1920 in
1471 1887 1672 1929 gravioribus
1692 1898 1742 1920 re-

991 1940 1052 1972 bus
1072 1940 1201 1983 saepius
1221 1941 1260 1973 ad
1284 1951 1373 1983 reges
1393 1946 1423 1973 et
1442 1942 1654 1985 imperatores
1669 1950 1742 1984 per-

200 1993 320 2038 insigni
339 2000 435 2037 atque
451 1994 567 2027 eximia
586 1994 701 2026 virtute
717 1995 882 2027 abundare
898 1995 953 2027 de-
970 2005 973 2022 ι
993 1993 1095 2035 fungi:

201 2046 291 2089 bent,
312 2053 361 2088 ut,
388 2058 485 2090 quam
506 2052 633 2090 gerunt,
660 2057 832 2090 personam
856 2047 953 2089 digne

203 2105 235 2134 et
253 2099 434 2134 honorifice
443 2101 567 2133 valeant
583 2100 775 2133 substinere.
786 2101 829 2133 Ac
841 2111 953 2143 quem-

203 2153 378 2187 admodum
397 2154 591 2197 praecipuae
615 2159 689 2186 sunt
713 2159 820 2197 partes
835 2154 954 2186 summi

204 2206 340 2240 Romani
358 2207 515 2250 praesulis
531 2207 562 2238 in
578 2207 616 2239 iis
627 2206 821 2239 asciscendis
842 2207 953 2250 exqui-

204 2259 297 2293 sitam
319 2259 472 2293 adbibere
493 2260 705 2302 diligentiam,
741 2266 771 2292 et
804 2266 955 2293 accurata

205 2313 496 2356 circumspectione
523 2313 688 2356 proxidere
708 2319 743 2346 111
763 2313 820 2346 riri
841 2314 954 2357 optimi

183 2359 242 2394 *ac
261 2361 426 2394 lectissimi
447 2368 663 2402 assumantur,
693 2372 722 2394 et
754 2362 801 2394 161
830 2362 862 2394 111
894 2363 955 2395 1106

205 2409 407 2454 potissimum
432 2410 613 2442 necessitati
634 2416 729 2453 atque
757 2410 885 2443 utilitati
908 2418 954 2444 to—

205 2459 268 2492 tius
286 2458 446 2492 Ecclesiae
466 2458 525 2491 sibi
547 2459 737 2492 commissae
758 2460 954 2500 consulatur,

204 2507 248 2541 ita
279 2507 375 2541 etiam
410 2507 544 2552 praelati
574 2513 763 2551 ceteraeque
799 2519 955 2552 personae

205 2557 440 2591 ecclesiasticae
453 2557 491 2590 ad
509 2562 613 2589 tantae
631 2557 794 2598 dignitatis
808 2558 955 2591 sublimi-

283 2605 362 2637 Butt.
382 2606 461 2637 Rom.
493 2605 546 2636 i'ol.
574 2605 645 2635 t‘m.
670 2598 674 2601 ’
783 2610 835 2635 io:

1037 2049 1052 2089 ξς
1073 2046 1104 2078 ἓ.
1127 2047 1199 2086 Sed,
1220 2047 1464 2090 quodomnium
1486 2053 1582 2092 caput
1602 2053 1633 2081 et
1652 2058 1742 2081 sum·
1810 2072 1938 2094 mmmm

993 2110 1045 2132 ma
1069 2106 1127 2139 est,
1162 2111 1198 2132 ex
1227 2111 1340 2133 eorum
1371 2111 1520 2144 corpore,
1546 2111 1682 2134 numero
1713 2107 1744 2134 et
1756 2104 1941 2162 {maffia

995 2153 1130 2195 collegio
1163 2153 1217 2186 ille
1238 2154 1318 2197 ipse,
1340 2154 1395 2197 qui
1417 2154 1541 2187 cunctis
1561 2154 1744 2198 pastoribus
1757 2167 1862 2187 creandus
1907 2170 1942 2186 est»

995 2207 1300 2250 estpraeficiendus,
1322 2218 1358 2240 ac
1376 2207 1474 2240 totius
1493 2207 1651 2241 Dominiei
1671 2218 1744 2251 gre·
1757 2196 1942 2250 f⁵e”1¹{¹¹¹'⁰⁵¹⁵⁰¹'‘¹‘

994 2259 1041 2301 gis
1062 2270 1174 2292 curam
1194 2259 1375 2299 habiturus,
1404 2260 1557 2293 Summus
1586 2260 1742 2301 Pontifex,

997 2313 1169 2355 deligatur,
1192 2313 1357 2355 iidemque
1378 2313 1468 2346 illum
1499 2314 1565 2347 suis
1584 2314 1746 2357 suffragiis

998 2367 1119 2401 creent,
1141 2361 1196 2404 qui
1229 2367 1305 2394 tunc
1336 2362 1466 2395 demum
1502 2363 1632 2405 publico
1660 2363 1745 2397 bono

999 2410 1162 2444 christiani
1184 2411 1307 2454 populi,
1325 2411 1468 2454 optimus
1481 2411 1549 2445 sine
1569 2411 1635 2444 ulla
1655 2412 1747 2445 dubi-

998 2460 1117 2493 tatione
1138 2460 1259 2499 existet,
1286 2460 1310 2492 si
1336 2470 1352 2492 e
1372 2470 1509 2493 numero
1531 2466 1562 2493 et
1587 2460 1748 2504 suffragiis

999 2508 1159 2541 bonorum
1181 2509 1350 2551 deligetur.
1367 2509 1400 2541 ln
1417 2509 1476 2542 bae
1490 2519 1579 2542 sacra
1590 2509 1747 2542 electione

1000 2557 1152 2591 censendi
1164 2563 1237 2591 sunt
1252 2557 1316 2591 reri
1334 2559 1526 2602 interpretes
1542 2563 1638 2602 atque
1650 2558 1749 2591 inter-
