2059 3228
79 2009 189 2032 eontinet,

57 2040 119 2063 naum
139 2048 190 2063 ‹wa-

56 2076 91 2098 pro
100 2071 188 2098 Auglino

57 2101 143 2124 tutione.

867 250 969 273 sthUS
989 250 1006 273 V
1027 250 1073 273 PP-

201 309 238 333 ex
258 306 368 334 saneto
389 301 443 333 illo
465 301 652 342 Angtonnn,
677 302 752 334 illuc
771 301 897 344 pietatis
917 308 947 336 et

201 353 378 387 catholicae
408 354 597 398 disciplinae
618 355 831 398 capessendae
852 366 947 388 causa

200 406 468 450 profugientinm,
503 408 688 448 seminario,
726 409 843 441 multos
881 410 946 441 sere

199 459 346 503 quotidie
363 460 493 504 prodire
514 461 674 499 autumus,
707 461 776 504 qui,
809 461 870 493 [leo
897 461 945 493 iu-

199 518 303 554 vante,
324 512 355 545 in
376 514 520 555 Angliam
539 514 577 546 ad
591 514 947 547 confirmandoseatbo—

199 564 336 598 licorum
356 566 480 598 animos
497 567 679 605 redeuntes,
693 566 840 607 gloriosis
864 573 889 599 et
913 578 946 599 a-

200 617 266 662 pud
294 625 441 662 posteros
467 629 597 662 quoqne
619 619 797 651 illustribus
832 620 947 651 suturis

200 671 372 715 martyriis,
386 682 476 705 suam
497 677 528 705 et
545 682 619 713 erga
639 672 830 704 catholicam
851 672 945 705 tidem

198 723 282 758 hanc
293 724 440 758 Sanctam
452 724 566 757 Sedent
582 725 781 757 devotionem
796 726 946 768 usquead

199 777 365 820 sanguinis
385 783 416 810 et
426 778 558 821 spiritus
570 778 758 810 ellus-ionem
778 784 943 811 testentur.

199 830 321 863 Horum
341 836 449 864 autem
474 830 589 864 eximia
607 831 706 864 virtus
727 836 755 863 et
772 831 897 864 infracti
913 843 947 864 a·

198 882 277 916 nimi
305 883 406 916 robur
429 884 629 917 saevissimos
659 884 838 917 haereticos
872 885 946 925 urit,

198 946 353 981 spemque
373 937 418 970 eis
435 937 532 981 eripit
551 948 647 980 quam
662 938 701 970 de
713 938 946 971 catholicorum

198 990 330 1024 nomine
359 991 398 1023 ad
425 990 680 1024 internecionem
711 992 862 1031 delendo,
893 999 949 1025 aut

198 1048 286 1077 certe
301 1044 430 1088 penitus
454 1044 668 1088 profligando,
695 1045 805 1077 animo
830 1056 947 1078 conce-

198 1101 327 1141 perunt.
360 1096 422 1130 Sed
442 1108 515 1130 cum
538 1098 624 1130 baud
651 1098 799 1131 desinant
820 1104 949 1141 propte-

197 1159 254 1183 rea
264 1149 334 1193 pios
352 1161 464 1183 omnes
474 1161 598 1190 vexare,
614 1158 818 1184 excrescente
838 1151 867 1183 in
882 1152 949 1184 dies
967 1154 969 1173 ⁵

198 1203 329 1236 exulum
361 1214 508 1244 numero,
545 1203 628 1236 idem
664 1204 834 1246 collegium
870 1205 949 1237 Rbo-

199 1267 310 1290 mense
329 1257 361 1290 in
382 1257 536 1290 maximas
556 1257 760 1290 difficultates
780 1264 823 1290 est
847 1258 948 1290 addu-

199 1315 300 1350 ctum,
314 1321 351 1343 ac
363 1321 403 1344 ne
414 1310 515 1354 ipsius
535 1310 665 1352 quidem
682 1311 797 1343 aerarii
819 1317 948 1354 aposto-

199 1363 253 1397 lici
285 1363 469 1408 ingentibus
497 1365 650 1398 oneribus
671 1364 790 1407 gravati
811 1365 950 1397 tennitas

200 1417 351 1452 sufficere
376 1423 481 1462 potest
504 1423 548 1451 tot
574 1418 819 1451 necessitatibus
846 1418 950 1450 suble-

200 1471 322 1511 vandis,
344 1482 418 1504 oum
440 1472 630 1516 praesertim
659 1482 717 1503 nos
738 1471 949 1503 turbulentis-

199 1523 290 1557 simis
313 1525 516 1569 temporibus
537 1526 574 1557 ad
601 1525 759 1557 Ecclesia«-
789 1525 949 1567 guberna-

200 1578 274 1612 cula
292 1579 407 1618 vocati,
428 1578 672 1611 imminentibus
702 1577 843 1620 undique
864 1578 950 1621 peri-

200 1631 283 1666 culis
302 1631 518 1671 circumsessi,
541 1642 576 1664 ex
604 1637 668 1664 toto
692 1636 850 1664 terrarum
872 1631 950 1664 orbe

200 1684 241 1718 ad
260 1695 319 1718 nos
337 1685 573 1718 confluentium
598 1685 745 1717 fidelium
766 1695 948 1728 pauperum

201 1738 449 1772 necessitatibus
478 1749 664 1778 succurere,
696 1749 755 1781 pro
788 1738 951 1770 communi

201 1791 393 1826 christianae
401 1792 599 1836 reipublicae
608 1792 704 1832 hono,
714 1792 858 1833 ingentes
866 1803 953 1824 sum-

201 1851 276 1890 ptus
294 1846 400 1879 facere
420 1851 450 1879 et
470 1845 657 1888 gravissima
676 1856 775 1878 onera
795 1845 952 1878 sustinere

202 1899 331 1933 assidue
351 1909 519 1942 cogamur.

227 1952 262 1996 ἓ
285 1951 318 1986 3.
344 1953 488 1986 Primum
510 1952 609 1995 igitur
626 1953 829 1993 confugimus
849 1952 886 1985 ad
908 1952 953 1985 di-

201 2003 307 2038 vinam
327 2016 422 2050 opem
444 2005 691 2050 implorandam,
715 2006 840 2038 ntDens
852 2006 953 2038 omni-

202 2058 476 2102 potenscohibeat
495 2060 624 2091 tandem
646 2059 820 2102 aliquando
842 2059 954 2092 effrae-

202 2117 297 2144 natae
320 2112 498 2156 tyrannidis
523 2113 554 2144 in
576 2112 672 2145 caede
693 2123 728 2144 ac
755 2117 856 2154 strage
882 2112 952 2155 pio-

203 2175 277 2198 rum
294 2165 522 2198 debacchantis
547 2166 702 2203 surorem,
738 2172 766 2198 ct
792 2165 953 2198 nobilissi-

203 2228 290 2251 mam
320 2217 484 2250 nationem
522 2228 614 2250 verae
655 2218 818 2260 religionis
848 2217 953 2251 studio

206 2270 369 2316 quondam
390 2271 560 2304 florentem
579 2282 615 2303 ae
631 2271 768 2309 beatam,
792 2276 821 2303 et
847 2271 954 2304 adbuc

207 2335 266 2369 pro
287 2334 345 2357 suo
361 2324 400 2356 ab
420 2324 658 2357 haereticorum
672 2324 866 2356 intolerabili
881 2324 954 2365 iugo

207 2377 412 2417 liberatione,
435 2389 537 2421 usque
557 2378 597 2410 ad
618 2378 806 2420 sanguinem
833 2377 953 2419 glorio-

207 2426 332 2461 sissime
343 2432 596 2463 concertantem,
618 2427 671 2460 tali
693 2433 778 2470 peste
799 2438 834 2458 a‹·
853 2426 956 2468 perni-

209 2476 257 2509 cie
271 2476 438 2515 tiber-enac
451 2476 481 2507 in
497 2476 663 2518 pristinam
678 2476 817 2519 quietem
831 2482 856 2507 1-1
873 2482 955 2507 tran-

209 2524 400 2569 quillitatem
422 2524 573 2556 vindicet.

254 2572 325 2617 ἓίι.
356 2573 425 2606 Mox
451 2573 564 2605 imitati
594 2573 692 2605 l'eliris
727 2572 957 2605 recordationis

208 2621 397 2666 Gregorium
419 2622 535 2666 Papam
558 2622 633 2663 xlii,
655 2627 798 2655 nostrum
821 2621 956 2667 praede-

1628 238 1687 274 741
1752 248 1938 277 ,11101506

988 311 1160 340 cessorem,
1192 302 1261 335 eins
1282 302 1441 345 exemplo,
1464 306 1500 335 ut
1521 301 1596 345 plus
1615 300 1738 345 ponde·
1778 309 1876 332 eiusdem
1898 317 1936 338 pro

989 354 1031 386 ris
1057 354 1171 386 babeat
1187 355 1349 398 duplicata
1369 355 1589 388 Romanorum
1606 353 1738 388 Pontifi-
1752 342 1939 395 ffssfftnnffifffi‘i

988 418 1062 439 cuni
1094 408 1353 447 commendatio,
1387 419 1444 441 nos
1473 417 1603 452 quoque
1630 407 1738 441 denuo
1753 403 1924 457 ‚fffiss'ggf’st'

990 471 1046 504 por
1068 467 1249 503 praesentes
1267 461 1434 494 universos
1458 461 1684 494 christifideles
1707 471 1740 495 e-

989 514 1060 546 nixe
1081 514 1280 546 obtestamur
1291 520 1317 546 et
1333 515 1579 548 obsecramusin
1592 515 1739 557 Domino,

989 567 1082 599 cuius
1102 578 1197 599 causa
1219 578 1305 599 nunc
1326 568 1463 602 maxime
1480 568 1595 611 agitur,
1616 573 1651 602 ut
1665 568 1740 602 sub·

991 620 1094 652 levent
1114 620 1289 661 Anglorum
1313 621 1469 660 fidelium,
1483 620 1674 664 praesertim
1688 621 1739 655 di-

989 673 1029 705 cti
1051 673 1176 715 collegii
1200 673 1408 713 Rbemensis,
1434 674 1596 718 supplices
1623 684 1738 708 manus

989 725 1202 765 tendentium,
1230 726 1384 769 inopiam,
1407 726 1460 770 pia
1480 733 1508 759 et
1522 727 1660 767 liberali,
1678 737 1738 770 pro

989 789 1120 811 suarum
1150 778 1286 822 quisquc
1308 779 1493 812 facultatum
1516 780 1624 820 modo,
1651 780 1738 814 elee-

989 842 1195 875 mosynarum
1223 832 1401 875 largitione,
1429 843 1487 865 nec
1507 833 1665 876 denegent
1692 832 1738 867 eis

989 885 1064 917 vela
1082 885 1199 918 dilecto
1212 886 1277 918 fillo
1289 885 1461 919 Guillelmo
1482 887 1595 926 Meno,
1609 892 1736 920 rectore

989 938 1130 972 eiusdem
1167 940 1293 981 collegii
1322 940 1476 972 moderno
1510 951 1546 972 ac
1572 951 1630 983 pro
1654 945 1736 973 tem-

989 1002 1066 1034 pore
1087 992 1254 1032 existente,
1276 992 1438 1036 deputatis
1450 999 1636 1036 promptum
1650 993 1738 1026 auxi-

989 1046 1080 1085 lium,
1113 1056 1152 1078 ne
1173 1057 1254 1090 quos
1279 1046 1383 1079 divina
1405 1047 1627 1080 misericordia
1647 1047 1741 1082 inco-.

989 1099 1092 1131 lnmes
1112 1099 1252 1131 defendit
1275 1100 1313 1131 ab
1343 1099 1473 1132 efferata
1494 1099 1738 1134 crudelissimae

989 1151 1166 1194 tyrannidis
1193 1152 1334 1191 saevitia,
1366 1164 1420 1185 eos
1450 1163 1537 1186 nunc
1565 1153 1598 1185 in
1633 1153 1739 1187 media

990 1205 1240 1238 ‹thnistianorum
1270 1206 1438 1249 republica
1480 1212 1610 1240 enectos
1640 1207 1736 1247 same,

990 1258 1104 1299 nudos,
1138 1259 1239 1291 macie
1270 1264 1300 1291 et
1319 1259 1481 1302 squallore
1503 1260 1666 1292 confectos
1691 1265 1739 1293 ta·
1774 1294 1776 1296 μ

990 1312 1121 1344 bescere
1141 1322 1178 1344 ac
1198 1312 1315 1355 perire,
1333 1323 1459 1345 summa
1476 1323 1549 1345 cum
1561 1312 1739 1355 ignominia

991 1364 1164 1408 patiantur.

1034 1419 1048 1461 ς’
1073 1417 1104 1450 5.
1132 1418 1320 1451 Mandamus
1335 1424 1503 1463 praeterea
1524 1419 1679 1452 universis
1709 1425 1740 1453 et
1800 1428 1938 1464 Baeton-qm

991 1471 1124 1514 singulis
1149 1472 1357 1505 ecclesiarum
1380 1472 1528 1515 praelatis
1548 1477 1579 1505 et
1605 1473 1739 1506 rectori-
1754 1460 1939 1519 ξ’,ζάζζζωζῗῗξῗζῗ

990 1526 1050 1558 bus
1070 1525 1249 1568 ceterisque
1270 1527 1416 1570 personis
1431 1526 1657 1559 ecelesiasticis
1668 1525 1739 1570 qui-
1755 1522 1937 1577 {izssssfflffiffi'n’

991 1579 1204 1621 buscnmque,
1228 1586 1262 1611 ut
1282 1585 1396 1613 curent
1413 1580 1739 1623 praesenteslitteras,
1755 1581 1876 1607 ⁰⁰¹¹¹⁸0¹²‘¹¹·

992 1643 1141 1666 earumve
1162 1634 1346 1665 authentica
1366 1634 1511 1676 exempla
1532 1633 1563 1665 in
1575 1633 1641 1665 suis
1652 1633 1740 1677 quis-

992 1697 1054 1730 que.
1079 1686 1223 1720 ecclesiis
1243 1692 1273 1719 et
1292 1687 1371 1719 loeis
1391 1697 1427 1719 ac
1457 1686 1552 1719 etiam
1574 1686 1739 1720 concioni-

992 1740 1051 1772 bus
1083 1739 1255 1783 publicari,
1294 1745 1517 1783 spectataeque
1548 1739 1741 1782 integritatis

992 1793 1087 1833 viros,
1123 1804 1187 1826 non
1219 1799 1324 1826 autem
1358 1799 1556 1837 quaestores,
1585 1793 1740 1835 deligant,

993 1846 1050 1890 qui
1071 1848 1289 1891 eleemosynas
1309 1853 1341 1880 et
1358 1847 1463 1879 oblata
1480 1846 1619 1879 caritatis
1637 1846 1742 1879 subsi-

994 1900 1044 1933 dia
1066 1900 1229 1944 colligant,
1251 1911 1288 1934 ac
1308 1901 1375 1933 sine
1395 1901 1488 1933 lucro
1508 1905 1539 1932 et
1557 1899 1682 1939 fraude,
1696 1899 1744 1932 di-

994 1959 1046 1987 cto
1070 1954 1187 1987 rectori
1214 1954 1262 1986 vel
1286 1953 1325 1986 ab
1350 1964 1388 1986 eo
1413 1952 1572 1996 deputatis
1604 1952 1744 1985 fideliter

994 2006 1130 2046 tradant,
1146 2017 1181 2039 ex
1202 2007 1319 2050 quibus
1340 2006 1424 2039 idem
1445 2011 1550 2038 rector
1568 2005 1743 2038 modernus

996 2065 1024 2092 et
1046 2070 1104 2103 pro
1126 2065 1270 2103 tempore
1283 2060 1422 2099 futurus,
1444 2059 1498 2091 ubi
1520 2058 1662 2091 eiusdem
1676 2059 1743 2091 col-

997 2113 1069 2153 legii
1103 2113 1348 2146 necessitatibus
1379 2112 1453 2144 satis
1482 2122 1549 2144 esse
1579 2110 1743 2155 provisum

996 2166 1131 2205 noverit,
1154 2165 1266 2198 ceteris
1293 2165 1399 2207 Angli<
1420 2164 1567 2197 exulibus
1592 2163 1744 2208 dispersis

996 2219 1188 2262 presbyteris
1208 2224 1388 2262 opportune
1413 2217 1591 2251 subveniat.

1041 2274 1055 2316 ξ
1080 2273 1110 2305 6.
1138 2273 1270 2305 Domum
1293 2272 1477 2305 carissimos
1498 2270 1531 2304 in
1555 2270 1680 2304 Christo
1705 2270 1744 2304 fi·
1788 2273 1944 2325 ,ΗΡῆθΙῑζ-,δ

997 2328 1055 2359 lios
1090 2327 1316 2370 imperatorem
1352 2331 1550 2368 cunctosque
1581 2335 1674 2367 reges
1708 2311 1945 2358 a0312312⁰52⁰31⁰il3

997 2381 1138 2423 reliquos
1158 2379 1321 2422 principes
1338 2378 1528 2411 cbristianos
1539 2377 1633 2411 etiam
1650 2383 1745 2420 atque
1760 2367 1806 2393 ‘³¹⁰⁵
1830 2367 1944 2388 ⁰¹⁰¹³³²⁰⁶

1761 2398 1866 2425 recipiunt
1876 2400 1898 2419 et
1913 2396 1944 2418 so-

997 2429 1091 2461 etiam
1124 2439 1274 2467 rogamus
1303 2433 1333 2459 et.
1362 2438 1531 2459 monemus
1550 2432 1585 2459 ut
1616 2427 1746 2459 eosdem
1761 2431 1832 2450 '0⁸¹¹‘-

998 2478 1115 2519 Anglos
1128 2477 1245 2515 exules,
1258 2476 1311 2519 qui
1326 2481 1609 2519 persequutionem
1622 2474 1749 2519 patiun-

998 2533 1051 2558 tur
1076 2531 1206 2568 proptcr
1228 2524 1391 2563 iustitiam,
1415 2523 1664 2556 christianorum
1678 2522 1748 2566 qui-

999 2575 1069 2606 dcin
1085 2574 1265 2617 principum
1279 2574 1457 2617 patrocinio
1469 2572 1749 2616 dignissimos‚iu-

1000 2629 1066 2655 wnt
1090 2634 1149 2668 pro
1169 2623 1290 2656 viribus
1311 2629 1340 2656 et
1362 2623 1498 2663 foveant,
1517 2623 1565 2656 vel
1586 2622 1618 2655 in
1630 2622 1675 2655 eis
1691 2632 1750 2668 po·-
