<?xml version="1.0" encoding="UTF-8"?>
<!DOCTYPE html PUBLIC "-//W3C//DTD XHTML 1.0 Transitional//EN"
    "http://www.w3.org/TR/xhtml1/DTD/xhtml1-transitional.dtd">
<html xmlns="http://www.w3.org/1999/xhtml" xml:lang="en" lang="en">
 <head>
  <title>
</title>
<meta http-equiv="Content-Type" content="text/html;charset=utf-8" />
  <meta name='ocr-system' content='tesseract 3.04.00' />
  <meta name='ocr-capabilities' content='ocr_page ocr_carea ocr_par ocr_line ocrx_word'/>
</head>
<body>
  <div class='ocr_page' id='page_1' title='image "./bullarumdiplomat08cath_1062.png"; bbox 0 0 2059 3228; ppageno 0'>
   <div class='ocr_carea' id='block_1_1' title="bbox 318 231 1855 1018">
    <p class='ocr_par' dir='ltr' id='par_1_1' title="bbox 368 231 1851 439">
     <span class='ocr_line' id='line_1_1' title="bbox 368 231 1232 264; baseline -0.003 -1"><span class='ocrx_word' id='word_1_1' title='bbox 368 231 456 264; x_wconf 68' lang='lat'>‘1046</span> <span class='ocrx_word' id='word_1_2' title='bbox 946 237 1091 262; x_wconf 70' lang='lat' dir='ltr'>RULLARII</span> <span class='ocrx_word' id='word_1_3' title='bbox 1116 237 1232 261; x_wconf 63' lang='lat' dir='ltr'>aonam</span> 
     </span>
     <span class='ocr_line' id='line_1_2' title="bbox 412 287 1848 333; baseline 0 -10"><span class='ocrx_word' id='word_1_4' title='bbox 412 290 588 333; x_wconf 53' lang='lat' dir='ltr'>iti-agoniae</span> <span class='ocrx_word' id='word_1_5' title='bbox 609 297 636 323; x_wconf 86' lang='lat' dir='ltr'>et</span> <span class='ocrx_word' id='word_1_6' title='bbox 666 291 838 329; x_wconf 65' lang='lat' dir='ltr'>valentiae,</span> <span class='ocrx_word' id='word_1_7' title='bbox 863 289 1002 333; x_wconf 86' lang='lat' dir='ltr'>Philippi</span> <span class='ocrx_word' id='word_1_8' title='bbox 1022 289 1251 333; x_wconf 69' lang='lat' dir='ltr'>Hispaniarum</span> <span class='ocrx_word' id='word_1_9' title='bbox 1274 288 1358 328; x_wconf 62' lang='lat' dir='ltr'>regis</span> <span class='ocrx_word' id='word_1_10' title='bbox 1378 287 1526 321; x_wconf 74' lang='lat' dir='ltr'>catholici</span> <span class='ocrx_word' id='word_1_11' title='bbox 1549 289 1848 332; x_wconf 70' lang='lat' dir='ltr'>supplicationibus,</span> 
     </span>
     <span class='ocr_line' id='line_1_3' title="bbox 410 340 1851 387; baseline 0 -12"><span class='ocrx_word' id='word_1_12' title='bbox 410 344 452 375; x_wconf 69' lang='lat'>49</span> <span class='ocrx_word' id='word_1_13' title='bbox 465 344 494 379; x_wconf 62' lang='grc' dir='ltr'>ἐν,</span> <span class='ocrx_word' id='word_1_14' title='bbox 513 342 622 375; x_wconf 86' lang='lat' dir='ltr'>clerici</span> <span class='ocrx_word' id='word_1_15' title='bbox 638 342 803 375; x_wconf 69' lang='lat' dir='ltr'>laicalibus</span> <span class='ocrx_word' id='word_1_16' title='bbox 829 343 968 375; x_wconf 74' lang='lat' dir='ltr'>vestibus</span> <span class='ocrx_word' id='word_1_17' title='bbox 990 342 1095 375; x_wconf 88' lang='lat' dir='ltr'>induti</span> <span class='ocrx_word' id='word_1_18' title='bbox 1115 347 1146 375; x_wconf 85' lang='lat' dir='ltr'>et</span> <span class='ocrx_word' id='word_1_19' title='bbox 1166 342 1197 374; x_wconf 93' lang='lat' dir='ltr'>in</span> <span class='ocrx_word' id='word_1_20' title='bbox 1218 340 1363 381; x_wconf 64' lang='lat' dir='ltr'>flagranti</span> <span class='ocrx_word' id='word_1_21' title='bbox 1384 340 1521 373; x_wconf 87' lang='lat' dir='ltr'>crimine</span> <span class='ocrx_word' id='word_1_22' title='bbox 1541 343 1701 375; x_wconf 85' lang='lat' dir='ltr'>crassandi</span> <span class='ocrx_word' id='word_1_23' title='bbox 1730 342 1851 387; x_wconf 84' lang='lat' dir='ltr'>reperti</span> 
     </span>
     <span class='ocr_line' id='line_1_4' title="bbox 411 394 1351 439; baseline -0.002 -11"><span class='ocrx_word' id='word_1_24' title='bbox 411 396 525 428; x_wconf 84' lang='lat' dir='ltr'>ultimo</span> <span class='ocrx_word' id='word_1_25' title='bbox 546 395 706 439; x_wconf 84' lang='lat' dir='ltr'>supplicio</span> <span class='ocrx_word' id='word_1_26' title='bbox 727 395 887 427; x_wconf 81' lang='lat' dir='ltr'>afficiendi</span> <span class='ocrx_word' id='word_1_27' title='bbox 908 406 926 427; x_wconf 85' lang='lat' dir='ltr'>a</span> <span class='ocrx_word' id='word_1_28' title='bbox 945 395 1050 428; x_wconf 88' lang='lat' dir='ltr'>iudice</span> <span class='ocrx_word' id='word_1_29' title='bbox 1070 394 1238 433; x_wconf 79' lang='lat' dir='ltr'>saeculari,</span> <span class='ocrx_word' id='word_1_30' title='bbox 1260 394 1300 427; x_wconf 81' lang='lat'>50</span> <span class='ocrx_word' id='word_1_31' title='bbox 1320 405 1351 426; x_wconf 77' lang='lat' dir='ltr'>a.</span> 
     </span>
    </p>

    <p class='ocr_par' dir='ltr' id='par_1_2' title="bbox 323 446 1852 700">
     <span class='ocr_line' id='line_1_5' title="bbox 323 446 1850 491; baseline 0.001 -10"><span class='ocrx_word' id='word_1_32' title='bbox 323 447 600 490; x_wconf 73' lang='lat' dir='ltr'>Famigeratores,</span> <span class='ocrx_word' id='word_1_33' title='bbox 632 449 727 490; x_wconf 78' lang='lat' dir='ltr'>vulgo</span> <span class='ocrx_word' id='word_1_34' title='bbox 756 453 931 488; x_wconf 64' lang='lat' dir='ltr'>memnones,</span> <span class='ocrx_word' id='word_1_35' title='bbox 959 454 1077 491; x_wconf 87' lang='lat' dir='ltr'>quanta</span> <span class='ocrx_word' id='word_1_36' title='bbox 1098 448 1182 479; x_wconf 89' lang='lat' dir='ltr'>mala</span> <span class='ocrx_word' id='word_1_37' title='bbox 1201 447 1345 489; x_wconf 76' lang='lat' dir='ltr'>gignant,</span> <span class='ocrx_word' id='word_1_38' title='bbox 1367 447 1409 479; x_wconf 70' lang='lat'>12</span> <span class='ocrx_word' id='word_1_39' title='bbox 1427 447 1458 486; x_wconf 77' lang='lat' dir='ltr'>b,</span> <span class='ocrx_word' id='word_1_40' title='bbox 1479 452 1636 490; x_wconf 86' lang='lat' dir='ltr'>perpetua</span> <span class='ocrx_word' id='word_1_41' title='bbox 1655 446 1850 489; x_wconf 79' lang='lat' dir='ltr'>ignominiae</span> 
     </span>
     <span class='ocr_line' id='line_1_6' title="bbox 410 498 1850 542; baseline -0.001 -10"><span class='ocrx_word' id='word_1_42' title='bbox 410 505 485 533; x_wconf 86' lang='lat' dir='ltr'>nota</span> <span class='ocrx_word' id='word_1_43' title='bbox 514 500 618 533; x_wconf 72' lang='lat' dir='ltr'>affecti</span> <span class='ocrx_word' id='word_1_44' title='bbox 643 500 830 533; x_wconf 81' lang='lat' dir='ltr'>triremibus</span> <span class='ocrx_word' id='word_1_45' title='bbox 850 501 1057 537; x_wconf 80' lang='lat' dir='ltr'>damnantur,</span> <span class='ocrx_word' id='word_1_46' title='bbox 1079 500 1172 535; x_wconf 31' lang='lat' dir='ltr'>wid*</span> <span class='ocrx_word' id='word_1_47' title='bbox 1195 499 1340 533; x_wconf 78' lang='lat' dir='ltr'>eamdem</span> <span class='ocrx_word' id='word_1_48' title='bbox 1362 509 1498 542; x_wconf 89' lang='lat' dir='ltr'>poenam</span> <span class='ocrx_word' id='word_1_49' title='bbox 1520 498 1691 532; x_wconf 85' lang='lat' dir='ltr'>incurrunt</span> <span class='ocrx_word' id='word_1_50' title='bbox 1718 500 1773 542; x_wconf 89' lang='lat' dir='ltr'>qui</span> <span class='ocrx_word' id='word_1_51' title='bbox 1790 501 1850 533; x_wconf 88' lang='lat' dir='ltr'>ho-</span> 
     </span>
     <span class='ocr_line' id='line_1_7' title="bbox 409 552 1851 597; baseline -0.001 -11"><span class='ocrx_word' id='word_1_52' title='bbox 409 564 481 586; x_wconf 86' lang='lat' dir='ltr'>rum</span> <span class='ocrx_word' id='word_1_53' title='bbox 502 554 621 597; x_wconf 70' lang='lat' dir='ltr'>scripta</span> <span class='ocrx_word' id='word_1_54' title='bbox 641 553 823 597; x_wconf 75' lang='lat' dir='ltr'>receperint</span> <span class='ocrx_word' id='word_1_55' title='bbox 838 560 869 587; x_wconf 83' lang='lat' dir='ltr'>et</span> <span class='ocrx_word' id='word_1_56' title='bbox 888 554 980 587; x_wconf 84' lang='lat' dir='ltr'>Urbis</span> <span class='ocrx_word' id='word_1_57' title='bbox 1001 553 1207 596; x_wconf 76' lang='lat' dir='ltr'>gubernatori</span> <span class='ocrx_word' id='word_1_58' title='bbox 1228 561 1294 585; x_wconf 92' lang='lat' dir='ltr'>non</span> <span class='ocrx_word' id='word_1_59' title='bbox 1314 552 1507 585; x_wconf 77' lang='lat' dir='ltr'>tradiderint</span> <span class='ocrx_word' id='word_1_60' title='bbox 1525 557 1580 585; x_wconf 86' lang='lat' dir='ltr'>aut</span> <span class='ocrx_word' id='word_1_61' title='bbox 1598 563 1664 585; x_wconf 89' lang='lat' dir='ltr'>non</span> <span class='ocrx_word' id='word_1_62' title='bbox 1688 552 1851 595; x_wconf 85' lang='lat' dir='ltr'>significa-</span> 
     </span>
     <span class='ocr_line' id='line_1_8' title="bbox 408 605 1852 650; baseline -0.001 -11"><span class='ocrx_word' id='word_1_63' title='bbox 408 606 525 645; x_wconf 86' lang='lat' dir='ltr'>verint,</span> <span class='ocrx_word' id='word_1_64' title='bbox 548 605 589 639; x_wconf 79' lang='lat'>13</span> <span class='ocrx_word' id='word_1_65' title='bbox 612 617 644 647; x_wconf 82' lang='lat' dir='ltr'>a;</span> <span class='ocrx_word' id='word_1_66' title='bbox 667 607 798 650; x_wconf 88' lang='lat' dir='ltr'>antiqua</span> <span class='ocrx_word' id='word_1_67' title='bbox 817 607 889 640; x_wconf 90' lang='lat' dir='ltr'>iura</span> <span class='ocrx_word' id='word_1_68' title='bbox 909 612 1020 640; x_wconf 88' lang='lat' dir='ltr'>contra</span> <span class='ocrx_word' id='word_1_69' title='bbox 1040 606 1202 639; x_wconf 73' lang='lat' dir='ltr'>mittentes</span> <span class='ocrx_word' id='word_1_70' title='bbox 1222 611 1277 639; x_wconf 90' lang='lat' dir='ltr'>aut</span> <span class='ocrx_word' id='word_1_71' title='bbox 1296 605 1474 639; x_wconf 81' lang='lat' dir='ltr'>scribentes</span> <span class='ocrx_word' id='word_1_72' title='bbox 1493 605 1621 638; x_wconf 87' lang='lat' dir='ltr'>libellos</span> <span class='ocrx_word' id='word_1_73' title='bbox 1641 606 1792 646; x_wconf 85' lang='lat' dir='ltr'>famosos,</span> <span class='ocrx_word' id='word_1_74' title='bbox 1818 605 1852 638; x_wconf 93' lang='lat' dir='ltr'>in</span> 
     </span>
     <span class='ocr_line' id='line_1_9' title="bbox 408 661 903 700; baseline 0.002 -8"><span class='ocrx_word' id='word_1_75' title='bbox 408 670 467 693; x_wconf 92' lang='lat' dir='ltr'>suo</span> <span class='ocrx_word' id='word_1_76' title='bbox 486 661 604 693; x_wconf 84' lang='lat' dir='ltr'>robore</span> <span class='ocrx_word' id='word_1_77' title='bbox 625 665 803 700; x_wconf 80' lang='lat' dir='ltr'>remanent,</span> <span class='ocrx_word' id='word_1_78' title='bbox 825 661 903 693; x_wconf 77' lang='lat' dir='ltr'>ibid.</span> 
     </span>
    </p>

    <p class='ocr_par' dir='ltr' id='par_1_3' title="bbox 319 713 1004 747">
     <span class='ocr_line' id='line_1_10' title="bbox 319 713 1004 747; baseline 0 -2"><span class='ocrx_word' id='word_1_79' title='bbox 319 713 406 746; x_wconf 85' lang='lat' dir='ltr'>Felix</span> <span class='ocrx_word' id='word_1_80' title='bbox 426 713 596 746; x_wconf 82' lang='lat' dir='ltr'>cardinalis</span> <span class='ocrx_word' id='word_1_81' title='bbox 616 713 772 746; x_wconf 83' lang='lat' dir='ltr'>Perettus.</span> <span class='ocrx_word' id='word_1_82' title='bbox 794 714 828 746; x_wconf 89' lang='lat' dir='ltr'>V.</span> <span class='ocrx_word' id='word_1_83' title='bbox 852 713 956 747; x_wconf 82' lang='lat' dir='ltr'>Sixtus</span> <span class='ocrx_word' id='word_1_84' title='bbox 971 713 1004 745; x_wconf 93' lang='lat' dir='ltr'>V.</span> 
     </span>
    </p>

    <p class='ocr_par' dir='ltr' id='par_1_4' title="bbox 318 763 1855 1018">
     <span class='ocr_line' id='line_1_11' title="bbox 318 763 1852 808; baseline -0.002 -9"><span class='ocrx_word' id='word_1_85' title='bbox 318 765 512 799; x_wconf 76' lang='lat' dir='ltr'>Feret-:anae</span> <span class='ocrx_word' id='word_1_86' title='bbox 537 766 691 799; x_wconf 86' lang='lat' dir='ltr'>ecclesiae</span> <span class='ocrx_word' id='word_1_87' title='bbox 722 766 913 800; x_wconf 86' lang='lat' dir='ltr'>cathedralis</span> <span class='ocrx_word' id='word_1_88' title='bbox 933 766 1099 799; x_wconf 71' lang='lat' dir='ltr'>translatio</span> <span class='ocrx_word' id='word_1_89' title='bbox 1130 765 1169 798; x_wconf 91' lang='lat' dir='ltr'>ab</span> <span class='ocrx_word' id='word_1_90' title='bbox 1202 765 1321 808; x_wconf 90' lang='lat' dir='ltr'>oppido</span> <span class='ocrx_word' id='word_1_91' title='bbox 1346 765 1454 798; x_wconf 83' lang='lat' dir='ltr'>Sancti</span> <span class='ocrx_word' id='word_1_92' title='bbox 1483 764 1599 797; x_wconf 83' lang='lat' dir='ltr'>Leonis</span> <span class='ocrx_word' id='word_1_93' title='bbox 1629 764 1668 796; x_wconf 90' lang='lat' dir='ltr'>ad</span> <span class='ocrx_word' id='word_1_94' title='bbox 1696 763 1852 807; x_wconf 87' lang='lat' dir='ltr'>oppidum</span> 
     </span>
     <span class='ocr_line' id='line_1_12' title="bbox 407 815 1855 860; baseline -0.001 -10"><span class='ocrx_word' id='word_1_95' title='bbox 407 818 529 851; x_wconf 85' lang='lat' dir='ltr'>Pinnae</span> <span class='ocrx_word' id='word_1_96' title='bbox 554 818 712 851; x_wconf 88' lang='lat' dir='ltr'>Billorum</span> <span class='ocrx_word' id='word_1_97' title='bbox 741 819 773 851; x_wconf 93' lang='lat' dir='ltr'>in</span> <span class='ocrx_word' id='word_1_98' title='bbox 803 818 971 852; x_wconf 86' lang='lat' dir='ltr'>ecclesiam</span> <span class='ocrx_word' id='word_1_99' title='bbox 993 818 1100 851; x_wconf 78' lang='lat' dir='ltr'>Sancti</span> <span class='ocrx_word' id='word_1_100' title='bbox 1120 817 1372 853; x_wconf 77' lang='lat' dir='ltr'>Bartholomaei,</span> <span class='ocrx_word' id='word_1_101' title='bbox 1396 816 1582 860; x_wconf 85' lang='lat' dir='ltr'>respectivis</span> <span class='ocrx_word' id='word_1_102' title='bbox 1603 815 1752 859; x_wconf 87' lang='lat' dir='ltr'>capitulis</span> <span class='ocrx_word' id='word_1_103' title='bbox 1771 816 1855 849; x_wconf 84' lang='lat' dir='ltr'>invi-</span> 
     </span>
     <span class='ocr_line' id='line_1_13' title="bbox 407 868 1853 916; baseline -0.001 -12"><span class='ocrx_word' id='word_1_104' title='bbox 407 882 477 904; x_wconf 88' lang='lat' dir='ltr'>cem</span> <span class='ocrx_word' id='word_1_105' title='bbox 498 871 610 911; x_wconf 90' lang='lat' dir='ltr'>unitis,</span> <span class='ocrx_word' id='word_1_106' title='bbox 632 871 695 905; x_wconf 81' lang='grc'>516</span> <span class='ocrx_word' id='word_1_107' title='bbox 716 883 734 904; x_wconf 81' lang='lat' dir='ltr'>a</span> <span class='ocrx_word' id='word_1_108' title='bbox 756 878 787 905; x_wconf 91' lang='lat' dir='ltr'>et</span> <span class='ocrx_word' id='word_1_109' title='bbox 805 883 882 916; x_wconf 77' lang='lat' dir='ltr'>seq.;</span> <span class='ocrx_word' id='word_1_110' title='bbox 905 872 937 904; x_wconf 91' lang='lat' dir='ltr'>in</span> <span class='ocrx_word' id='word_1_111' title='bbox 958 881 1058 913; x_wconf 83' lang='lat' dir='ltr'>eaque</span> <span class='ocrx_word' id='word_1_112' title='bbox 1079 871 1361 904; x_wconf 75' lang='lat' dir='ltr'>archidiaconatus</span> <span class='ocrx_word' id='word_1_113' title='bbox 1381 875 1411 903; x_wconf 89' lang='lat' dir='ltr'>et</span> <span class='ocrx_word' id='word_1_114' title='bbox 1438 869 1770 913; x_wconf 71' lang='lat' dir='ltr'>archipresbyteratus</span> <span class='ocrx_word' id='word_1_115' title='bbox 1789 868 1853 902; x_wconf 88' lang='lat' dir='ltr'>eri-</span> 
     </span>
     <span class='ocr_line' id='line_1_14' title="bbox 405 921 1852 967; baseline -0.001 -11"><span class='ocrx_word' id='word_1_116' title='bbox 405 924 506 967; x_wconf 77' lang='lat' dir='ltr'>gitur,</span> <span class='ocrx_word' id='word_1_117' title='bbox 529 930 674 966; x_wconf 82' lang='lat' dir='ltr'>congrua</span> <span class='ocrx_word' id='word_1_118' title='bbox 698 924 771 957; x_wconf 83' lang='lat' dir='ltr'>dote</span> <span class='ocrx_word' id='word_1_119' title='bbox 792 924 964 966; x_wconf 78' lang='lat' dir='ltr'>assignata,</span> <span class='ocrx_word' id='word_1_120' title='bbox 992 924 1054 957; x_wconf 85' lang='lat'>517</span> <span class='ocrx_word' id='word_1_121' title='bbox 1075 935 1106 962; x_wconf 62' lang='lat' dir='ltr'>cu</span> <span class='ocrx_word' id='word_1_122' title='bbox 1132 923 1374 966; x_wconf 82' lang='lat' dir='ltr'>praepositurae</span> <span class='ocrx_word' id='word_1_123' title='bbox 1394 932 1523 966; x_wconf 89' lang='lat' dir='ltr'>quoque</span> <span class='ocrx_word' id='word_1_124' title='bbox 1542 921 1650 955; x_wconf 84' lang='lat' dir='ltr'>Sancti</span> <span class='ocrx_word' id='word_1_125' title='bbox 1673 921 1789 955; x_wconf 87' lang='lat' dir='ltr'>Leonis</span> <span class='ocrx_word' id='word_1_126' title='bbox 1814 932 1852 955; x_wconf 84' lang='lat' dir='ltr'>ac</span> 
     </span>
     <span class='ocr_line' id='line_1_15' title="bbox 407 973 1850 1018; baseline -0.002 -8"><span class='ocrx_word' id='word_1_127' title='bbox 407 977 515 1010; x_wconf 78' lang='lat' dir='ltr'>Sancti</span> <span class='ocrx_word' id='word_1_128' title='bbox 536 977 773 1010; x_wconf 88' lang='lat' dir='ltr'>Bartholomaei</span> <span class='ocrx_word' id='word_1_129' title='bbox 805 977 1049 1010; x_wconf 87' lang='lat' dir='ltr'>constituuntur</span> <span class='ocrx_word' id='word_1_130' title='bbox 1080 977 1113 1009; x_wconf 89' lang='lat' dir='ltr'>in</span> <span class='ocrx_word' id='word_1_131' title='bbox 1145 975 1337 1018; x_wconf 74' lang='lat' dir='ltr'>dignitates,</span> <span class='ocrx_word' id='word_1_132' title='bbox 1360 975 1467 1009; x_wconf 89' lang='lat' dir='ltr'>addita</span> <span class='ocrx_word' id='word_1_133' title='bbox 1497 974 1634 1008; x_wconf 87' lang='lat' dir='ltr'>ecclesia</span> <span class='ocrx_word' id='word_1_134' title='bbox 1652 973 1850 1018; x_wconf 87' lang='lat' dir='ltr'>parocchiali</span> 
     </span>
    </p>
   </div>
   <div class='ocr_carea' id='block_1_2' title="bbox 407 1022 1857 1075">
    <p class='ocr_par' dir='ltr' id='par_1_5' title="bbox 407 1022 1857 1075">
     <span class='ocr_line' id='line_1_16' title="bbox 407 1022 1857 1075; baseline -0.002 -12"><span class='ocrx_word' id='word_1_135' title='bbox 407 1029 515 1063; x_wconf 77' lang='lat' dir='ltr'>Sancti</span> <span class='ocrx_word' id='word_1_136' title='bbox 536 1029 658 1062; x_wconf 87' lang='lat' dir='ltr'>Nicolai</span> <span class='ocrx_word' id='word_1_137' title='bbox 679 1030 717 1063; x_wconf 87' lang='lat' dir='ltr'>de</span> <span class='ocrx_word' id='word_1_138' title='bbox 729 1029 816 1062; x_wconf 86' lang='lat' dir='ltr'>Billis</span> <span class='ocrx_word' id='word_1_139' title='bbox 830 1030 861 1062; x_wconf 92' lang='lat' dir='ltr'>in</span> <span class='ocrx_word' id='word_1_140' title='bbox 884 1030 965 1062; x_wconf 86' lang='lat' dir='ltr'>dotis</span> <span class='ocrx_word' id='word_1_141' title='bbox 986 1034 1207 1072; x_wconf 81' lang='lat' dir='ltr'>augmentum,</span> <span class='ocrx_word' id='word_1_142' title='bbox 1229 1028 1306 1061; x_wconf 77' lang='lat' dir='ltr'>ibid.</span> <span class='ocrx_word' id='word_1_143' title='bbox 1323 1034 1355 1061; x_wconf 92' lang='lat' dir='ltr'>et</span> <span class='ocrx_word' id='word_1_144' title='bbox 1367 1029 1396 1069; x_wconf 81' lang='lat' dir='ltr'>b;</span> <span class='ocrx_word' id='word_1_145' title='bbox 1409 1028 1471 1061; x_wconf 86' lang='lat' dir='ltr'>hoc</span> <span class='ocrx_word' id='word_1_146' title='bbox 1483 1022 1530 1060; x_wconf 84' lang='lat' dir='ltr'>Pii</span> <span class='ocrx_word' id='word_1_147' title='bbox 1543 1027 1566 1060; x_wconf 87' lang='lat' dir='ltr'>V</span> <span class='ocrx_word' id='word_1_148' title='bbox 1587 1027 1752 1060; x_wconf 88' lang='lat' dir='ltr'>decretum</span> <span class='ocrx_word' id='word_1_149' title='bbox 1774 1037 1857 1075; x_wconf 51' lang='lat' dir='ltr'>con-¹</span> 
     </span>
    </p>
   </div>
   <div class='ocr_carea' id='block_1_3' title="bbox 315 1081 1851 2663">
    <p class='ocr_par' dir='ltr' id='par_1_6' title="bbox 407 1081 944 1125">
     <span class='ocr_line' id='line_1_17' title="bbox 407 1081 944 1125; baseline 0 -11"><span class='ocrx_word' id='word_1_150' title='bbox 407 1082 515 1115; x_wconf 86' lang='lat' dir='ltr'>firmat</span> <span class='ocrx_word' id='word_1_151' title='bbox 531 1081 704 1125; x_wconf 71' lang='lat' dir='ltr'>Gregorius</span> <span class='ocrx_word' id='word_1_152' title='bbox 723 1083 802 1120; x_wconf 83' lang='lat' dir='ltr'>XIII,</span> <span class='ocrx_word' id='word_1_153' title='bbox 825 1083 888 1115; x_wconf 73' lang='lat'>519</span> <span class='ocrx_word' id='word_1_154' title='bbox 912 1093 944 1114; x_wconf 86' lang='grc' dir='ltr'>α.</span> 
     </span>
    </p>

    <p class='ocr_par' dir='ltr' id='par_1_7' title="bbox 316 1133 1851 1338">
     <span class='ocr_line' id='line_1_18' title="bbox 316 1133 1851 1178; baseline -0.001 -11"><span class='ocrx_word' id='word_1_155' title='bbox 316 1134 493 1168; x_wconf 83' lang='lat' dir='ltr'>Festivitas.</span> <span class='ocrx_word' id='word_1_156' title='bbox 517 1135 674 1168; x_wconf 72' lang='lat' dir='ltr'>V.&#39;&#39;Annae</span> <span class='ocrx_word' id='word_1_157' title='bbox 694 1135 755 1178; x_wconf 88' lang='lat' dir='ltr'>(S.)</span> <span class='ocrx_word' id='word_1_158' title='bbox 775 1135 880 1167; x_wconf 83' lang='lat' dir='ltr'>Matris</span> <span class='ocrx_word' id='word_1_159' title='bbox 898 1135 1011 1168; x_wconf 86' lang='lat' dir='ltr'>Beatae</span> <span class='ocrx_word' id='word_1_160' title='bbox 1025 1135 1143 1167; x_wconf 83' lang='lat' dir='ltr'>Mariae</span> <span class='ocrx_word' id='word_1_161' title='bbox 1163 1134 1312 1176; x_wconf 74' lang='lat' dir='ltr'>Virginis,</span> <span class='ocrx_word' id='word_1_162' title='bbox 1333 1133 1463 1167; x_wconf 84' lang='lat' dir='ltr'>Antonii</span> <span class='ocrx_word' id='word_1_163' title='bbox 1479 1133 1590 1176; x_wconf 92' lang='lat' dir='ltr'>(S.)de</span> <span class='ocrx_word' id='word_1_164' title='bbox 1606 1133 1726 1173; x_wconf 85' lang='lat' dir='ltr'>Padua,</span> <span class='ocrx_word' id='word_1_165' title='bbox 1749 1133 1851 1166; x_wconf 88' lang='lat' dir='ltr'>Bona-</span> 
     </span>
     <span class='ocr_line' id='line_1_19' title="bbox 403 1187 1850 1233; baseline -0.001 -12"><span class='ocrx_word' id='word_1_166' title='bbox 403 1196 558 1223; x_wconf 80' lang='lat' dir='ltr'>venturae</span> <span class='ocrx_word' id='word_1_167' title='bbox 578 1190 638 1233; x_wconf 83' lang='lat' dir='ltr'>(S.)</span> <span class='ocrx_word' id='word_1_168' title='bbox 658 1190 690 1223; x_wconf 89' lang='lat' dir='ltr'>C.</span> <span class='ocrx_word' id='word_1_169' title='bbox 713 1190 747 1222; x_wconf 89' lang='lat' dir='ltr'>P.</span> <span class='ocrx_word' id='word_1_170' title='bbox 769 1190 817 1229; x_wconf 64' lang='lat' dir='ltr'>D„</span> <span class='ocrx_word' id='word_1_171' title='bbox 839 1190 1000 1223; x_wconf 83' lang='lat' dir='ltr'>Francisci</span> <span class='ocrx_word' id='word_1_172' title='bbox 1021 1189 1084 1232; x_wconf 80' lang='lat' dir='ltr'>(S.)</span> <span class='ocrx_word' id='word_1_173' title='bbox 1105 1189 1144 1222; x_wconf 89' lang='lat' dir='ltr'>de</span> <span class='ocrx_word' id='word_1_174' title='bbox 1164 1189 1274 1229; x_wconf 89' lang='lat' dir='ltr'>Paula,</span> <span class='ocrx_word' id='word_1_175' title='bbox 1296 1188 1437 1221; x_wconf 88' lang='lat' dir='ltr'>Ianuarii</span> <span class='ocrx_word' id='word_1_176' title='bbox 1456 1188 1517 1231; x_wconf 90' lang='lat' dir='ltr'>(S.)</span> <span class='ocrx_word' id='word_1_177' title='bbox 1539 1187 1680 1232; x_wconf 87' lang='lat' dir='ltr'>episcopi</span> <span class='ocrx_word' id='word_1_178' title='bbox 1709 1194 1740 1220; x_wconf 88' lang='lat' dir='ltr'>et</span> <span class='ocrx_word' id='word_1_179' title='bbox 1766 1187 1850 1222; x_wconf 88' lang='lat' dir='ltr'>Mar-</span> 
     </span>
     <span class='ocr_line' id='line_1_20' title="bbox 406 1240 1850 1286; baseline -0.001 -11"><span class='ocrx_word' id='word_1_180' title='bbox 406 1242 625 1285; x_wconf 73' lang='lat' dir='ltr'>tyris,Nicolai</span> <span class='ocrx_word' id='word_1_181' title='bbox 648 1243 710 1285; x_wconf 56' lang='lat' dir='ltr'>(Sl)</span> <span class='ocrx_word' id='word_1_182' title='bbox 731 1243 769 1275; x_wconf 89' lang='lat' dir='ltr'>de</span> <span class='ocrx_word' id='word_1_183' title='bbox 790 1242 970 1283; x_wconf 67' lang='lat' dir='ltr'>Tolenfino,</span> <span class='ocrx_word' id='word_1_184' title='bbox 993 1242 1076 1275; x_wconf 87' lang='lat' dir='ltr'>Petri</span> <span class='ocrx_word' id='word_1_185' title='bbox 1097 1242 1159 1285; x_wconf 85' lang='lat' dir='ltr'>(S.)</span> <span class='ocrx_word' id='word_1_186' title='bbox 1178 1241 1335 1286; x_wconf 80' lang='lat' dir='ltr'>Martyris,</span> <span class='ocrx_word' id='word_1_187' title='bbox 1355 1241 1593 1274; x_wconf 85' lang='lat' dir='ltr'>Purificationis</span> <span class='ocrx_word' id='word_1_188' title='bbox 1612 1241 1647 1274; x_wconf 87' lang='lat' dir='ltr'>B.</span> <span class='ocrx_word' id='word_1_189' title='bbox 1665 1241 1704 1273; x_wconf 84' lang='lat' dir='ltr'>M.</span> <span class='ocrx_word' id='word_1_190' title='bbox 1720 1241 1770 1281; x_wconf 91' lang='lat' dir='ltr'>V.‚</span> <span class='ocrx_word' id='word_1_191' title='bbox 1789 1240 1850 1274; x_wconf 86' lang='lat' dir='ltr'>Ro-</span> 
     </span>
     <span class='ocr_line' id='line_1_21' title="bbox 404 1295 735 1338; baseline 0.003 -12"><span class='ocrx_word' id='word_1_192' title='bbox 404 1295 479 1327; x_wconf 87' lang='lat' dir='ltr'>sarii</span> <span class='ocrx_word' id='word_1_193' title='bbox 502 1295 563 1338; x_wconf 85' lang='lat' dir='ltr'>(S.)</span> <span class='ocrx_word' id='word_1_194' title='bbox 582 1295 615 1327; x_wconf 82' lang='lat' dir='ltr'>B.</span> <span class='ocrx_word' id='word_1_195' title='bbox 639 1295 678 1328; x_wconf 85' lang='lat' dir='ltr'>M.</span> <span class='ocrx_word' id='word_1_196' title='bbox 701 1296 735 1328; x_wconf 86' lang='lat' dir='ltr'>V.</span> 
     </span>
    </p>

    <p class='ocr_par' dir='ltr' id='par_1_8' title="bbox 316 1345 1851 1441">
     <span class='ocr_line' id='line_1_22' title="bbox 316 1345 1851 1390; baseline 0 -11"><span class='ocrx_word' id='word_1_197' title='bbox 316 1346 515 1380; x_wconf 82' lang='lat' dir='ltr'>Festivitates</span> <span class='ocrx_word' id='word_1_198' title='bbox 535 1348 740 1380; x_wconf 83' lang='lat' dir='ltr'>celebrantur</span> <span class='ocrx_word' id='word_1_199' title='bbox 760 1348 798 1380; x_wconf 89' lang='lat' dir='ltr'>ad</span> <span class='ocrx_word' id='word_1_200' title='bbox 820 1348 939 1390; x_wconf 69' lang='lat' dir='ltr'>gratias</span> <span class='ocrx_word' id='word_1_201' title='bbox 958 1348 1022 1380; x_wconf 92' lang='lat' dir='ltr'>Deo</span> <span class='ocrx_word' id='word_1_202' title='bbox 1043 1347 1203 1387; x_wconf 79' lang='lat' dir='ltr'>serendas,</span> <span class='ocrx_word' id='word_1_203' title='bbox 1225 1346 1412 1390; x_wconf 86' lang='lat' dir='ltr'>praesertim</span> <span class='ocrx_word' id='word_1_204' title='bbox 1434 1357 1493 1390; x_wconf 91' lang='lat' dir='ltr'>pro</span> <span class='ocrx_word' id='word_1_205' title='bbox 1513 1346 1621 1390; x_wconf 87' lang='lat' dir='ltr'>aliqua</span> <span class='ocrx_word' id='word_1_206' title='bbox 1640 1346 1753 1390; x_wconf 90' lang='lat' dir='ltr'>populi</span> <span class='ocrx_word' id='word_1_207' title='bbox 1770 1345 1851 1379; x_wconf 87' lang='lat' dir='ltr'>libe-</span> 
     </span>
     <span class='ocr_line' id='line_1_23' title="bbox 403 1400 647 1441; baseline 0.008 -10"><span class='ocrx_word' id='word_1_208' title='bbox 403 1400 541 1441; x_wconf 85' lang='lat' dir='ltr'>ratione,</span> <span class='ocrx_word' id='word_1_209' title='bbox 560 1400 604 1432; x_wconf 72' lang='lat'>44</span> <span class='ocrx_word' id='word_1_210' title='bbox 619 1401 647 1433; x_wconf 82' lang='lat' dir='ltr'>b.</span> 
     </span>
    </p>

    <p class='ocr_par' dir='ltr' id='par_1_9' title="bbox 315 1451 1848 1756">
     <span class='ocr_line' id='line_1_24' title="bbox 315 1451 1846 1496; baseline 0.001 -12"><span class='ocrx_word' id='word_1_211' title='bbox 315 1451 505 1485; x_wconf 88' lang='lat' dir='ltr'>Firmanum</span> <span class='ocrx_word' id='word_1_212' title='bbox 527 1453 669 1486; x_wconf 85' lang='lat' dir='ltr'>studium</span> <span class='ocrx_word' id='word_1_213' title='bbox 690 1464 707 1485; x_wconf 91' lang='lat' dir='ltr'>a</span> <span class='ocrx_word' id='word_1_214' title='bbox 727 1453 889 1486; x_wconf 83' lang='lat' dir='ltr'>Bonisacio</span> <span class='ocrx_word' id='word_1_215' title='bbox 910 1453 972 1485; x_wconf 89' lang='lat' dir='ltr'>VIII</span> <span class='ocrx_word' id='word_1_216' title='bbox 993 1458 1150 1492; x_wconf 87' lang='lat' dir='ltr'>erectum,</span> <span class='ocrx_word' id='word_1_217' title='bbox 1173 1451 1237 1486; x_wconf 74' lang='lat'>594</span> <span class='ocrx_word' id='word_1_218' title='bbox 1256 1463 1287 1491; x_wconf 75' lang='lat' dir='ltr'>a,</span> <span class='ocrx_word' id='word_1_219' title='bbox 1310 1463 1328 1485; x_wconf 84' lang='lat' dir='ltr'>a</span> <span class='ocrx_word' id='word_1_220' title='bbox 1347 1452 1477 1485; x_wconf 85' lang='lat' dir='ltr'>Callixto</span> <span class='ocrx_word' id='word_1_221' title='bbox 1496 1452 1535 1485; x_wconf 94' lang='lat' dir='ltr'>III</span> <span class='ocrx_word' id='word_1_222' title='bbox 1554 1452 1729 1496; x_wconf 87' lang='lat' dir='ltr'>privilegiis</span> <span class='ocrx_word' id='word_1_223' title='bbox 1748 1452 1846 1486; x_wconf 88' lang='lat' dir='ltr'>deco-</span> 
     </span>
     <span class='ocr_line' id='line_1_25' title="bbox 404 1505 1848 1550; baseline 0 -13"><span class='ocrx_word' id='word_1_224' title='bbox 404 1510 523 1544; x_wconf 85' lang='lat' dir='ltr'>ratum,</span> <span class='ocrx_word' id='word_1_225' title='bbox 547 1516 564 1538; x_wconf 88' lang='lat' dir='ltr'>a</span> <span class='ocrx_word' id='word_1_226' title='bbox 583 1505 670 1539; x_wconf 84' lang='lat' dir='ltr'>Sixto</span> <span class='ocrx_word' id='word_1_227' title='bbox 690 1506 714 1538; x_wconf 91' lang='lat' dir='ltr'>V</span> <span class='ocrx_word' id='word_1_228' title='bbox 738 1513 924 1547; x_wconf 85' lang='lat' dir='ltr'>renovatur,</span> <span class='ocrx_word' id='word_1_229' title='bbox 942 1506 1036 1546; x_wconf 76' lang='lat' dir='ltr'>ibid.;</span> <span class='ocrx_word' id='word_1_230' title='bbox 1058 1506 1113 1549; x_wconf 91' lang='lat' dir='ltr'>qui</span> <span class='ocrx_word' id='word_1_231' title='bbox 1127 1506 1174 1538; x_wconf 93' lang='lat' dir='ltr'>illi</span> <span class='ocrx_word' id='word_1_232' title='bbox 1195 1505 1328 1549; x_wconf 86' lang='lat' dir='ltr'>eiusque</span> <span class='ocrx_word' id='word_1_233' title='bbox 1341 1505 1489 1550; x_wconf 86' lang='lat' dir='ltr'>personis</span> <span class='ocrx_word' id='word_1_234' title='bbox 1500 1515 1536 1539; x_wconf 86' lang='lat' dir='ltr'>ac</span> <span class='ocrx_word' id='word_1_235' title='bbox 1552 1505 1596 1538; x_wconf 92' lang='lat' dir='ltr'>ibi</span> <span class='ocrx_word' id='word_1_236' title='bbox 1616 1505 1774 1548; x_wconf 83' lang='lat' dir='ltr'>promotis</span> <span class='ocrx_word' id='word_1_237' title='bbox 1785 1505 1848 1548; x_wconf 88' lang='lat' dir='ltr'>pri-</span> 
     </span>
     <span class='ocr_line' id='line_1_26' title="bbox 405 1557 1848 1602; baseline -0.001 -11"><span class='ocrx_word' id='word_1_238' title='bbox 405 1558 521 1601; x_wconf 83' lang='lat' dir='ltr'>vilegia</span> <span class='ocrx_word' id='word_1_239' title='bbox 540 1559 649 1591; x_wconf 92' lang='lat' dir='ltr'>omnia</span> <span class='ocrx_word' id='word_1_240' title='bbox 674 1559 812 1591; x_wconf 87' lang='lat' dir='ltr'>aliorum</span> <span class='ocrx_word' id='word_1_241' title='bbox 832 1559 1011 1592; x_wconf 85' lang='lat' dir='ltr'>studiorum</span> <span class='ocrx_word' id='word_1_242' title='bbox 1031 1559 1232 1602; x_wconf 81' lang='lat' dir='ltr'>generalium</span> <span class='ocrx_word' id='word_1_243' title='bbox 1255 1558 1413 1598; x_wconf 87' lang='lat' dir='ltr'>concedit,</span> <span class='ocrx_word' id='word_1_244' title='bbox 1437 1558 1500 1592; x_wconf 82' lang='lat'>595</span> <span class='ocrx_word' id='word_1_245' title='bbox 1524 1558 1554 1598; x_wconf 87' lang='lat' dir='ltr'>b;</span> <span class='ocrx_word' id='word_1_246' title='bbox 1575 1557 1765 1591; x_wconf 86' lang='lat' dir='ltr'>doctorandi</span> <span class='ocrx_word' id='word_1_247' title='bbox 1785 1558 1848 1591; x_wconf 82' lang='lat' dir='ltr'>for—</span> 
     </span>
     <span class='ocr_line' id='line_1_27' title="bbox 405 1609 1848 1655; baseline -0.001 -11"><span class='ocrx_word' id='word_1_248' title='bbox 405 1622 490 1644; x_wconf 89' lang='lat' dir='ltr'>mam</span> <span class='ocrx_word' id='word_1_249' title='bbox 511 1611 714 1655; x_wconf 87' lang='lat' dir='ltr'>praescribit,</span> <span class='ocrx_word' id='word_1_250' title='bbox 736 1612 829 1652; x_wconf 77' lang='lat' dir='ltr'>ibid.;</span> <span class='ocrx_word' id='word_1_251' title='bbox 851 1612 1008 1655; x_wconf 85' lang='lat' dir='ltr'>promotis</span> <span class='ocrx_word' id='word_1_252' title='bbox 1027 1611 1060 1644; x_wconf 90' lang='lat' dir='ltr'>in</span> <span class='ocrx_word' id='word_1_253' title='bbox 1082 1622 1119 1644; x_wconf 91' lang='lat' dir='ltr'>eo</span> <span class='ocrx_word' id='word_1_254' title='bbox 1139 1612 1323 1645; x_wconf 81' lang='lat' dir='ltr'>facultatem</span> <span class='ocrx_word' id='word_1_255' title='bbox 1343 1610 1463 1654; x_wconf 81' lang='lat' dir='ltr'>ubique</span> <span class='ocrx_word' id='word_1_256' title='bbox 1482 1609 1622 1653; x_wconf 69' lang='lat' dir='ltr'>legendi,</span> <span class='ocrx_word' id='word_1_257' title='bbox 1650 1614 1707 1643; x_wconf 71' lang='lat' dir='ltr'>etc.</span> <span class='ocrx_word' id='word_1_258' title='bbox 1735 1611 1848 1653; x_wconf 86' lang='lat' dir='ltr'>elargi-</span> 
     </span>
     <span class='ocr_line' id='line_1_28' title="bbox 404 1663 1848 1709; baseline 0 -13"><span class='ocrx_word' id='word_1_259' title='bbox 404 1669 471 1704; x_wconf 87' lang='lat' dir='ltr'>tur,</span> <span class='ocrx_word' id='word_1_260' title='bbox 494 1663 557 1698; x_wconf 80' lang='lat'>596</span> <span class='ocrx_word' id='word_1_261' title='bbox 576 1675 609 1705; x_wconf 83' lang='grc' dir='ltr'>α;</span> <span class='ocrx_word' id='word_1_262' title='bbox 631 1665 747 1698; x_wconf 84' lang='lat' dir='ltr'>rectori</span> <span class='ocrx_word' id='word_1_263' title='bbox 773 1670 891 1697; x_wconf 85' lang='lat' dir='ltr'>statuta</span> <span class='ocrx_word' id='word_1_264' title='bbox 911 1665 1070 1698; x_wconf 77' lang='lat' dir='ltr'>condendi</span> <span class='ocrx_word' id='word_1_265' title='bbox 1087 1676 1145 1709; x_wconf 86' lang='lat' dir='ltr'>pro</span> <span class='ocrx_word' id='word_1_266' title='bbox 1166 1665 1242 1698; x_wconf 80' lang='lat' dir='ltr'>dicti</span> <span class='ocrx_word' id='word_1_267' title='bbox 1257 1663 1354 1698; x_wconf 88' lang='lat' dir='ltr'>studii</span> <span class='ocrx_word' id='word_1_268' title='bbox 1377 1663 1534 1706; x_wconf 80' lang='lat' dir='ltr'>regimine</span> <span class='ocrx_word' id='word_1_269' title='bbox 1553 1663 1779 1697; x_wconf 82' lang='lat' dir='ltr'>auctoritatem</span> <span class='ocrx_word' id='word_1_270' title='bbox 1793 1663 1848 1696; x_wconf 91' lang='lat' dir='ltr'>tri-</span> 
     </span>
     <span class='ocr_line' id='line_1_29' title="bbox 403 1716 589 1756; baseline 0.005 -7"><span class='ocrx_word' id='word_1_271' title='bbox 403 1716 488 1756; x_wconf 89' lang='lat' dir='ltr'>buit,</span> <span class='ocrx_word' id='word_1_272' title='bbox 510 1718 589 1750; x_wconf 78' lang='lat' dir='ltr'>ibid.</span> 
     </span>
    </p>

    <p class='ocr_par' dir='ltr' id='par_1_10' title="bbox 315 1768 1848 1813">
     <span class='ocr_line' id='line_1_30' title="bbox 315 1768 1848 1813; baseline -0.001 -11"><span class='ocrx_word' id='word_1_273' title='bbox 315 1768 478 1802; x_wconf 82' lang='lat' dir='ltr'>Francisci</span> <span class='ocrx_word' id='word_1_274' title='bbox 498 1769 560 1812; x_wconf 86' lang='lat' dir='ltr'>(S.)</span> <span class='ocrx_word' id='word_1_275' title='bbox 579 1769 708 1803; x_wconf 86' lang='lat' dir='ltr'>Ordinis</span> <span class='ocrx_word' id='word_1_276' title='bbox 727 1770 890 1803; x_wconf 84' lang='lat' dir='ltr'>minorum</span> <span class='ocrx_word' id='word_1_277' title='bbox 912 1770 950 1802; x_wconf 71' lang='lat' dir='ltr'>de</span> <span class='ocrx_word' id='word_1_278' title='bbox 971 1770 1173 1803; x_wconf 84' lang='lat' dir='ltr'>observantia</span> <span class='ocrx_word' id='word_1_279' title='bbox 1193 1769 1335 1813; x_wconf 78' lang='lat' dir='ltr'>religiosi</span> <span class='ocrx_word' id='word_1_280' title='bbox 1360 1770 1524 1813; x_wconf 84' lang='lat' dir='ltr'>appellare</span> <span class='ocrx_word' id='word_1_281' title='bbox 1543 1773 1712 1812; x_wconf 88' lang='lat' dir='ltr'>nequeunt</span> <span class='ocrx_word' id='word_1_282' title='bbox 1728 1779 1848 1811; x_wconf 87' lang='lat' dir='ltr'>aprae-</span> 
     </span>
    </p>

    <p class='ocr_par' dir='ltr' id='par_1_11' title="bbox 359 1816 1847 2663">
     <span class='ocr_line' id='line_1_31' title="bbox 359 1816 1847 1864; baseline -0.001 -9"><span class='ocrx_word' id='word_1_283' title='bbox 359 1816 363 1818; x_wconf 38' lang='grc'>“</span> <span class='ocrx_word' id='word_1_284' title='bbox 401 1822 474 1855; x_wconf 86' lang='lat' dir='ltr'>latis</span> <span class='ocrx_word' id='word_1_285' title='bbox 494 1821 621 1855; x_wconf 89' lang='lat' dir='ltr'>Ordinis</span> <span class='ocrx_word' id='word_1_286' title='bbox 645 1823 684 1856; x_wconf 88' lang='lat' dir='ltr'>ad</span> <span class='ocrx_word' id='word_1_287' title='bbox 703 1823 884 1856; x_wconf 85' lang='lat' dir='ltr'>saecularia</span> <span class='ocrx_word' id='word_1_288' title='bbox 903 1823 1088 1863; x_wconf 87' lang='lat' dir='ltr'>tribunalia,</span> <span class='ocrx_word' id='word_1_289' title='bbox 1108 1823 1172 1857; x_wconf 84' lang='lat'>108</span> <span class='ocrx_word' id='word_1_290' title='bbox 1193 1824 1221 1862; x_wconf 88' lang='lat' dir='ltr'>b;</span> <span class='ocrx_word' id='word_1_291' title='bbox 1240 1822 1519 1856; x_wconf 84' lang='lat' dir='ltr'>contravenientes</span> <span class='ocrx_word' id='word_1_292' title='bbox 1543 1831 1723 1864; x_wconf 87' lang='lat' dir='ltr'>eorumque</span> <span class='ocrx_word' id='word_1_293' title='bbox 1743 1820 1847 1853; x_wconf 85' lang='lat' dir='ltr'>fauto-</span> 
     </span>
     <span class='ocr_line' id='line_1_32' title="bbox 403 1873 1846 1920; baseline -0.002 -12"><span class='ocrx_word' id='word_1_294' title='bbox 403 1885 467 1915; x_wconf 90' lang='lat' dir='ltr'>res,</span> <span class='ocrx_word' id='word_1_295' title='bbox 490 1882 520 1908; x_wconf 87' lang='lat' dir='ltr'>et</span> <span class='ocrx_word' id='word_1_296' title='bbox 543 1874 728 1908; x_wconf 82' lang='lat' dir='ltr'>resistentes</span> <span class='ocrx_word' id='word_1_297' title='bbox 748 1875 977 1909; x_wconf 85' lang='lat' dir='ltr'>commissariis</span> <span class='ocrx_word' id='word_1_298' title='bbox 1002 1876 1035 1908; x_wconf 92' lang='lat' dir='ltr'>in</span> <span class='ocrx_word' id='word_1_299' title='bbox 1055 1876 1230 1920; x_wconf 83' lang='lat' dir='ltr'>provinciis</span> <span class='ocrx_word' id='word_1_300' title='bbox 1250 1875 1413 1908; x_wconf 87' lang='lat' dir='ltr'>visitandis</span> <span class='ocrx_word' id='word_1_301' title='bbox 1436 1873 1553 1914; x_wconf 89' lang='lat' dir='ltr'>missis,</span> <span class='ocrx_word' id='word_1_302' title='bbox 1576 1878 1607 1907; x_wconf 88' lang='lat' dir='ltr'>et</span> <span class='ocrx_word' id='word_1_303' title='bbox 1619 1873 1757 1906; x_wconf 85' lang='lat' dir='ltr'>ministri</span> <span class='ocrx_word' id='word_1_304' title='bbox 1770 1883 1846 1916; x_wconf 88' lang='lat' dir='ltr'>pro-</span> 
     </span>
     <span class='ocr_line' id='line_1_33' title="bbox 400 1925 1843 1972; baseline -0.001 -12"><span class='ocrx_word' id='word_1_305' title='bbox 400 1929 553 1961; x_wconf 81' lang='lat' dir='ltr'>viueiales</span> <span class='ocrx_word' id='word_1_306' title='bbox 564 1933 725 1962; x_wconf 86' lang='lat' dir='ltr'>mutantes</span> <span class='ocrx_word' id='word_1_307' title='bbox 742 1929 1037 1962; x_wconf 81' lang='lat' dir='ltr'>commissariorum</span> <span class='ocrx_word' id='word_1_308' title='bbox 1057 1929 1276 1962; x_wconf 79' lang='lat' dir='ltr'>ordinationes</span> <span class='ocrx_word' id='word_1_309' title='bbox 1295 1928 1409 1972; x_wconf 87' lang='lat' dir='ltr'>poenis</span> <span class='ocrx_word' id='word_1_310' title='bbox 1428 1926 1625 1967; x_wconf 85' lang='lat' dir='ltr'>afficiuntur,</span> <span class='ocrx_word' id='word_1_311' title='bbox 1638 1925 1702 1960; x_wconf 75' lang='lat'>109</span> <span class='ocrx_word' id='word_1_312' title='bbox 1717 1937 1750 1967; x_wconf 86' lang='lat' dir='ltr'>a;</span> <span class='ocrx_word' id='word_1_313' title='bbox 1763 1936 1843 1959; x_wconf 89' lang='lat' dir='ltr'>non-</span> 
     </span>
     <span class='ocr_line' id='line_1_34' title="bbox 400 1979 1845 2025; baseline -0.001 -11"><span class='ocrx_word' id='word_1_314' title='bbox 400 1982 484 2015; x_wconf 87' lang='lat' dir='ltr'>nulli</span> <span class='ocrx_word' id='word_1_315' title='bbox 511 1981 610 2015; x_wconf 90' lang='lat' dir='ltr'>huius</span> <span class='ocrx_word' id='word_1_316' title='bbox 634 1981 762 2015; x_wconf 83' lang='lat' dir='ltr'>Ordinis</span> <span class='ocrx_word' id='word_1_317' title='bbox 788 1982 901 2014; x_wconf 80' lang='lat' dir='ltr'>fratres</span> <span class='ocrx_word' id='word_1_318' title='bbox 925 1982 963 2014; x_wconf 87' lang='lat' dir='ltr'>ab</span> <span class='ocrx_word' id='word_1_319' title='bbox 984 1982 1082 2015; x_wconf 85' lang='lat' dir='ltr'>indiis</span> <span class='ocrx_word' id='word_1_320' title='bbox 1102 1987 1294 2015; x_wconf 78' lang='lat' dir='ltr'>revocantur</span> <span class='ocrx_word' id='word_1_321' title='bbox 1313 1986 1447 2025; x_wconf 89' lang='lat' dir='ltr'>propter</span> <span class='ocrx_word' id='word_1_322' title='bbox 1465 1979 1624 2023; x_wconf 82' lang='lat' dir='ltr'>quaedam</span> <span class='ocrx_word' id='word_1_323' title='bbox 1643 1979 1794 2013; x_wconf 86' lang='lat' dir='ltr'>scandala</span> <span class='ocrx_word' id='word_1_324' title='bbox 1813 1984 1845 2012; x_wconf 89' lang='lat' dir='ltr'>et</span> 
     </span>
     <span class='ocr_line' id='line_1_35' title="bbox 399 2031 1844 2077; baseline -0.001 -11"><span class='ocrx_word' id='word_1_325' title='bbox 399 2033 442 2066; x_wconf 83' lang='lat' dir='ltr'>ad</span> <span class='ocrx_word' id='word_1_326' title='bbox 466 2034 598 2077; x_wconf 88' lang='lat' dir='ltr'>propria</span> <span class='ocrx_word' id='word_1_327' title='bbox 619 2035 770 2074; x_wconf 88' lang='lat' dir='ltr'>claustra,</span> <span class='ocrx_word' id='word_1_328' title='bbox 789 2033 843 2067; x_wconf 88' lang='lat' dir='ltr'>ubi</span> <span class='ocrx_word' id='word_1_329' title='bbox 864 2034 999 2077; x_wconf 80' lang='lat' dir='ltr'>professi</span> <span class='ocrx_word' id='word_1_330' title='bbox 1022 2035 1158 2071; x_wconf 79' lang='lat' dir='ltr'>fuerant,</span> <span class='ocrx_word' id='word_1_331' title='bbox 1179 2034 1391 2073; x_wconf 83' lang='lat' dir='ltr'>reducuntur,</span> <span class='ocrx_word' id='word_1_332' title='bbox 1406 2031 1470 2066; x_wconf 68' lang='lat'>323</span> <span class='ocrx_word' id='word_1_333' title='bbox 1489 2033 1506 2065; x_wconf 88' lang='lat' dir='ltr'>b</span> <span class='ocrx_word' id='word_1_334' title='bbox 1526 2037 1558 2064; x_wconf 88' lang='lat' dir='ltr'>et</span> <span class='ocrx_word' id='word_1_335' title='bbox 1575 2043 1655 2076; x_wconf 59' lang='lat' dir='ltr'>seq„</span> <span class='ocrx_word' id='word_1_336' title='bbox 1671 2031 1774 2064; x_wconf 85' lang='lat' dir='ltr'>Huius</span> <span class='ocrx_word' id='word_1_337' title='bbox 1788 2031 1844 2064; x_wconf 81' lang='lat' dir='ltr'>Or-</span> 
     </span>
     <span class='ocr_line' id='line_1_36' title="bbox 394 2084 1847 2136; baseline -0.001 -18"><span class='ocrx_word' id='word_1_338' title='bbox 394 2085 487 2136; x_wconf 26' lang='lat' dir='ltr'>‘dinis</span> <span class='ocrx_word' id='word_1_339' title='bbox 507 2086 622 2119; x_wconf 78' lang='lat' dir='ltr'>fratres</span> <span class='ocrx_word' id='word_1_340' title='bbox 642 2086 779 2120; x_wconf 84' lang='lat' dir='ltr'>transire</span> <span class='ocrx_word' id='word_1_341' title='bbox 801 2092 967 2130; x_wconf 89' lang='lat' dir='ltr'>nequeunt</span> <span class='ocrx_word' id='word_1_342' title='bbox 986 2087 1025 2119; x_wconf 89' lang='lat' dir='ltr'>ad</span> <span class='ocrx_word' id='word_1_343' title='bbox 1044 2086 1197 2120; x_wconf 88' lang='lat' dir='ltr'>Ordinem</span> <span class='ocrx_word' id='word_1_344' title='bbox 1217 2086 1491 2130; x_wconf 86' lang='lat' dir='ltr'>Cappucinorum,</span> <span class='ocrx_word' id='word_1_345' title='bbox 1513 2084 1576 2118; x_wconf 81' lang='lat'>657</span> <span class='ocrx_word' id='word_1_346' title='bbox 1594 2085 1612 2117; x_wconf 88' lang='lat' dir='ltr'>b</span> <span class='ocrx_word' id='word_1_347' title='bbox 1629 2088 1659 2118; x_wconf 88' lang='lat' dir='ltr'>et</span> <span class='ocrx_word' id='word_1_348' title='bbox 1674 2095 1752 2128; x_wconf 83' lang='lat' dir='ltr'>seq.;</span> <span class='ocrx_word' id='word_1_349' title='bbox 1770 2095 1847 2117; x_wconf 90' lang='lat' dir='ltr'>con-</span> 
     </span>
     <span class='ocr_line' id='line_1_37' title="bbox 393 2137 1842 2183; baseline -0.001 -13"><span class='ocrx_word' id='word_1_350' title='bbox 393 2138 652 2180; x_wconf 18' lang='lat' dir='ltr'>*travenientium</span> <span class='ocrx_word' id='word_1_351' title='bbox 671 2150 789 2183; x_wconf 86' lang='lat' dir='ltr'>poena,</span> <span class='ocrx_word' id='word_1_352' title='bbox 811 2139 875 2173; x_wconf 77' lang='lat'>658</span> <span class='ocrx_word' id='word_1_353' title='bbox 895 2151 926 2172; x_wconf 79' lang='lat' dir='ltr'>a.</span> <span class='ocrx_word' id='word_1_354' title='bbox 950 2139 1061 2172; x_wconf 91' lang='lat' dir='ltr'>Libere</span> <span class='ocrx_word' id='word_1_355' title='bbox 1081 2144 1112 2172; x_wconf 90' lang='lat' dir='ltr'>et</span> <span class='ocrx_word' id='word_1_356' title='bbox 1130 2139 1218 2172; x_wconf 84' lang='lat' dir='ltr'>licite</span> <span class='ocrx_word' id='word_1_357' title='bbox 1234 2139 1373 2172; x_wconf 75' lang='lat' dir='ltr'>retinere</span> <span class='ocrx_word' id='word_1_358' title='bbox 1391 2143 1527 2182; x_wconf 88' lang='lat' dir='ltr'>possunt</span> <span class='ocrx_word' id='word_1_359' title='bbox 1545 2138 1630 2178; x_wconf 88' lang='lat' dir='ltr'>loca,</span> <span class='ocrx_word' id='word_1_360' title='bbox 1645 2147 1729 2180; x_wconf 88' lang='lat' dir='ltr'>quae</span> <span class='ocrx_word' id='word_1_361' title='bbox 1748 2137 1842 2170; x_wconf 89' lang='lat' dir='ltr'>etiam</span> 
     </span>
     <span class='ocr_line' id='line_1_38' title="bbox 399 2188 1840 2235; baseline -0.001 -12"><span class='ocrx_word' id='word_1_362' title='bbox 399 2190 470 2224; x_wconf 89' lang='lat' dir='ltr'>sine</span> <span class='ocrx_word' id='word_1_363' title='bbox 491 2190 583 2224; x_wconf 88' lang='lat' dir='ltr'>titulo</span> <span class='ocrx_word' id='word_1_364' title='bbox 609 2192 786 2235; x_wconf 82' lang='lat' dir='ltr'>possident,</span> <span class='ocrx_word' id='word_1_365' title='bbox 814 2192 989 2225; x_wconf 88' lang='lat' dir='ltr'>dummodo</span> <span class='ocrx_word' id='word_1_366' title='bbox 1009 2188 1250 2225; x_wconf 85' lang='lat' dir='ltr'>ordinariorum</span> <span class='ocrx_word' id='word_1_367' title='bbox 1279 2201 1472 2225; x_wconf 84' lang='lat' dir='ltr'>consensum</span> <span class='ocrx_word' id='word_1_368' title='bbox 1491 2189 1643 2230; x_wconf 87' lang='lat' dir='ltr'>habeant,</span> <span class='ocrx_word' id='word_1_369' title='bbox 1665 2189 1771 2232; x_wconf 87' lang='lat' dir='ltr'>quoad</span> <span class='ocrx_word' id='word_1_370' title='bbox 1791 2199 1840 2228; x_wconf 83' lang='lat' dir='ltr'>ea,</span> 
     </span>
     <span class='ocr_line' id='line_1_39' title="bbox 399 2241 1840 2287; baseline -0.001 -11"><span class='ocrx_word' id='word_1_371' title='bbox 399 2253 484 2286; x_wconf 85' lang='lat' dir='ltr'>quae</span> <span class='ocrx_word' id='word_1_372' title='bbox 512 2245 678 2287; x_wconf 84' lang='lat' dir='ltr'>possident</span> <span class='ocrx_word' id='word_1_373' title='bbox 706 2256 723 2277; x_wconf 85' lang='lat' dir='ltr'>a</span> <span class='ocrx_word' id='word_1_374' title='bbox 752 2244 861 2278; x_wconf 83' lang='lat' dir='ltr'>decem</span> <span class='ocrx_word' id='word_1_375' title='bbox 883 2244 975 2278; x_wconf 83' lang='lat' dir='ltr'>annis</span> <span class='ocrx_word' id='word_1_376' title='bbox 995 2244 1084 2285; x_wconf 86' lang='lat' dir='ltr'>citra,</span> <span class='ocrx_word' id='word_1_377' title='bbox 1107 2244 1169 2277; x_wconf 73' lang='lat'>74⁶2</span> <span class='ocrx_word' id='word_1_378' title='bbox 1193 2245 1228 2284; x_wconf 85' lang='lat' dir='ltr'>b;</span> <span class='ocrx_word' id='word_1_379' title='bbox 1251 2243 1468 2286; x_wconf 76' lang='lat' dir='ltr'>indulgentias</span> <span class='ocrx_word' id='word_1_380' title='bbox 1486 2248 1517 2276; x_wconf 87' lang='lat' dir='ltr'>et</span> <span class='ocrx_word' id='word_1_381' title='bbox 1536 2242 1702 2286; x_wconf 79' lang='lat' dir='ltr'>privilegia</span> <span class='ocrx_word' id='word_1_382' title='bbox 1720 2241 1840 2275; x_wconf 86' lang='lat' dir='ltr'>eisdem</span> 
     </span>
     <span class='ocr_line' id='line_1_40' title="bbox 398 2295 1846 2341; baseline -0.001 -12"><span class='ocrx_word' id='word_1_383' title='bbox 398 2295 479 2329; x_wconf 83' lang='lat' dir='ltr'>locis</span> <span class='ocrx_word' id='word_1_384' title='bbox 501 2302 531 2329; x_wconf 89' lang='lat' dir='ltr'>et</span> <span class='ocrx_word' id='word_1_385' title='bbox 550 2297 695 2330; x_wconf 80' lang='lat' dir='ltr'>ecclesiis</span> <span class='ocrx_word' id='word_1_386' title='bbox 715 2308 733 2329; x_wconf 84' lang='lat' dir='ltr'>a</span> <span class='ocrx_word' id='word_1_387' title='bbox 753 2298 928 2341; x_wconf 72' lang='lat' dir='ltr'>principio,</span> <span class='ocrx_word' id='word_1_388' title='bbox 951 2298 1038 2331; x_wconf 88' lang='lat' dir='ltr'>licite</span> <span class='ocrx_word' id='word_1_389' title='bbox 1065 2298 1202 2341; x_wconf 83' lang='lat' dir='ltr'>receptis</span> <span class='ocrx_word' id='word_1_390' title='bbox 1222 2303 1253 2330; x_wconf 90' lang='lat' dir='ltr'>et</span> <span class='ocrx_word' id='word_1_391' title='bbox 1272 2297 1449 2330; x_wconf 86' lang='lat' dir='ltr'>aedificatis</span> <span class='ocrx_word' id='word_1_392' title='bbox 1462 2303 1614 2329; x_wconf 84' lang='lat' dir='ltr'>concessa</span> <span class='ocrx_word' id='word_1_393' title='bbox 1626 2295 1846 2328; x_wconf 81' lang='lat' dir='ltr'>similiterha—</span> 
     </span>
     <span class='ocr_line' id='line_1_41' title="bbox 399 2347 1845 2394; baseline -0.001 -12"><span class='ocrx_word' id='word_1_394' title='bbox 399 2349 508 2390; x_wconf 87' lang='lat' dir='ltr'>beant,</span> <span class='ocrx_word' id='word_1_395' title='bbox 540 2350 604 2384; x_wconf 74' lang='lat'>743</span> <span class='ocrx_word' id='word_1_396' title='bbox 634 2362 672 2388; x_wconf 77' lang='grc' dir='ltr'>(ι;</span> <span class='ocrx_word' id='word_1_397' title='bbox 701 2351 868 2394; x_wconf 86' lang='lat' dir='ltr'>ampliatio</span> <span class='ocrx_word' id='word_1_398' title='bbox 889 2351 1065 2394; x_wconf 85' lang='lat' dir='ltr'>supradicti</span> <span class='ocrx_word' id='word_1_399' title='bbox 1087 2351 1215 2391; x_wconf 83' lang='lat' dir='ltr'>indulti,</span> <span class='ocrx_word' id='word_1_400' title='bbox 1238 2351 1315 2383; x_wconf 75' lang='lat' dir='ltr'>ibid.</span> <span class='ocrx_word' id='word_1_401' title='bbox 1349 2356 1382 2383; x_wconf 86' lang='lat' dir='ltr'>et</span> <span class='ocrx_word' id='word_1_402' title='bbox 1410 2351 1440 2390; x_wconf 89' lang='lat' dir='ltr'>b;</span> <span class='ocrx_word' id='word_1_403' title='bbox 1463 2359 1576 2383; x_wconf 88' lang='lat' dir='ltr'>eorum</span> <span class='ocrx_word' id='word_1_404' title='bbox 1602 2347 1845 2382; x_wconf 84' lang='lat' dir='ltr'>commissarius</span> 
     </span>
     <span class='ocr_line' id='line_1_42' title="bbox 401 2400 1846 2447; baseline -0.001 -13"><span class='ocrx_word' id='word_1_405' title='bbox 401 2403 563 2444; x_wconf 79' lang='lat' dir='ltr'>generalis</span> <span class='ocrx_word' id='word_1_406' title='bbox 582 2404 745 2436; x_wconf 83' lang='lat' dir='ltr'>indiarum</span> <span class='ocrx_word' id='word_1_407' title='bbox 767 2414 826 2447; x_wconf 93' lang='lat' dir='ltr'>pro</span> <span class='ocrx_word' id='word_1_408' title='bbox 847 2410 992 2447; x_wconf 83' lang='lat' dir='ltr'>tempore</span> <span class='ocrx_word' id='word_1_409' title='bbox 1012 2404 1127 2437; x_wconf 87' lang='lat' dir='ltr'>habeat</span> <span class='ocrx_word' id='word_1_410' title='bbox 1146 2414 1257 2437; x_wconf 86' lang='lat' dir='ltr'>vocem</span> <span class='ocrx_word' id='word_1_411' title='bbox 1276 2403 1411 2436; x_wconf 84' lang='lat' dir='ltr'>activam</span> <span class='ocrx_word' id='word_1_412' title='bbox 1427 2408 1457 2436; x_wconf 90' lang='lat' dir='ltr'>et</span> <span class='ocrx_word' id='word_1_413' title='bbox 1472 2402 1629 2446; x_wconf 86' lang='lat' dir='ltr'>passivam</span> <span class='ocrx_word' id='word_1_414' title='bbox 1649 2401 1684 2433; x_wconf 93' lang='lat' dir='ltr'>in</span> <span class='ocrx_word' id='word_1_415' title='bbox 1702 2400 1846 2444; x_wconf 86' lang='lat' dir='ltr'>capitulo</span> 
     </span>
     <span class='ocr_line' id='line_1_43' title="bbox 399 2453 1846 2500; baseline -0.001 -14"><span class='ocrx_word' id='word_1_416' title='bbox 399 2456 556 2497; x_wconf 75' lang='lat' dir='ltr'>generali,</span> <span class='ocrx_word' id='word_1_417' title='bbox 579 2455 643 2489; x_wconf 85' lang='lat'>855</span> <span class='ocrx_word' id='word_1_418' title='bbox 662 2457 678 2488; x_wconf 87' lang='lat' dir='ltr'>b</span> <span class='ocrx_word' id='word_1_419' title='bbox 700 2461 727 2489; x_wconf 87' lang='lat' dir='ltr'>et</span> <span class='ocrx_word' id='word_1_420' title='bbox 748 2467 827 2500; x_wconf 72' lang='lat' dir='ltr'>seq,;</span> <span class='ocrx_word' id='word_1_421' title='bbox 850 2458 965 2489; x_wconf 75' lang='lat' dir='ltr'>fratres</span> <span class='ocrx_word' id='word_1_422' title='bbox 984 2467 1096 2490; x_wconf 84' lang='lat' dir='ltr'>omnes</span> <span class='ocrx_word' id='word_1_423' title='bbox 1116 2457 1331 2500; x_wconf 85' lang='lat' dir='ltr'>prohibentur</span> <span class='ocrx_word' id='word_1_424' title='bbox 1350 2456 1450 2488; x_wconf 86' lang='lat' dir='ltr'>libros</span> <span class='ocrx_word' id='word_1_425' title='bbox 1470 2455 1599 2498; x_wconf 87' lang='lat' dir='ltr'>aliaque</span> <span class='ocrx_word' id='word_1_426' title='bbox 1610 2453 1776 2487; x_wconf 86' lang='lat' dir='ltr'>extrahere</span> <span class='ocrx_word' id='word_1_427' title='bbox 1787 2457 1846 2485; x_wconf 84' lang='lat' dir='ltr'>aut</span> 
     </span>
     <span class='ocr_line' id='line_1_44' title="bbox 400 2506 1843 2550; baseline -0.001 -11"><span class='ocrx_word' id='word_1_428' title='bbox 400 2517 533 2550; x_wconf 89' lang='lat' dir='ltr'>quoquo</span> <span class='ocrx_word' id='word_1_429' title='bbox 554 2509 651 2542; x_wconf 88' lang='lat' dir='ltr'>modo</span> <span class='ocrx_word' id='word_1_430' title='bbox 671 2519 818 2542; x_wconf 86' lang='lat' dir='ltr'>amovere</span> <span class='ocrx_word' id='word_1_431' title='bbox 839 2520 877 2542; x_wconf 81' lang='lat' dir='ltr'>cx</span> <span class='ocrx_word' id='word_1_432' title='bbox 889 2509 1094 2543; x_wconf 82' lang='lat' dir='ltr'>bibliothecis</span> <span class='ocrx_word' id='word_1_433' title='bbox 1106 2508 1246 2549; x_wconf 86' lang='lat' dir='ltr'>Ordinis,</span> <span class='ocrx_word' id='word_1_434' title='bbox 1262 2509 1325 2543; x_wconf 66' lang='lat'>929</span> <span class='ocrx_word' id='word_1_435' title='bbox 1340 2520 1377 2549; x_wconf 84' lang='grc' dir='ltr'>α;</span> <span class='ocrx_word' id='word_1_436' title='bbox 1391 2508 1530 2541; x_wconf 87' lang='lat' dir='ltr'>traditur</span> <span class='ocrx_word' id='word_1_437' title='bbox 1539 2507 1642 2540; x_wconf 83' lang='lat' dir='ltr'>forma</span> <span class='ocrx_word' id='word_1_438' title='bbox 1655 2506 1755 2540; x_wconf 83' lang='lat' dir='ltr'>libros</span> <span class='ocrx_word' id='word_1_439' title='bbox 1768 2515 1843 2538; x_wconf 88' lang='lat' dir='ltr'>con-</span> 
     </span>
     <span class='ocr_line' id='line_1_45' title="bbox 400 2556 1844 2609; baseline 0 -19"><span class='ocrx_word' id='word_1_440' title='bbox 400 2560 560 2600; x_wconf 82' lang='lat' dir='ltr'>servandi,</span> <span class='ocrx_word' id='word_1_441' title='bbox 601 2561 670 2593; x_wconf 43' lang='lat' dir='ltr'>aid.</span> <span class='ocrx_word' id='word_1_442' title='bbox 706 2562 739 2600; x_wconf 78' lang='lat' dir='ltr'>b;</span> <span class='ocrx_word' id='word_1_443' title='bbox 771 2572 828 2605; x_wconf 57' lang='lat' dir='ltr'>pu(</span> <span class='ocrx_word' id='word_1_444' title='bbox 844 2564 954 2596; x_wconf 55' lang='lat' dir='ltr'>‘zar-tur</span> <span class='ocrx_word' id='word_1_445' title='bbox 974 2562 1252 2596; x_wconf 86' lang='lat' dir='ltr'>contravenientes</span> <span class='ocrx_word' id='word_1_446' title='bbox 1272 2567 1303 2595; x_wconf 88' lang='lat' dir='ltr'>et</span> <span class='ocrx_word' id='word_1_447' title='bbox 1322 2561 1509 2609; x_wconf 74' lang='lat' dir='ltr'>complices,</span> <span class='ocrx_word' id='word_1_448' title='bbox 1532 2559 1597 2594; x_wconf 83' lang='lat'>930</span> <span class='ocrx_word' id='word_1_449' title='bbox 1616 2571 1655 2600; x_wconf 84' lang='lat' dir='ltr'>a;</span> <span class='ocrx_word' id='word_1_450' title='bbox 1676 2556 1844 2602; x_wconf 74' lang='lat' dir='ltr'>privilegia</span> 
     </span>
     <span class='ocr_line' id='line_1_46' title="bbox 400 2609 1841 2663; baseline -0.001 -19"><span class='ocrx_word' id='word_1_451' title='bbox 400 2612 531 2655; x_wconf 81' lang='lat' dir='ltr'>antiqua</span> <span class='ocrx_word' id='word_1_452' title='bbox 550 2614 606 2646; x_wconf 89' lang='lat' dir='ltr'>toti</span> <span class='ocrx_word' id='word_1_453' title='bbox 619 2614 737 2663; x_wconf 70' lang='lat' dir='ltr'>¹Ordini</span> <span class='ocrx_word' id='word_1_454' title='bbox 760 2617 1004 2656; x_wconf 71' lang='lat' dir='ltr'>confirmantur,</span> <span class='ocrx_word' id='word_1_455' title='bbox 1025 2616 1153 2660; x_wconf 83' lang='lat' dir='ltr'>aliaque</span> <span class='ocrx_word' id='word_1_456' title='bbox 1172 2615 1342 2661; x_wconf 82' lang='lat' dir='ltr'>privilegia</span> <span class='ocrx_word' id='word_1_457' title='bbox 1370 2613 1464 2648; x_wconf 84' lang='lat' dir='ltr'>tertio</span> <span class='ocrx_word' id='word_1_458' title='bbox 1483 2612 1594 2647; x_wconf 84' lang='lat' dir='ltr'>ordini</span> <span class='ocrx_word' id='word_1_459' title='bbox 1614 2612 1653 2646; x_wconf 86' lang='lat' dir='ltr'>de</span> <span class='ocrx_word' id='word_1_460' title='bbox 1672 2609 1841 2655; x_wconf 87' lang='lat' dir='ltr'>poeniten—</span> 
     </span>
    </p>
   </div>
   <div class='ocr_carea' id='block_1_4' title="bbox 2015 546 2044 880">
    <p class='ocr_par' dir='ltr' id='par_1_12' title="bbox 2015 546 2044 880">
     <span class='ocr_line' id='line_1_47' title="bbox 2015 546 2044 880; textangle 90"><span class='ocrx_word' id='word_1_461' title='bbox 2030 874 2037 880; x_wconf 90' lang='lat'><strong>·</strong></span> <span class='ocrx_word' id='word_1_462' title='bbox 2015 586 2044 861; x_wconf 47' lang='lat' dir='ltr'>-sz-vaff</span> <span class='ocrx_word' id='word_1_463' title='bbox 2026 566 2030 572; x_wconf 80' lang='grc'><em>·</em></span> <span class='ocrx_word' id='word_1_464' title='bbox 2030 546 2032 549; x_wconf 56' lang='grc'><strong>&lt;</strong></span> 
     </span>
    </p>
   </div>
   <div class='ocr_carea' id='block_1_5' title="bbox 2016 889 2050 1186">
    <p class='ocr_par' dir='ltr' id='par_1_13' title="bbox 2016 889 2050 1186">
     <span class='ocr_line' id='line_1_48' title="bbox 2016 889 2050 1186; baseline 0 2042"><span class='ocrx_word' id='word_1_465' title='bbox 2016 889 2050 1186; x_wconf 95' lang='lat' dir='ltr'> </span> 
     </span>
    </p>
   </div>
   <div class='ocr_carea' id='block_1_6' title="bbox 2010 1573 2059 2702">
    <p class='ocr_par' dir='ltr' id='par_1_14' title="bbox 2010 1573 2059 2702">
     <span class='ocr_line' id='line_1_49' title="bbox 2010 1573 2059 2702; baseline 0 0"><span class='ocrx_word' id='word_1_466' title='bbox 2010 1573 2059 2702; x_wconf 95' lang='lat' dir='ltr'> </span> 
     </span>
    </p>
   </div>
  </div>
 </body>
</html>
