2059 3228
787 248 882 272 innux
903 248 1007 273 RERUM
1535 239 1621 273 ‘1055

132 299 212 344 lpris
231 310 332 344 prope
359 301 521 334 civitatem
539 301 660 334 erectio
678 301 805 345 collegii
824 301 996 334 Societatis
1014 300 1081 332 lesu
1113 299 1143 332 in
1174 298 1370 333 monasti—rio
1401 301 1591 334 monialium
1621 301 1664 334 de

220 354 446 386 lllcrcbetcusis
462 354 605 398 Philippi
625 354 854 397 llispaniorum
873 353 956 396 regis
972 353 1137 392 instantia,
1160 353 1225 387 465
1249 354 1277 391 Is,
1309 360 1340 386 ct
1368 364 1428 397 seq.
1443 365 1452 392 ;
1481 354 1662 395 designatio

220 406 316 445 dotis,
336 406 399 439 sitit}
416 407 444 439 b.
1670 442 1672 444 v

131 457 311 491 lubilacum
331 458 487 491 indicitur
504 469 520 491 a
537 458 624 492 Sixto
642 459 665 490 V
682 459 721 491 ad
737 458 976 502 implorandum
995 458 1050 490 Dei
1068 458 1224 491 auxilium
1243 470 1302 501 pro
1320 459 1405 491 bono
1424 459 1579 501 regimine
1598 459 1660 492 rci-

218 511 367 554 publicae
385 510 591 552 christianae,
609 512 672 545 576
690 512 720 551 b;
740 512 853 546 modus
868 511 947 544 illud
965 511 1198 554 consequendi,
1218 510 1280 544 577
1299 523 1329 547 (ι’,
1351 511 1448 544 iussio
1468 511 1671 555 publicandil

217 563 339 607 ubique
357 564 480 596 dictum
499 564 691 604 iubilaeum‚
711 564 785 597 578.

129 615 250 650 ludaei.
278 616 310 650 V.
331 617 479 650 llcbraei.
496 617 604 650 ludaei
623 623 649 649 ct
675 617 831 649 infideles.
854 617 888 649 V.
904 616 1125 659 Inquisitores.

129 668 229 701 lulius
246 669 270 701 ll
287 669 553 702 constitutionem
584 669 683 702 edidit
708 679 767 712 pro
786 668 943 710 regimine
961 667 1134 701 comitatus
1151 668 1376 709 Ariuiiuensis,
1396 680 1491 712 quani
1511 670 1618 702 Sixtus
1640 669 1671 707 V⁴

218 721 389 754 confirmat
418 727 449 754 et
466 722 608 754 declarat
626 721 665 754 ad
683 727 808 755 exortas
827 721 899 753 lites
916 720 1157 763 componendas
1174 732 1335 764 novasque
1352 721 1525 761 evitandas,
1546 723 1609 756 598
1627 734 1671 763 a„

129 773 364 814 luramentum,
384 785 457 807 cuin
476 782 541 807 non
559 775 599 808 sit
615 775 781 808 vinculum
799 774 992 818 iniquitatis,
1012 774 1098 806 circa
1115 774 1241 813 illicita,
1256 774 1479 817 impossibilia,
1493 768 1671 815 ‹laiunosa,v

217 827 454 860 ecclesiasticae
480 827 690 871 disciplinae,
716 826 857 860 libertati
884 832 916 860 et
940 826 1075 860 Concilii
1095 826 1276 859 Tridentini
1300 826 1439 859 decretis
1460 827 1661 860 adversantia,

216 879 401 919 damnatur,
416 880 587 913 innnovata
611 879 844 913 constitutione
857 879 978 912 Nicolai
992 879 1030 911 HI
1049 889 1121 911 cum
1136 878 1208 911 aliis
1224 878 1456 920 sanctionibus,
1472 879 1535 913 480
1550 880 1579 920 b,
1595 880 1661 913 cxi-

215 937 326 975 gentes
346 937 378 965 et
397 938 596 976 praestantes
612 933 727 976 poenis
744 933 955 971 mulctantur,
978 930 1042 964 490
1060 942 1081 964 a
1100 936 1131 964 et
1144 931 1172 964 b.

884 1093 908 1125 K

130 1197 359 1233 Kalendarium
378 1206 438 1242 pro
459 1195 575 1232 officiis
588 1204 619 1232 et
640 1199 728 1232 sestis
747 1199 950 1238 Sanctorum,
978 1210 1014 1232 ex
1034 1200 1222 1234 Tridentino
1243 1200 1399 1239 Concilio,
1420 1203 1613 1235 auctoritato
1631 1208 1673 1235 ενι]

219 1251 341 1284 iudicio
363 1251 498 1284 Romani
527 1252 693 1285 Pontifici<
717 1252 811 1285 condi
830 1253 924 1286 debet
940 1252 1113 1295 Gregorius
1138 1254 1202 1286 Xlll
1217 1280 1224 1292 ,
1244 1254 1314 1287 Lilii
1338 1255 1456 1299 Aloysii
1476 1256 1547 1288 libri
1569 1256 1673 1288 adin-1

218 1304 317 1346 torio,
339 1315 466 1338 necnon
483 1305 745 1339 doctissimorum
769 1306 914 1339 virorum
939 1316 1048 1349 opera,
1078 1307 1307 1340 concinnatum
1332 1308 1445 1341 statuit
1474 1315 1660 1352 epactarum

218 1357 343 1400 cyclum
360 1358 488 1401 aliaque
509 1358 548 1391 ad
568 1358 638 1391 eius
651 1359 885 1402 perfectionem
908 1359 1117 1402 pertinentia,
1136 1359 1199 1393 387
1219 1370 1251 1400 a;
1274 1360 1498 1403 aequinotium
1527 1372 1663 1394 vernum

218 1410 349 1453 reponit
369 1411 402 1443 in
426 1410 500 1444 sede
522 1421 580 1443 sua
603 1410 643 1443 ad
667 1411 753 1443 diem
770 1422 819 1443 xxi
835 1411 955 1451 martii,
980 1411 1043 1445 :388
1070 1424 1100 1449 a,
1123 1413 1297 1445 bissextum
1322 1423 1484 1457 quemque
1509 1416 1673 1457 quartumss

221 1472 341 1496 annum
366 1463 507 1507 assignat
526 1464 619 1501 ibid.;
644 1465 768 1508 cyclum
783 1470 970 1507 epactarum
993 1465 1157 1498 substituit
1183 1466 1213 1497 iu
1240 1466 1424 1499 kalendario
1442 1468 1513 1500 loco
1534 1470 1674 1511 numeri

220 1519 332 1560 aurei,
352 1525 384 1553 et
401 1521 524 1564 cyclum
544 1521 681 1553 solarem
706 1520 878 1564 antiquum
910 1521 947 1553 ad
976 1531 1089 1554 novam
1118 1527 1145 1553 ct
1180 1532 1419 1565 quamcumque
1451 1523 1662 1557 intercalandi

221 1572 380 1606 rationem
399 1573 658 1614 accomodatum,
677 1573 752 1606 ibid.
778 1573 808 1613 b;
828 1573 872 1605 sic
892 1574 1079 1607 restitutum
1098 1575 1299 1617 approbatur
1316 1576 1370 1608 sed
1387 1576 1579 1619 prohibetur
1602 1578 1663 1610 im-

222 1624 322 1668 primi
344 1626 413 1659 sine
442 1626 573 1658 licentia
596 1626 721 1659 Summi
750 1625 940 1664 Pontificis,
959 1625 1022 1659 389
1048 1637 1084 1661 a:
1117 1627 1251 1669 eiusque
1284 1628 1484 1661 observantia
1513 1630 1664 1663 omnibus

219 1677 487 1711 christifidelibus
503 1678 747 1721 praescribitur,
770 1678 958 1722 incipiendo
979 1684 1051 1722 post
1073 1679 1158 1711 diem
1176 1690 1193 1711 x
1210 1680 1352 1712 octobris
1378 1690 1536 1719 itanxxu,
1559 1683 1636 1714 ibid.
1655 1695 1662 1720 ;

221 1731 398 1764 declaratio
426 1742 524 1774 super
551 1731 776 1764 observatione
804 1731 982 1764 kalendarii
1012 1741 1073 1776 pro
1089 1731 1130 1765 iis
1146 1732 1202 1776 qui
1231 1732 1281 1773 de,
1300 1742 1411 1766 mense
1433 1734 1576 1767 octobris
1609 1746 1663 1769 an,

222 1793 370 1818 Manxxn
387 1785 556 1818 observare
573 1794 638 1818 non
655 1790 845 1828 coeperunt,
862 1783 927 1819 390
943 1795 974 1818 α.

890 1940 902 1977 i

135 2046 239 2085 Lanae
256 2062 307 2084 ars
325 2052 444 2085 Romae
462 2051 658 2091 restituitur,
678 2050 741 2084 638
758 2051 788 2091 b;
807 2055 903 2094 atque
920 2051 1090 2094 privilegia
1105 2051 1340 2085 mercatoribus
1355 2053 1589 2093 conceduntur,
1602 2046 1677 2086 339¹

222 2115 266 2144 a;-
280 2106 449 2138 consulum
469 2104 664 2144 iurisdictio,
684 2110 715 2137 et
733 2104 889 2143 osticium,
904 2104 982 2136 ibid.
1003 2104 1031 2143 b;
1052 2104 1185 2137 facultas
1203 2110 1322 2138 statuta
1339 2106 1465 2147 collegii
1485 2113 1516 2138 ct
1533 2105 1669 2139 societa-

225 2158 266 2190 tis
284 2158 442 2197 mutandi,
468 2163 499 2190 et
529 2157 744 2199 cognoscendi
773 2167 886 2189 omnes
913 2167 1026 2190 causas
1053 2162 1154 2190 artem
1183 2158 1288 2196 Lanae
1304 2164 1547 2196 concernentes,
1570 2157 1668 2191 etiam

224 2210 333 2254 quoad
347 2210 516 2249 hebraeos,
537 2209 600 2243 640
620 2210 649 2242 b.

136 2258 361 2296 lateranensis
380 2262 534 2296 basilicae
551 2257 731 2305 capitulum
749 2272 767 2294 a
783 2261 949 2294 Bonisacio
966 2261 1002 2294 IV
1019 2261 1162 2295 obtinuit
1178 2262 1363 2295 facultatem
1382 2263 1478 2295 dandi
1503 2263 1668 2296 licentiam

225 2315 260 2348 in
273 2315 347 2348 eius
359 2315 468 2348 fundis
484 2315 628 2357 erigendi
642 2315 714 2347 loca
727 2314 797 2358 pia,
815 2325 898 2357 quae
916 2325 933 2346 a
950 2314 1006 2346 Pio
1024 2314 1061 2346 IV
1080 2320 1237 2355 revocata,
1255 2325 1273 2347 a
1286 2315 1374 2349 Sixto
1386 2315 1410 2347 V
1421 2322 1595 2349 renovatur
1611 2316 1670 2349 sub

225 2368 467 2401 ordinariorum
484 2367 617 2400 licentia
634 2372 666 2400 et
682 2367 918 2406 iurisdictione,
936 2367 1000 2400 655
1016 2368 1033 2399 b
1051 2372 1083 2399 et
1098 2377 1159 2411 seq.

137 2421 400 2456 Latet-anensium
418 2420 650 2453 canonicorum
668 2420 876 2463 congregatio
894 2431 968 2452 cum
986 2420 1164 2463 capitulum
1178 2421 1327 2462 generale
1344 2421 1383 2454 de
1401 2431 1490 2454 more
1507 2420 1672 2455 celebrare

226 2473 421 2518 nequiverit,
444 2474 484 2506 de
509 2473 642 2506 licentia
657 2473 762 2516 Papae
784 2473 924 2506 diaetam
948 2472 1133 2512 celebravit,
1153 2472 1212 2505 891
1234 2474 1263 2513 b3
1283 2473 1316 2506 in
1331 2484 1368 2506 ea
1385 2474 1508 2507 electus
1524 2474 1672 2507 visitator

225 2526 395 2570 generalia
420 2525 569 2559 nonnulli
596 2525 727 2558 abbates
744 2531 775 2558 et
792 2525 930 2568 priores,
950 2523 1013 2558 892
1030 2535 1061 2564 α;
1088 2525 1156 2564 sed,
1188 2531 1318 2558 mortuo
1344 2532 1558 2569 procuratore
1573 2537 1671 2570 gene-

226 2579 285 2612 rali
303 2583 478 2622 antequam
495 2587 661 2612 successor
677 2577 863 2620 eligeretur,
882 2578 1028 2611 Pontifex
1045 2583 1115 2610 acta
1133 2577 1165 2610 in
1183 2577 1269 2611 dicta
1286 2578 1391 2614 diaeta
1409 2579 1596 2619 confirmat;
1609 2581 1673 2613 ele·

219 2632 416 2682 Eetionesquc
443 2641 554 2664 omnes
579 2630 612 2664 in
638 2641 674 2664 ea
697 2630 796 2664 factas
820 2630 992 2674 approbat,
1017 2630 1095 2669 ibid.
1110 2642 1118 2670 ;
1136 2640 1254 2664 novum
1272 2630 1408 2674 ddputat
1424 2637 1671 2676 procuratorem
