2059 3228
344 255 407 286 ‘3⁷³1
1850 253 1903 281 An.
1919 247 1954 282 α’
1966 250 2013 286 ‘jo

304 315 433 347 natione
449 313 697 347 continebantur
712 339 721 351 ,
739 318 768 345 et
790 322 854 345 non
886 312 1022 344 aliorum
1041 336 1048 347 ,
1096 308 1238 351 magistri
1256 312 1287 340 et
1306 313 1483 340 conventus
1501 307 1668 349 hospitalis
1692 306 1722 339 S.
1745 306 1837 338 Ioan-
1852 313 1963 365 mt‘eforv
2031 328 2034 350 {

1872 350 1918 370 agni
1944 356 1951 363 ω
1979 360 1981 362 -
1998 356 1999 361 η
2018 348 2020 353 ’

304 380 374 411 quze
389 372 496 410 utpote
510 366 635 399 inutilia
643 371 673 399 et
684 365 846 409 superflua
854 371 908 398 aut
917 364 994 397 alias
1006 364 1051 395 iu-
1095 362 1144 395 nis
1164 361 1248 405 apud
1262 371 1319 393 nos
1331 366 1448 401 orator,
1464 370 1521 404 pro
1540 365 1628 402 parte
1638 359 1758 402 Ugonis
1769 369 1837 390 ma-
1851 377 1908 398 sm„

104 263 157 291 An.
174 264 202 292 αἵ.
221 266 288 293 μεθ
890 259 1064 283 nummum
1089 257 1236 280 ROMANUM

128 958 241 979 Nonnullis
251 957 289 978 ob-

103 990 235 1010 scurioribus
250 989 288 1009 ab·

105 1021 240 1047 latismovum
247 1023 289 1041 sta-

102 1057 196 1078 tutorum
237 1058 290 1073 cou-

102 1087 120 1108 te
127 1088 182 1107 etum
192 1085 289 1106 volumen

305 419 514 453 observabilia
530 420 635 452 demta
655 420 792 459 fuerant,
809 419 876 458 etsi,
892 419 922 450 in
937 427 1048 450 eorum

305 474 336 506 in
354 475 466 506 l'ratres
486 472 682 515 receptione,
702 472 742 504 ad
759 471 888 505 illorum
906 472 1051 503 observa-

306 527 438 566 tionem,
460 526 685 569 promissione,
697 525 877 558 iuramento
890 530 920 557 et
932 529 1004 556 voto
1017 534 1048 556 se

301 580 541 620 astrinxissent,
570 585 667 623 prout
697 579 731 612 in
764 579 883 612 eisdem
922 577 1048 617 litteris,

302 634 334 667 in
356 634 475 677 quibus
494 639 588 667 tenor
605 634 739 666 denovo
752 633 974 666 ordinatorum
992 636 1050 663 sta-

303 693 446 720 tutorum
467 693 499 720 et
519 686 807 720 stabilimentorum
824 713 830 726 ,
858 685 1050 719 concordia-

304 751 389 780 rum,
412 751 530 773 usuum
551 745 579 773 et
601 739 874 773 consuetudinum
895 739 932 771 de
953 738 1050 770 verbo

303 795 342 827 ad
361 794 495 827 verbum
520 793 660 827 insertus
680 793 753 832 suit,
790 792 917 836 plenius
949 791 1051 824 eonti-

302 853 409 883 netur.

347 902 362 945 ξ
386 901 416 933 2.
444 900 659 934 Nihilominus
686 899 745 943 ipsi
765 900 832 942 Ugo
853 899 1002 941 magister
1022 902 1051 930 et

304 959 490 994 conventus,
513 953 752 987 considerantes
771 953 857 995 quod
878 952 910 984 in
932 952 1049 984 eisdem

304 1008 439 1048 statutis,
468 1007 692 1040 stabilimentis
711 1012 742 1039 et
761 1005 1051 1039 consuetudinibus

304 1062 398 1106 plura
417 1052 518 1100 erant,
541 1071 624 1104 quae
644 1059 1050 1102 cumtunctemporismo-

303 1115 392 1149 ribus
410 1124 475 1147 non
494 1114 569 1147 satis
589 1113 833 1152 conveniebant,
852 1117 907 1145 aut
919 1112 1050 1144 confuse

304 1175 335 1203 et
355 1169 490 1202 obscure
520 1167 623 1211 posita
647 1166 905 1210 reperiebantur,
929 1172 959 1198 ct
978 1175 1051 1209 pro-

302 1228 412 1268 pterea
433 1216 544 1254 litibus
559 1221 641 1253 viam
654 1220 784 1259 dabant,
798 1219 952 1251 alia'vero
968 1218 1051 1250 inter

302 1287 335 1309 se
355 1275 549 1308 dissidebant
560 1280 591 1307 et
603 1273 803 1306 contrarium
814 1282 943 1304 sensum
957 1282 1050 1314 prae-

304 1330 422 1363 seferre
449 1328 650 1368 videbantur,
673 1338 709 1360 ac
729 1326 899 1369 complura
924 1325 964 1358 ad
983 1335 1057 1369 rem·

303 1383 385 1417 nihil
409 1383 542 1416 omnino
564 1381 735 1420 faciebant,
758 1390 856 1424 opera
876 1378 1051 1412 nonnullo-

305 1448 377 1470 rum
397 1436 498 1480 ipsius
515 1434 683 1478 hospitalis
700 1433 834 1466 fratrum
854 1432 941 1465 illius
957 1442 1054 1474 nego-

305 1490 431 1522 ciorum
452 1487 723 1532 peritissimorum
748 1486 787 1518 ad
811 1485 843 1518 id
870 1485 1053 1529 specialiter

306 1544 533 1587 deputatorum
546 1541 721 1573 effecerunt
732 1544 778 1579 ut,
792 1539 936 1578 sublatis,
951 1549 1054 1582 quan-

306 1603 375 1629 tum
395 1595 466 1629 fieri
490 1595 613 1638 potuit,
643 1592 885 1626 difficultatibus
911 1598 943 1625 et
967 1592 1055 1624 omni

308 1650 459 1693 ambiguo
488 1649 668 1689 intellectu,
691 1646 874 1680 dilucidatis
891 1645 1054 1686 obscuris,

309 1709 339 1738 et
359 1703 397 1737 iis
414 1713 496 1746 quae
516 1701 671 1735 dissidere
686 1700 876 1733 videbantur
900 1699 932 1731 in
955 1709 1057 1731 unum

309 1767 439 1790 sensum
468 1755 628 1795 adductis,
659 1760 690 1787 et
708 1753 900 1796 quibusdam
922 1762 986 1784 non
1006 1763 1060 1785 ne-

311 1810 457 1844 cessariis
472 1808 635 1849 resecatis,
653 1818 690 1841 ac
715 1807 829 1840 additis
846 1806 1014 1850 permultis
1031 1817 1059 1839 a·

311 1864 363 1897 liis
382 1862 605 1897 stabilimentis
623 1861 664 1895 ad
675 1860 773 1908 divini
785 1860 890 1893 cultus
902 1870 1058 1903 augmen-

314 1923 383 1950 tum
408 1922 438 1949 et
458 1915 559 1959 ipsius
577 1914 748 1958 hospitalis
766 1913 935 1946 utilitatem
957 1923 993 1945 ac
1011 1923 1060 1945 sa-

315 1970 442 2003 lubrem
455 1969 542 2002 illius
554 1978 766 2012 personarum
778 1966 989 2000 directionem
999 1971 1064 1998 ten-

1092 419 1181 462 gistri
1202 425 1232 452 et
1252 418 1385 462 capituli
1406 417 1659 462 praedictorum,
1673 416 1764 449 nobis
1774 416 1837 448 hu-

1093 474 1212 506 militer
1232 472 1420 517 supplicavit
1440 476 1474 504 ut
1495 469 1631 510 statutis,
1644 470 1838 502 stabilimen-

1094 527 1132 559 tis
1151 533 1179 559 et
1202 524 1490 559 consuetudinibus
1502 524 1534 556 in
1546 533 1648 556 unum
1659 533 1775 555 novum
1788 533 1840 555 vo-

1094 581 1217 620 lumen,
1240 584 1274 611 ut
1294 578 1497 622 praesertur,·
1510 576 1646 609 redactis
1667 580 1697 608 et
1717 576 1839 619 compi·

1092 634 1174 671 latis,
1193 643 1250 676 pro
1270 643 1385 665 eorum
1406 631 1612 664 subsistentia
1625 630 1840 670 firmiori,ro-

1093 687 1156 719 bur
1176 691 1302 719 nostrae
1315 684 1555 729 approbationis
1575 683 1726 722 adiicere,
1748 682 1842 716 alias-

1093 751 1154 782 que
1188 740 1220 772 in
1250 738 1434 783 praemissis
1459 742 1642 781 opportune
1670 736 1840 781 providere

1094 794 1133 826 de
1153 793 1350 834 benignitate
1371 791 1545 835 apostolica
1561 790 1781 833 dignaremur.

1136 847 1150 889 g
1176 846 1206 878 4..
1234 845 1295 878 Nos
1316 844 1425 887 igitur,
1454 844 1493 876 ad
1506 844 1680 889 praeclara
1698 842 1840 885 Religio-

1092 954 1258 992 habentes,
1282 951 1561 985 etconsiderantes
1581 950 1667 982 illius
1678 950 1791 982 fratres
1801 948 1840 982 fi-

1092 1006 1143 1040 dei
1168 1005 1343 1039 catholicae
1370 1005 1545 1037 indefessos
1570 1008 1839 1047 propugnatores,

1093 1061 1236 1093 cultores
1255 1064 1285 1091 et
1297 1058 1480 1091 defensores
1491 1057 1639 1095 existere,
1654 1055 1839 1089 huiusmodi

1092 1111 1384 1156 supplicationibus
1413 1110 1579 1151 inclinati,
1605 1109 1840 1149 stabilimenta,

1092 1172 1212 1200 statuta
1231 1172 1261 1199 et
1282 1164 1531 1199 consuetudines
1551 1164 1583 1196 in
1603 1173 1706 1196 unum
1725 1172 1844 1196 novum

1093 1218 1255 1258 volumen,
1279 1219 1336 1252 sub
1357 1218 1488 1251 nomine
1508 1217 1608 1260 ipsius
1630 1216 1751 1259 Ugonis
1775 1226 1827 1249 ma

1093 1273 1195 1317 gistri,
1215 1277 1250 1305 ut
1262 1272 1450 1315 praefertur,
1462 1271 1593 1304 redacta
1604 1275 1635 1303 et
1645 1269 1829 1313 compilata,

1093 1338 1175 1370 quae
1194 1337 1253 1370 per
1272 1325 1424 1358 dilectum
1449 1323 1551 1357 filium
1571 1329 1718 1357 nostrum
1738 1324 1838 1356 Anto-

1095 1381 1186 1414 nium
1217 1379 1299 1412 tituli
1324 1379 1516 1412 Sanctorum
1544 1377 1671 1410 Ioannis
1701 1383 1733 1411 et
1751 1375 1844 1410 Pauli

1094 1434 1315 1478 presbyterum
1331 1432 1528 1465 cardinalem
1550 1431 1708 1464 Caraffam
1730 1429 1847 1475 inspici

1096 1493 1126 1521 et
1141 1485 1316 1520 examinari
1336 1485 1480 1525 fecimus,
1498 1490 1529 1518 et
1548 1485 1586 1517 de
1606 1494 1750 1528 quorum
1773 1494 1848 1517 eon-

1095 1541 1228 1575 tinentia
1242 1540 1281 1573 ab
1302 1539 1414 1573 eodem
1434 1538 1571 1571 Antonio
1586 1537 1740 1571 cardinali
1759 1537 1840 1571 fide-

1096 1596 1160 1628 lem
1178 1593 1353 1627 babuimus
1372 1592 1576 1632 relationem,
1603 1590 1781 1634 apostoliea
1795 1601 1850 1623 au-

1099 1648 1245 1682 ctoritate
1259 1673 1267 1687 ,
1298 1651 1411 1679 tenore
1431 1645 1664 1689 praesentium,
1691 1643 1850 1688 approba-

1102 1712 1194 1741 mus,
1226 1711 1263 1733 ac
1292 1699 1356 1732 illis
1384 1703 1561 1742 perpetuae
1595 1703 1627 1730 et
1656 1696 1850 1730 inviolabilis

1102 1754 1261 1788 firmitatis
1280 1753 1381 1786 robur
1400 1751 1581 1791 adiicimus,
1603 1751 1790 1794 supplentes
1812 1759 1850 1782 0-
1877 1742 1893 1757 ⁶

1101 1819 1192 1842 mnes
1218 1813 1251 1841 et
1283 1807 1425 1850 singulos
1458 1811 1523 1838 tam
1547 1804 1627 1838 iuris
1655 1814 1751 1848 quam
1775 1795 1856 1836 facti¹

1103 1862 1257 1902 desectus,
1294 1860 1319 1893 si
1343 1859 1399 1903 qui
1428 1859 1534 1891 forsan
1563 1856 1794 1890 intervenerint
1817 1856 1852 1889 in

1104 1915 1236 1955 eisdem,
1271 1924 1373 1956 eaque
1403 1912 1512 1945 omnia
1540 1910 1706 1954 perpetuis
1734 1908 1852 1942 suturis

1107 1967 1306 2013 temporibus
1328 1965 1431 1999 valida
1451 1970 1481 1998 et
1500 1964 1641 1998 efficacia
1660 1964 1739 2004 sore,
1761 1972 1852 1996 suos-

1851 409 1950 431 oblatum.
1974 408 1982 425 ·“
1991 401 1994 404 ’
2019 434 2020 437 ¹

1965 439 1970 447 V
2019 440 2020 451 l

1913 849 1960 872 Hui

1092 899 1140 932 nis
1154 899 1338 932 huiusmodi
1359 897 1472 931 merita
1491 897 1633 930 debitum
1657 901 1840 940 respectum
1854 883 2002 938 Ῐζέῗὲἷηῆἶῖ

318 2024 482 2064 dentibus,
504 2033 576 2066 quae
593 2021 797 2065 postmodum
817 2031 875 2065 per
892 2020 1064 2063 quemdam

320 2078 471 2110 Ioannem
494 2077 532 2109 de
548 2076 693 2116 Valletta,
713 2081 789 2108 tunc
809 2074 841 2107 in
861 2074 1012 2107 humanis
1032 2084 1066 2106 a-

320 2136 449 2174 gentern
468 2135 499 2163 et
514 2129 614 2173 ipsius
631 2128 800 2172 hospitalis
821 2128 1022 2171 magistrum,
1037 2131 1068 2159 et

322 2184 445 2217 dictum
464 2183 608 2226 Ugonem
626 2193 662 2215 ac
682 2182 761 2215 alios
780 2181 880 2225 ipsius
904 2179 1070 2224 hospitalis

1108 2033 1171 2066 que
1195 2020 1358 2065 plenarios
1383 2018 1516 2052 effectus
1544 2017 1663 2057 sortiri,
1689 2022 1720 2050 et
1739 2026 1776 2049 ea
1804 2025 1856 2048 so·
1973 2022 1981 2037 ⁰

1108 2077 1196 2115 lum,
1227 2080 1259 2107 et
1284 2084 1349 2106 non
1373 2073 1436 2106 alia
1464 2072 1609 2115 antiqua,
1636 2071 1676 2104 ab
1704 2069 1854 2103 omnibus
1947 2079 1951 2084 ’
2004 2067 2005 2073 ’
2042 2069 2045 2107 t'

1109 2128 1336 2162 inviolabiliter
1369 2125 1532 2160 observari
1562 2125 1678 2158 debere
1707 2123 1855 2157 decerni-

1111 2193 1194 2216 mus.

324 2237 492 2280 magistros
512 2235 688 2269 successive
708 2235 792 2268 edita
811 2235 953 2274 fuerunt,
972 2238 1003 2266 et
1031 2233 1070 2266 ab
1155 2241 1169 2284 ἓ
1204 2239 1235 2273 5,
1269 2239 1338 2273 Non
1371 2237 1573 2272 obstantibus
1606 2234 1790 2280 praemissis
1819 2245 1857 2267 ac
1895 2243 2014 2271 obstas.
2045 2272 2047 2279 Ι

325 2295 477 2328 omnibus
488 2293 752 2327 desiderabantur
764 2292 1071 2335 etefflagitabantur,
1114 2297 1397 2331 constitutionibus
1429 2301 1459 2329 ot
1492 2294 1749 2328 ordinationibus
1777 2276 1900 2337 apo-¹⁵⁸
1976 2291 1979 2295 ’
2044 2299 2047 2323 t

327 2358 456 2393 statuta,
478 2352 696 2385 stabilimenta
711 2349 1074 2385 etconsuetudineshu-
1115 2355 1248 2396 stolicis,
1262 2353 1443 2398 ceterisque
1459 2352 1628 2387 contrariis
1647 2351 1856 2394 quibuscum·
2000 2368 2002 2371 >
2044 2329 2048 2362 Ι

329 2410 468 2443 iusmodi
490 2410 522 2443 in
542 2421 643 2443 unum
660 2420 777 2443 novum
787 2410 938 2442 volumen
949 2408 1008 2442 sub
1019 2418 1076 2440 no-
1117 2423 1192 2457 quo,

332 2468 417 2500 mine
438 2468 536 2511 ipsius
555 2467 673 2510 Ugonis
690 2467 834 2511 magistri
853 2467 1077 2510 redigerentur
1160 2471 1274 2504 Datum
1293 2469 1413 2502 Romae
1432 2469 1517 2512 apud
1537 2468 1690 2502 Sanctum
1716 2467 1856 2507 Petrum,

335 2531 365 2557 et
383 2526 648 2569 compilal'entur·
1003 2563 1006 2567 ,
1119 2529 1177 2562 sub
1224 2528 1344 2561 annulo
1388 2527 1568 2568 Piscatoris,
1603 2525 1653 2559 die
1679 2534 1720 2558 xx
1752 2523 1858 2557 martii
1984 2535 1987 2550 2

380 2583 394 2625 ἓ
417 2583 448 2615 3-
475 2583 578 2621 Quare
598 2584 733 2616 loannes
753 2583 891 2627 Baptista
902 2582 1078 2616 Rondinel-
1119 2596 1289 2626 mntxxxvi,
1303 2585 1508 2629 pontificatus
1522 2583 1623 2617 nostri
1643 2592 1727 2616 anno
1742 2580 1858 2626 primo.
1991 2582 2002 2626 J

337 2639 399 2680 lus,
429 2640 505 2673 dicti
533 2640 700 2684 hospitalis
727 2641 837 2682 frater,
868 2646 899 2674 ct
926 2639 1080 2684 praedicti
1161 2644 1226 2674 Dat.
1249 2643 1295 2673 die
1310 2642 1348 2673 20
1362 2641 1461 2672 martii
1478 2641 1567 2679 1586,
1586 2639 1692 2680 pontif.
1709 2646 1785 2668 anno
1801 2645 1821 2666 ι.
1991 2647 1993 2651 ’

1989 2703 2002 2725 j

1985 2725 2008 2787 ³12„

1951 3088 2032 3228 *a*
