2059 3228
754 257 847 281 lum-:x
871 257 1070 282 nvnmcanum

240 306 426 350 spaniarum
462 306 596 339 fratrum
633 308 759 341 Ordinis
789 309 900 342 Ileatac

240 359 356 392 Mariae
378 359 417 392 de
437 359 542 392 Monte
562 360 719 401 Cat-melo,
734 367 901 394 cumtrau-

242 412 304 446 situ
325 412 467 446 eiusdem
489 414 527 446 ad
557 413 779 453 Disealceatos,
802 415 876 448 745.

152 465 227 500 LXI.
261 459 463 499 Praefinitio‘
480 466 606 499 nunteri
644 473 671 499 et
711 469 899 510 qualitatum

241 519 460 562 praelatorum
473 519 766 552 rel'ereudariorum
781 521 899 554 utrius-

241 582 304 616 que
338 571 524 615 Signaturae
561 572 694 605 Romani
724 574 898 613 Pontificis,

242 635 315 659 cum
332 624 571 668 privilegiorum
588 627 804 666 concessione,
823 626 897 659 749.

1556 249 1636 283 lttss']

1031 310 1061 342 in
1075 310 1148 343 Satu
1161 310 1383 345 Ecclesiastico
1403 313 1686 359 commorantibus,

1030 362 1132 405 iisque
1157 363 1212 406 qui
1239 364 1270 396 in
1291 364 1404 397 eodem
1425 364 1514 398 Statu
1535 366 1582 398 vel
1597 376 1685 398 man-

1029 415 1149 448 sionem
1162 417 1208 448 vel
1222 417 1451 450 commercium
1464 417 1598 458 fixerint,
1608 418 1683 451 7845.

942 467 1029 500 LXX.
1054 467 1096 500 De
1132 469 1304 502 temeraria
1329 470 1389 503 tori
1410 471 1624 514 separatione,
1649 483 1685 505 ac

1029 521 1166 564 publicis
1193 523 1369 564 adulteriis,
1393 525 1511 568 stupris
1538 532 1567 558 et
1595 526 1685 559 leno—

1027 574 1120 606 ciniis
1146 575 1380 619 iuquibusdam
1400 578 1524 610 casibus
1544 579 1683 612 severius

1028 626 1059 659 in
1084 628 1167 659 alma
1193 628 1275 662 Urbe
1297 630 1478 673 puniendis.
1502 631 1575 665 780.

152 679 242 712 LXII.
273 678 433 711 Nonnulla
467 684 651 711 statuuntur
671 690 729 722 pro
756 680 900 713 ecclesiis
940 678 1040 711 LXXI.
1067 679 1247 713 lurisdictio
1269 682 1385 715 iudicis
1402 694 1571 716 causarum
1585 684 1683 717 hene-

239 731 463 774 Calaguritana
501 737 533 764 et
565 732 761 765 Calceatensi
803 744 900 777 super

240 784 425 828 receptione
456 784 596 818 filiorum
624 786 898 828 patrimonialium

242 838 276 870 in
308 837 515 872 beneficiatos
552 838 709 872 dictarum
749 840 898 874 ccclesia-

243 901 327 931 rum,
340 889 414 924 753.

151 944 255 978 LXIII.
277 943 530 978 Communitates
554 944 659 977 Status
687 945 897 978 Ecclesiastici

240 1007 300 1042 pro
329 997 399 1031 aliis
419 997 587 1040 obligatae,
608 997 689 1030 iufra
713 1009 833 1031 annum
859 999 898 1032 ab
916 995 918 1013 ¹

240 1061 352 1085 earum
373 1051 623 1094 obligationibus
644 1052 840 1093 liberentur,
867 1060 896 1086 et

238 1104 278 1138 de
297 1109 404 1138 cetero
425 1114 483 1147 pro
503 1104 572 1137 aliis
586 1115 617 1137 se
638 1105 780 1148 obligare
800 1111 829 1139 et
845 1116 897 1139 eo-

237 1168 311 1191 rum
327 1158 411 1191 bona
436 1157 575 1190 alienare
599 1169 647 1197 ac,
673 1163 894 1201 praeterquam

237 1210 362 1244 ratione
381 1210 562 1247 locationis,
584 1211 738 1254 obligare,
761 1212 810 1244 vel
826 1223 895 1244 ora-

237 1269 324 1298 tores
347 1264 528 1307 sumptibus
553 1264 692 1308 publicis
712 1265 750 1298 ad
783 1265 892 1298 Ponti—

237 1316 332 1351 ficem
353 1317 477 1350 mittere
499 1323 670 1360 nequeant,
687 1317 762 1351 758.

150 1371 250 1405 LXIV.
282 1370 363 1404 Unio
393 1371 600 1414 hospitalium
638 1372 896 1414 congregationis

237 1424 363 1458 loannis
397 1424 451 1458 Dei
481 1425 512 1457 in
537 1435 638 1458 unum
670 1432 799 1468 corpus,
822 1436 894 1458 cum

239 1477 404 1511 nonnullis
428 1477 695 1517 ordinationibus,
719 1477 793 1511 761,

150 1530 236 1564 LXV.
258 1530 348 1570 Quod
373 1540 485 1564 omnes
505 1530 600 1563 etiam
625 1530 656 1563 S.
679 1531 715 1563 R.
739 1531 772 1563 E.
794 1531 895 1564 cardi-

238 1583 338 1625 nales,
354 1583 515 1617 beneficia
530 1588 558 1617 et
575 1583 747 1628 pensiones
762 1584 894 1617 militiae

238 1635 271 1670 S.
293 1636 420 1670 Ioannis
439 1636 728 1682 Hierosolymitani,
744 1638 837 1670 etiam
858 1648 893 1671 ex

237 1688 327 1723 Sedis
358 1690 559 1734 Apostolicae
599 1689 779 1733 provisione
813 1690 894 1723 ohti-

238 1748 362 1784 nentes,
380 1743 419 1776 ad
439 1743 630 1776 solutionem
656 1742 775 1776 iurium
810 1754 894 1777 com-

239 1795 344 1829 munis
363 1796 478 1829 aerarii
494 1796 625 1829 omnino
645 1802 826 1838 teneantur,
846 1807 894 1830 re-

238 1853 448 1894 ceptoresquc
473 1849 604 1893 propria
623 1849 811 1883 auctoritate
831 1850 894 1883 exi-

240 1912 315 1945 gere
333 1903 466 1943 valeant,
487 1913 524 1936 ex
544 1902 669 1936 indulto
688 1903 735 1935 Pii
755 1903 789 1944 V,
817 1903 890 1936 765.

283 1954 436 1998 Sequitur
473 1956 534 1989 alia
571 1955 768 1997 constitutio,
810 1967 893 2000 quae

239 2009 493 2052 praecedemtem
515 2009 646 2053 ampliat
671 2009 744 2043 769.

151 2061 250 2095 LXVI.
276 2061 401 2095 Erectio
421 2063 547 2106 collegii
568 2063 680 2096 Montis
696 2062 757 2096 Alti
782 2063 813 2096 in
847 2063 891 2096 ci-

238 2115 332 2148 vitate
354 2108 559 2157 Bononiensi,
586 2116 660 2149 7721.

150 2167 261 2200 LXVII.
275 2168 399 2202 Erectio
413 2169 509 2202 officii
529 2169 800 2202 commissariatus
814 2169 888 2202 Rev.

237 2221 387 2255 Gamerae
405 2222 606 2266 Apostolicae
620 2223 652 2255 in
671 2222 812 2256 officium
823 2234 892 2266 per—

237 2279 370 2318 petuum
389 2275 540 2316 vacahile,
557 2287 630 2309 cum
651 2276 890 2317 iurisdictionis,

237 2327 594 2371 emolumentorumque
627 2335 658 2362 et
690 2329 890 2362 indultorum

238 2379 456 2420 concessione,
476 2379 550 2414 776.

152 2429 275 2462 LXVIII.
300 2428 468 2462 Damnatio
488 2435 710 2463 contractuum
731 2431 891 2464 societatis

237 2477 441 2511 securitatem
458 2478 602 2522 capitalis
622 2485 676 2512 aut,
697 2485 815 2512 certam
843 2491 890 2513 re—

235 2527 440 2570 sponsionem
460 2533 513 2560 aut
523 2527 614 2561 aliter
628 2529 804 2561 usurariam
818 2540 889 2572 pra-

236 2575 362 2608 vitatem
384 2575 631 2615 continentium,
655 2575 727 2609 783.

149 2624 248 2658 LXIX.
277 2623 446 2657 Concessio
470 2625 712 2668 pgivilegiorum
744 2626 888 2659 lieluaeis

229 2672 302 2702 [full.
320 2672 396 2702 [tom.
418 2673 472 2702 Vol.
498 2673 568 2703 VIII.
599 2715 602 2717 .
756 2674 810 2704 138

1025 731 1137 765 ficialis
1170 734 1384 768 confidentiae
1409 741 1439 768 ct
1469 737 1622 771 simoniae
1654 744 1684 771 et

1026 795 1098 818 cum
1123 785 1168 819 eis
1189 787 1423 821 connexitatem
1437 789 1636 831 habentium,
1650 791 1680 824 in

1025 838 1168 872 Romana
1187 839 1536 883 Curiamovendarum,
1556 850 1610 876 aut
1625 855 1682 888 per

1024 892 1270 936 appellationem
1284 904 1301 927 a
1322 895 1482 929 iudicibus
1495 902 1581 930 extra
1594 898 1682 930 curia

1025 945 1346 989 introducendartun,
1374 948 1448 982 794.

937 998 1051 1031 LXXII.
1082 998 1195 1032 Montis
1223 1000 1285 1032 Alti
1319 1001 1428 1044 oppidi
1462 1002 1494 1035 in
1519 1004 1681 1046 provini-ia

1023 1051 1179 1085 Marchiae
1198 1052 1232 1085 in
1253 1053 1409 1087 civitatem
1430 1054 1625 1095 sublimatiog
1647 1068 1680 1090 e·

1024 1104 1137 1148 iusque
1150 1106 1337 1149 collegiatae
1360 1107 1513 1142 ecclesiae
1530 1110 1561 1141 in
1576 1111 1680 1143 cathe-

1023 1158 1145 1191 dralem
1169 1163 1199 1191 et
1217 1160 1430 1203 episcopalem
1451 1162 1583 1202 erectio,
1603 1163 1676 1196 800.

936 1210 1063 1244 LXXIII.
1092 1211 1218 1245 Erectio
1253 1213 1414 1247 custodiae
1449 1215 1480 1248 S.
1521 1215 1677 1258 Gregorii,

1022 1263 1148 1297 Ordinis
1167 1264 1303 1298 fratrum
1324 1267 1482 1300 Minorum
1503 1268 1542 1301 de
1562 1267 1678 1303 Obser-

1021 1317 1124 1350 vantia
1134 1317 1403 1353 Discaleeatorum
1419 1326 1677 1365 nuncupatorum

1022 1370 1054 1402 in
1091 1370 1203 1405 insulis
1241 1372 1450 1417 Philippinis,
1485 1375 1519 1408 in
1551 1376 1677 1420 provin-

1024 1423 1115 1464 ciam,
1140 1424 1216 1458 802.

934 1476 1059 1510 LXXIV.
1087 1477 1118 1511 S.
1148 1478 1291 1512 Severini
1315 1481 1426 1524 oppidi
1458 1481 1490 1514 in
1515 1492 1574 1526 pro
1597 1483 1677 1516 incia

1020 1530 1128 1564 Piceni
1148 1531 1181 1565 in
1201 1532 1362 1566 civitatem
1384 1534 1580 1571 sublimatio,
1595 1537 1676 1569 cius-

1021 1594 1083 1626 que
1108 1584 1294 1629 collegiatae
1332 1587 1487 1621 ecclesiae
1512 1588 1544 1621 in
1569 1589 1676 1622 cathe-

1020 1637 1142 1671 dralem
1162 1643 1192 1671 et
1211 1639 1426 1683 episcopalem
1448 1642 1578 1682 erectio,
1598 1642 1673 1676 805.

933 1690 1044 1723 LXXV.
1071 1684 1187 1725 Divisio
1206 1692 1304 1736 Burgi
1328 1704 1346 1726 a
1365 1694 1496 1737 regione
1519 1695 1627 1728 Pontis
1646 1701 1677 1728 et

1019 1744 1268 1789 Transtyberim,
1284 1753 1315 1780 et
1334 1748 1453 1781 erectio
1473 1748 1560 1781 illius
1576 1749 1608 1782 in
1629 1761 1677 1783 re-

1019 1797 1146 1840 gionem
1167 1798 1294 1834 Castelli
1313 1800 1345 1835 S.
1367 1801 1479 1844 Angeli
1508 1812 1675 1846 nuncupa-

1021 1856 1098 1892 tam,
1116 1850 1191 1885 807.

932 1903 1057 1937 LXXVI.
1080 1899 1123 1938 De
1142 1904 1174 1938 S.
1195 1905 1232 1939 R.
1256 1906 1290 1939 E.
1318 1907 1530 1941 cardinalium
1562 1919 1674 1943 crean-

1019 1957 1132 1990 dorum
1153 1959 1359 2002 praestantia,
1377 1971 1526 2003 numero,
1548 1963 1672 2003 ordine,

1018 2015 1120 2044 aetate
1144 2016 1174 2045 et
1198 2013 1417 2055 qualitatibus,
1440 2015 1528 2048 etde
1545 2016 1675 2059 optione

1019 2073 1071 2096 sex
1090 2064 1324 2099 cathedralium
1349 2067 1557 2101 ecclesiarum
1592 2079 1674 2112 quae

1010 2117 1233 2152 ‚cardinalibus
1254 2120 1476 2162 conseruntur,
1504 2121 1579 2155 808.

1064 2171 1106 2204 De
1122 2177 1234 2205 ventre
1253 2173 1365 2206 matris
1381 2184 1472 2208 meae
1486 2179 1521 2207 tu
1546 2185 1579 2208 es
1592 2174 1675 2208 Deus

1017 2228 1178 2266 protector
1201 2235 1303 2266 meus,
1321 2226 1396 2261 815.

929 2275 1067 2309 LXXVII.
1103 2277 1263 2311 Tolentini
1301 2279 1412 2323 oppidi
1442 2280 1475 2313 in
1510 2281 1674 2325 provincia

1016 2329 1132 2364 Picena
1151 2331 1183 2364 in
1203 2331 1359 2366 civitatem
1375 2333 1570 2375 sublimatio,
1588 2334 1674 2368 eius-

1017 2393 1077 2425 que
1098 2384 1285 2428 collegiatae
1310 2385 1464 2419 ecclesiae
1489 2386 1520 2418 in
1549 2386 1674 2430 episco-

1016 2432 1120 2474 palem
1146 2433 1277 2472 erectio,
1305 2432 1380 2466 817.

930 2479 1081 2512 LXXVIII.
1104 2480 1299 2515 Reformatio
1331 2482 1416 2515 circa
1445 2482 1673 2518 immoderatos

1017 2534 1174 2572 sumptus,
1197 2530 1295 2574 quiin
1315 2531 1398 2564 alma
1409 2531 1493 2565 Urbe
1510 2532 1579 2566 fieri
1595 2544 1672 2566 con-

1016 2585 1200 2618 sueverunt,
1223 2579 1308 2613 circa
1328 2586 1440 2622 vestes,
1457 2581 1560 2622 dotes,
1581 2592 1673 2615 orna-

1017 2631 1132 2667 menta,
1158 2627 1344 2662 indumenta
1363 2633 1394 2663 et
1414 2629 1568 2671 convivia,
1593 2630 1668 2665 819.
