2059 3228
98 207 106 229 ’.
117 197 186 229 ¹⁸72

793 199 969 222 GREGORWS
991 198 1046 221 xm
1066 198 1112 221 FP.

200 253 404 299 prioratuum
423 252 531 295 aliqua
550 251 711 296 simplicia
730 251 887 284 beneficia
898 262 949 285 ec-

198 306 387 346 clesiastica,
402 306 440 338 ad
453 316 566 338 eorum
577 305 780 338 collationem
789 310 841 337 aut
853 304 946 337 aliam

198 359 440 404 dispositionem
462 358 651 402 spectantia,
666 367 804 402 quorum
823 368 947 390 annuus

195 414 285 448 valor
294 413 411 446 dictam
425 423 583 446 summam
596 412 683 445 millo
691 417 857 444 scutorum
873 411 947 443 insi-

197 467 264 501 mul
288 466 474 504 constituat,
501 466 588 498 dieto
609 465 756 508 collegio,
788 475 846 508 pro
867 475 945 507 pen-

196 519 295 555 sionis
319 519 501 552 buiusmodi
529 517 733 557 extinctione,
764 517 849 549 uniri
874 516 947 560 pro-

195 573 390 613 curaverint,
413 582 472 615 pro
497 578 565 605 rata
581 571 766 604 facultatum
778 570 944 612 cuiusque,

195 631 228 660 et
244 626 330 659 iuxta
351 625 556 670 partitionem
592 635 650 668 per
674 624 778 667 ipsum
795 623 944 656 Carolum

195 679 392 713 cardinalem
415 689 451 712 ae
471 677 670 711 venerabiles
690 677 803 709 fratres
819 681 945 709 nostros

194 732 426 766 virdunensem
447 738 477 765 et
504 731 685 764 Tullensem
707 730 874 773 episcopos
899 730 944 762 sa-

195 786 354 827 ciendam,
387 784 642 830 persolvendam,
669 794 844 823 reservare,
866 794 944 816 con-

194 840 328 873 stituere
347 846 380 873 et
397 840 569 881 assignare,
594 849 630 870 ac
654 837 687 870 in
719 837 805 870 dicto
825 837 944 880 oppido

193 893 438 926 Universitatem
463 891 565 924 Studii
585 891 744 934 generalis
770 891 894 933 erigere
915 895 946 923 et

194 946 372 986 instituere,
399 946 541 988 aliasque
562 945 594 977 in
621 944 804 988 praemissis
823 954 944 987 oppor-

196 1005 272 1033 tune
291 999 461 1043 providere
480 1005 510 1031 et
531 1004 670 1031 statuere
691 998 730 1030 de
746 997 944 1041 benignitate

194 1052 371 1097 apostolica
386 1052 607 1095 dignaremur.

238 1107 255 1150 ἓ
277 1105 309 1140 3.
337 1106 399 1139 Nos
429 1106 539 1149 igitur,
562 1104 759 1148 quidudum
780 1104 864 1137 inter
883 1104 945 1136 alia

193 1159 355 1193 voluimus
365 1160 452 1203 quod
468 1165 613 1203 petentes
625 1158 782 1191 beneficia
793 1157 944 1191 ecclesia-

173 1212 273 1246 ’stica
292 1212 363 1246 aliis
382 1211 468 1245 uniri
485 1217 674 1245 tenerentur
695 1211 875 1254 exprimere
891 1221 943 1243 ve-

168 1269 180 1275 “
194 1277 266 1300 rum
280 1276 424 1299 annuum
437 1266 592 1305 valorem,
615 1265 792 1298 secundum
811 1264 943 1297 extima-

193 1319 315 1353 tionem
334 1318 554 1363 praedictam,
582 1318 678 1351 etiam
712 1317 862 1350 beneficii
893 1317 943 1350 cui

193 1373 281 1407 aliud
299 1372 386 1406 uniri
404 1377 581 1416 peteretur,
614 1370 759 1414 alioquin
784 1371 861 1403 unio
879 1381 944 1404 non

193 1427 324 1467 valeret,
346 1432 378 1459 et
397 1436 526 1470 semper
545 1425 577 1458 in
598 1424 773 1458 unionibus
794 1425 944 1457 commis-

193 1479 240 1513 sio
260 1479 353 1513 fieret
369 1479 407 1512 ad
427 1478 677 1523 partes‚vocatis
688 1488 828 1522 quorum
846 1477 944 1511 inter-

194 1539 288 1575 esset;
324 1532 444 1576 quique
474 1532 569 1564 hodie
598 1531 801 1575 praedictum
830 1541 943 1564 mona-

193 1586 329 1620 sterium
346 1585 378 1619 S.
398 1585 561 1628 Gorgonii,
576 1595 612 1618 ex
625 1584 943 1628 certistuncexpres-

193 1639 236 1672 sis
255 1638 374 1679 causis,
392 1638 601 1682 regularitate
622 1637 776 1681 omnique
801 1643 884 1670 statu
913 1643 944 1670 et

194 1692 395 1726 observantia
419 1692 558 1735 regulari
576 1691 610 1724 in
634 1702 672 1725 eo
685 1692 813 1735 penitus
834 1697 862 1724 et
876 1702 944 1725 om-

194 1745 272 1779 nino
303 1745 494 1789 suppressis,
530 1745 569 1778 ad
604 1744 861 1778 saecularitatem
885 1756 944 1788 per

193 1798 271 1832 alias
286 1804 411 1832 nostras
430 1799 552 1831 litteras
568 1798 767 1837 reduximus,
790 1805 887 1841 prout
911 1799 943 1831 in

194 1852 258 1885 illis
281 1852 411 1896 plenius
431 1852 624 1891 continetur,
637 1851 837 1884 attendentes
856 1852 942 1895 quod

195 1916 232 1940 ox
245 1905 426 1939 litterarum
446 1905 551 1938 studio
559 1905 740 1938 animarum
761 1905 854 1937 saluti
865 1916 943 1938 con-

195 1958 324 1999 sulitur,
350 1969 386 1991 ac
406 1959 468 1991 alia
495 1958 674 2002 spiritualia
702 1963 734 1990 et
755 1958 944 2001 temporalia

195 2013 281 2046 bona
300 2012 422 2045 mundo
442 2012 659 2056 proveniunt„
675 2012 764 2055 pium
786 2017 816 2044 et
836 2012 945 2044 lauda-

1627 187 1685 223 5⁶21

988 249 1196 283 necnondicti
1208 251 1390 284 monasterii
1401 250 1636 295 suppressionis
1645 257 1734 284 teno-

989 314 1055 336 rem
1073 304 1292 347 praesentibus
1319 316 1376 347 pro
1401 315 1550 348 expresso
1570 305 1734 345 habentes,

988 357 1175 390 huiusmodi
1196 358 1736 402 supplicationibusinclinati,apo-

988 409 1099 443 stoliea
1128 412 1327 451 auctoritate,
1360 417 1469 445 tenore
1498 412 1732 456 praesentium,

987 468 1145 506 perpetuo
1160 464 1399 508 praeceptoriac
1409 471 1439 498 et
1449 465 1613 509 hospitalis
1625 466 1735 498 huius-

987 515 1073 548 modi
1105 516 1236 549 domum
1257 523 1287 549 ct
1313 517 1441 550 illorum
1468 518 1637 560 ambitum,
1670 530 1735 553 una

987 579 1059 601 cum
1080 569 1186 609 horto,
1212 569 1380 603 hortalitiis
1400 571 1533 614 aliisque
1555 572 1650 605 rebus
1671 572 1733 606 cir-

987 621 1148 654 cumcirca
1168 622 1401 663 adiacentibus,
1422 624 1460 656 ad
1478 625 1733 668 praeceptorium

986 680 1015 708 et
1036 675 1195 719 hospitale
1215 676 1400 709 buiusuuuli
1422 678 1563 718 legitime
1584 685 1732 722 spectan-

986 729 1071 761 tibus
1101 735 1132 762 et
1148 729 1394 772 pe1·tin‹;›ntibus,
1418 731 1591 765 dun'nuodo
1612 733 1650 766 ad
1671 734 1732 767 1100

985 782 1092 816 dilecti
1113 782 1169 815 filii
1199 784 1343 816 moderni
1372 784 1470 827 ipsius
1501 786 1614 819 domus
1642 798 1733 830 prae-

986 835 1126 879 ceptoris
1151 837 1279 868 accedat
1300 838 1733 883 assensus,abeisdemprae-

986 889 1128 932 ceptoria
1145 895 1173 921 01
1193 890 1341 933 hospitali
1360 891 1555 934 illorumque
1571 892 1689 927 Ordine
1701 900 1733 927 et

985 943 1223 986 superioritate,
1237 954 1273 975 ex
1295 945 1487 977 momtsterio
1509 956 1582 979 vcro
1602 947 1632 980 S.
1656 947 1734 980 Gor-

984 995 1069 1039 gonii
1109 1006 1164 1029 seu
1208 996 1294 1028 illius
1324 1008 1432 1030 mensa
1471 1000 1672 1033 conventuali
1703 1006 1735 1034 et

984 1049 1071 1082 illius
1117 1049 1228 1082 officiis
1279 1051 1480 1092 regttlsu·il‚›us
1524 1058 1553 1084 et
1594 1053 1633 1085 ab
1676 1054 1734 1087 illo

985 1102 1242 1146 dependentibus
1280 1109 1308 1135 ct
1353 1104 1398 1136 illi
1439 1104 1536 1138 unitis
1582 1106 1733 1150 priorati-

984 1155 1044 1188 bus
1064 1156 1224 1199 praet'atis,
1247 1156 1332 1189 mille
1345 1164 1372 1190 ct
1395 1158 1645 1200 quingentorum
1659 1171 1732 1193 scu-

983 1214 1091 1242 torum
1122 1210 1361 1253 praedictorum
1392 1222 1534 1244 annuum
1571 1213 1732 1246 redditum

984 1262 1253 1296 dismembramus
1278 1270 1306 1296 ct
1331 1275 1529 1307 separamus,
1552 1265 1671 1308 illaque
1688 1267 1736 1305 sie

984 1315 1214 1349 dismembrata
1247 1323 1273 1349 et
1306 1323 1452 1360 sit-parata
1484 1317 1569 1351 dicto
1598 1320 1733 1362 collegio

984 1369 1151 1402 Societatis
1168 1370 1249 1411 Icsu,
1273 1370 1310 1402 ad
1332 1371 1483 1403 0110010111
1506 1377 1538 1403 ut
1556 1372 1733 1416 presbyteri

983 1422 1149 1455 Societatis
1182 1423 1368 1457 huiusmodi
1396 1424 1473 1456 inibi
1509 1435 1609 1457 unum
1636 1426 1734 1458 colle-

984 1476 1084 1519 gium,
1107 1475 1194 1509 iuxta
1209 1487 1322 1509 eorum
1333 1477 1581 1510 consuetudines
1599 1484 1629 1511 et
1649 1478 1735 1511 insti-

983 1534 1063 1569 tuta,
1089 1540 1125 1562 ac
1146 1540 1219 1563 cum
1250 1530 1401 1563 omnibus
1425 1535 1455 1563 et
1474 1530 1607 1573 singuli<
1634 1532 1736 1564 solitis

983 1583 1161 1626 privilegiis
1188 1584 1327 1626 erigere,
1357 1584 1501 1627 itlmlque
1531 1596 1589 1628 per
1613 1586 1734 1628 seipsos

984 1647 1097 1679 regere
1117 1642 1147 1669 et
1171 1638 1351 1679 gubernare
1371 1648 1407 1669 ae
1426 1637 1555 1670 visitare
1575 1643 1606 1670 et
1631 1638 1733 1671 cerri-

982 1700 1058 1733 gere
1082 1690 1203 1735 possint
1219 1696 1250 1723 et
1268 1691 1408 1729 valean13
1432 1702 1467 1723 ac
1488 1690 1618 1724 Carolus
1627 1692 1732 1724 cardi-

984 1743 1064 1775 nalis
1081 1749 1111 1776 et
1135 1743 1268 1785 legatus,
1299 1754 1426 1776 necnon
1445 1743 1577 1776 Carolus
1596 1744 1657 1776 dux
1687 1746 1733 1777 lo·-

985 1807 1058 1829 cum
1079 1802 1107 1829 et
1128 1797 1358 1830 habitationem
1373 1797 1521 1830 idoneam
1542 1804 1573 1830 et
1590 1808 1732 1831 commo-

983 1850 1057 1883 dam
1073 1856 1252 1893 praestare,
1272 1850 1503 1894 supellectilem
1523 1862 1650 1894 quoque
1678 1862 1733 1883 ne-

985 1904 1154 1937 cessariam
1177 1911 1205 1937 ct
1235 1904 1360 1936 solitam
1382 1905 1555 1937 secundum
1583 1905 1735 1947 collegio-

986 1968 1056 1989 rum
1078 1968 1171 1989 usum
1193 1958 1350 1990 instruere
1372 1963 1550 1997 teneantur,
1572 1968 1630 2001 pro
1647 1958 1732 1991 illius

985 2010 1111 2052 collegii
1120 2011 1335 2047 dotemecnon
1348 2021 1556 2053 personarum
1568 2011 1667 2055 ipsius
1676 2012 1734 2044 So-

196 2065 260 2098 bile
279 2065 384 2099 Caroli
405 2065 576 2099 cardinalis
591 2065 685 2107 legati
716 2071 745 2097 ct
765 2064 868 2097 Caroli
887 2059 966 2113 ‘¹¹¹'i
986 2063 1120 2102 cietatis,
1133 2075 1202 2106 quar
1216 2063 1562 2104 humanioreslitteras,
1575 2075 1733 2107 gramma-

197 2118 242 2150 cis
266 2118 506 2162 praedictorum
527 2119 694 2151 decretum
716 2118 891 2160 plurimum
913 2117 966 2167 1οὶ

198 2171 332 2204 Domino
352 2171 628 2211 commendantes3
650 2171 820 2214 ipsumque
848 2170 946 2204 Caro-

198 2224 266 2257 lum
289 2223 406 2257 ducem
426 2235 445 2257 a
459 2224 624 2268 quibusvis
638 2223 946 2257 excommunicatio-

198 2276 260 2317 nis,
277 2277 498 2320 suspensionis
513 2283 544 2310 et
567 2277 727 2310 interdicti
749 2277 883 2319 aliisque
897 2287 947 2310 ec-

199 2329 384 2363 clesiasticis
399 2330 576 2369 sententiis,
598 2330 741 2362 censuris
760 2340 796 2362 00
822 2329 944 2373 poenis,

199 2389 217 2414 a
249 2378 319 2412 iure
338 2379 388 2411 vel
411 2379 451 2411 ab
476 2378 618 2417 homine,
641 2378 750 2421 quavis
778 2378 946 2411 occasione

200 2428 247 2460 vel
268 2438 376 2467 eausa,
394 2427 478 2465 latis,
504 2427 529 2459 si
557 2427 679 2469 quibus
703 2426 947 2469 quomodolibet

201 2475 372 2510 innodatus
401 2475 516 2511 existit.
547 2475 585 2507 ad
614 2476 762 2507 effectum
796 2486 947 2517 praesen-

202 2524 280 2556 tium
289 2524 450 2557 dumtaxat
458 2524 732 2565 consequcndmu,
743 2523 856 2555 barum
867 2525 947 2556 serie

202 2573 401 2606 absolventes
425 2577 455 2605 et
478 2572 659 2604 absolutum
677 2573 743 2604 sore
765 2579 945 2612 cenwines,

280 2621 354 2651 Ball.
380 2621 455 2651 Rern.
481 2621 533 2649 101Α
560 2620 629 2649 ΗΙΙ.
791 2621 827 2649 oo

986 2116 1080 2149 ticam
1097 2123 1127 2149 et
1140 2116 1377 2159 philosophiam
1393 2127 1428 2148 ac
1445 2117 1639 2160 theologiam
1655 2118 1732 2151 edo-
1765 2124 1770 2130 '

986 2169 1114 2208 cebunt‚
1125 2169 1390 2206 substentatione,
1400 2170 1618 2211 concedimus,
1632 2172 1734 2214 appli-

987 2234 1096 2255 camus
1117 2229 1142 2253 <³¹
1167 2223 1425 2266 appropriamus.
1448 2224 1625 2263 Praeterea,
1648 2225 1734 2258 utdi-

988 2282 1074 2309 ctum
1096 2276 1267 2318 collegium
1284 2277 1422 2309 maiores
1443 2277 1474 2308 in
1495 2277 1587 2310 vinea
1607 2278 1734 2310 Domini

989 2330 1128 2372 proterat
1140 2330 1271 2368 tructus,
1291 2340 1354 2371 quo
1371 2330 1547 2362 maioribus
1561 2330 1656 2363 fuerit
1672 2331 1735 2363 sus-

988 2378 1103 2410 sultum
1132 2378 1312 2420 praesidiis,
1345 2378 1449 2410 eidem
1490 2379 1626 2421 collegio
1654 2390 1734 2422 pen-

988 2427 1110 2459 sionem
1144 2437 1286 2458 annuarn
1315 2426 1463 2468 liberam,
1497 2428 1675 2462 immunem
1706 2435 1736 2462 et

989 2482 1168 2518 exemptam
1194 2476 1280 2508 mille
1301 2482 1330 2509 et
1356 2477 1608 2519 quingentorum
1628 2483 1735 2512 scuto-

989 2535 1059 2556 rum
1081 2524 1248 2563 similium,
1267 2525 1516 2568 quingentorum
1528 2527 1737 2560 videlicetsu-

966 2574 969 2616 Ῑ
990 2583 1046 2615 por
1070 2573 1172 2605 dictae
1203 2584 1329 2606 mensae
1350 2575 1539 2618 episcopatis
1567 2577 1734 2617 Metcnsis,

1751 194 1803 223 An.
1820 193 1849 222 C.
1867 193 1935 223 ¹572
