2059 3228
115 303 162 328 An.
178 300 206 326 C.
230 301 295 328 1572>
359 292 396 325 {2

110 361 177 382 hausi
205 363 293 384 niseum
309 351 382 385 Pius
401 351 485 395 Papa
500 351 540 391 V,
562 349 789 393 praedecessor
808 353 928 390 noster,
953 354 987 381 ut.
1012 354 1055 381 ta-

109 394 292 446 'Jclasf'ii‘fuii‘f‘i
307 405 385 438 lium
407 402 665 436 distractionibus
690 412 819 435 omnem
838 401 932 441 viani,
955 412 1054 444 quan-

306 464 373 491 tum
389 458 420 490 in
441 458 509 501 ipso
530 461 608 497 erat,
631 456 663 489 in
687 461 879 500 perpetuum
905 456 1053 499 praeclu-

305 511 403 551 deret,
423 511 542 543 litteras
562 509 660 542 edidit
687 509 719 542 in
744 510 823 543 hacc
842 509 953 542 verba:
981 508 1054 541 Pius

305 565 475 608 episeopus
509 573 619 596 servus
639 573 803 596 servorum
824 562 891 603 Dei,
921 562 959 595 ad
980 572 1053 605 per-

304 623 433 661 petuam
467 617 514 651 rei
552 616 753 651 memoriam.
795 616 954 649 Admonet
996 626 1053 648 nos

304 666 445 710 suscepti
465 666 493 699 1.

346 728 360 771 ξ
378 730 407 761 ⁶2.
425 727 505 762 Cum
526 734 634 763 autem
646 740 691 763 ete
712 729 835 762 litterae
856 728 894 760 ad
911 727 1052 760 retinen-

133 787 170 808 ni.-
192 787 287 824 Poq¹ifex
303 781 375 814 dam
405 782 496 815 Sedis
520 783 720 827 Apostolicae
749 782 935 824 (lignitatem
963 781 1052 814 valde

108 822 168 870 inisti?
179 821 288 871 {iiiii-²
303 834 494 877 pertineant,
509 836 602 869 nobis
613 836 692 869 niliil
704 835 876 879 optabilius
893 834 960 875 suit,
977 846 1050 867 cum

108 883 192 903 ‘¹⁰⁰⁰m'
302 887 443 931 primum
463 889 502 922 ad
523 889 641 922 summi
657 889 853 933 apostolatus
868 888 990 931 apicem
1003 887 1050 920 di-

300 941 372 974 vina
390 952 450 975 nos
469 942 638 975 clementia
649 943 797 983 evocavit,
814 952 910 985 quam
927 947 961 974 ut
976 940 1051 984 ipsis

300 995 406 1039 primo
426 1005 556 1039 quoque
578 1001 722 1039 tempore
747 994 962 1039 praesentium
992 1005 1050 1028 no-

300 1053 440 1082 strarum
474 1049 575 1083 robur
603 1049 862 1093 adiungeremus.
894 1048 1051 1088 Quocirca

299 1102 481 1145 praedictas
496 1103 616 1136 litteras
627 1107 656 1136 et
668 1103 775 1136 omnia
787 1102 818 1135 in
830 1103 875 1136 eis
887 1107 1046 1143 contenta,

299 1156 488 1190 auctoritate
496 1156 683 1200 apostolica,
696 1162 806 1190 tenore
818 1156 1047 1200 praesentium,

300 1210 550 1253 comprobamus
580 1210 810 1243 confirmamus
843 1215 872 1243 et
897 1210 1050 1243 innnova-

300 1273 384 1304 mus,
398 1264 610 1307 volumusque
632 1274 684 1297 eas
706 1268 861 1307 perpetuo
873 1264 1045 1297 observari.

343 1316 358 1360 ἓ
378 1316 409 1350 3.
431 1317 516 1350 Nulli
532 1328 607 1361 ergo
620 1316 750 1350 omnino
766 1317 934 1350 hominum
956 1317 1050 1351 liceat

104 1403 108 1409 Ι
131 1379 216 1412 sanatio
237 1369 384 1406 poe-hanc
411 1370 559 1415 paginam
596 1377 723 1405 nostrae
756 1371 1047 1414 comprobationis,

105 1408 168 1429 'nm'
300 1423 566 1465 confirmationis,
588 1424 799 1457 innovationis
823 1430 853 1457 et
879 1425 1049 1457 voluntatis

299 1477 485 1522 infringere,
496 1477 581 1511 velei
593 1489 673 1511 ausu
689 1478 858 1511 temerario
875 1478 1045 1512 contraire.

300 1530 332 1564 Si
352 1531 424 1575 quis
442 1537 549 1565 autem
569 1531 631 1565 hoc
651 1536 803 1565 attentare
825 1542 1048 1575 praesumpse-

299 1584 352 1625 rit,
365 1584 616 1628 indignationem
627 1585 854 1630 omnipotentis
864 1586 917 1618 Dei
928 1597 964 1619 ac
976 1587 1048 1619 bea-

301 1644 407 1671 torum
422 1638 506 1672 Petri
526 1644 557 1671 et
576 1639 665 1671 Pauli
684 1640 902 1683 apostolorum
929 1639 997 1672 eius
1016 1650 1048 1673 se

300 1691 424 1726 noverit
437 1691 658 1725 incursurum.

343 1745 457 1779 Datum
478 1746 597 1780 Romae
618 1746 703 1790 apud
734 1746 764 1780 S.
792 1747 933 1788 Petrum,
964 1758 1048 1781 anno

299 1799 531 1833 Incarnationis
549 1799 729 1833 dominicae
761 1800 930 1834 millesimo
957 1802 1049 1845 quin-

299 1852 477 1895 gentesimo
503 1853 738 1896 septuagesimo
772 1854 932 1895 secundo,
963 1860 1048 1888 sexto

300 1905 454 1939 kalendas
473 1905 551 1941 iunii
566 1904 592 1946 2,
605 1906 810 1950 pontificatus
820 1907 918 1939 nostri
929 1918 1013 1945 anno
1025 1918 1045 1941 1.

356 1962 421 1994 Dat.
445 1963 492 1994 die
510 1962 546 1993 27
566 1963 636 1993 maii
654 1964 859 2004 157-2‚p011us.
878 1974 955 1995 anno
973 1974 993 1995 1.

600 2047 727 2061 μ--ῆ

639 2123 686 2157 VI.

304 2211 425 2246 Contra
444 2213 689 2257 famiqeratores
701 2218 904 2257 nuncupatos
915 2225 1048 2251 menan-

346 2272 404 2306 tes,
426 2277 594 2310 eortmzque
605 2267 727 2311 scripta
741 2268 940 2309 recipit-uta„
954 2277 981 2301 ec
999 2271 1050 2312 su-

346 2328 448 2351 mosos
467 2319 585 2353 libellos
603 2320 774 2353 scribentes
794 2324 821 2353 et
841 2322 1004 2355 mittentes
1020 2322 1046 2355 3.

349 2400 493 2435 Gregorius
515 2400 656 2437 episcopus
677 2408 771 2431 servus
789 2408 928 2431 servorum
949 2403 1005 2438 Dei,

449 2450 482 2478 ad
497 2452 655 2486 perpetuam
678 2452 720 2480 rei
737 2452 905 2481 memoriam.

349 2519 393 2553 Ea
405 2526 452 2554 est
465 2531 575 2554 rerum
590 2521 807 2556 humanarum
818 2522 998 2562 infelicitas,
1018 2530 1051 2558 ut

341 2597 353 2623 i
375 2595 513 2624 Omittitur
530 2601 614 2630 tenor,
627 2599 687 2633 quia
703 2599 783 2627 habes
799 2600 824 2627 in
842 2600 877 2627 Pii
899 2600 921 2629 V
943 2601 1048 2628 constit.

306 2643 362 2673 mii,
373 2641 417 2668 cit.
439 2641 463 2668 iu
473 2645 531 2669 nota
542 2642 576 2669 ad
590 2642 662 2670 rubr.
700 2645 717 2670 2
727 2644 842 2672 Cherub.
855 2644 917 2680 legi:
933 2649 1049 2677 (tityus-ti,

900 296 1077 322 ntu.t.Anutttt
1101 292 1248 319 nottttNtut

1156 261 1185 286 0

1866 292 1915 320 Αη.
1928 292 1958 318 C.
1980 290 2044 321 um

1096 356 1160 379 non
1180 350 1285 378 vetera
1309 346 1433 376 tantum
1460 342 1534 375 vitia
1561 341 1766 386 pertinaciter
1788 341 1847 376 ad·
1888 356 2020 378 rrooemium.

1094 409 1203 431 versus
1232 406 1361 430 omnem
1395 395 1648 438 legumlatorum
1685 394 1848 429 solertiam

1095 453 1270 491 luctentur,
1293 455 1324 482 et
1343 449 1488 493 quamvis
1512 448 1641 483 acribus
1664 459 1849 492 compressa

1095 503 1261 548 suppliciis
1281 508 1503 544 renascantur,
1525 502 1580 536 sed
1599 513 1680 536 nova
1699 501 1794 536 etiam
1814 502 1848 536 in

1094 557 1161 590 dies
1181 562 1211 590 et
1236 556 1459 600 superioribus
1483 556 1619 590 saeculis
1636 557 1750 600 ,ignota
1773 566 1846 590 suc-

1095 617 1250 643 crescant.
1273 609 1342 649 Quo
1360 620 1430 651 nos,
1446 620 1504 654 pro
1527 609 1671 644 iniuncto
1692 609 1785 644 nobis
1799 609 1847 643 di-

1093 663 1210 696 vinitus
1235 674 1393 704 munere,
1424 663 1607 707 diligentius
1635 663 1754 704 adiuti,
1787 673 1846 707 par

1094 722 1140 750 est
1160 721 1194 748 ut
1214 720 1244 749 et
1264 716 1318 750 illa
1334 727 1551 757 coerceamus,
1572 716 1744 757 ethorum,
1761 725 1845 760 quae

1093 781 1125 803 se
1146 780 1233 803 nunc
1253 770 1393 814 primum
1423 770 1574 811 offerunt,
1609 776 1781 814 antequam
1811 779 1845 803 se
2040 772 2047 809 i

1094 825 1317 865 corroborent,
1339 825 1462 859 radices
1482 825 1579 870 ipsas,
1601 825 1626 858 si
1646 825 1843 868 quaratione
2042 817 2046 831 ²

1092 888 1276 922 possumus,
1298 885 1513 923 amputemus.

1135 932 1200 975 §L
1228 932 1307 966 Cum
1332 933 1430 977 igitur
1461 933 1548 966 haud
1577 932 1621 966 ita
1653 931 1778 976 pridem
1808 931 1841 964 in

1092 985 1175 1019 Urbe
1192 991 1300 1020 nostra
1319 993 1404 1020 secta
1424 986 1582 1031 quaedam
1603 985 1771 1020 emerserit
1785 985 1842 1019 ho-

1092 1038 1217 1072 minum
1241 1039 1388 1083 improbe
1413 1040 1631 1080 curiosorum,
1661 1038 1717 1082 qui
1747 1049 1842 1082 quos-

1092 1102 1231 1135 cumque
1252 1092 1291 1126 de
1310 1092 1450 1136 publicis
1477 1092 1673 1137 privatisque
1699 1091 1842 1135 negociis

1091 1146 1137 1178 vel
1157 1145 1286 1179 aliunde
1306 1146 1417 1179 rimari
1438 1151 1583 1190 possunt,
1604 1146 1653 1179 vel
1665 1146 1729 1190 ipsi
1745 1145 1841 1179 etiam

1090 1210 1149 1243 pro
1178 1210 1234 1233 sua
1258 1200 1391 1234 libidine
1422 1199 1724 1240 comminiscuntur,
1753 1199 1841 1233 domi

1090 1254 1231 1297 forisque
1250 1253 1343 1296 facta,
1367 1255 1494 1295 infecta,
1513 1265 1599 1296 vera,
1630 1254 1719 1295 falsa,
1750 1253 1841 1287 nullo

1090 1307 1273 1341 discrimine
1293 1313 1490 1352 proponunt,
1515 1308 1678 1352 recipiunt
1708 1312 1739 1340 et
1763 1307 1842 1341 scri-

1090 1361 1217 1404 ptitant,
1239 1361 1281 1395 ita
1301 1367 1336 1395 ut
1354 1362 1451 1395 huius
1475 1362 1522 1396 rei
1542 1362 1605 1395 iam
1626 1366 1728 1394 artem
1747 1359 1840 1405 quasi

1090 1415 1261 1458 quamdam
1273 1416 1485 1457 instituerint3
1500 1426 1536 1448 ac
1553 1415 1701 1459 plerique
1714 1423 1839 1455 eorum,

1090 1468 1185 1501 etiam
1205 1470 1258 1502 vili
1279 1469 1466 1503 mercedula
1477 1468 1642 1509 conducti,
1659 1469 1774 1502 harum
1790 1478 1841 1501 re-

1089 1533 1161 1555 rum
1176 1523 1470 1564 commentariolos,
1492 1533 1529 1555 ex
1544 1522 1631 1556 salsis
1644 1522 1840 1566 plerumque

1088 1576 1173 1620 vulgi
1191 1577 1386 1617 rumoribus,
1396 1577 1426 1610 in
1432 1582 1518 1610 certo
1529 1581 1662 1609 auctore
1672 1576 1837 1617 collectos,

1089 1629 1153 1663 huc
1172 1630 1249 1664 illuc
1265 1631 1433 1671 missitent,
1459 1635 1515 1664 aut
1534 1630 1648 1671 etiam,
1673 1635 1838 1674 tamquam

1090 1683 1231 1726 primum
1252 1694 1288 1716 ex
1308 1684 1392 1718 Urbe
1412 1684 1452 1717 ad
1476 1684 1599 1717 diversa
1618 1684 1690 1717 loca
1709 1683 1836 1724 missos,

1090 1737 1204 1770 deinde
1224 1737 1336 1771 iisdem
1357 1748 1394 1770 ex
1408 1738 1486 1771 locis
1506 1738 1539 1770 in
1554 1737 1673 1771 Urbem
1687 1736 1838 1770 remissos
1874 1767 1881 1773 ,

1090 1790 1317 1824 circumferant
1345 1802 1382 1825 ac
1412 1791 1596 1832 venditent,
1629 1790 1747 1835 quibus
1771 1800 1837 1823 non

1090 1849 1212 1877 tantum
1237 1845 1275 1878 de
1303 1845 1483 1888 praeteritis
1508 1845 1666 1877 arbitratu
1696 1854 1754 1877 suo
1777 1853 1838 1877 nu-

1089 1903 1216 1941 gantur,
1243 1899 1295 1931 sed
1317 1899 1412 1931 etiam
1428 1897 1506 1942 quid
1525 1909 1563 1931 ex
1577 1898 1638 1931 hac
1657 1902 1714 1930 aut
1733 1896 1788 1930 illa
1803 1907 1838 1930 re

1090 1956 1277 1985 eventurum
1297 1952 1349 1992 sit,
1371 1952 1484 1985 stolide
1507 1952 1734 1985 vaticinantur.

1133 2005 1191 2050 §2
1204 2005 1278 2047 Nos,
1291 2005 1347 2048 qui
1364 2010 1394 2039 et
1411 2006 1503 2038 facile
1516 2004 1734 2049 prospicimus
1746 2009 1778 2038 et
1789 2013 1839 2038 re-
1853 2037 1865 2058 h
1883 2038 1887 2043 ,
1918 2005 2035 2060 Preti-innuo

1090 2069 1161 2092 rum
1172 2058 1398 2103 experimentis
1409 2059 1513 2092 edocti
1526 2069 1639 2092 sumus
1654 2068 1727 2102 quae
1738 2068 1840 2102 quan·
1852 2044 2034 2092 nissuitiissc'i'i'sf'*

1092 2121 1186 2157 taque
1203 2113 1287 2146 mala
1301 2124 1338 2146 ex
1353 2123 1391 2146 eo
1412 2113 1612 2157 proveniant,
1635 2123 1710 2146 cum
1725 2117 1756 2146 et
1772 2122 1840 2146 sae-

1091 2168 1163 2212 pius
1182 2174 1376 2211 sparguntur
1387 2167 1464 2200 falsa
1473 2177 1530 2211 pro
1543 2167 1636 2208 veris,
1648 2178 1706 2201 seu
1717 2166 1839 2214 directe

1091 2231 1147 2255 seu
1159 2221 1302 2264 oblique,
1317 2231 1354 2254 ac
1364 2220 1505 2264 quodam
1514 2220 1604 2264 quasi
1614 2221 1723 2254 colore
1738 2230 1838 2264 quae-

1091 2275 1162 2315 sito,
1179 2273 1354 2307 multorum
1380 2273 1570 2308 existimatio
1586 2279 1618 2307 et
1636 2274 1721 2307 sama
1739 2274 1838 2307 viola-

1092 2334 1154 2370 tur,
1176 2329 1226 2362 his
1245 2339 1282 2361 ac
1302 2328 1418 2361 talibus
1435 2328 1650 2363 incommodis
1665 2338 1839 2362 occurrere

1091 2382 1269 2427 cupientes,
1286 2381 1384 2416 huius
1398 2382 1635 2416 constitutionis
1649 2382 1840 2416 auctoritate

1091 2436 1302 2481 prohibemus
1334 2446 1375 2469 ne
1405 2436 1478 2479 quis
1508 2436 1541 2468 in
1568 2441 1735 2480 posterum
1761 2436 1840 2469 tales

1092 2484 1340 2519 commentarios
1368 2484 1528 2517 conficere
1545 2511 1552 2525 ,
1590 2494 1668 2517 neve
1704 2484 1743 2517 ab
1770 2484 1840 2518 aliis

1092 2535 1255 2568 confectos
1277 2533 1433 2577 recipere,
1467 2533 1660 2573 describere,
1689 2544 1840 2578 spargere

1092 2591 1145 2618 aut
1165 2584 1204 2618 ad
1229 2583 1307 2617 alios
1331 2582 1456 2616 mittere
1479 2583 1607 2616 audeat.
1637 2581 1695 2621 Qui
1722 2583 1841 2616 horum

1092 2633 1168 2678 quid
1193 2633 1311 2672 fecerit,
1332 2633 1401 2676 ipso
1418 2632 1500 2666 sacto
1520 2636 1676 2677 perpetua
1701 2631 1840 2675 ignomi-

1897 917 2050 967 famigerae-‘¹

1858 973 1902 989 runi
1916 967 1978 988 mala.

306 2685 323 2712 3
338 2686 470 2716 Consonat
483 2691 565 2715 const.
579 2695 680 2717 ccxviii
694 2689 731 2717 Pii
747 2690 779 2724 V,
796 2693 814 2717 t.
844 2698 893 2724 vn,
911 2698 970 2726 pag.
988 2690 1040 2718 θῦε)
1069 2695 1074 2714 t
1092 2683 1163 2717 niae
1184 2686 1258 2717 nota
1282 2681 1424 2723 affectus,
1449 2682 1518 2715 sine
1541 2681 1607 2715 ulla
1632 2691 1688 2724 spe
1707 2680 1838 2720 veniae,
