<?xml version="1.0" encoding="UTF-8"?>
<!DOCTYPE html PUBLIC "-//W3C//DTD XHTML 1.0 Transitional//EN"
    "http://www.w3.org/TR/xhtml1/DTD/xhtml1-transitional.dtd">
<html xmlns="http://www.w3.org/1999/xhtml" xml:lang="en" lang="en">
 <head>
  <title>
</title>
<meta http-equiv="Content-Type" content="text/html;charset=utf-8" />
  <meta name='ocr-system' content='tesseract 3.04.00' />
  <meta name='ocr-capabilities' content='ocr_page ocr_carea ocr_par ocr_line ocrx_word'/>
</head>
<body>
  <div class='ocr_page' id='page_1' title='image "./bullarumdiplomat08cath_0417.png"; bbox 0 0 2059 3228; ppageno 0'>
   <div class='ocr_carea' id='block_1_1' title="bbox 0 0 183 3228">
    <p class='ocr_par' dir='ltr' id='par_1_1' title="bbox 0 0 183 3228">
     <span class='ocr_line' id='line_1_1' title="bbox 0 0 183 3228; baseline 0 0"><span class='ocrx_word' id='word_1_1' title='bbox 0 0 183 3228; x_wconf 95' lang='lat' dir='ltr'> </span> 
     </span>
    </p>
   </div>
   <div class='ocr_carea' id='block_1_2' title="bbox 116 1168 184 1192">
    <p class='ocr_par' dir='ltr' id='par_1_2' title="bbox 116 1168 184 1192">
     <span class='ocr_line' id='line_1_2' title="bbox 116 1168 184 1192; baseline -0.015 -5"><span class='ocrx_word' id='word_1_2' title='bbox 116 1168 184 1192; x_wconf 69' lang='lat' dir='ltr'>&#39;fle-</span> 
     </span>
    </p>
   </div>
   <div class='ocr_carea' id='block_1_3' title="bbox 36 1329 184 1413">
    <p class='ocr_par' dir='ltr' id='par_1_3' title="bbox 36 1329 184 1413">
     <span class='ocr_line' id='line_1_3' title="bbox 36 1329 184 1413; baseline 0 -31"><span class='ocrx_word' id='word_1_3' title='bbox 36 1336 125 1413; x_wconf 55' lang='lat'>5517:</span> <span class='ocrx_word' id='word_1_4' title='bbox 101 1329 184 1413; x_wconf 51' lang='lat'>‘3323</span> 
     </span>
    </p>
   </div>
   <div class='ocr_carea' id='block_1_4' title="bbox 50 2332 155 2358">
    <p class='ocr_par' dir='ltr' id='par_1_4' title="bbox 50 2332 155 2358">
     <span class='ocr_line' id='line_1_4' title="bbox 50 2332 155 2358; baseline 0 0"><span class='ocrx_word' id='word_1_5' title='bbox 50 2332 155 2358; x_wconf 53' lang='lat' dir='ltr'>monium.</span> 
     </span>
    </p>
   </div>
   <div class='ocr_carea' id='block_1_5' title="bbox 195 305 954 1746">
    <p class='ocr_par' dir='ltr' id='par_1_5' title="bbox 199 305 954 1098">
     <span class='ocr_line' id='line_1_5' title="bbox 209 305 954 347; baseline -0.004 -8"><span class='ocrx_word' id='word_1_6' title='bbox 209 310 241 340; x_wconf 84' lang='lat' dir='ltr'>et</span> <span class='ocrx_word' id='word_1_7' title='bbox 258 311 414 339; x_wconf 81' lang='lat' dir='ltr'>consueto</span> <span class='ocrx_word' id='word_1_8' title='bbox 429 306 528 339; x_wconf 86' lang='lat' dir='ltr'>abusu</span> <span class='ocrx_word' id='word_1_9' title='bbox 541 306 702 347; x_wconf 58' lang='lat' dir='ltr'>sineularc</span> <span class='ocrx_word' id='word_1_10' title='bbox 723 311 883 339; x_wconf 81' lang='lat' dir='ltr'>certamen</span> <span class='ocrx_word' id='word_1_11' title='bbox 896 305 954 337; x_wconf 89' lang='lat' dir='ltr'>iui-</span> 
     </span>
     <span class='ocr_line' id='line_1_6' title="bbox 206 359 952 399; baseline -0.001 -6"><span class='ocrx_word' id='word_1_12' title='bbox 206 359 334 397; x_wconf 77' lang='lat' dir='ltr'>vissent.</span> <span class='ocrx_word' id='word_1_13' title='bbox 353 359 500 393; x_wconf 83' lang='lat' dir='ltr'>Volcntes</span> <span class='ocrx_word' id='word_1_14' title='bbox 521 359 615 393; x_wconf 82' lang='lat' dir='ltr'>ctiam</span> <span class='ocrx_word' id='word_1_15' title='bbox 629 360 773 393; x_wconf 86' lang='lat' dir='ltr'>locorum</span> <span class='ocrx_word' id='word_1_16' title='bbox 794 360 952 399; x_wconf 86' lang='lat' dir='ltr'>dominos,</span> 
     </span>
     <span class='ocr_line' id='line_1_7' title="bbox 206 412 952 457; baseline -0.001 -11"><span class='ocrx_word' id='word_1_17' title='bbox 206 412 233 446; x_wconf 90' lang='lat' dir='ltr'>si</span> <span class='ocrx_word' id='word_1_18' title='bbox 257 418 419 447; x_wconf 87' lang='lat' dir='ltr'>certamen</span> <span class='ocrx_word' id='word_1_19' title='bbox 439 424 475 446; x_wconf 78' lang='lat' dir='ltr'>ex</span> <span class='ocrx_word' id='word_1_20' title='bbox 502 413 651 446; x_wconf 85' lang='lat' dir='ltr'>condicto</span> <span class='ocrx_word' id='word_1_21' title='bbox 673 413 855 446; x_wconf 83' lang='lat' dir='ltr'>huiusmodi</span> <span class='ocrx_word' id='word_1_22' title='bbox 880 424 952 457; x_wconf 87' lang='lat' dir='ltr'>per-</span> 
     </span>
     <span class='ocr_line' id='line_1_8' title="bbox 206 465 953 509; baseline 0.003 -11"><span class='ocrx_word' id='word_1_23' title='bbox 206 465 363 506; x_wconf 80' lang='lat' dir='ltr'>miserint,</span> <span class='ocrx_word' id='word_1_24' title='bbox 389 472 456 506; x_wconf 88' lang='lat' dir='ltr'>aut,</span> <span class='ocrx_word' id='word_1_25' title='bbox 476 472 633 509; x_wconf 81' lang='lat' dir='ltr'>quantum</span> <span class='ocrx_word' id='word_1_26' title='bbox 654 466 685 499; x_wconf 91' lang='lat' dir='ltr'>in</span> <span class='ocrx_word' id='word_1_27' title='bbox 711 476 743 499; x_wconf 87' lang='lat' dir='ltr'>sc</span> <span class='ocrx_word' id='word_1_28' title='bbox 763 466 869 506; x_wconf 78' lang='lat' dir='ltr'>fucrit,</span> <span class='ocrx_word' id='word_1_29' title='bbox 889 477 953 500; x_wconf 88' lang='lat' dir='ltr'>non</span> 
     </span>
     <span class='ocr_line' id='line_1_9' title="bbox 205 518 954 563; baseline 0 -12"><span class='ocrx_word' id='word_1_30' title='bbox 205 518 441 562; x_wconf 82' lang='lat' dir='ltr'>prohibuerim,</span> <span class='ocrx_word' id='word_1_31' title='bbox 470 530 645 563; x_wconf 87' lang='lat' dir='ltr'>omnesque</span> <span class='ocrx_word' id='word_1_32' title='bbox 666 519 746 552; x_wconf 86' lang='lat' dir='ltr'>illud</span> <span class='ocrx_word' id='word_1_33' title='bbox 766 519 836 552; x_wconf 87' lang='lat' dir='ltr'>fieri</span> <span class='ocrx_word' id='word_1_34' title='bbox 866 530 954 552; x_wconf 85' lang='lat' dir='ltr'>man-</span> 
     </span>
     <span class='ocr_line' id='line_1_10' title="bbox 204 571 950 616; baseline 0 -11"><span class='ocrx_word' id='word_1_35' title='bbox 204 571 328 613; x_wconf 78' lang='lat' dir='ltr'>dantes,</span> <span class='ocrx_word' id='word_1_36' title='bbox 355 572 552 616; x_wconf 75' lang='lat' dir='ltr'><strong>instigantes,</strong></span> <span class='ocrx_word' id='word_1_37' title='bbox 572 572 745 613; x_wconf 86' lang='lat' dir='ltr'>auxilium,</span> <span class='ocrx_word' id='word_1_38' title='bbox 781 573 950 606; x_wconf 90' lang='lat' dir='ltr'>consilium</span> 
     </span>
     <span class='ocr_line' id='line_1_11' title="bbox 204 624 951 669; baseline 0.001 -11"><span class='ocrx_word' id='word_1_39' title='bbox 204 624 254 658; x_wconf 90' lang='lat' dir='ltr'>vel</span> <span class='ocrx_word' id='word_1_40' title='bbox 277 625 418 659; x_wconf 83' lang='lat' dir='ltr'>favorem</span> <span class='ocrx_word' id='word_1_41' title='bbox 443 627 565 667; x_wconf 84' lang='lat' dir='ltr'>dantes,</span> <span class='ocrx_word' id='word_1_42' title='bbox 588 636 697 669; x_wconf 86' lang='lat' dir='ltr'>equos,</span> <span class='ocrx_word' id='word_1_43' title='bbox 717 636 818 666; x_wconf 84' lang='lat' dir='ltr'>arma,</span> <span class='ocrx_word' id='word_1_44' title='bbox 854 637 951 669; x_wconf 87' lang='lat' dir='ltr'>pecu-</span> 
     </span>
     <span class='ocr_line' id='line_1_12' title="bbox 202 678 952 721; baseline 0 -9"><span class='ocrx_word' id='word_1_45' title='bbox 202 678 301 721; x_wconf 86' lang='lat' dir='ltr'><strong>niam,</strong></span> <span class='ocrx_word' id='word_1_46' title='bbox 326 685 543 713; x_wconf 82' lang='lat' dir='ltr'>commeatum</span> <span class='ocrx_word' id='word_1_47' title='bbox 568 685 599 714; x_wconf 89' lang='lat' dir='ltr'>et</span> <span class='ocrx_word' id='word_1_48' title='bbox 610 680 672 713; x_wconf 88' lang='lat' dir='ltr'>alia</span> <span class='ocrx_word' id='word_1_49' title='bbox 691 679 832 712; x_wconf 85' lang='lat' dir='ltr'>subsidia</span> <span class='ocrx_word' id='word_1_50' title='bbox 848 680 952 713; x_wconf 87' lang='lat' dir='ltr'>scien-</span> 
     </span>
     <span class='ocr_line' id='line_1_13' title="bbox 202 733 951 777; baseline 0 -11"><span class='ocrx_word' id='word_1_51' title='bbox 202 736 252 766; x_wconf 83' lang='lat' dir='ltr'>ter</span> <span class='ocrx_word' id='word_1_52' title='bbox 288 733 580 775; x_wconf 84' lang='lat' dir='ltr'>subministrantes,</span> <span class='ocrx_word' id='word_1_53' title='bbox 614 738 669 766; x_wconf 90' lang='lat' dir='ltr'>aut</span> <span class='ocrx_word' id='word_1_54' title='bbox 706 744 743 766; x_wconf 84' lang='lat' dir='ltr'>ex</span> <span class='ocrx_word' id='word_1_55' title='bbox 774 733 951 777; x_wconf 84' lang='lat' dir='ltr'>composito</span> 
     </span>
     <span class='ocr_line' id='line_1_14' title="bbox 202 786 951 830; baseline 0.001 -11"><span class='ocrx_word' id='word_1_56' title='bbox 202 791 398 830; x_wconf 81' lang='lat' dir='ltr'>spectatores</span> <span class='ocrx_word' id='word_1_57' title='bbox 427 787 475 820; x_wconf 87' lang='lat' dir='ltr'>vel</span> <span class='ocrx_word' id='word_1_58' title='bbox 503 786 607 820; x_wconf 89' lang='lat' dir='ltr'>socios</span> <span class='ocrx_word' id='word_1_59' title='bbox 629 786 741 829; x_wconf 90' lang='lat' dir='ltr'>quovis</span> <span class='ocrx_word' id='word_1_60' title='bbox 766 787 862 820; x_wconf 90' lang='lat' dir='ltr'>modo</span> <span class='ocrx_word' id='word_1_61' title='bbox 883 797 951 820; x_wconf 82' lang='lat' dir='ltr'>sese</span> 
     </span>
     <span class='ocr_line' id='line_1_15' title="bbox 200 839 952 884; baseline 0.001 -12"><span class='ocrx_word' id='word_1_62' title='bbox 200 839 402 882; x_wconf 82' lang='lat' dir='ltr'>praebentes,</span> <span class='ocrx_word' id='word_1_63' title='bbox 433 840 554 874; x_wconf 90' lang='lat' dir='ltr'>eisdem</span> <span class='ocrx_word' id='word_1_64' title='bbox 595 839 742 874; x_wconf 84' lang='lat' dir='ltr'>censuris</span> <span class='ocrx_word' id='word_1_65' title='bbox 778 845 808 874; x_wconf 88' lang='lat' dir='ltr'>et</span> <span class='ocrx_word' id='word_1_66' title='bbox 840 841 952 884; x_wconf 86' lang='lat' dir='ltr'>poenis</span> 
     </span>
     <span class='ocr_line' id='line_1_16' title="bbox 201 892 951 938; baseline 0.001 -12"><span class='ocrx_word' id='word_1_67' title='bbox 201 892 380 934; x_wconf 86' lang='lat' dir='ltr'>subiacere,</span> <span class='ocrx_word' id='word_1_68' title='bbox 402 893 526 927; x_wconf 86' lang='lat' dir='ltr'>etiamsi</span> <span class='ocrx_word' id='word_1_69' title='bbox 545 894 603 934; x_wconf 90' lang='lat' dir='ltr'>illi,</span> <span class='ocrx_word' id='word_1_70' title='bbox 620 894 675 938; x_wconf 91' lang='lat' dir='ltr'>qui</span> <span class='ocrx_word' id='word_1_71' title='bbox 699 894 739 927; x_wconf 88' lang='lat' dir='ltr'>ad</span> <span class='ocrx_word' id='word_1_72' title='bbox 757 894 867 928; x_wconf 89' lang='lat' dir='ltr'>locum</span> <span class='ocrx_word' id='word_1_73' title='bbox 895 895 951 927; x_wconf 88' lang='lat' dir='ltr'>de—</span> 
     </span>
     <span class='ocr_line' id='line_1_17' title="bbox 201 945 949 991; baseline 0.001 -11"><span class='ocrx_word' id='word_1_74' title='bbox 201 945 353 980; x_wconf 86' lang='lat' dir='ltr'>stinatum</span> <span class='ocrx_word' id='word_1_75' title='bbox 363 947 536 991; x_wconf 84' lang='lat' dir='ltr'>pugnaturi</span> <span class='ocrx_word' id='word_1_76' title='bbox 555 953 771 989; x_wconf 80' lang='lat' dir='ltr'>accesserunt,</span> <span class='ocrx_word' id='word_1_77' title='bbox 792 948 949 991; x_wconf 87' lang='lat' dir='ltr'>impediti,</span> 
     </span>
     <span class='ocr_line' id='line_1_18' title="bbox 199 1000 952 1045; baseline 0.004 -13"><span class='ocrx_word' id='word_1_78' title='bbox 199 1009 343 1043; x_wconf 82' lang='lat' dir='ltr'>pugnam</span> <span class='ocrx_word' id='word_1_79' title='bbox 362 1009 428 1033; x_wconf 91' lang='lat' dir='ltr'>non</span> <span class='ocrx_word' id='word_1_80' title='bbox 436 1000 668 1041; x_wconf 82' lang='lat' dir='ltr'>commiserint,</span> <span class='ocrx_word' id='word_1_81' title='bbox 688 1001 714 1034; x_wconf 87' lang='lat' dir='ltr'>si</span> <span class='ocrx_word' id='word_1_82' title='bbox 740 1012 797 1044; x_wconf 90' lang='lat' dir='ltr'>per</span> <span class='ocrx_word' id='word_1_83' title='bbox 816 1012 849 1035; x_wconf 86' lang='lat' dir='ltr'>sc</span> <span class='ocrx_word' id='word_1_84' title='bbox 866 1001 952 1045; x_wconf 88' lang='lat' dir='ltr'>ipsos</span> 
     </span>
     <span class='ocr_line' id='line_1_19' title="bbox 199 1054 947 1098; baseline 0.003 -12"><span class='ocrx_word' id='word_1_85' title='bbox 199 1062 266 1086; x_wconf 92' lang='lat' dir='ltr'>non</span> <span class='ocrx_word' id='word_1_86' title='bbox 275 1054 399 1087; x_wconf 86' lang='lat' dir='ltr'>steterit</span> <span class='ocrx_word' id='word_1_87' title='bbox 417 1054 591 1098; x_wconf 88' lang='lat' dir='ltr'>quominus</span> <span class='ocrx_word' id='word_1_88' title='bbox 610 1055 665 1088; x_wconf 88' lang='lat' dir='ltr'>illa</span> <span class='ocrx_word' id='word_1_89' title='bbox 680 1055 947 1089; x_wconf 83' lang='lat' dir='ltr'>committeretur.</span> 
     </span>
    </p>

    <p class='ocr_par' dir='ltr' id='par_1_6' title="bbox 199 1105 951 1259">
     <span class='ocr_line' id='line_1_20' title="bbox 243 1105 951 1152; baseline 0.003 -13"><span class='ocrx_word' id='word_1_90' title='bbox 243 1106 260 1150; x_wconf 64' lang='grc' dir='ltr'><strong>ἓ</strong></span> <span class='ocrx_word' id='word_1_91' title='bbox 283 1105 314 1139; x_wconf 78' lang='lat'>2.</span> <span class='ocrx_word' id='word_1_92' title='bbox 353 1106 424 1140; x_wconf 91' lang='lat' dir='ltr'>Non</span> <span class='ocrx_word' id='word_1_93' title='bbox 443 1107 646 1142; x_wconf 82' lang='lat' dir='ltr'>obstantibus</span> <span class='ocrx_word' id='word_1_94' title='bbox 665 1108 840 1152; x_wconf 83' lang='lat' dir='ltr'>privilegiis</span> <span class='ocrx_word' id='word_1_95' title='bbox 861 1135 869 1149; x_wconf 89' lang='lat'>‚</span> <span class='ocrx_word' id='word_1_96' title='bbox 890 1109 951 1141; x_wconf 88' lang='lat' dir='ltr'>im-</span> 
     </span>
     <span class='ocr_line' id='line_1_21' title="bbox 199 1160 951 1206; baseline 0.004 -13"><span class='ocrx_word' id='word_1_97' title='bbox 199 1160 409 1194; x_wconf 86' lang='lat' dir='ltr'>munitatibus</span> <span class='ocrx_word' id='word_1_98' title='bbox 433 1166 464 1194; x_wconf 90' lang='lat' dir='ltr'>et</span> <span class='ocrx_word' id='word_1_99' title='bbox 489 1162 746 1206; x_wconf 81' lang='lat' dir='ltr'>exemptionibus</span> <span class='ocrx_word' id='word_1_100' title='bbox 770 1163 951 1206; x_wconf 85' lang='lat' dir='ltr'>ceterisque</span> 
     </span>
     <span class='ocr_line' id='line_1_22' title="bbox 201 1213 663 1259; baseline 0.002 -12"><span class='ocrx_word' id='word_1_101' title='bbox 201 1213 373 1248; x_wconf 82' lang='lat' dir='ltr'>contrariis</span> <span class='ocrx_word' id='word_1_102' title='bbox 389 1215 663 1259; x_wconf 89' lang='lat' dir='ltr'>quibuscumque.</span> 
     </span>
    </p>

    <p class='ocr_par' dir='ltr' id='par_1_7' title="bbox 196 1267 952 1410">
     <span class='ocr_line' id='line_1_23' title="bbox 241 1267 951 1312; baseline 0.003 -11"><span class='ocrx_word' id='word_1_103' title='bbox 241 1267 258 1312; x_wconf 64' lang='lat' dir='ltr'>g</span> <span class='ocrx_word' id='word_1_104' title='bbox 281 1267 314 1302; x_wconf 83' lang='lat'>3.</span> <span class='ocrx_word' id='word_1_105' title='bbox 337 1267 627 1302; x_wconf 88' lang='lat' dir='ltr'>Constitutionibus</span> <span class='ocrx_word' id='word_1_106' title='bbox 638 1274 745 1303; x_wconf 89' lang='lat' dir='ltr'>tamen</span> <span class='ocrx_word' id='word_1_107' title='bbox 761 1269 869 1303; x_wconf 88' lang='lat' dir='ltr'>etaliis</span> <span class='ocrx_word' id='word_1_108' title='bbox 880 1280 951 1303; x_wconf 90' lang='lat' dir='ltr'>san-</span> 
     </span>
     <span class='ocr_line' id='line_1_24' title="bbox 198 1320 952 1368; baseline 0.004 -14"><span class='ocrx_word' id='word_1_109' title='bbox 198 1320 358 1355; x_wconf 89' lang='lat' dir='ltr'>ctionibus</span> <span class='ocrx_word' id='word_1_110' title='bbox 381 1322 566 1366; x_wconf 85' lang='lat' dir='ltr'>apostolicis</span> <span class='ocrx_word' id='word_1_111' title='bbox 585 1323 647 1356; x_wconf 83' lang='lat' dir='ltr'>hac</span> <span class='ocrx_word' id='word_1_112' title='bbox 666 1323 704 1357; x_wconf 88' lang='lat' dir='ltr'>de</span> <span class='ocrx_word' id='word_1_113' title='bbox 728 1334 762 1356; x_wconf 88' lang='lat' dir='ltr'>re</span> <span class='ocrx_word' id='word_1_114' title='bbox 778 1324 952 1368; x_wconf 85' lang='lat' dir='ltr'>disponen-</span> 
     </span>
     <span class='ocr_line' id='line_1_25' title="bbox 196 1375 755 1410; baseline 0.004 -2"><span class='ocrx_word' id='word_1_115' title='bbox 196 1375 284 1410; x_wconf 87' lang='lat' dir='ltr'>tibus</span> <span class='ocrx_word' id='word_1_116' title='bbox 307 1375 341 1410; x_wconf 92' lang='lat' dir='ltr'>in</span> <span class='ocrx_word' id='word_1_117' title='bbox 364 1387 422 1410; x_wconf 90' lang='lat' dir='ltr'>suo</span> <span class='ocrx_word' id='word_1_118' title='bbox 447 1376 564 1410; x_wconf 78' lang='lat' dir='ltr'>lobole</span> <span class='ocrx_word' id='word_1_119' title='bbox 580 1376 755 1410; x_wconf 79' lang='lat' dir='ltr'>duratuiis.</span> 
     </span>
    </p>

    <p class='ocr_par' dir='ltr' id='par_1_8' title="bbox 195 1429 951 1680">
     <span class='ocr_line' id='line_1_26' title="bbox 239 1429 950 1475; baseline 0.003 -12"><span class='ocrx_word' id='word_1_120' title='bbox 239 1429 355 1463; x_wconf 88' lang='lat' dir='ltr'>Datum</span> <span class='ocrx_word' id='word_1_121' title='bbox 405 1430 525 1464; x_wconf 86' lang='lat' dir='ltr'>Romae</span> <span class='ocrx_word' id='word_1_122' title='bbox 561 1431 646 1475; x_wconf 84' lang='lat' dir='ltr'>apud</span> <span class='ocrx_word' id='word_1_123' title='bbox 694 1431 847 1465; x_wconf 87' lang='lat' dir='ltr'>Sanctum</span> <span class='ocrx_word' id='word_1_124' title='bbox 891 1432 950 1465; x_wconf 90' lang='lat' dir='ltr'>Pe-</span> 
     </span>
     <span class='ocr_line' id='line_1_27' title="bbox 195 1485 950 1525; baseline 0.004 -9"><span class='ocrx_word' id='word_1_125' title='bbox 195 1488 296 1525; x_wconf 85' lang='lat' dir='ltr'>trum,</span> <span class='ocrx_word' id='word_1_126' title='bbox 318 1494 401 1518; x_wconf 91' lang='lat' dir='ltr'>anno</span> <span class='ocrx_word' id='word_1_127' title='bbox 425 1485 658 1518; x_wconf 86' lang='lat' dir='ltr'>Incarnationis</span> <span class='ocrx_word' id='word_1_128' title='bbox 680 1485 860 1519; x_wconf 83' lang='lat' dir='ltr'>dominicae</span> <span class='ocrx_word' id='word_1_129' title='bbox 876 1487 950 1519; x_wconf 91' lang='lat' dir='ltr'>mil-</span> 
     </span>
     <span class='ocr_line' id='line_1_28' title="bbox 197 1537 951 1583; baseline 0.005 -13"><span class='ocrx_word' id='word_1_130' title='bbox 197 1537 310 1571; x_wconf 89' lang='lat' dir='ltr'>lesimo</span> <span class='ocrx_word' id='word_1_131' title='bbox 321 1537 579 1582; x_wconf 81' lang='lat' dir='ltr'>quingentesimo</span> <span class='ocrx_word' id='word_1_132' title='bbox 599 1539 816 1583; x_wconf 81' lang='lat' dir='ltr'>octuagesimo</span> <span class='ocrx_word' id='word_1_133' title='bbox 837 1550 951 1579; x_wconf 88' lang='lat' dir='ltr'>secun-</span> 
     </span>
     <span class='ocr_line' id='line_1_29' title="bbox 197 1591 950 1638; baseline 0.005 -13"><span class='ocrx_word' id='word_1_134' title='bbox 197 1591 258 1632; x_wconf 85' lang='lat' dir='ltr'>do,</span> <span class='ocrx_word' id='word_1_135' title='bbox 283 1592 379 1626; x_wconf 89' lang='lat' dir='ltr'>nonis</span> <span class='ocrx_word' id='word_1_136' title='bbox 397 1592 590 1634; x_wconf 86' lang='lat' dir='ltr'>decembris,</span> <span class='ocrx_word' id='word_1_137' title='bbox 616 1594 821 1638; x_wconf 80' lang='lat' dir='ltr'>pontificatus</span> <span class='ocrx_word' id='word_1_138' title='bbox 848 1592 950 1629; x_wconf 85' lang='lat' dir='ltr'>nostri</span> 
     </span>
     <span class='ocr_line' id='line_1_30' title="bbox 197 1654 345 1680; baseline 0.007 -2"><span class='ocrx_word' id='word_1_139' title='bbox 197 1654 283 1680; x_wconf 86' lang='lat' dir='ltr'>anno</span> <span class='ocrx_word' id='word_1_140' title='bbox 301 1656 345 1680; x_wconf 88' lang='lat' dir='ltr'>x1.</span> 
     </span>
    </p>

    <p class='ocr_par' dir='ltr' id='par_1_9' title="bbox 275 1702 868 1746">
     <span class='ocr_line' id='line_1_31' title="bbox 275 1702 868 1746; baseline 0.005 -12"><span class='ocrx_word' id='word_1_141' title='bbox 275 1702 340 1735; x_wconf 75' lang='lat' dir='ltr'>Dat·</span> <span class='ocrx_word' id='word_1_142' title='bbox 355 1703 403 1735; x_wconf 86' lang='lat' dir='ltr'>die</span> <span class='ocrx_word' id='word_1_143' title='bbox 418 1706 511 1737; x_wconf 77' lang='lat' dir='ltr'>5dec.</span> <span class='ocrx_word' id='word_1_144' title='bbox 529 1705 617 1744; x_wconf 74' lang='lat'>1582,</span> <span class='ocrx_word' id='word_1_145' title='bbox 635 1710 718 1746; x_wconf 87' lang='lat' dir='ltr'>pont.</span> <span class='ocrx_word' id='word_1_146' title='bbox 738 1715 814 1738; x_wconf 87' lang='lat' dir='ltr'>anno</span> <span class='ocrx_word' id='word_1_147' title='bbox 829 1715 868 1737; x_wconf 68' lang='lat' dir='ltr'>m.</span> 
     </span>
    </p>
   </div>
   <div class='ocr_carea' id='block_1_6' title="bbox 498 1787 641 1798">
    <p class='ocr_par' dir='ltr' id='par_1_10' title="bbox 498 1787 641 1798">
     <span class='ocr_line' id='line_1_32' title="bbox 498 1787 641 1798; baseline 0 1430"><span class='ocrx_word' id='word_1_148' title='bbox 498 1787 641 1798; x_wconf 95' lang='lat' dir='ltr'> </span> 
     </span>
    </p>
   </div>
   <div class='ocr_carea' id='block_1_7' title="bbox 510 1884 622 1919">
    <p class='ocr_par' dir='ltr' id='par_1_11' title="bbox 510 1884 622 1919">
     <span class='ocr_line' id='line_1_33' title="bbox 510 1884 622 1919; baseline 0 -1"><span class='ocrx_word' id='word_1_149' title='bbox 510 1884 622 1919; x_wconf 89' lang='lat' dir='ltr'>CXLII.</span> 
     </span>
    </p>
   </div>
   <div class='ocr_carea' id='block_1_8' title="bbox 194 1963 946 2117">
    <p class='ocr_par' dir='ltr' id='par_1_12' title="bbox 194 1963 946 2117">
     <span class='ocr_line' id='line_1_34' title="bbox 194 1963 946 2009; baseline 0.003 -12"><span class='ocrx_word' id='word_1_150' title='bbox 194 1963 324 2006; x_wconf 76' lang='lat' dir='ltr'>Erectio</span> <span class='ocrx_word' id='word_1_151' title='bbox 333 1964 480 2006; x_wconf 68' lang='lat' dir='ltr'>ecclesiae</span> <span class='ocrx_word' id='word_1_152' title='bbox 492 1966 680 2009; x_wconf 74' lang='lat' dir='ltr'>episcopalis</span> <span class='ocrx_word' id='word_1_153' title='bbox 692 1967 835 1999; x_wconf 75' lang='lat' dir='ltr'>civitatis</span> <span class='ocrx_word' id='word_1_154' title='bbox 841 1966 946 2004; x_wconf 69' lang='lat' dir='ltr'>Bano-</span> 
     </span>
     <span class='ocr_line' id='line_1_35' title="bbox 238 2018 946 2062; baseline 0.004 -11"><span class='ocrx_word' id='word_1_155' title='bbox 238 2018 325 2059; x_wconf 72' lang='lat' dir='ltr'>m&#39;ize,</span> <span class='ocrx_word' id='word_1_156' title='bbox 342 2019 379 2051; x_wconf 81' lang='lat' dir='ltr'>in</span> <span class='ocrx_word' id='word_1_157' title='bbox 385 2019 556 2062; x_wconf 74' lang='lat' dir='ltr'>provincia</span> <span class='ocrx_word' id='word_1_158' title='bbox 564 2019 787 2059; x_wconf 64' lang='lat' dir='ltr'>Lombarcltae,</span> <span class='ocrx_word' id='word_1_159' title='bbox 804 2021 841 2054; x_wconf 79' lang='lat' dir='ltr'>in</span> <span class='ocrx_word' id='word_1_160' title='bbox 855 2021 946 2054; x_wconf 81' lang='lat' dir='ltr'>ecclc-</span> 
     </span>
     <span class='ocr_line' id='line_1_36' title="bbox 237 2072 680 2117; baseline 0.005 -13"><span class='ocrx_word' id='word_1_161' title='bbox 237 2072 322 2105; x_wconf 83' lang='lat' dir='ltr'>siam</span> <span class='ocrx_word' id='word_1_162' title='bbox 340 2072 680 2117; x_wconf 59' lang='lat' dir='ltr'>archiepiscopalem.</span> 
     </span>
    </p>
   </div>
   <div class='ocr_carea' id='block_1_9' title="bbox 249 2151 888 2242">
    <p class='ocr_par' dir='ltr' id='par_1_13' title="bbox 249 2151 888 2242">
     <span class='ocr_line' id='line_1_37' title="bbox 249 2151 888 2189; baseline 0.002 -9"><span class='ocrx_word' id='word_1_163' title='bbox 249 2151 394 2188; x_wconf 75' lang='lat' dir='ltr'>Gregorius</span> <span class='ocrx_word' id='word_1_164' title='bbox 413 2152 554 2189; x_wconf 79' lang='lat' dir='ltr'>episcopus</span> <span class='ocrx_word' id='word_1_165' title='bbox 568 2160 664 2182; x_wconf 81' lang='lat' dir='ltr'>servus</span> <span class='ocrx_word' id='word_1_166' title='bbox 679 2160 819 2182; x_wconf 83' lang='lat' dir='ltr'>servorum</span> <span class='ocrx_word' id='word_1_167' title='bbox 833 2153 888 2186; x_wconf 80' lang='lat' dir='ltr'>Dei,</span> 
     </span>
     <span class='ocr_line' id='line_1_38' title="bbox 334 2207 801 2242; baseline 0.004 -8"><span class='ocrx_word' id='word_1_168' title='bbox 334 2207 368 2235; x_wconf 83' lang='lat' dir='ltr'>ad</span> <span class='ocrx_word' id='word_1_169' title='bbox 386 2207 550 2242; x_wconf 78' lang='lat' dir='ltr'>perpetuam</span> <span class='ocrx_word' id='word_1_170' title='bbox 573 2207 615 2235; x_wconf 84' lang='lat' dir='ltr'>rei</span> <span class='ocrx_word' id='word_1_171' title='bbox 631 2207 801 2236; x_wconf 78' lang='lat' dir='ltr'>memoriam.</span> 
     </span>
    </p>
   </div>
   <div class='ocr_carea' id='block_1_10' title="bbox 194 2276 945 2638">
    <p class='ocr_par' dir='ltr' id='par_1_14' title="bbox 194 2276 945 2531">
     <span class='ocr_line' id='line_1_39' title="bbox 238 2276 942 2322; baseline 0.006 -14"><span class='ocrx_word' id='word_1_172' title='bbox 238 2276 383 2310; x_wconf 88' lang='lat' dir='ltr'>Universi</span> <span class='ocrx_word' id='word_1_173' title='bbox 396 2277 484 2311; x_wconf 81' lang='lat' dir='ltr'>orbis</span> <span class='ocrx_word' id='word_1_174' title='bbox 504 2278 667 2319; x_wconf 88' lang='lat' dir='ltr'>ecclesiis,</span> <span class='ocrx_word' id='word_1_175' title='bbox 696 2279 741 2312; x_wconf 89' lang='lat' dir='ltr'>Eo</span> <span class='ocrx_word' id='word_1_176' title='bbox 768 2279 942 2322; x_wconf 88' lang='lat' dir='ltr'>disponen-</span> 
     </span>
     <span class='ocr_line' id='line_1_40' title="bbox 194 2329 943 2375; baseline 0.005 -13"><span class='ocrx_word' id='word_1_177' title='bbox 194 2333 225 2362; x_wconf 89' lang='lat' dir='ltr'>te</span> <span class='ocrx_word' id='word_1_178' title='bbox 245 2329 301 2372; x_wconf 89' lang='lat' dir='ltr'>qui</span> <span class='ocrx_word' id='word_1_179' title='bbox 326 2331 450 2364; x_wconf 87' lang='lat' dir='ltr'>cunctis</span> <span class='ocrx_word' id='word_1_180' title='bbox 470 2331 608 2375; x_wconf 86' lang='lat' dir='ltr'>imperat</span> <span class='ocrx_word' id='word_1_181' title='bbox 627 2337 658 2366; x_wconf 91' lang='lat' dir='ltr'>et</span> <span class='ocrx_word' id='word_1_182' title='bbox 677 2332 729 2365; x_wconf 94' lang='lat' dir='ltr'>cui</span> <span class='ocrx_word' id='word_1_183' title='bbox 746 2332 853 2365; x_wconf 88' lang='lat' dir='ltr'>omnia</span> <span class='ocrx_word' id='word_1_184' title='bbox 867 2333 943 2366; x_wconf 86' lang='lat' dir='ltr'>obe-</span> 
     </span>
     <span class='ocr_line' id='line_1_41' title="bbox 194 2381 945 2428; baseline 0.007 -14"><span class='ocrx_word' id='word_1_185' title='bbox 194 2381 300 2421; x_wconf 90' lang='lat' dir='ltr'>diunt,</span> <span class='ocrx_word' id='word_1_186' title='bbox 323 2383 446 2417; x_wconf 85' lang='lat' dir='ltr'>meritis</span> <span class='ocrx_word' id='word_1_187' title='bbox 469 2384 544 2417; x_wconf 86' lang='lat' dir='ltr'>licet</span> <span class='ocrx_word' id='word_1_188' title='bbox 560 2385 945 2428; x_wconf 86' lang='lat' dir='ltr'>imparibus‚praesiden-</span> 
     </span>
     <span class='ocr_line' id='line_1_42' title="bbox 195 2436 944 2482; baseline 0.001 -14"><span class='ocrx_word' id='word_1_189' title='bbox 195 2440 255 2476; x_wconf 83' lang='lat' dir='ltr'>tes,</span> <span class='ocrx_word' id='word_1_190' title='bbox 277 2436 310 2469; x_wconf 90' lang='lat' dir='ltr'>in</span> <span class='ocrx_word' id='word_1_191' title='bbox 330 2447 442 2470; x_wconf 85' lang='lat' dir='ltr'>omnes</span> <span class='ocrx_word' id='word_1_192' title='bbox 462 2438 529 2480; x_wconf 70' lang='lat' dir='ltr'>agri</span> <span class='ocrx_word' id='word_1_193' title='bbox 548 2438 700 2471; x_wconf 87' lang='lat' dir='ltr'>dominici</span> <span class='ocrx_word' id='word_1_194' title='bbox 710 2443 816 2482; x_wconf 84' lang='lat' dir='ltr'>partes</span> <span class='ocrx_word' id='word_1_195' title='bbox 833 2440 944 2473; x_wconf 80' lang='lat' dir='ltr'>oculos</span> 
     </span>
     <span class='ocr_line' id='line_1_43' title="bbox 195 2486 944 2531; baseline 0.005 -14"><span class='ocrx_word' id='word_1_196' title='bbox 195 2490 323 2518; x_wconf 88' lang='lat' dir='ltr'>nostrae</span> <span class='ocrx_word' id='word_1_197' title='bbox 334 2486 461 2527; x_wconf 81' lang='lat' dir='ltr'>mentis,</span> <span class='ocrx_word' id='word_1_198' title='bbox 472 2487 574 2530; x_wconf 79' lang='lat' dir='ltr'>vigilis</span> <span class='ocrx_word' id='word_1_199' title='bbox 583 2498 673 2520; x_wconf 87' lang='lat' dir='ltr'>more</span> <span class='ocrx_word' id='word_1_200' title='bbox 680 2487 830 2531; x_wconf 86' lang='lat' dir='ltr'>pastoris,</span> <span class='ocrx_word' id='word_1_201' title='bbox 842 2487 944 2521; x_wconf 88' lang='lat' dir='ltr'>inten-</span> 
     </span>
    </p>

    <p class='ocr_par' dir='ltr' id='par_1_15' title="bbox 197 2544 942 2638">
     <span class='ocr_line' id='line_1_44' title="bbox 232 2544 942 2587; baseline 0.006 -4"><span class='ocrx_word' id='word_1_202' title='bbox 232 2557 243 2583; x_wconf 85' lang='lat'>1</span> <span class='ocrx_word' id='word_1_203' title='bbox 266 2544 585 2585; x_wconf 63' lang='lat' dir='ltr'>Similem³erectionem</span> <span class='ocrx_word' id='word_1_204' title='bbox 614 2558 649 2586; x_wconf 86' lang='lat' dir='ltr'>de</span> <span class='ocrx_word' id='word_1_205' title='bbox 677 2558 798 2586; x_wconf 86' lang='lat' dir='ltr'>ecclesia</span> <span class='ocrx_word' id='word_1_206' title='bbox 826 2559 942 2587; x_wconf 74' lang='lat' dir='ltr'>Senensi</span> 
     </span>
     <span class='ocr_line' id='line_1_45' title="bbox 197 2601 941 2638; baseline 0.005 -11"><span class='ocrx_word' id='word_1_207' title='bbox 197 2601 293 2628; x_wconf 80' lang='lat' dir='ltr'>statuit</span> <span class='ocrx_word' id='word_1_208' title='bbox 307 2601 375 2629; x_wconf 86' lang='lat' dir='ltr'>Pius</span> <span class='ocrx_word' id='word_1_209' title='bbox 389 2602 412 2629; x_wconf 91' lang='lat'>11</span> <span class='ocrx_word' id='word_1_210' title='bbox 428 2602 456 2630; x_wconf 90' lang='lat' dir='ltr'>in</span> <span class='ocrx_word' id='word_1_211' title='bbox 475 2606 565 2631; x_wconf 82' lang='lat' dir='ltr'>c‘onst.</span> <span class='ocrx_word' id='word_1_212' title='bbox 581 2610 620 2633; x_wconf 81' lang='lat' dir='ltr'>iv.</span> <span class='ocrx_word' id='word_1_213' title='bbox 632 2604 823 2638; x_wconf 74' lang='lat' dir='ltr'>Trimnpltans,</span> <span class='ocrx_word' id='word_1_214' title='bbox 833 2607 900 2631; x_wconf 89' lang='lat' dir='ltr'>tom.</span> <span class='ocrx_word' id='word_1_215' title='bbox 914 2610 941 2636; x_wconf 69' lang='lat' dir='ltr'>x,</span> 
     </span>
    </p>
   </div>
   <div class='ocr_carea' id='block_1_11' title="bbox 197 2634 337 2679">
    <p class='ocr_par' dir='ltr' id='par_1_16' title="bbox 197 2634 337 2679">
     <span class='ocr_line' id='line_1_46' title="bbox 197 2634 337 2679; baseline 0.031 -9"><span class='ocrx_word' id='word_1_216' title='bbox 197 2650 260 2679; x_wconf 82' lang='lat' dir='ltr'>pag</span> <span class='ocrx_word' id='word_1_217' title='bbox 278 2634 337 2674; x_wconf 73' lang='lat'>1⁴50.</span> 
     </span>
    </p>
   </div>
   <div class='ocr_carea' id='block_1_12' title="bbox 315 2684 859 2716">
    <p class='ocr_par' dir='ltr' id='par_1_17' title="bbox 315 2684 859 2716">
     <span class='ocr_line' id='line_1_47' title="bbox 315 2684 859 2716; baseline 0.004 -2"><span class='ocrx_word' id='word_1_218' title='bbox 315 2684 390 2714; x_wconf 73' lang='lat' dir='ltr'>Ball.</span> <span class='ocrx_word' id='word_1_219' title='bbox 409 2685 486 2716; x_wconf 83' lang='lat' dir='ltr'>Rom.</span> <span class='ocrx_word' id='word_1_220' title='bbox 508 2686 563 2716; x_wconf 79' lang='lat' dir='ltr'>Vol.</span> <span class='ocrx_word' id='word_1_221' title='bbox 588 2686 660 2716; x_wconf 90' lang='lat' dir='ltr'><em>VIII.</em></span> <span class='ocrx_word' id='word_1_222' title='bbox 828 2688 859 2716; x_wconf 75' lang='lat'>51</span> 
     </span>
    </p>
   </div>
   <div class='ocr_carea' id='block_1_13' title="bbox 817 250 1133 277">
    <p class='ocr_par' dir='ltr' id='par_1_18' title="bbox 817 250 1133 277">
     <span class='ocr_line' id='line_1_48' title="bbox 817 250 1133 277; baseline -0.013 0"><span class='ocrx_word' id='word_1_223' title='bbox 817 250 994 277; x_wconf 62' lang='lat' dir='ltr'>animemus</span> <span class='ocrx_word' id='word_1_224' title='bbox 1012 250 1067 275; x_wconf 59' lang='lat'>*4111</span> <span class='ocrx_word' id='word_1_225' title='bbox 1087 250 1133 274; x_wconf 75' lang='grc' dir='ltr'>ΓΡ.</span> 
     </span>
    </p>
   </div>
   <div class='ocr_carea' id='block_1_14' title="bbox 1628 232 1727 269">
    <p class='ocr_par' dir='ltr' id='par_1_19' title="bbox 1628 232 1727 269">
     <span class='ocr_line' id='line_1_49' title="bbox 1628 232 1727 269; baseline 0.01 -1"><span class='ocrx_word' id='word_1_226' title='bbox 1628 232 1695 269; x_wconf 67' lang='lat' dir='ltr'>&#39;aot</span> <span class='ocrx_word' id='word_1_227' title='bbox 1721 255 1727 258; x_wconf 90' lang='lat'>-</span> 
     </span>
    </p>
   </div>
   <div class='ocr_carea' id='block_1_15' title="bbox 984 302 1747 2586">
    <p class='ocr_par' dir='ltr' id='par_1_20' title="bbox 992 302 1747 1046">
     <span class='ocr_line' id='line_1_50' title="bbox 994 302 1743 347; baseline 0.001 -12"><span class='ocrx_word' id='word_1_228' title='bbox 994 304 1114 343; x_wconf 83' lang='lat' dir='ltr'>dimus,</span> <span class='ocrx_word' id='word_1_229' title='bbox 1133 303 1338 346; x_wconf 71' lang='lat' dir='ltr'>inspicientes</span> <span class='ocrx_word' id='word_1_230' title='bbox 1347 302 1424 347; x_wconf 86' lang='lat' dir='ltr'>quid</span> <span class='ocrx_word' id='word_1_231' title='bbox 1435 302 1646 337; x_wconf 83' lang='lat' dir='ltr'>ecclesiarum</span> <span class='ocrx_word' id='word_1_232' title='bbox 1658 303 1743 346; x_wconf 83' lang='lat' dir='ltr'>ipsa-</span> 
     </span>
     <span class='ocr_line' id='line_1_51' title="bbox 995 356 1745 401; baseline 0 -11"><span class='ocrx_word' id='word_1_233' title='bbox 995 368 1079 398; x_wconf 86' lang='lat' dir='ltr'>rum,</span> <span class='ocrx_word' id='word_1_234' title='bbox 1102 358 1290 401; x_wconf 76' lang='lat' dir='ltr'>pracsertim</span> <span class='ocrx_word' id='word_1_235' title='bbox 1311 358 1542 391; x_wconf 72' lang='lat' dir='ltr'>cathedralium</span> <span class='ocrx_word' id='word_1_236' title='bbox 1558 356 1745 400; x_wconf 80' lang='lat' dir='ltr'>insignium,</span> 
     </span>
     <span class='ocr_line' id='line_1_52' title="bbox 994 412 1747 462; baseline 0.003 -18"><span class='ocrx_word' id='word_1_237' title='bbox 994 412 1089 445; x_wconf 87' lang='lat' dir='ltr'>statui</span> <span class='ocrx_word' id='word_1_238' title='bbox 1110 418 1139 444; x_wconf 87' lang='lat' dir='ltr'>et</span> <span class='ocrx_word' id='word_1_239' title='bbox 1161 412 1270 445; x_wconf 73' lang='lat' dir='ltr'>decori</span> <span class='ocrx_word' id='word_1_240' title='bbox 1286 413 1423 446; x_wconf 78' lang='lat' dir='ltr'>maxime</span> <span class='ocrx_word' id='word_1_241' title='bbox 1439 412 1626 446; x_wconf 73' lang='lat' dir='ltr'>conveniat:</span> <span class='ocrx_word' id='word_1_242' title='bbox 1648 417 1747 462; x_wconf 84' lang='lat' dir='ltr'>atque</span> 
     </span>
     <span class='ocr_line' id='line_1_53' title="bbox 994 465 1747 510; baseline 0.003 -13"><span class='ocrx_word' id='word_1_243' title='bbox 994 466 1056 498; x_wconf 90' lang='lat' dir='ltr'>hoc</span> <span class='ocrx_word' id='word_1_244' title='bbox 1076 465 1206 509; x_wconf 86' lang='lat' dir='ltr'>quidem</span> <span class='ocrx_word' id='word_1_245' title='bbox 1232 471 1318 499; x_wconf 86' lang='lat' dir='ltr'>tanto</span> <span class='ocrx_word' id='word_1_246' title='bbox 1346 467 1509 499; x_wconf 72' lang='lat' dir='ltr'>libeialius</span> <span class='ocrx_word' id='word_1_247' title='bbox 1543 465 1747 510; x_wconf 86' lang='lat' dir='ltr'>promptius-</span> 
     </span>
     <span class='ocr_line' id='line_1_54' title="bbox 994 519 1746 574; baseline 0.001 -23"><span class='ocrx_word' id='word_1_248' title='bbox 994 529 1057 562; x_wconf 88' lang='lat' dir='ltr'>que</span> <span class='ocrx_word' id='word_1_249' title='bbox 1075 519 1255 551; x_wconf 69' lang='lat' dir='ltr'>ornandum</span> <span class='ocrx_word' id='word_1_250' title='bbox 1278 530 1457 560; x_wconf 69' lang='lat' dir='ltr'>censemus,</span> <span class='ocrx_word' id='word_1_251' title='bbox 1495 524 1634 574; x_wconf 85' lang='lat' dir='ltr'>quanto</span> <span class='ocrx_word' id='word_1_252' title='bbox 1643 519 1746 563; x_wconf 83' lang='lat' dir='ltr'>magis</span> 
     </span>
     <span class='ocr_line' id='line_1_55' title="bbox 994 572 1746 618; baseline 0.003 -13"><span class='ocrx_word' id='word_1_253' title='bbox 994 572 1156 606; x_wconf 69' lang='lat' dir='ltr'>cixitatum</span> <span class='ocrx_word' id='word_1_254' title='bbox 1173 573 1353 614; x_wconf 67' lang='lat' dir='ltr'>eelebrzitis,</span> <span class='ocrx_word' id='word_1_255' title='bbox 1385 585 1421 606; x_wconf 84' lang='lat' dir='ltr'>ac</span> <span class='ocrx_word' id='word_1_256' title='bbox 1446 574 1562 607; x_wconf 87' lang='lat' dir='ltr'>civium</span> <span class='ocrx_word' id='word_1_257' title='bbox 1588 579 1618 607; x_wconf 83' lang='lat' dir='ltr'>et</span> <span class='ocrx_word' id='word_1_258' title='bbox 1642 584 1746 618; x_wconf 87' lang='lat' dir='ltr'>popu-</span> 
     </span>
     <span class='ocr_line' id='line_1_56' title="bbox 994 626 1747 671; baseline 0.003 -13"><span class='ocrx_word' id='word_1_259' title='bbox 994 626 1043 659; x_wconf 93' lang='grc'>101</span> <span class='ocrx_word' id='word_1_260' title='bbox 1046 637 1099 658; x_wconf 90' lang='lat' dir='ltr'>um</span> <span class='ocrx_word' id='word_1_261' title='bbox 1121 637 1254 660; x_wconf 90' lang='lat' dir='ltr'>suorum</span> <span class='ocrx_word' id='word_1_262' title='bbox 1275 632 1345 659; x_wconf 57' lang='lat' dir='ltr'>iota</span> <span class='ocrx_word' id='word_1_263' title='bbox 1366 627 1396 659; x_wconf 88' lang='lat' dir='ltr'>id</span> <span class='ocrx_word' id='word_1_264' title='bbox 1424 632 1611 671; x_wconf 81' lang='lat' dir='ltr'>exposcunt3</span> <span class='ocrx_word' id='word_1_265' title='bbox 1633 637 1671 660; x_wconf 86' lang='lat' dir='ltr'>ac</span> <span class='ocrx_word' id='word_1_266' title='bbox 1695 627 1747 667; x_wconf 51' lang='lat' dir='ltr'>di-¹</span> 
     </span>
     <span class='ocr_line' id='line_1_57' title="bbox 992 679 1745 724; baseline 0.004 -13"><span class='ocrx_word' id='word_1_267' title='bbox 992 679 1067 712; x_wconf 81' lang='lat' dir='ltr'>vino</span> <span class='ocrx_word' id='word_1_268' title='bbox 1091 679 1163 712; x_wconf 78' lang='lat' dir='ltr'>ffiui</span> <span class='ocrx_word' id='word_1_269' title='bbox 1188 680 1348 722; x_wconf 79' lang='lat' dir='ltr'>praesidio</span> <span class='ocrx_word' id='word_1_270' title='bbox 1369 680 1456 713; x_wconf 87' lang='lat' dir='ltr'>Illius</span> <span class='ocrx_word' id='word_1_271' title='bbox 1482 681 1538 724; x_wconf 86' lang='lat' dir='ltr'>qui</span> <span class='ocrx_word' id='word_1_272' title='bbox 1563 686 1680 714; x_wconf 88' lang='lat' dir='ltr'>cuncta</span> <span class='ocrx_word' id='word_1_273' title='bbox 1708 691 1745 714; x_wconf 72' lang='lat' dir='ltr'>m&lt;</span> 
     </span>
     <span class='ocr_line' id='line_1_58' title="bbox 993 733 1745 778; baseline 0.003 -13"><span class='ocrx_word' id='word_1_274' title='bbox 993 744 1050 766; x_wconf 87' lang='lat' dir='ltr'>sua</span> <span class='ocrx_word' id='word_1_275' title='bbox 1073 733 1270 775; x_wconf 75' lang='lat' dir='ltr'>benignitate</span> <span class='ocrx_word' id='word_1_276' title='bbox 1291 734 1330 766; x_wconf 86' lang='lat' dir='ltr'>ad</span> <span class='ocrx_word' id='word_1_277' title='bbox 1354 734 1457 767; x_wconf 80' lang='lat' dir='ltr'>fidelis</span> <span class='ocrx_word' id='word_1_278' title='bbox 1472 734 1644 778; x_wconf 90' lang='lat' dir='ltr'>populisui</span> <span class='ocrx_word' id='word_1_279' title='bbox 1659 735 1745 768; x_wconf 88' lang='lat' dir='ltr'>salu-</span> 
     </span>
     <span class='ocr_line' id='line_1_59' title="bbox 993 786 1744 832; baseline 0.005 -15"><span class='ocrx_word' id='word_1_280' title='bbox 993 789 1057 818; x_wconf 88' lang='lat' dir='ltr'>tem</span> <span class='ocrx_word' id='word_1_281' title='bbox 1077 786 1231 829; x_wconf 78' lang='lat' dir='ltr'>disponit,</span> <span class='ocrx_word' id='word_1_282' title='bbox 1254 788 1293 820; x_wconf 87' lang='lat' dir='ltr'>ad</span> <span class='ocrx_word' id='word_1_283' title='bbox 1318 798 1366 828; x_wconf 88' lang='lat' dir='ltr'>ca,</span> <span class='ocrx_word' id='word_1_284' title='bbox 1389 799 1471 832; x_wconf 86' lang='lat' dir='ltr'>quae</span> <span class='ocrx_word' id='word_1_285' title='bbox 1492 788 1532 822; x_wconf 88' lang='lat' dir='ltr'>ad</span> <span class='ocrx_word' id='word_1_286' title='bbox 1558 788 1744 832; x_wconf 77' lang='lat' dir='ltr'>dignitatem</span> 
     </span>
     <span class='ocr_line' id='line_1_60' title="bbox 993 841 1744 884; baseline 0.003 -13"><span class='ocrx_word' id='word_1_287' title='bbox 993 843 1023 871; x_wconf 86' lang='lat' dir='ltr'>et</span> <span class='ocrx_word' id='word_1_288' title='bbox 1043 843 1158 872; x_wconf 86' lang='lat' dir='ltr'>statum</span> <span class='ocrx_word' id='word_1_289' title='bbox 1180 841 1388 874; x_wconf 80' lang='lat' dir='ltr'>ecclesiarum</span> <span class='ocrx_word' id='word_1_290' title='bbox 1410 841 1594 874; x_wconf 82' lang='lat' dir='ltr'>liuiusmoui</span> <span class='ocrx_word' id='word_1_291' title='bbox 1622 851 1744 884; x_wconf 82' lang='lat' dir='ltr'>augen-</span> 
     </span>
     <span class='ocr_line' id='line_1_61' title="bbox 993 891 1746 939; baseline 0.005 -15"><span class='ocrx_word' id='word_1_292' title='bbox 993 891 1069 924; x_wconf 89' lang='lat' dir='ltr'>dum</span> <span class='ocrx_word' id='word_1_293' title='bbox 1089 893 1266 936; x_wconf 77' lang='lat' dir='ltr'>pertinent,</span> <span class='ocrx_word' id='word_1_294' title='bbox 1288 894 1384 928; x_wconf 78' lang='lat' dir='ltr'>officii</span> <span class='ocrx_word' id='word_1_295' title='bbox 1406 895 1506 928; x_wconf 84' lang='lat' dir='ltr'>nostri</span> <span class='ocrx_word' id='word_1_296' title='bbox 1516 901 1622 939; x_wconf 83' lang='lat' dir='ltr'>partes</span> <span class='ocrx_word' id='word_1_297' title='bbox 1645 895 1746 928; x_wconf 85' lang='lat' dir='ltr'>liben-</span> 
     </span>
     <span class='ocr_line' id='line_1_62' title="bbox 993 947 1745 992; baseline 0.004 -14"><span class='ocrx_word' id='word_1_298' title='bbox 993 951 1041 978; x_wconf 88' lang='lat' dir='ltr'>ter</span> <span class='ocrx_word' id='word_1_299' title='bbox 1061 947 1287 989; x_wconf 85' lang='lat' dir='ltr'>convertimus,</span> <span class='ocrx_word' id='word_1_300' title='bbox 1317 954 1414 992; x_wconf 88' lang='lat' dir='ltr'>prout</span> <span class='ocrx_word' id='word_1_301' title='bbox 1453 949 1678 992; x_wconf 82' lang='lat' dir='ltr'>cognoscimus</span> <span class='ocrx_word' id='word_1_302' title='bbox 1713 949 1745 981; x_wconf 89' lang='lat' dir='ltr'>in</span> 
     </span>
     <span class='ocr_line' id='line_1_63' title="bbox 992 999 1507 1046; baseline 0.008 -14"><span class='ocrx_word' id='word_1_303' title='bbox 992 999 1128 1034; x_wconf 90' lang='lat' dir='ltr'>Domino</span> <span class='ocrx_word' id='word_1_304' title='bbox 1148 1002 1322 1035; x_wconf 83' lang='lat' dir='ltr'>salubriter</span> <span class='ocrx_word' id='word_1_305' title='bbox 1346 1003 1507 1046; x_wconf 81' lang='lat' dir='ltr'>expedire.</span> 
     </span>
    </p>

    <p class='ocr_par' dir='ltr' id='par_1_21' title="bbox 985 1054 1746 2430">
     <span class='ocr_line' id='line_1_64' title="bbox 1036 1054 1746 1099; baseline 0.003 -12"><span class='ocrx_word' id='word_1_306' title='bbox 1036 1054 1051 1097; x_wconf 61' lang='lat' dir='ltr'>g</span> <span class='ocrx_word' id='word_1_307' title='bbox 1071 1054 1104 1087; x_wconf 83' lang='lat' dir='ltr'>‘l.</span> <span class='ocrx_word' id='word_1_308' title='bbox 1145 1055 1225 1088; x_wconf 85' lang='lat' dir='ltr'>Cum</span> <span class='ocrx_word' id='word_1_309' title='bbox 1250 1056 1359 1099; x_wconf 87' lang='lat' dir='ltr'>itaque</span> <span class='ocrx_word' id='word_1_310' title='bbox 1381 1057 1517 1090; x_wconf 85' lang='lat' dir='ltr'>ecclesia</span> <span class='ocrx_word' id='word_1_311' title='bbox 1536 1056 1746 1090; x_wconf 74' lang='lat' dir='ltr'>Bononiensis</span> 
     </span>
     <span class='ocr_line' id='line_1_65' title="bbox 992 1106 1744 1153; baseline 0.005 -13"><span class='ocrx_word' id='word_1_312' title='bbox 992 1106 1066 1141; x_wconf 88' lang='lat' dir='ltr'>Sedi</span> <span class='ocrx_word' id='word_1_313' title='bbox 1086 1109 1288 1153; x_wconf 81' lang='lat' dir='ltr'>Apostolicac</span> <span class='ocrx_word' id='word_1_314' title='bbox 1308 1111 1491 1144; x_wconf 78' lang='lat' dir='ltr'>immediate</span> <span class='ocrx_word' id='word_1_315' title='bbox 1516 1111 1671 1150; x_wconf 85' lang='lat' dir='ltr'>subiecta,</span> <span class='ocrx_word' id='word_1_316' title='bbox 1693 1112 1744 1145; x_wconf 85' lang='lat' dir='ltr'>cui</span> 
     </span>
     <span class='ocr_line' id='line_1_66' title="bbox 992 1161 1744 1199; baseline 0.005 -5"><span class='ocrx_word' id='word_1_317' title='bbox 992 1161 1127 1196; x_wconf 86' lang='lat' dir='ltr'>dilectus</span> <span class='ocrx_word' id='word_1_318' title='bbox 1144 1164 1228 1197; x_wconf 84' lang='lat' dir='ltr'>filius</span> <span class='ocrx_word' id='word_1_319' title='bbox 1242 1170 1351 1198; x_wconf 86' lang='lat' dir='ltr'>noster</span> <span class='ocrx_word' id='word_1_320' title='bbox 1371 1164 1499 1198; x_wconf 86' lang='lat' dir='ltr'>Gabriel</span> <span class='ocrx_word' id='word_1_321' title='bbox 1518 1165 1603 1198; x_wconf 86' lang='lat' dir='ltr'>tituli</span> <span class='ocrx_word' id='word_1_322' title='bbox 1617 1165 1648 1198; x_wconf 92' lang='lat' dir='ltr'>S.</span> <span class='ocrx_word' id='word_1_323' title='bbox 1664 1166 1744 1199; x_wconf 85' lang='lat' dir='ltr'>Mar-</span> 
     </span>
     <span class='ocr_line' id='line_1_67' title="bbox 992 1216 1744 1262; baseline 0.004 -13"><span class='ocrx_word' id='word_1_324' title='bbox 992 1216 1051 1249; x_wconf 91' lang='lat' dir='ltr'>tini</span> <span class='ocrx_word' id='word_1_325' title='bbox 1076 1217 1109 1250; x_wconf 90' lang='lat' dir='ltr'>in</span> <span class='ocrx_word' id='word_1_326' title='bbox 1128 1218 1290 1251; x_wconf 88' lang='lat' dir='ltr'>Montibus</span> <span class='ocrx_word' id='word_1_327' title='bbox 1310 1219 1477 1262; x_wconf 67' lang='lat' dir='ltr'>presbyter</span> <span class='ocrx_word' id='word_1_328' title='bbox 1494 1219 1664 1253; x_wconf 73' lang='lat' dir='ltr'>cardinalis</span> <span class='ocrx_word' id='word_1_329' title='bbox 1686 1220 1744 1253; x_wconf 87' lang='lat' dir='ltr'>Pa—</span> 
     </span>
     <span class='ocr_line' id='line_1_68' title="bbox 992 1270 1746 1317; baseline 0.004 -14"><span class='ocrx_word' id='word_1_330' title='bbox 992 1270 1109 1304; x_wconf 91' lang='lat' dir='ltr'>leottus</span> <span class='ocrx_word' id='word_1_331' title='bbox 1133 1277 1341 1315; x_wconf 91' lang='lat' dir='ltr'>nuncupatus</span> <span class='ocrx_word' id='word_1_332' title='bbox 1361 1282 1398 1304; x_wconf 84' lang='lat' dir='ltr'>ex</span> <span class='ocrx_word' id='word_1_333' title='bbox 1415 1271 1653 1315; x_wconf 80' lang='lat' dir='ltr'>dispensatione</span> <span class='ocrx_word' id='word_1_334' title='bbox 1669 1283 1746 1317; x_wconf 86' lang='lat' dir='ltr'>apo-</span> 
     </span>
     <span class='ocr_line' id='line_1_69' title="bbox 992 1324 1743 1369; baseline 0.004 -12"><span class='ocrx_word' id='word_1_335' title='bbox 992 1324 1105 1358; x_wconf 85' lang='lat' dir='ltr'>stolica</span> <span class='ocrx_word' id='word_1_336' title='bbox 1124 1330 1251 1368; x_wconf 55' lang='lat' dir='ltr'>praeest,</span> <span class='ocrx_word' id='word_1_337' title='bbox 1278 1330 1308 1358; x_wconf 88' lang='lat' dir='ltr'>et</span> <span class='ocrx_word' id='word_1_338' title='bbox 1328 1335 1422 1368; x_wconf 78' lang='lat' dir='ltr'>quae,</span> <span class='ocrx_word' id='word_1_339' title='bbox 1451 1325 1483 1358; x_wconf 92' lang='lat' dir='ltr'>in</span> <span class='ocrx_word' id='word_1_340' title='bbox 1503 1326 1617 1369; x_wconf 88' lang='lat' dir='ltr'>primis</span> <span class='ocrx_word' id='word_1_341' title='bbox 1637 1327 1743 1360; x_wconf 82' lang='lat' dir='ltr'>Sancti</span> 
     </span>
     <span class='ocr_line' id='line_1_70' title="bbox 991 1377 1744 1423; baseline 0.004 -12"><span class='ocrx_word' id='word_1_342' title='bbox 991 1377 1133 1412; x_wconf 87' lang='lat' dir='ltr'>Petronii</span> <span class='ocrx_word' id='word_1_343' title='bbox 1158 1378 1301 1423; x_wconf 87' lang='lat' dir='ltr'>episcopi</span> <span class='ocrx_word' id='word_1_344' title='bbox 1322 1385 1353 1412; x_wconf 83' lang='lat' dir='ltr'>et</span> <span class='ocrx_word' id='word_1_345' title='bbox 1370 1379 1560 1422; x_wconf 84' lang='lat' dir='ltr'>protectoris</span> <span class='ocrx_word' id='word_1_346' title='bbox 1582 1380 1744 1414; x_wconf 83' lang='lat' dir='ltr'>Bononiae</span> 
     </span>
     <span class='ocr_line' id='line_1_71' title="bbox 991 1431 1742 1477; baseline 0.003 -13"><span class='ocrx_word' id='word_1_347' title='bbox 991 1431 1276 1466; x_wconf 87' lang='lat' dir='ltr'>intercessionibus</span> <span class='ocrx_word' id='word_1_348' title='bbox 1295 1438 1326 1466; x_wconf 85' lang='lat' dir='ltr'>et</span> <span class='ocrx_word' id='word_1_349' title='bbox 1342 1433 1477 1473; x_wconf 87' lang='lat' dir='ltr'>meritis,</span> <span class='ocrx_word' id='word_1_350' title='bbox 1504 1433 1592 1466; x_wconf 91' lang='lat' dir='ltr'>omni</span> <span class='ocrx_word' id='word_1_351' title='bbox 1612 1433 1742 1477; x_wconf 89' lang='lat' dir='ltr'>quidem</span> 
     </span>
     <span class='ocr_line' id='line_1_72' title="bbox 991 1486 1742 1530; baseline 0 -11"><span class='ocrx_word' id='word_1_352' title='bbox 991 1491 1148 1530; x_wconf 86' lang='lat' dir='ltr'>tempore,</span> <span class='ocrx_word' id='word_1_353' title='bbox 1169 1486 1295 1519; x_wconf 83' lang='lat' dir='ltr'>divinae</span> <span class='ocrx_word' id='word_1_354' title='bbox 1314 1486 1442 1530; x_wconf 79' lang='lat' dir='ltr'>pietatis</span> <span class='ocrx_word' id='word_1_355' title='bbox 1454 1487 1661 1528; x_wconf 84' lang='lat' dir='ltr'>abundantia,</span> <span class='ocrx_word' id='word_1_356' title='bbox 1676 1498 1742 1520; x_wconf 90' lang='lat' dir='ltr'>ma-</span> 
     </span>
     <span class='ocr_line' id='line_1_73' title="bbox 990 1539 1742 1584; baseline 0.001 -11"><span class='ocrx_word' id='word_1_357' title='bbox 990 1539 1062 1582; x_wconf 80' lang='lat' dir='ltr'>gnis</span> <span class='ocrx_word' id='word_1_358' title='bbox 1087 1540 1263 1584; x_wconf 86' lang='lat' dir='ltr'>multisque</span> <span class='ocrx_word' id='word_1_359' title='bbox 1287 1541 1486 1578; x_wconf 81' lang='lat' dir='ltr'>ornamentis</span> <span class='ocrx_word' id='word_1_360' title='bbox 1511 1541 1650 1582; x_wconf 80' lang='lat' dir='ltr'>exculta,</span> <span class='ocrx_word' id='word_1_361' title='bbox 1678 1551 1742 1574; x_wconf 92' lang='lat' dir='ltr'>non</span> 
     </span>
     <span class='ocr_line' id='line_1_74' title="bbox 990 1593 1742 1637; baseline 0.004 -12"><span class='ocrx_word' id='word_1_362' title='bbox 990 1593 1086 1627; x_wconf 87' lang='lat' dir='ltr'>modo</span> <span class='ocrx_word' id='word_1_363' title='bbox 1108 1593 1264 1627; x_wconf 86' lang='lat' dir='ltr'>dioecesis</span> <span class='ocrx_word' id='word_1_364' title='bbox 1284 1594 1505 1637; x_wconf 80' lang='lat' dir='ltr'>magnitudine</span> <span class='ocrx_word' id='word_1_365' title='bbox 1525 1594 1599 1627; x_wconf 89' lang='lat' dir='ltr'>satis</span> <span class='ocrx_word' id='word_1_366' title='bbox 1619 1594 1651 1627; x_wconf 90' lang='lat' dir='ltr'>in</span> <span class='ocrx_word' id='word_1_367' title='bbox 1675 1606 1742 1628; x_wconf 89' lang='lat' dir='ltr'>om-</span> 
     </span>
     <span class='ocr_line' id='line_1_75' title="bbox 990 1647 1741 1692; baseline 0.003 -12"><span class='ocrx_word' id='word_1_368' title='bbox 990 1656 1064 1680; x_wconf 89' lang='lat' dir='ltr'>nem</span> <span class='ocrx_word' id='word_1_369' title='bbox 1089 1652 1213 1690; x_wconf 87' lang='lat' dir='ltr'>partem</span> <span class='ocrx_word' id='word_1_370' title='bbox 1238 1652 1363 1692; x_wconf 86' lang='lat' dir='ltr'>patens,</span> <span class='ocrx_word' id='word_1_371' title='bbox 1385 1647 1441 1680; x_wconf 87' lang='lat' dir='ltr'>sed</span> <span class='ocrx_word' id='word_1_372' title='bbox 1466 1648 1544 1681; x_wconf 89' lang='lat' dir='ltr'>cleri</span> <span class='ocrx_word' id='word_1_373' title='bbox 1564 1648 1741 1692; x_wconf 88' lang='lat' dir='ltr'>populique</span> 
     </span>
     <span class='ocr_line' id='line_1_76' title="bbox 988 1701 1739 1746; baseline 0.001 -12"><span class='ocrx_word' id='word_1_374' title='bbox 988 1701 1119 1744; x_wconf 88' lang='lat' dir='ltr'>pietate,</span> <span class='ocrx_word' id='word_1_375' title='bbox 1141 1701 1297 1744; x_wconf 82' lang='lat' dir='ltr'>dignitate</span> <span class='ocrx_word' id='word_1_376' title='bbox 1317 1707 1349 1735; x_wconf 91' lang='lat' dir='ltr'>et</span> <span class='ocrx_word' id='word_1_377' title='bbox 1371 1701 1583 1746; x_wconf 79' lang='lat' dir='ltr'>amplitudine</span> <span class='ocrx_word' id='word_1_378' title='bbox 1609 1702 1739 1742; x_wconf 84' lang='lat' dir='ltr'>ssorens,</span> 
     </span>
     <span class='ocr_line' id='line_1_77' title="bbox 989 1753 1740 1799; baseline 0 -11"><span class='ocrx_word' id='word_1_379' title='bbox 989 1753 1219 1799; x_wconf 80' lang='lat' dir='ltr'>episcoporum</span> <span class='ocrx_word' id='word_1_380' title='bbox 1249 1765 1378 1799; x_wconf 87' lang='lat' dir='ltr'>quoque</span> <span class='ocrx_word' id='word_1_381' title='bbox 1411 1755 1525 1789; x_wconf 88' lang='lat' dir='ltr'>ordine</span> <span class='ocrx_word' id='word_1_382' title='bbox 1564 1755 1740 1789; x_wconf 84' lang='lat' dir='ltr'>succeden-</span> 
     </span>
     <span class='ocr_line' id='line_1_78' title="bbox 988 1806 1740 1852; baseline 0.001 -12"><span class='ocrx_word' id='word_1_383' title='bbox 988 1806 1083 1849; x_wconf 90' lang='lat' dir='ltr'>tium,</span> <span class='ocrx_word' id='word_1_384' title='bbox 1105 1818 1187 1852; x_wconf 88' lang='lat' dir='ltr'>quos</span> <span class='ocrx_word' id='word_1_385' title='bbox 1207 1809 1284 1842; x_wconf 88' lang='lat' dir='ltr'>item</span> <span class='ocrx_word' id='word_1_386' title='bbox 1304 1808 1423 1841; x_wconf 88' lang='lat' dir='ltr'>multos</span> <span class='ocrx_word' id='word_1_387' title='bbox 1439 1808 1479 1841; x_wconf 86' lang='lat' dir='ltr'>ab</span> <span class='ocrx_word' id='word_1_388' title='bbox 1495 1807 1587 1841; x_wconf 90' lang='lat' dir='ltr'>initio</span> <span class='ocrx_word' id='word_1_389' title='bbox 1604 1808 1671 1842; x_wconf 82' lang='lat' dir='ltr'>fere</span> <span class='ocrx_word' id='word_1_390' title='bbox 1685 1819 1740 1841; x_wconf 84' lang='lat' dir='ltr'>na-</span> 
     </span>
     <span class='ocr_line' id='line_1_79' title="bbox 987 1861 1739 1906; baseline 0.001 -12"><span class='ocrx_word' id='word_1_391' title='bbox 987 1862 1291 1906; x_wconf 83' lang='lat' dir='ltr'>scentisreligionis‚</span> <span class='ocrx_word' id='word_1_392' title='bbox 1314 1862 1526 1896; x_wconf 82' lang='lat' dir='ltr'>saevientibus</span> <span class='ocrx_word' id='word_1_393' title='bbox 1542 1861 1648 1895; x_wconf 83' lang='lat' dir='ltr'>adhuc</span> <span class='ocrx_word' id='word_1_394' title='bbox 1666 1862 1739 1895; x_wconf 85' lang='lat' dir='ltr'>infi-</span> 
     </span>
     <span class='ocr_line' id='line_1_80' title="bbox 987 1915 1739 1961; baseline 0 -12"><span class='ocrx_word' id='word_1_395' title='bbox 987 1916 1110 1950; x_wconf 89' lang='lat' dir='ltr'>delium</span> <span class='ocrx_word' id='word_1_396' title='bbox 1134 1916 1425 1961; x_wconf 79' lang='lat' dir='ltr'>persecutionibus,</span> <span class='ocrx_word' id='word_1_397' title='bbox 1448 1915 1523 1949; x_wconf 82' lang='lat' dir='ltr'>fidei</span> <span class='ocrx_word' id='word_1_398' title='bbox 1554 1916 1739 1950; x_wconf 85' lang='lat' dir='ltr'>defensores</span> 
     </span>
     <span class='ocr_line' id='line_1_81' title="bbox 986 1968 1738 2012; baseline -0.001 -9"><span class='ocrx_word' id='word_1_399' title='bbox 986 1975 1017 2003; x_wconf 86' lang='lat' dir='ltr'>et</span> <span class='ocrx_word' id='word_1_400' title='bbox 1035 1970 1069 2003; x_wconf 92' lang='lat' dir='ltr'>in</span> <span class='ocrx_word' id='word_1_401' title='bbox 1089 1975 1275 2004; x_wconf 87' lang='lat' dir='ltr'>sanctorum</span> <span class='ocrx_word' id='word_1_402' title='bbox 1296 1969 1457 2003; x_wconf 88' lang='lat' dir='ltr'>consortio</span> <span class='ocrx_word' id='word_1_403' title='bbox 1478 1968 1657 2012; x_wconf 88' lang='lat' dir='ltr'>adscriptos</span> <span class='ocrx_word' id='word_1_404' title='bbox 1679 1969 1738 2002; x_wconf 88' lang='lat' dir='ltr'>ha-</span> 
     </span>
     <span class='ocr_line' id='line_1_82' title="bbox 985 2023 1737 2065; baseline -0.001 -9"><span class='ocrx_word' id='word_1_405' title='bbox 985 2023 1050 2063; x_wconf 85' lang='lat' dir='ltr'>bet,</span> <span class='ocrx_word' id='word_1_406' title='bbox 1067 2035 1205 2058; x_wconf 87' lang='lat' dir='ltr'>numero</span> <span class='ocrx_word' id='word_1_407' title='bbox 1224 2024 1371 2063; x_wconf 83' lang='lat' dir='ltr'>affluens,</span> <span class='ocrx_word' id='word_1_408' title='bbox 1393 2032 1556 2056; x_wconf 88' lang='lat' dir='ltr'>sacrarum</span> <span class='ocrx_word' id='word_1_409' title='bbox 1572 2028 1737 2065; x_wconf 82' lang='lat' dir='ltr'>praeterea</span> 
     </span>
     <span class='ocr_line' id='line_1_83' title="bbox 985 2076 1738 2122; baseline 0.001 -12"><span class='ocrx_word' id='word_1_410' title='bbox 985 2078 1199 2122; x_wconf 85' lang='lat' dir='ltr'>reliquiarum</span> <span class='ocrx_word' id='word_1_411' title='bbox 1214 2078 1308 2122; x_wconf 83' lang='lat' dir='ltr'>copia</span> <span class='ocrx_word' id='word_1_412' title='bbox 1331 2077 1511 2118; x_wconf 84' lang='lat' dir='ltr'>abundans,</span> <span class='ocrx_word' id='word_1_413' title='bbox 1532 2076 1738 2120; x_wconf 79' lang='lat' dir='ltr'>religiosissi-</span> 
     </span>
     <span class='ocr_line' id='line_1_84' title="bbox 985 2131 1736 2177; baseline 0 -12"><span class='ocrx_word' id='word_1_414' title='bbox 985 2133 1047 2166; x_wconf 90' lang='lat' dir='ltr'>mis</span> <span class='ocrx_word' id='word_1_415' title='bbox 1066 2144 1198 2177; x_wconf 87' lang='lat' dir='ltr'>quoque</span> <span class='ocrx_word' id='word_1_416' title='bbox 1217 2132 1357 2176; x_wconf 84' lang='lat' dir='ltr'>templis,</span> <span class='ocrx_word' id='word_1_417' title='bbox 1392 2131 1544 2172; x_wconf 81' lang='lat' dir='ltr'>basilicis,</span> <span class='ocrx_word' id='word_1_418' title='bbox 1575 2136 1736 2165; x_wconf 83' lang='lat' dir='ltr'>monaste-</span> 
     </span>
     <span class='ocr_line' id='line_1_85' title="bbox 985 2185 1736 2231; baseline 0 -13"><span class='ocrx_word' id='word_1_419' title='bbox 985 2185 1053 2228; x_wconf 87' lang='lat' dir='ltr'>riis,</span> <span class='ocrx_word' id='word_1_420' title='bbox 1075 2187 1156 2221; x_wconf 85' lang='lat' dir='ltr'>locis</span> <span class='ocrx_word' id='word_1_421' title='bbox 1176 2186 1237 2231; x_wconf 89' lang='lat' dir='ltr'>piis</span> <span class='ocrx_word' id='word_1_422' title='bbox 1272 2191 1302 2220; x_wconf 90' lang='lat' dir='ltr'>et</span> <span class='ocrx_word' id='word_1_423' title='bbox 1321 2185 1404 2227; x_wconf 86' lang='lat' dir='ltr'>aliis,</span> <span class='ocrx_word' id='word_1_424' title='bbox 1430 2195 1513 2228; x_wconf 84' lang='lat' dir='ltr'>quae</span> <span class='ocrx_word' id='word_1_425' title='bbox 1546 2185 1586 2218; x_wconf 88' lang='lat' dir='ltr'>ad</span> <span class='ocrx_word' id='word_1_426' title='bbox 1605 2195 1736 2219; x_wconf 88' lang='lat' dir='ltr'>omnem</span> 
     </span>
     <span class='ocr_line' id='line_1_86' title="bbox 985 2238 1737 2283; baseline 0.001 -11"><span class='ocrx_word' id='word_1_427' title='bbox 985 2239 1130 2274; x_wconf 88' lang='lat' dir='ltr'>eiusdem</span> <span class='ocrx_word' id='word_1_428' title='bbox 1156 2240 1233 2273; x_wconf 89' lang='lat' dir='ltr'>cleri</span> <span class='ocrx_word' id='word_1_429' title='bbox 1259 2239 1436 2283; x_wconf 88' lang='lat' dir='ltr'>populique</span> <span class='ocrx_word' id='word_1_430' title='bbox 1451 2238 1737 2273; x_wconf 87' lang='lat' dir='ltr'>Bononiensislau-</span> 
     </span>
     <span class='ocr_line' id='line_1_87' title="bbox 985 2292 1736 2337; baseline -0.001 -10"><span class='ocrx_word' id='word_1_431' title='bbox 985 2293 1057 2327; x_wconf 88' lang='lat' dir='ltr'>dem</span> <span class='ocrx_word' id='word_1_432' title='bbox 1088 2294 1227 2337; x_wconf 82' lang='lat' dir='ltr'>insignia</span> <span class='ocrx_word' id='word_1_433' title='bbox 1255 2299 1349 2333; x_wconf 85' lang='lat' dir='ltr'>sunt,</span> <span class='ocrx_word' id='word_1_434' title='bbox 1380 2292 1507 2336; x_wconf 86' lang='lat' dir='ltr'>pietatis</span> <span class='ocrx_word' id='word_1_435' title='bbox 1542 2292 1736 2327; x_wconf 87' lang='lat' dir='ltr'>christianae</span> 
     </span>
     <span class='ocr_line' id='line_1_88' title="bbox 986 2347 1736 2392; baseline 0.001 -12"><span class='ocrx_word' id='word_1_436' title='bbox 986 2348 1193 2381; x_wconf 85' lang='lat' dir='ltr'>monimentis</span> <span class='ocrx_word' id='word_1_437' title='bbox 1221 2353 1347 2389; x_wconf 85' lang='lat' dir='ltr'>ornata,</span> <span class='ocrx_word' id='word_1_438' title='bbox 1380 2347 1470 2381; x_wconf 86' lang='lat' dir='ltr'>valde</span> <span class='ocrx_word' id='word_1_439' title='bbox 1506 2357 1566 2391; x_wconf 89' lang='lat' dir='ltr'>per</span> <span class='ocrx_word' id='word_1_440' title='bbox 1602 2357 1637 2381; x_wconf 86' lang='lat' dir='ltr'>se</span> <span class='ocrx_word' id='word_1_441' title='bbox 1666 2347 1736 2392; x_wconf 86' lang='lat' dir='ltr'>ipsa</span> 
     </span>
     <span class='ocr_line' id='line_1_89' title="bbox 985 2397 1121 2430; baseline 0 -1"><span class='ocrx_word' id='word_1_442' title='bbox 985 2397 1121 2430; x_wconf 89' lang='lat' dir='ltr'>eluceat.</span> 
     </span>
    </p>

    <p class='ocr_par' dir='ltr' id='par_1_22' title="bbox 984 2445 1736 2586">
     <span class='ocr_line' id='line_1_90' title="bbox 1029 2445 1735 2489; baseline 0.004 -11.004"><span class='ocrx_word' id='word_1_443' title='bbox 1029 2446 1045 2478; x_wconf 70' lang='lat' dir='ltr'>S</span> <span class='ocrx_word' id='word_1_444' title='bbox 1064 2445 1095 2478; x_wconf 72' lang='lat'>⁶3.</span> <span class='ocrx_word' id='word_1_445' title='bbox 1123 2445 1266 2489; x_wconf 84' lang='lat' dir='ltr'>Cumque</span> <span class='ocrx_word' id='word_1_446' title='bbox 1287 2445 1395 2479; x_wconf 82' lang='lat' dir='ltr'>civitas</span> <span class='ocrx_word' id='word_1_447' title='bbox 1414 2445 1484 2489; x_wconf 87' lang='lat' dir='ltr'>ipsa</span> <span class='ocrx_word' id='word_1_448' title='bbox 1503 2445 1568 2480; x_wconf 87' lang='lat' dir='ltr'>iam</span> <span class='ocrx_word' id='word_1_449' title='bbox 1587 2445 1663 2480; x_wconf 88' lang='lat' dir='ltr'>inde</span> <span class='ocrx_word' id='word_1_450' title='bbox 1679 2458 1735 2481; x_wconf 87' lang='lat' dir='ltr'>us-</span> 
     </span>
     <span class='ocr_line' id='line_1_91' title="bbox 984 2494 1736 2539; baseline 0.004 -13"><span class='ocrx_word' id='word_1_451' title='bbox 984 2505 1046 2537; x_wconf 85' lang='lat' dir='ltr'>que</span> <span class='ocrx_word' id='word_1_452' title='bbox 1068 2505 1085 2526; x_wconf 89' lang='lat' dir='ltr'>a</span> <span class='ocrx_word' id='word_1_453' title='bbox 1105 2494 1285 2529; x_wconf 69' lang='lat' dir='ltr'>Theudosio</span> <span class='ocrx_word' id='word_1_454' title='bbox 1310 2495 1506 2539; x_wconf 87' lang='lat' dir='ltr'>imperatore</span> <span class='ocrx_word' id='word_1_455' title='bbox 1527 2495 1736 2539; x_wconf 78' lang='lat' dir='ltr'>amplissimis</span> 
     </span>
     <span class='ocr_line' id='line_1_92' title="bbox 985 2543 1736 2586; baseline 0.004 -11"><span class='ocrx_word' id='word_1_456' title='bbox 985 2543 1091 2576; x_wconf 83' lang='lat' dir='ltr'>illusti</span> <span class='ocrx_word' id='word_1_457' title='bbox 1093 2549 1142 2575; x_wconf 84' lang='lat' dir='ltr'>ata</span> <span class='ocrx_word' id='word_1_458' title='bbox 1163 2554 1194 2586; x_wconf 74' lang='lat' dir='ltr'>pi</span> <span class='ocrx_word' id='word_1_459' title='bbox 1194 2543 1348 2586; x_wconf 73' lang='lat' dir='ltr'>ixilegiis,</span> <span class='ocrx_word' id='word_1_460' title='bbox 1366 2549 1397 2577; x_wconf 91' lang='lat' dir='ltr'>et</span> <span class='ocrx_word' id='word_1_461' title='bbox 1425 2555 1443 2577; x_wconf 88' lang='lat' dir='ltr'>a</span> <span class='ocrx_word' id='word_1_462' title='bbox 1461 2544 1595 2578; x_wconf 77' lang='lat' dir='ltr'>diversis</span> <span class='ocrx_word' id='word_1_463' title='bbox 1619 2545 1736 2578; x_wconf 87' lang='lat' dir='ltr'>Roma-</span> 
     </span>
    </p>
   </div>
   <div class='ocr_carea' id='block_1_16' title="bbox 984 2591 1735 2686">
    <p class='ocr_par' dir='ltr' id='par_1_23' title="bbox 984 2591 1735 2686">
     <span class='ocr_line' id='line_1_93' title="bbox 984 2591 1735 2636; baseline 0.005 -13"><span class='ocrx_word' id='word_1_464' title='bbox 984 2592 1033 2624; x_wconf 88' lang='lat' dir='ltr'>nis</span> <span class='ocrx_word' id='word_1_465' title='bbox 1060 2591 1269 2635; x_wconf 79' lang='lat' dir='ltr'>pontificibus</span> <span class='ocrx_word' id='word_1_466' title='bbox 1288 2592 1590 2636; x_wconf 86' lang='lat' dir='ltr'>praedecessoribus</span> <span class='ocrx_word' id='word_1_467' title='bbox 1617 2594 1735 2628; x_wconf 89' lang='lat' dir='ltr'>nostris</span> 
     </span>
     <span class='ocr_line' id='line_1_94' title="bbox 984 2640 1735 2686; baseline 0.004 -12.004"><span class='ocrx_word' id='word_1_468' title='bbox 984 2640 1023 2674; x_wconf 85' lang='lat' dir='ltr'>ad</span> <span class='ocrx_word' id='word_1_469' title='bbox 1043 2650 1155 2683; x_wconf 79' lang='lat' dir='ltr'>regum</span> <span class='ocrx_word' id='word_1_470' title='bbox 1177 2651 1379 2685; x_wconf 80' lang='lat' dir='ltr'>congressus,</span> <span class='ocrx_word' id='word_1_471' title='bbox 1414 2642 1617 2686; x_wconf 85' lang='lat' dir='ltr'>imperatoris</span> <span class='ocrx_word' id='word_1_472' title='bbox 1640 2653 1735 2677; x_wconf 90' lang='lat' dir='ltr'>coro-</span> 
     </span>
    </p>
   </div>
   <div class='ocr_carea' id='block_1_17' title="bbox 1759 245 1943 281">
    <p class='ocr_par' dir='ltr' id='par_1_24' title="bbox 1759 245 1943 281">
     <span class='ocr_line' id='line_1_95' title="bbox 1759 245 1943 281; baseline -0.005 -1"><span class='ocrx_word' id='word_1_473' title='bbox 1759 252 1811 281; x_wconf 75' lang='lat' dir='ltr'>An·</span> <span class='ocrx_word' id='word_1_474' title='bbox 1827 245 1859 274; x_wconf 80' lang='lat' dir='ltr'>C·</span> <span class='ocrx_word' id='word_1_475' title='bbox 1875 249 1943 280; x_wconf 82' lang='lat'><strong>1582</strong></span> 
     </span>
    </p>
   </div>
   <div class='ocr_carea' id='block_1_18' title="bbox 1758 1081 1940 1130">
    <p class='ocr_par' dir='ltr' id='par_1_25' title="bbox 1758 1081 1940 1130">
     <span class='ocr_line' id='line_1_96' title="bbox 1784 1081 1940 1114; baseline 0 -11"><span class='ocrx_word' id='word_1_476' title='bbox 1784 1082 1892 1114; x_wconf 61' lang='lat' dir='ltr'>Ecclesiae</span> <span class='ocrx_word' id='word_1_477' title='bbox 1905 1081 1940 1103; x_wconf 74' lang='lat' dir='ltr'>Bo·</span> 
     </span>
     <span class='ocr_line' id='line_1_97' title="bbox 1758 1114 1938 1130; baseline 0 0"><span class='ocrx_word' id='word_1_478' title='bbox 1758 1115 1869 1130; x_wconf 75' lang='lat' dir='ltr'>nomensxs</span> <span class='ocrx_word' id='word_1_479' title='bbox 1885 1114 1938 1130; x_wconf 77' lang='lat' dir='ltr'>eom·</span> 
     </span>
    </p>
   </div>
   <div class='ocr_carea' id='block_1_19' title="bbox 1759 1142 1872 1162">
    <p class='ocr_par' dir='ltr' id='par_1_26' title="bbox 1759 1142 1872 1162">
     <span class='ocr_line' id='line_1_98' title="bbox 1759 1142 1872 1162; baseline 0 -1"><span class='ocrx_word' id='word_1_480' title='bbox 1759 1142 1872 1162; x_wconf 82' lang='lat' dir='ltr'>mendatio.</span> 
     </span>
    </p>
   </div>
   <div class='ocr_carea' id='block_1_20' title="bbox 1748 2468 1932 2553">
    <p class='ocr_par' dir='ltr' id='par_1_27' title="bbox 1748 2468 1932 2553">
     <span class='ocr_line' id='line_1_99' title="bbox 1783 2468 1932 2490; baseline 0 0"><span class='ocrx_word' id='word_1_481' title='bbox 1783 2469 1876 2490; x_wconf 77' lang='lat' dir='ltr'>Civitatis</span> <span class='ocrx_word' id='word_1_482' title='bbox 1892 2468 1932 2490; x_wconf 80' lang='lat' dir='ltr'>Bo·</span> 
     </span>
     <span class='ocr_line' id='line_1_100' title="bbox 1748 2501 1932 2525; baseline 0 -4"><span class='ocrx_word' id='word_1_483' title='bbox 1748 2501 1859 2522; x_wconf 79' lang='lat' dir='ltr'>nomensis</span> <span class='ocrx_word' id='word_1_484' title='bbox 1873 2505 1932 2525; x_wconf 60' lang='lat' dir='ltr'>conv,</span> 
     </span>
     <span class='ocr_line' id='line_1_101' title="bbox 1749 2531 1862 2553; baseline -0.009 -1"><span class='ocrx_word' id='word_1_485' title='bbox 1749 2531 1862 2553; x_wconf 66' lang='lat' dir='ltr'>mendatio.</span> 
     </span>
    </p>
   </div>
  </div>
 </body>
</html>
