2059 3228
101 307 153 336 An.
167 308 196 335 C.
212 307 278 333 ¹379

138 520 186 541 Pius
213 520 230 540 V
257 521 277 541 ei

92 553 203 574 concessit
219 555 241 573 ut
257 553 278 572 iu

89 584 186 605 omnibus
209 584 279 603 rausis

99 617 265 635 consen-atores

90 650 111 666 οι
137 646 217 666 iudices
242 645 278 667 eli-

89 682 141 703 gere
157 678 247 703 possiam

142 2503 218 2527 pst-que
233 2497 276 2519 indi

107 2537 145 2553 cos
160 2533 181 2550 et
199 2533 277 2549 consei-

107 2565 192 2582 valeres
203 2558 291 2586 :implam

106 2594 131 2614 dc
149 2598 189 2619 qua
209 2591 243 2611 hic
263 2591 283 2610 iu

107 2623 253 2644 risen-tionem
260 2622 294 2642 tm-

108 2655 185 2680 boum

344 297 362 327 8

296 365 372 391 tune
392 358 561 390 consulere
586 355 625 388 de
648 353 845 398 benignitate
868 352 1045 398 apostolica

293 407 491 452 dignaretur.
863 429 866 433 -

336 462 351 504 ξ
370 460 402 493 2.
424 459 511 492 Idem
532 458 774 501 praedeeessor,
799 457 855 501 qui
879 457 919 491 ad
937 462 1044 501 gratos

292 514 355 547 Deo
376 519 403 547 et
439 513 603 546 universae
637 511 835 555 reipublicae
852 511 1043 545 christianae

293 567 386 601 utiles
406 572 433 599 ct
456 565 653 599 necessarios
673 565 807 606 fructus,
834 576 915 609 quos
935 565 1042 598 Socie-

292 621 363 654 tatis
380 619 563 664 praedictae
583 629 739 663 personae
759 619 792 652 in
811 619 901 652 vinca
917 618 1043 651 Domini

290 684 418 717 semper
438 672 655 716 proferebant,
687 672 830 706 debitum
860 677 1043 714 respectum

290 726 439 767 habebat,
462 725 567 760 facere
586 726 677 760 nullo
698 726 793 766 modo
817 731 939 770 pou-rat
965 725 1043 768 quin

289 779 365 823 ipsis
385 789 422 812 ea
442 780 644 820 concederet,
667 790 725 823 per
739 789 822 823 quae
838 779 897 823 ipsi
912 789 1043 811 eorum-

288 843 351 877 que
372 843 423 866 res
442 838 473 866 et
491 833 575 877 bona
600 844 617 866 a
637 833 750 873 noxiis,
778 832 917 865 iustitiae
948 831 1042 864 mini-

288 885 398 926 sterio,
420 893 726 930 praeservarentur3
757 885 885 919 eosdem
908 895 1043 929 praepo-

287 940 384 974 situm
409 941 593 984 generalem
614 946 644 974 ct
671 940 837 983 religiosos
866 950 903 973 ac
928 950 1041 973 eorum

288 994 431 1037 singulos
451 1005 469 1027 a
488 994 652 1038 quibusvis
681 993 1039 1034 excommunicationis,

287 1047 508 1092 suspensionis
533 1052 564 1081 et
591 1047 752 1081 interdicti
778 1047 915 1091 aliisque
938 1047 1042 1080 eccle-

287 1101 423 1134 siasticis
443 1100 620 1143 sententiis,
648 1100 793 1134 censuris
813 1106 843 1133 et
870 1100 994 1143 poenis,
1025 1110 1042 1133 a

287 1154 359 1189 iure
377 1155 427 1189 vel
446 1155 486 1188 ab
505 1155 648 1195 homine,
671 1154 780 1198 quavis
804 1154 974 1188 occasione
994 1155 1042 1188 vel

289 1219 397 1249 causa,
420 1208 505 1249 latis,
519 1208 674 1252 siquibus
694 1207 938 1251 quomodolibet
950 1207 1043 1242 inno·

288 1262 353 1295 dati
373 1262 561 1302 existebant,
586 1262 626 1294 ad
646 1261 795 1295 effectum
820 1261 1041 1306 infrascripto-

288 1325 363 1349 rum
383 1315 547 1349 dumtaxat
567 1315 844 1359 consequendum,
875 1315 1042 1349 absolvens

290 1374 321 1403 et
335 1369 499 1403 absolutos
518 1369 586 1402 fore
607 1378 753 1409 censens,
766 1368 952 1404 huiusmodi
968 1380 1043 1414 supe

288 1422 519 1467 plicationibus
534 1422 718 1463 inclinatus,
746 1422 805 1456 sub
825 1422 935 1456 datum
959 1413 1043 1457 vide:

288 1476 364 1510 licet
389 1482 501 1510 octavo
529 1476 681 1510 kalendas
714 1476 807 1516 iunii,
836 1476 1044 1520 pontificatus

288 1530 339 1563 sui
355 1540 439 1572 anno
449 1529 556 1570 tertio,
569 1530 673 1564 eidem
684 1530 832 1564 Societati
844 1530 1043 1576 singulisque

288 1583 377 1617 illius
397 1583 541 1627 personis
560 1594 597 1616 ac
613 1594 726 1617 eorum
739 1583 960 1626 familiaribus,
978 1585 1043 1618 cle-

290 1637 381 1671 ricali
401 1637 587 1670 charactere
616 1643 723 1670 tamen
747 1636 918 1681 insignitis,
945 1643 981 1671 ut
1011 1638 1044 1671 in

290 1691 553 1735 quibuscumque
571 1691 688 1733 causis,
710 1697 774 1724 tam
787 1691 934 1725 civilibus
946 1702 1044 1737 quarn

294 1740 518 1774 criminalibus
528 1743 566 1774 ac
582 1740 697 1781 mixtis,
710 1740 805 1774 etiam
821 1740 853 1774 in
867 1740 911 1774 eis
930 1740 963 1785 in
974 1741 1045 1786 qui-

291 1793 352 1827 bus
371 1799 496 1827 actores
517 1794 565 1827 vel
585 1794 730 1827 conventi
754 1794 800 1828 rei
816 1794 938 1836 forent,
953 1794 1044 1839 ipsis,

293 1852 406 1881 contra
426 1858 652 1892 quascumque
672 1848 920 1890 communitates
935 1854 967 1882 et
981 1848 1047 1882 col-

292 1901 376 1944 legia
399 1901 599 1943 huiusmodi,
626 1912 737 1936 omnes
765 1908 796 1936 et
824 1902 968 1946 singulos
997 1913 1047 1936 ar-

294 1954 527 1999 chiepiscopos,
555 1955 724 1999 episcopos
743 1966 780 1988 ac
801 1955 943 1996 abbates,
969 1966 1045 1990 nec-

294 2018 360 2040 non
367 2007 444 2041 alias
455 2008 649 2052 personasin
665 2009 817 2052 dignitate
831 2009 1047 2043 ecclesiastiea

297 2061 498 2102 constitutas,
517 2072 555 2096 ac
574 2063 897 2107 metropolitanarum
918 2068 949 2097 et
968 2063 1046 2096 alia-

297 2125 369 2147 rum
386 2115 620 2149 cathedralium
640 2116 849 2150 ecclesiarum
862 2118 1046 2157 canonicos,

298 2178 335 2200 ac
355 2169 543 2202 eorumdem
560 2169 877 2213 archiepiscoporum
887 2176 915 2204 et
926 2171 1049 2214 episco-

299 2232 414 2265 porum
426 2222 608 2266 vicarios-in
620 2223 841 2267 spiritualibus
855 2230 883 2257 et
898 2225 1049 2258 officiales

299 2276 464 2317 generales
480 2276 615 2310 ubilibet
629 2275 830 2317 constitutos,
843 2276 875 2309 in
886 2288 960 2311 suos
975 2289 1049 2322 pos-

300 2333 371 2362 sent
383 2339 545 2362 assumere
558 2336 799 2365 conservatores
814 2337 845 2364 et
860 2331 981 2365 iudices
1001 2344 1052 2365 or-

301 2381 455 2423 dinarios,
477 2382 619 2416 indulsit.

347 2434 409 2479 53.
437 2435 516 2479 Ipsis
541 2447 615 2470 vero
635 2438 680 2470 sic
705 2437 831 2478 electis,
851 2439 899 2472 vel
926 2440 1053 2475 duobus

304 2490 356 2517 aut
376 2484 431 2517 uni
452 2495 578 2526 eorum,
600 2491 646 2526 ut,
678 2497 735 2529 per
755 2498 788 2520 se
807 2487 855 2520 vel
870 2488 969 2521 alium
996 2501 1051 2524 seu

306 2534 396 2574 alios,
419 2534 514 2567 etiam
534 2534 559 2567 si
578 2534 641 2567 sint
669 2541 756 2568 extra
775 2537 858 2578 loca,
880 2537 912 2569 in
936 2538 1054 2581 quibus

295 2588 547 2616 conservatores
570 2589 601 2616 et
622 2583 743 2618 iudices
767 2586 910 2629 deputati
935 2588 1052 2627 forent,

307 2631 410 2666 eidem
432 2632 581 2666 Societati
602 2632 739 2666 efficacis
755 2634 948 2668 defensionis
964 2647 1055 2679 prae-

309 2680 388 2715 sidio
405 2681 598 2723 assistentes,
619 2692 683 2715 non
703 2683 925 2726 permitterent
947 2684 1055 2719 Socie-

891 298 1071 325 mmmmm!
1094 297 1243 323 nottANmt

1086 357 1182 385 tatem
1196 350 1397 394 collegiaque
1408 350 1606 392 huiusmodi,
1620 361 1717 396 super
1727 350 1834 390 terris,

1084 405 1176 445 locis,
1198 403 1359 445 domibus,
1378 404 1634 448 possessionibus
1648 409 1679 438 et
1698 404 1835 445 iuribus,

1084 467 1213 492 necnon
1232 457 1400 499 fructibus,
1425 458 1584 498 censibus,
1609 457 1788 492 redditibus
1807 463 1839 490 et

1085 511 1294 556 proventibus
1313 522 1351 545 ac
1371 511 1633 555 quibuscumque
1648 511 1719 544 aliis
1732 511 1837 551 bonis,

1085 565 1260 599 mobilibus
1279 571 1310 598 et
1324 564 1555 605 immobilibus,
1573 564 1794 608 spiritualibus
1807 570 1838 598 et

1084 618 1330 662 temporalibus,
1352 628 1480 652 necnon
1494 617 1669 662 privilegiis
1684 623 1715 650 et
1728 617 1836 650 indul-

1084 672 1134 712 tis,
1155 672 1201 705 eis
1220 677 1250 706 et
1268 672 1371 706 dietae
1391 671 1554 712 Societati,
1582 676 1645 704 tam
1662 671 1838 715 apostolica

1085 736 1182 770 quam
1205 725 1367 759 ordinaria
1387 732 1418 759 et
1437 725 1515 758 alias
1534 724 1594 758 rite
1613 724 1702 768 regia
1727 729 1837 758 aucto-

1085 779 1233 814 ritatibus
1243 780 1413 819 concessis,
1424 784 1454 813 et
1467 778 1536 812 aliis
1552 778 1649 812 rebus
1660 778 1700 811 ad
1719 777 1837 812 dictam

1084 834 1288 874 Societatem,
1305 833 1523 867 communiter
1539 832 1589 866 vel
1608 831 1744 872 divisim,
1764 842 1836 876 spe-

1084 886 1255 927 ctantibus,
1274 897 1291 919 a
1312 886 1576 930 quibuscumque
1591 885 1750 929 personis,
1771 891 1837 919 tam

1084 940 1304 974 saecularibus
1323 950 1420 984 quam
1441 938 1676 980 ecclesiasticis,
1698 949 1735 972 ac
1759 950 1837 984 qua-

1084 1004 1226 1037 cumque
1244 994 1435 1028 auctoritate
1466 998 1498 1026 et
1521 992 1747 1037 superioritate
1765 993 1837 1026 sun-

1083 1048 1243 1091 gentibus‚
1256 1057 1387 1092 quoquo
1404 1046 1500 1080 modo
1510 1046 1652 1080 indebite
1662 1047 1837 1088 molestari,

1083 1102 1132 1135 vel
1147 1101 1193 1135 eis
1211 1101 1404 1145 gravamina,
1430 1100 1548 1134 damna
1566 1105 1622 1134 aut
1640 1100 1777 1135 iniurias
1792 1100 1837 1134 ir-

1084 1155 1201 1199 rogari:
1222 1155 1441 1198 facerentque,
1453 1165 1528 1187 cum
1539 1154 1579 1187 ab
1594 1153 1716 1187 eisdem
1727 1153 1837 1188 Socie-

1083 1214 1146 1242 tate
1170 1215 1225 1242 aut
1240 1208 1386 1252 personis
1409 1208 1458 1241 vel
1478 1207 1747 1252 procuratoribus
1770 1208 1837 1242 suis

1083 1273 1141 1296 seu
1165 1263 1275 1306 aliquo
1296 1273 1333 1295 ex
1353 1262 1399 1295 eis
1428 1261 1533 1295 forent
1556 1261 1716 1305 requisiti,
1737 1272 1836 1305 super

1082 1316 1453 1356 restitutionelocorurn,
1463 1320 1636 1356 terrarum,
1648 1315 1832 1357 domorum,

1083 1370 1334 1415 possessionum,
1357 1369 1479 1402 iurium
1495 1375 1526 1402 et
1544 1369 1719 1409 bonorum,
1734 1369 1836 1403 mobi-

1082 1424 1164 1458 lium
1180 1429 1211 1458 et
1230 1423 1460 1464 immobilium,
1492 1422 1678 1456 reddituum
1707 1431 1836 1467 quoque

1083 1485 1114 1513 et
1126 1484 1341 1523 proventuum
1353 1488 1390 1511 ac
1401 1477 1539 1511 aliorum
1554 1487 1836 1521 quorumcumque

1082 1533 1256 1573 bonorum,
1278 1541 1406 1565 necnon
1426 1530 1667 1576 privilegiorum
1682 1536 1714 1564 et
1733 1530 1835 1564 inful-

1084 1592 1203 1627 torum,
1220 1586 1264 1620 eis
1283 1590 1361 1619 tunc
1381 1591 1413 1619 et
1431 1590 1648 1629 protempore
1667 1594 1835 1618 concesso-

1084 1650 1169 1681 rum,
1187 1639 1419 1679 observatione;
1436 1649 1565 1672 necnon
1580 1638 1620 1672 de
1639 1637 1836 1681 quibuslibet

1084 1694 1250 1735 molestiis,
1272 1693 1411 1734 iniuriis,
1431 1693 1568 1733 damnis,
1584 1697 1664 1727 tunc
1682 1701 1835 1735 praesen-

1083 1748 1169 1782 tibus
1189 1753 1220 1782 et
1238 1747 1366 1788 suturis,
1386 1748 1421 1780 in
1440 1747 1503 1780 illis
1522 1746 1672 1779 videlicet
1683 1756 1767 1790 quae
1786 1756 1835 1779 iu-

1085 1802 1231 1836 dicialem
1240 1800 1643 1846 requirerentindaginem,
1650 1799 1835 1842 summarie,

1087 1856 1277 1901 simpliciter
1301 1855 1389 1889 etde
1418 1855 1527 1899 plano,
1556 1854 1625 1887 sine
1649 1854 1785 1898 strepitu
1809 1859 1840 1888 e·-

1087 1910 1192 1953 figura
1211 1909 1334 1948 iudicii;
1356 1909 1389 1942 in
1410 1909 1481 1942 aliis
1499 1918 1573 1941 vero
1599 1912 1698 1952 prout
1724 1917 1836 1942 eorum

1086 1963 1222 2007 qualitas
1229 1963 1393 2006 exegisset,
1406 1962 1546 1995 iustitiae
1553 1961 1836 2006 complementum¹

1087 2023 1298 2061 occupatores
1314 2028 1369 2050 seu
1391 2017 1593 2057 detentores,
1617 2020 1838 2060 praesumpto-

1088 2082 1138 2105 res
1157 2077 1189 2104 et
1206 2071 1413 2104 iniuriatores
1427 2069 1628 2110 huiusmodi,
1640 2079 1769 2103 necnon
1784 2079 1838 2102 co-

1088 2124 1278 2158 tradictores
1304 2124 1466 2167 quoslibet
1489 2128 1520 2156 et
1538 2122 1687 2163 rebelles,
1715 2121 1838 2156 etiarnsi

1090 2178 1168 2212 alias
1185 2188 1280 2221 quam
1293 2182 1328 2209 ut
1345 2177 1527 2221 praefertur
1545 2176 1840 2219 qualificatiexiste—

1090 2236 1179 2271 rent,
1212 2230 1487 2274 quandocumque
1512 2236 1542 2263 et
1570 2230 1840 2273 quotiescumque

1091 2284 1279 2328 expedisset,
1293 2284 1482 2317 auctoritate
1497 2283 1684 2327 apostolica,
1696 2294 1754 2328 per
1770 2294 1842 2316 sen-

1092 2337 1218 2378 tentias,
1249 2347 1402 2370 censuras
1417 2343 1447 2371 et
1468 2347 1588 2381 poenas
1611 2336 1843 2370 ecclesiasticas

1093 2392 1218 2435 aliaque
1237 2397 1419 2434 opportuna
1444 2390 1521 2424 iuris
1540 2396 1568 2423 et
1589 2391 1662 2424 sacti
1688 2390 1840 2430 remedia,

1092 2443 1306 2489 appellatione
1315 2444 1503 2487 postposita,
1516 2443 1843 2487 compescendo,legi-

1094 2493 1244 2536 timisque
1263 2502 1363 2536 super
1382 2491 1431 2524 his
1450 2492 1607 2525 habendis
1623 2492 1753 2525 servatis
1771 2502 1844 2535 pro-

1095 2541 1247 2579 cessibus,
1265 2550 1336 2579 eos,
1356 2550 1437 2583 quos
1465 2540 1636 2574 sententias
1650 2567 1657 2580 ,
1692 2551 1844 2573 censuras

1095 2594 1126 2623 et.
1144 2599 1264 2633 poenas
1282 2599 1340 2633 per
1362 2589 1491 2622 eosdem
1523 2594 1762 2623 conservatores
1787 2600 1841 2623 seu

1095 2638 1219 2672 iudices
1238 2648 1297 2682 pro
1315 2640 1461 2681 tempere
1487 2639 1567 2671 latas
1595 2638 1769 2672 incurrisse
1799 2639 1844 2673 eis

1097 2687 1299 2728 constitisset,
1315 2697 1368 2721 eas
1386 2687 1561 2722 incurrisse
1575 2687 1794 2729 declararent,
1814 2696 1844 2720 et

1849 297 1900 326 An.
1916 298 1946 327 C.
1966 297 2030 326 15⁷2
