2059 3228
151 282 203 310 An.
223 283 250 311 o.
271 286 341 314 1578
393 285 457 320 <235

211 2656 274 2682 βμω
285 2658 354 2681 xitum,

926 295 1111 320 BULLARIUM
1133 293 1288 318 ROMANUM

352 347 592 380 confirmatione
615 347 784 390 apostolica
808 348 854 382 vel
869 349 978 391 quavis
995 345 1297 388 firmi-tinsignium
1327 344 1485 377 Romanae
1515 343 1670 377 Ecclesiae
1699 341 1864 386 temporali

354 405 416 432 tate
441 400 498 432 alia
524 399 690 440 roboratis,
714 401 837 433 statutis
853 399 1094 434 etconsuetudi-

1123 397 1234 430 ditioni
1252 397 1466 430 subiectarum
1482 396 1563 430 felici
1581 396 1736 440 gubernio
1749 401 1781 429 et
1793 406 1868 429 con-

355 452 578 491 nibus‚usibus
591 453 760 493 etnaturis;
778 453 1094 497 privilegiisquoque,
1124 449 1293 482 servationi
1322 449 1496 492 providere.
1521 450 1610 488 Quod
1638 450 1663 482 si
1693 449 1799 492 aliqua
1827 448 1869 482 ad

355 506 484 538 indultis
508 511 538 538 et
567 506 680 540 litteris
702 507 900 550 apostolicis,
936 505 1097 551 quibusvis

354 558 519 602 personis,
553 559 610 591 sub
652 559 902 603 quibuscumque
935 558 1097 592 tenoribus

355 616 385 644 et
424 611 532 644 soi-mis
550 638 557 652 ‚
595 622 632 645 ac
668 623 740 645 cum
779 613 939 662 quibusvis
957 640 964 653 ,
1003 611 1096 644 etiam

356 664 630 706 derogatoriarum
661 665 870 708 derogaloriis
902 665 1033 708 aliisque
1057 665 1098 696 ef-

356 716 552 750 ficacissimis
575 722 606 750 et.
629 717 774 758 insolitis,
792 718 947 757 clausulis,
971 717 1100 750 irritan-

358 770 508 813 tibnsque
542 775 573 802 et
596 770 666 803 aliis
691 770 824 803 decretis
848 769 1100 812 quomodolibet,

359 824 456 857 etiam
492 823 614 856 iteratis
648 823 780 863 vicibus,
801 823 896 855 etiam
922 832 977 864 per
1000 831 1056 853 nos
1072 826 1100 852 et

359 877 437 910 alios
466 876 623 909 Romanos
654 875 819 909 Pontifices
850 874 1104 917 praedecessores

361 934 484 962 nostros
512 934 541 962 et
571 928 681 961 Sedem
706 929 913 971 Apostolicam
943 926 1105 970 quibusvis

361 983 517 1028 personis,
541 983 766 1025 cuiuscumque
791 987 900 1021 status,
917 980 1043 1023 gradus,
1060 979 1106 1012 di-

361 1037 503 1081 gnitatis,
512 1036 634 1070 ordinis
647 1041 679 1069 et
690 1033 883 1067 conditionis
893 1032 1107 1073 existentibus,

362 1092 460 1125 etiam
489 1095 615 1123 sanctae
645 1089 806 1121 Romanae
831 1086 984 1118 Ecclesiae
1008 1084 1108 1117 cardi-

364 1145 500 1183 nalibus,
527 1143 622 1176 etiam
647 1142 684 1174 de
707 1142 803 1173 latere
827 1139 948 1182 legatis,
973 1143 1024 1169 aut
1050 1137 1110 1169 alia

366 1207 566 1241 quacumque
612 1193 772 1226 mundana
814 1192 862 1224 vel
905 1190 1110 1223 ecclesiastica

367 1250 520 1293 dignitate
544 1253 573 1281 et
603 1246 790 1279 auctoritate
812 1243 1014 1287 fulgentibus,
1038 1251 1113 1274 con-

367 1303 484 1341 cessis,
513 1299 709 1333 confirmatis
738 1303 767 1330 et
799 1296 973 1335 innovati&
999 1295 1113 1338 quibus

370 1357 528 1396 omnibus,
553 1354 663 1387 estiam
681 1353 718 1393 si,
730 1362 788 1395 pro
806 1351 930 1383 illorum
947 1348 1112 1381 sufficienti

372 1410 586 1453 derogatione,
611 1407 647 1440 de
672 1406 733 1438 illis
749 1413 922 1446 eorumque
939 1402 1011 1435 totis
1030 1407 1115 1434 teno-

371 1466 461 1499 ribus
492 1462 644 1506 specialis,
669 1458 824 1503 specifica,
848 1466 992 1499 expressa
1015 1460 1046 1487 et
1068 1453 1115 1486 in-

373 1518 499 1551 dividua
515 1544 522 1556 ‚
553 1525 616 1548 non
639 1519 744 1547 autem
768 1522 825 1555 per
847 1507 1000 1543 clausulas
1023 1517 1117 1550 gene-

373 1571 455 1603 rales
468 1567 563 1601 'idem
583 1567 800 1610 importantes‚
818 1561 936 1596 mentio
953 1572 1007 1594 seu
1024 1570 1120 1603 quae-

373 1625 420 1657 vis
444 1623 504 1656 alia
531 1620 689 1664 expressio
713 1617 859 1651 habenda
882 1615 1120 1654 foret‚ten01·es

374 1674 556 1710 huiusmodi
583 1684 618 1705 ac
643 1673 668 1704 si
693 1672 730 1704 de
746 1670 842 1703 verbo
860 1669 898 1701 ad
915 1668 1056 1707 verbum,
1073 1666 1121 1698 ni-

376 1731 422 1764 hil
452 1729 578 1773 penitus
607 1726 744 1765 omisso,
774 1723 883 1756 inserti
907 1722 1010 1754 sorent
1033 1729 1122 1764 prae-

378 1783 529 1821 sentibus
554 1791 611 1825 pro
635 1778 829 1812 sufficienter
851 1775 1005 1819 expressis
1029 1785 1063 1807 ac
1077 1780 1124 1807 to-

379 1837 485 1871 taliter
509 1833 637 1868 insertis
661 1831 823 1869 habentes,
848 1829 908 1862 illis
925 1829 1001 1861 alias
1018 1828 1050 1860 in
1068 1838 1124 1860 suo

378 1891 494 1925 robore
516 1885 745 1932 pelwmansmis,
769 1884 829 1916 hac
852 1883 918 1915 vice
942 1882 1123 1919 dumtaxat,

377 1941 554 1987 specialiter
577 1945 606 1973 et
632 1948 776 1981 explesse
799 1937 998 1979 derogQamus
1023 1945 1058 1967 ac
1081 1935 1124 1967 la—

377 1995 499 2029 tissime
522 1994 706 2035 derogatum
731 2000 797 2023 esse
821 1989 974 2028 r,olumus
999 1986 1125 2020 ceteris-

379 2059 442 2093 que
465 2045 633 2080 contrariis
656 2043 917 2086 quibuscumque.

425 2101 538 2133 Datum
573 2097 690 2129 Romae
725 2094 809 2137 apud
844 2093 874 2126 S.
905 2093 1042 2133 Petrum,
1068 2093 1126 2126 sub

382 2153 499 2188 annulo
521 2149 699 2190 Piscatoris‚
717 2148 767 2180 die
783 2156 838 2180 xlv
853 2145 934 2179 iunii
950 2154 1126 2183 Manxvni,

381 2205 585 2251 pontificatus
602 2201 704 2235 nostri
721 2210 805 2233 anno
821 2209 876 2232 vn.

417 2260 482 2286 Dat.
502 2258 547 2285 die
565 2258 599 2283 14
617 2255 686 2282 iunii
706 2255 784 2287 1578,
803 2252 904 2287 pontif.
922 2260 994 2277 anno
1011 2260 1059 2277 vu.

669 2359 845 2394 LXXXVIII.

389 2436 594 2478 Confirmatio
622 2437 809 2466 statutorum
841 2435 869 2463 et
891 2430 1127 2463 ordinationum

433 2478 668 2512 communitatis
691 2481 717 2509 et
730 2475 902 2509 comitatus
928 2473 1129 2507 Camerinen-

433 2525 475 2556 sis
501 2533 595 2564 sttpei
618 2521 740 2554 dotibus
763 2523 789 2552 et
814 2519 959 2552 arrectas.
984 2519 994 2536 ¹

386 2585 526 2620 Gregorius
543 2586 613 2620 Papa
631 2584 692 2617 ΧΙΙΙ,
708 2584 741 2612 ad
756 2585 906 2618 perpetuam
921 2582 959 2610 rei
975 2582 1130 2611 memoriam.

431 2641 520 2674 Decet
554 2640 731 2672 Romanum
760 2637 943 2671 Pontificem
968 2637 1129 2670 civitatum

425 2697 438 2725 1
458 2694 500 2720 Ex
519 2693 628 2727 Regest,
650 2693 679 2718 in
697 2692 799 2719 Seeret.
818 2691 955 2719 Brevium.

1161 2678 1277 2721 gradus
1302 2676 1348 2709 vel
1371 2672 1563 2718 conditionis
1587 2671 1705 2708 existat,
1723 2680 1785 2704 non
1802 2669 1901 2706 nossit
1923 2670 1926 2672 ’

1125 513 1196 535 eum
1221 503 1318 535 linem
1342 509 1467 536 maturo
1491 503 1622 536 consilio
1646 506 1763 536 statuta
1782 506 1876 544 sunt,

1126 560 1158 587 ut
1183 555 1235 587 illa
1258 555 1291 587 in
1315 566 1419 588 mores
1450 556 1650 598 inducantur,
1674 565 1797 598 usuque
1819 565 1870 588 re-

1127 614 1215 651 cepta
1250 608 1490 641 succedentibus
1528 608 1723 652 temporibus
1761 608 1873 641 ohser-

1127 668 1249 703 ventur,
1274 662 1344 703 illis,
1375 667 1469 695 antea
1497 661 1572 694 visis
1605 667 1637 694 et
1671 660 1871 700 examinatis,

1129 717 1315 761 apostolicae
1343 714 1596 749 confirmationis
1629 714 1727 747 robur
1761 711 1883 746 adiici--

1129 780 1210 802 mus.

1173 823 1188 865 g
1211 822 1241 854 l.
1266 820 1346 854 Hinc
1380 825 1426 853 est
1461 820 1546 863 quod
1580 830 1652 853 curn
1688 818 1793 853 dilecti
1815 795 1924 851 filii'r

1132 874 1344 906 communitas
1367 879 1395 906 et
1421 873 1566 906 homines
1590 871 1726 905 civitatis
1748 861 1968 905 nosti-aeman?
1986 876 1989 877 ’
2009 894 2010 897 ¹

1134 925 1376 977 Cameignensis,
1393 936 1449 969 per
1471 925 1600 958 dilectos
1616 924 1697 958 filios
1712 923 1877 958 Herculem

1134 979 1279 1012 Pontium
1307 979 1344 1011 U.
1372 979 1394 1011 I.
1425 978 1458 1011 D.
1488 983 1517 1011 et
1549 978 1712 1011 Camillum
1734 977 1888 1011 Lucarel-{

1135 1031 1211 1071 lum,
1234 1031 1329 1064 laicos
1345 1030 1591 1070 CamerinenseS,
1609 1040 1720 1063 eorum
1736 1034 1878 1066 oratores

1138 1084 1176 1116 ad
1200 1094 1257 1117 nos
1275 1084 1448 1126 Sedemque
1466 1083 1674 1126 Apostolicam
1697 1081 1891 1123 destinatos,

1138 1136 1250 1179 exponi
1274 1136 1366 1168 nobis
1389 1146 1491 1179 nuper
1507 1136 1639 1169 fecerint
1655 1136 1811 1179 quaedam
1827 1136 1893 1170 de-.
1922 1141 1927 1146 '

1140 1194 1236 1229 creta,
1252 1194 1367 1222 statuta
1390 1193 1421 1221 et
1443 1189 1660 1222 ordinationes
1683 1199 1778 1232 super
1800 1188 1883 1222 doti-

1142 1242 1200 1275 bus
1214 1240 1376 1285 pactisque
1390 1249 1420 1274 et
1436 1242 1530 1275 lucris
1547 1242 1712 1282 dotalibus,
1729 1242 1894 1276 vestibus-n

1142 1306 1202 1339 qne
1226 1300 1256 1328 et
1281 1295 1349 1327 aliis
1373 1294 1568 1327 ornamentis
1584 1299 1755 1338 nuptarum
1773 1293 1897 1328 mulie-¹

1143 1360 1213 1381 rum
1243 1355 1275 1382 et
1298 1348 1454 1381 nobilium
1489 1348 1664 1390 puellarum
1695 1347 1831 1380 civitatis
1853 1351 1886 1380 et

1143 1404 1310 1437 comitatus
1347 1401 1574 1435 Camerinensis
1590 1428 1597 1441 ‚
1636 1411 1673 1434 ac
1717 1399 1885 1443 superfluis

1145 1456 1322 1499 sumptibus
1345 1454 1530 1497 nuptiarum
1553 1452 1746 1493 coercendis,
1761 1451 1796 1484 in
1811 1461 1888 1484 con-

1147 1509 1216 1542 silio
1233 1508 1375 1551 generali
1394 1507 1496 1540 dictae
1521 1506 1666 1547 civitatis,
1683 1516 1757 1539 cum
1780 1509 1890 1538 aucto-

1147 1563 1240 1595 ritate
1262 1566 1292 1594 et
1327 1571 1481 1594 consensu
1514 1560 1618 1592 dilecti
1654 1558 1710 1591 filii
1744 1556 1889 1600 magistri

1148 1617 1216 1651 Iulii
1241 1615 1405 1649 Sclasenati
1429 1612 1634 1647 referendarii
1658 1610 1767 1652 nostri,
1790 1609 1891 1654 ipsius

1150 1669 1285 1702 civitatis
1308 1667 1541 1711 gubernatoris,
1557 1665 1616 1699 suh
1633 1670 1741 1698 nostro
1756 1668 1786 1696 et
1803 1662 1892 1696 Sedis

1151 1722 1346 1765 beneplacito
1370 1720 1454 1753 edita
1477 1725 1506 1752 et
1531 1719 1730 1762 promulgata
1753 1727 1790 1750 ac
1813 1715 1906 1749 rati-.

1152 1777 1243 1810 ficata
1266 1775 1371 1815 fuisse,
1387 1769 1608 1806 ⁴existimantes
1623 1782 1660 1804 ea
1676 1770 1714 1803 ad
1731 1769 1893 1813 publicam

1154 1829 1320 1862 utilitatem
1355 1832 1384 1860 et
1420 1824 1677 1859 commoditatem
1710 1821 1896 1866 pertinere,

1153 1893 1216 1927 quo
1240 1882 1292 1915 illa
1315 1881 1354 1914 ad
1379 1877 1522 1913 omnium
1539 1877 1684 1911 notitiam
1702 1875 1897 1919 perveniant,

1154 1947 1190 1970 ac
1218 1946 1258 1969 ne
1282 1934 1449 1978 quisquam
1472 1932 1534 1965 illis
1558 1931 1591 1964 in
1613 1931 1754 1963 futurum
1779 1934 1898 1962 temere

1153 1988 1372 2022 contravenire
1386 1986 1500 2019 audeat
1516 1985 1562 2017 vel
1579 1987 1770 2027 praesumat,
1782 1981 1898 2024 illaque

1155 2047 1308 2085 perpetuo
1325 2040 1364 2073 ab
1381 2038 1529 2072 omnibus
1545 2037 1762 2075 observentur,
1774 2044 1898 2077 aequam

1155 2103 1185 2130 et
1210 2094 1326 2128 rationi
1344 2102 1519 2126 consonum
1537 2100 1603 2123 esse
1619 2088 1831 2121 iudicavimus
1845 2096 1900 2119 eo-

1156 2148 1299 2181 rumdem
1324 2149 1513 2178 statutorum
1538 2148 1569 2175 ct
1591 2141 1827 2175 ordinationum
1854 2144 1900 2173 te-

1158 2212 1277 2241 norem,
1314 2209 1407 2242 quem
1444 2195 1617 2229 examinari
1653 2200 1683 2227 et
1717 2192 1900 2236 recognosci

1158 2255 1298 2293 fecimus,
1322 2255 1466 2284 accurate
1501 2249 1539 2281 de
1572 2248 1667 2281 verbo
1702 2247 1741 2279 ad
1768 2245 1899 2279 verbum

1158 2305 1376 2349 praesentibus
1399 2302 1548 2342 adscribi,
1565 2301 1618 2344 qui
1643 2299 1786 2344 sequitur
1808 2304 1840 2332 et
1853 2302 1901 2332 est

1160 2359 1350 2394 huiusmodi.

1162 2468 1288 2501 nomine
1319 2463 1452 2497 alicuius
1485 2461 1606 2505 puellae
1639 2459 1686 2491 vel
1719 2457 1832 2490 viduae
1853 2444 1964 2490 velm'

1161 2520 1288 2553 ···t¹ciius
1333 2515 1499 2550 cuiuslibet
1548 2512 1689 2545 mulieris
1733 2509 1901 2544 nuhendae

1163 2573 1390 2614 dotandaeque,
1408 2567 1611 2610 originariae,
1626 2565 1747 2598 incolae
1763 2568 1794 2597 et
1810 2562 1901 2596 hahi-

1163 2624 1280 2658 ’atricis
1316 2622 1451 2655 civitatis
1485 2617 1735 2658 Camerinensis,
1763 2615 1900 2649 cuiusvis

1201 2416 1216 2457 ξ
1240 2413 1270 2446 9..
1286 2411 1399 2451 Quod
1392 2421 1425 2442 in
1441 2409 1594 2448 futui-‚um
1612 2417 1669 2449 pro
1685 2406 1757 2439 dote
1772 2408 1803 2438 et
1819 2403 1964 2460 dotis-m·
1939 2416 1945 2428 ³
1963 2421 1966 2428 ·
