2059 3228
347 262 388 295 76

347 322 362 365 ἓ
382 322 412 355 8.
434 322 562 355 Necnon
584 321 802 355 ordinationes
821 325 852 355 et
871 326 985 354 statuta
1005 321 1043 353 ab

147 383 290 418 'confirmatio
303 375 433 408 exordio
454 374 648 407 fundationis
674 374 818 408 eiusdem
843 374 970 407 Ordinis
990 385 1042 406 us-

104 414 290 465 Tff.'.‘.¹.'.¹‚¹s¹‘„''„¹‚⁰¹¹'2„¹
303 439 364 471 que
385 428 417 460 in
438 433 637 471 praesentem
658 427 742 461 diem
759 428 887 461 indicto
903 428 1042 472 capitulo

103 476 213 496 ⁴·''³'¹¹⁵⁵¹
303 481 504 516 concorditer
524 480 620 520 edita,
647 480 743 513 ctiam
769 481 794 514 si
823 481 855 514 in
887 492 947 514 usu
977 491 1043 513 esse

301 534 464 570 desierint,
487 533 662 566 dummodo
678 544 736 577 per
749 535 874 578 lapsum
891 533 1043 577 temporis

301 586 577 626 immemorabilis,
607 587 753 620 videlicet
781 592 908 620 centum
942 597 1042 619 anno-

300 650 384 678 rum,
411 639 441 671 in
462 639 706 672 desuetudinem
736 651 800 673 non
829 640 984 677 abierint‘,
1007 650 1043 672 ae

298 698 463 736 praeterea
474 703 571 736 super
587 693 888 732 contributionibus,
904 703 961 736 per
973 703 1043 726 om-

298 746 350 778 nia
369 751 398 778 et
411 745 536 787 singula
552 745 695 779 eiusdem
709 746 836 779 Ordinis
851 746 1042 778 monasteria

297 797 402 830 abbati
418 797 561 831 Cistercii
577 809 633 830 seu
649 798 790 841 capitulo
801 798 939 841 generali
952 809 1042 842 prae—

298 851 391 884 dietis
401 850 554 884 faciendis
569 857 597 883 et
620 851 788 889 solvendis,
811 861 859 891 ae,
878 858 974 894 prout
989 851 1043 884 illa

297 909 509 945 concernunt,
533 905 640 937 omnia
661 911 689 937 et
711 905 836 947 singula
860 904 921 937 alia
942 905 974 938 in
994 906 1043 938 lit-

295 957 374 990 teris
393 957 578 1001 apostolicis
601 958 735 1000 aliisque
763 958 964 991 documentis
991 960 1044 992 de-

297 1021 394 1055 super
415 1011 569 1044 confectis
590 1016 738 1043 contenta
772 1016 800 1043 et
832 1010 905 1044 inde
934 1018 1042 1045 secuta

296 1073 532 1108 quaecumque,
560 1063 645 1096 licita
666 1069 771 1096 tamen
791 1069 821 1096 et
841 1065 984 1103 honesta,
1007 1077 1043 1099 ae

296 1117 431 1151 decretis
448 1117 574 1150 concilii
600 1117 776 1149 Tridentini
793 1128 856 1150 non
877 1119 1043 1152 adversan-

294 1171 351 1209 tia,
369 1171 488 1204 eisdem
509 1171 698 1204 auctoritate
719 1176 745 1203 et
769 1177 891 1211 tenore,
906 1183 942 1205 ex
957 1180 1043 1206 certa

295 1225 441 1264 seientia,
469 1224 699 1257 confirmamus
719 1229 746 1257 et
764 1225 990 1268 approbamus,
1006 1238 1042 1260 ac

295 1277 359 1310 illis
379 1283 552 1321 perpetuae
575 1282 605 1309 et
621 1278 814 1310 inviolabilis
834 1278 993 1312 firmitatis
1013 1285 1043 1312 et

296 1336 424 1363 nostrae
453 1331 694 1375 approbationis
720 1331 820 1364 robur
853 1332 1039 1372 adiicimus,

294 1394 470 1426 omnesque
491 1390 518 1417 et
539 1385 684 1426 singulos
704 1385 784 1417 iuris
809 1390 836 1417 et
863 1386 935 1418 facti
955 1387 1041 1420 defe-

295 1431 376 1477 ctus,
390 1437 412 1469 si
427 1438 482 1481 qui
497 1438 603 1471 forsan
623 1438 851 1471 intervenerint.
864 1439 895 1471 in
908 1439 1039 1480 eisdem,

295 1491 504 1533 supplemus;
526 1501 662 1528 necnon,
684 1491 799 1533 potiori
824 1502 883 1534 pro
904 1494 1039 1531 cautela,

295 1544 405 1576 eadem
419 1544 526 1576 onmia
539 1549 567 1576 et
580 1544 702 1586 singula
721 1544 898 1587 privilegia,
910 1556 1042 1588 praero-

295 1596 423 1639 gativas,
442 1597 617 1636 facultates,
640 1598 868 1641 exemptiones,
886 1604 1043 1641 quatenus

295 1649 399 1682 sintin
418 1660 489 1690 usu,
506 1651 767 1689 conservatorias,
784 1651 906 1684 indulta
922 1658 951 1684 et
965 1652 1042 1684 alias

297 1698 426 1738 gratias,
439 1698 557 1731 eisdem
575 1699 669 1731 modo
686 1704 716 1731 et
729 1700 844 1739 forma,
862 1700 979 1743 quibus
988 1700 1043 1733 Or-

295 1746 362 1778 ‹lini
383 1746 516 1788 eiusque
536 1747 715 1787 abbatibus,
738 1747 878 1791 capitulo
898 1749 1040 1791 generali

296 1800 325 1827 et
337 1795 558 1837 superioribus
575 1796 747 1838 praedictis
761 1807 818 1840 per
832 1797 934 1830 dictos
949 1802 1042 1840 prae-

295 1842 480 1876 decessores
500 1854 651 1876 concessa
676 1849 760 1885 sunt,
784 1845 848 1877 illis
877 1845 915 1877 de
939 1855 1040 1885 novo,

296 1891 483 1924 auctoritate
501 1897 532 1924 et
552 1898 662 1926 tenore
687 1893 870 1936 praedictis,
896 1894 1043 1927 concedi-

300 1950 372 1971 mus
392 1945 421 1972 et
441 1950 641 1974 innovamus.

342 1989 356 2030 ξ
376 1988 407 2020 9.
430 1989 464 2021 Et
482 1995 647 2032 praeterea
666 1990 753 2033 quod
780 1990 813 2023 in
842 1990 1043 2024 monasteriis

299 2036 372 2069 dieti
386 2036 520 2077 Ordinis,
533 2049 614 2081 quae
630 2039 764 2071 diversis
773 2039 930 2083 personis,
948 2039 1043 2072 etiam

108 263 161 297 Αιὶ.
176 267 206 296 C.
224 266 287 296 {57³1

103 2074 324 2123 ,5¹‚ss‚111?”„,‘„j',¹151
345 2085 498 2130 episcopi,
522 2087 768 2131 archiepiscopi,
794 2088 994 2131 patriarchae
1015 2093 1043 2121 et

105 2131 166 2181 'stu-‘m
256 2132 287 2180 ὦ
302 2132 332 2165 S.
355 2133 391 2165 R.
415 2134 448 2165 E.
473 2135 651 2168 cardinales
668 2135 813 2175 existant,
831 2137 869 2169 de
885 2137 1044 2180 praesenti

104 2180 147 2211 imi
255 2193 264 2210 tt
281 2203 286 2205 -
302 2182 522 2215 coumiendata
546 2183 640 2215 etiam
662 2185 880 2227 reperiuntur,
899 2191 927 2217 et
948 2185 979 2218 in
1000 2186 1046 2217 fu-

105 2222 142 2265 ²¹¹}
255 2228 290 2266 ''¹5-
304 2233 409 2260 turum
435 2231 653 2263 commendari
678 2243 732 2265 seu
749 2233 826 2266 alias
842 2245 1044 2277 quoquomo-

113 2283 140 2331 ἰδ’·
210 2290 220 2302 a
249 2290 259 2302 ε·
268 2291 285 2324 g—
303 2277 352 2317 do,
364 2279 440 2310 alias
451 2290 544 2321 quam
558 2280 684 2314 Ordinis
696 2281 796 2325 ipsius
807 2285 961 2326 personiS,
971 2295 1046 2316 con-

105 2344 166 2366 ΝΜ
181 2329 231 2370 Ῥω·
245 2326 289 2365 ωζξ,
303 2326 371 2359 cedi
393 2328 563 2367 continget,
583 2329 636 2361 ubi
657 2341 720 2362 non
742 2331 846 2371 fuerit,
863 2332 1047 2365 instituatur

106 2374 186 2399 „actus
303 2385 411 2406 mensa
436 2378 664 2417 conventualis,
692 2379 730 2411 ab
761 2379 910 2412 abbatiali
938 2388 1047 2413 mensa

302 2423 485 2455 (listinetaet
500 2431 653 2466 separata,
670 2437 742 2459 cum
756 2428 870 2460 annuis
880 2428 1046 2469 fructibus,

302 2470 480 2503 redditibus
495 2477 525 2503 et
546 2475 762 2515 proventibus,
784 2475 868 2508 iuxta
889 2481 1046 2509 monaste-

303 2518 425 2551 riorum
442 2519 583 2562 ipsorum
600 2523 774 2563 taeultates,
793 2525 1047 2568 competentibus

303 2572 333 2599 et
370 2567 530 2607 honestis,
572 2580 629 2612 pro
663 2572 831 2605 sufficienti
874 2579 1048 2606 conventus

340 2639 352 2664 1
371 2636 429 2665 Hoc
445 2637 566 2665 habetur
580 2638 607 2665 in
624 2638 695 2667 dit-ta
711 2642 912 2670 constitutione
931 2642 972 2670 Pii
988 2649 1025 2670 tv.

891 270 1067 295 nt’tJAntru
1092 267 1242 292 nottwtut

1084 325 1114 352 ct
1129 319 1360 352 monachorum
1383 314 1582 362 aliorumque
1606 318 1830 362 religiosorum

1083 372 1227 404 eiusdem
1258 370 1386 404 Ordinis
1429 381 1587 412 numero,
1619 371 1653 404 in
1680 383 1831 416 unoquo.-

1083 435 1144 467 que
1174 435 1210 457 ox
1238 424 1315 468 ipsis
1347 423 1550 457 monasteriis
1574 435 1632 468 per
1660 424 1747 468 ipsos
1774 435 1831 468 ge-

1082 478 1224 510 neralem
1241 483 1271 511 et
1293 482 1417 511 ceteros
1430 477 1557 510 Ordinis
1567 477 1668 521 ipsius
1682 478 1831 522 superio-

1083 541 1133 563 res
1150 534 1205 564 aut
1224 541 1338 564 eorum
1359 530 1498 563 vicarios
1517 530 1707 564 ordinando,
1729 530 1830 570 Quam

1083 584 1213 627 quidem
1235 595 1389 623 mensam,
1411 584 1488 627 quia
1499 583 1593 616 etiam
1606 584 1830 617 aedificiorum

1083 641 1113 669 et
1132 637 1278 670 locorum
1300 638 1338 670 ad
1358 637 1546 680 disciplinae
1562 637 1757 671 monasticae
1770 637 1829 671 ob-

1084 690 1291 723 servationem
1306 690 1547 734 pertinentium,
1563 689 1685 724 scilicet
1696 691 1830 734 templo÷

1083 753 1168 783 rum,
1191 749 1466 784 ornamentorum,
1484 743 1651 784 iocalium,
1670 743 1829 782 librorum

1083 797 1397 838 ecelesiasticorum,
1429 796 1628 837 dormitorii,
1668 796 1830 830 refectorii

1083 849 1285 893 aliorumque
1304 850 1452 883 locorum
1470 849 1681 893 regularium,
1703 860 1830 884 necnon

1083 903 1352 936 monasteriorum
1385 903 1553 936 clausurae
1577 902 1767 936 necessariis
1798 905 1831 937 et
1882 942 1885 943 ⁷

1083 955 1254 989 ordinariis
1269 956 1526 1000 reparationibus
1546 955 1698 989 faciendis
1707 955 1830 1000 obliga÷

1082 1013 1147 1040 tam
1167 1014 1197 1042 et
1217 1009 1400 1042 obstrictam
1422 1020 1489 1042 esse
1509 1009 1669 1049 volumus,
1690 1009 1774 1042 utin
1793 1019 1832 1042 ea

1083 1062 1277 1095 instituenda
1290 1073 1501 1106 expensarum
1519 1073 1699 1096 annuarum
1711 1062 1749 1095 ad
1759 1062 1831 1096 haec

1084 1115 1336 1148 necessariarum
1370 1116 1449 1148 ratio
1476 1116 1634 1149 habeatur
1659 1115 1830 1149 statuimus

1083 1173 1113 1200 et
1132 1168 1331 1209 mandamns,
1351 1179 1388 1202 ac
1404 1168 1443 1201 ad
1463 1168 1609 1202 eamdem
1625 1179 1769 1202 mensam
1783 1169 1830 1206 sio

1083 1221 1309 1255 instituendam
1327 1232 1552 1266 congruosque
1579 1222 1722 1269 redditus
1750 1221 1830 1256 assi-

1082 1275 1225 1316 gnandos
1240 1275 1300 1319 ipsi
1327 1275 1593 1308 commendatarii
1619 1275 1753 1309 omnino
1780 1279 1829 1309 te-

1083 1333 1231 1368 neantur,
1246 1334 1276 1360 et
1289 1327 1327 1360 ad
1339 1328 1371 1361 id
1384 1328 1480 1361 etiam
1492 1339 1550 1371 per
1563 1338 1716 1361 censuras
1726 1328 1831 1362 eccle-

1083 1380 1238 1420 siastieas,
1252 1382 1429 1421 fructuum,
1448 1381 1632 1415 reddituum
1648 1387 1679 1414 et
1694 1390 1830 1425 proven÷

1083 1441 1173 1467 tuum
1198 1435 1465 1478 sequestrationes
1500 1440 1531 1468 et.
1558 1434 1621 1468 alia
1647 1439 1830 1479 opportuna

1083 1487 1161 1520 iuris
1181 1488 1324 1520 remedia
1345 1487 1415 1531 cogi
1434 1488 1556 1531 possint
1580 1493 1610 1521 et
1630 1488 1778 1523 debeant.

1128 1541 1143 1583 ,ξ
1167 1539 1219 1573 to.
1246 1541 1284 1573 Et
1314 1540 1408 1583 quia,
1448 1541 1530 1573 sieut
1560 1541 1762 1584 accepimus,
1795 1541 1828 1576 in

1082 1593 1190 1627 multis
1210 1593 1285 1626 dieti
1305 1593 1445 1633 Ordinis,
1476 1599 1541 1626 tam
1568 1593 1711 1627 virorum
1731 1604 1828 1639 quam

1083 1863 1309 1902 praesumunt,
1330 1859 1416 1901 quod
1433 1858 1480 1890 illi
1498 1859 1547 1892 vel
1567 1859 1642 1892 inde
1656 1860 1784 1894 realiter
1798 1867 1830 1895 et

1084 1923 1158 1945 oum
1179 1912 1296 1945 effectu
1317 1911 1486 1944 eiiciantur
1499 1939 1506 1953 ,
1536 1913 1585 1944 vel
1609 1913 1720 1946 saltem
1739 1914 1831 1947 habi-

1085 1970 1150 1998 tum
1173 1965 1255 1997 infra
1274 1975 1395 1997 annum
1415 1965 1612 2009 suscipiant,
1642 1976 1679 1998 ae
1706 1967 1830 2010 profes-

1085 2018 1207 2051 sionem
1237 2017 1418 2060 regularem
1447 2018 1591 2051 eiusdem
1607 2017 1832 2054 »Cisterciensis

1084 2069 1211 2103 Ortlims
1243 2081 1390 2113 expresse
1419 2070 1581 2111 emittant,
1625 2071 1840 2117 debitamque,

1085 2122 1301 2156 obedientiam
1331 2127 1362 2155 et
1387 2123 1598 2156 reverentiam
1619 2123 1706 2158 illius
1725 2123 1832 2163 abbati

1086 2175 1226 2218 generali
1238 2179 1268 2208 et
1279 2175 1413 2218 reliquis
1425 2176 1645 2219 superioribus
1660 2175 1832 2221 praedietis

1088 2232 1262 2272 praestent,
1286 2239 1323 2261 ae
1341 2228 1484 2261 divinum
1496 2230 1637 2262 officium
1653 2231 1832 2264 secundum

1087 2281 1185 2324 ipsius
1211 2281 1338 2314 Ordinis
1369 2292 1493 2314 morem
1526 2283 1707 2325 celebrent,
1734 2295 1832 2328 seque

1087 2333 1288 2377 regularibus
1307 2335 1375 2367 eius
1395 2334 1544 2368 institutis
1555 2336 1687 2370 omnino
1703 2337 1832 2370 confor-

1088 2393 1184 2420 ment.
1199 2387 1353 2430 Quodque
1366 2388 1525 2429 monachi,
1543 2389 1577 2422 in
1592 2390 1791 2423 monasteriis
1801 2395 1833 2423 et

1088 2441 1281 2484 prioratibus
1301 2440 1443 2474 eiusdem
1457 2441 1584 2474 Ordinis
1599 2443 1669 2475 aliis
1677 2442 1738 2487 piis
1752 2443 1833 2479 loeis

1089 2500 1145 2533 pro
1166 2495 1310 2533 tempore
1331 2490 1447 2530 unitis,
1474 2491 1605 2524 annexis
1630 2496 1661 2524 et
1680 2491 1832 2536 incorpo-

1089 2538 1163 2571 ratis
1195 2538 1359 2580 degentes,
1398 2539 1461 2572 sint
1492 2545 1523 2573 et
1554 2544 1740 2573 remaneant
1772 2541 1832 2574 sub
1862 2559 1865 2562 >

1089 2587 1269 2620 obedientia
1289 2592 1320 2620 et
1339 2588 1538 2621 correctione
1557 2588 1678 2621 abbatis
1696 2599 1832 2631 genera-

1088 2635 1127 2669 lis
1146 2635 1349 2680 aliorumque
1369 2637 1572 2681 superiorum
1581 2636 1707 2671 Ordinis
1715 2637 1831 2672 Cister-

1841 1587 1910 1607 terins
1939 1586 2027 1612 Ordinis

1841 1616 1928 1638 instruet
1940 1619 1960 1638 in
1972 1617 2030 1640 iocis

1084 1647 1266 1687 mulierum,
1287 1646 1488 1680 monasteriis
1518 1648 1726 1691 quamplures
1741 1648 1827 1682 Men·
1841 1648 2028 1701 muiudflfflffl}

1083 1700 1260 1733 dieantium
1306 1700 1443 1732 aliorum
1490 1699 1646 1733 Ordinum
1687 1701 1829 1745 religiosi
1840 1710 1923 1731 ciuntur
1945 1713 1982 1731 ant
1999 1698 2028 1732 ⁶⁴2

1083 1753 1250 1796 utriusque
1262 1763 1365 1792 sexrm,
1379 1753 1418 1785 ab
1430 1753 1828 1799 immemorabilitempore
1840 1741 1922 1792 issffil'
1940 1740 2028 1800 33:5¹2

1084 1806 1175 1846 citra,
1189 1817 1221 1838 sc
1234 1806 1434 1839 intruserunt
1449 1809 1479 1838 et
1495 1816 1648 1850 persaepe
1663 1806 1829 1842 intrudere
1841 1804 1931 1825 “⁰⁰⁸⁰''

2015 1498 2027 1521 x

1869 1553 1969 1582 neit-gumi
1981 1544 2028 1578 ἰι-

2008 1829 2045 1857 ‚5

2012 1862 2026 1890 ‘t

2008 1904 2022 1938 'J

2011 1943 2027 1986 T:¹

2010 2011 2025 2054 ‘s

2012 2058 2025 2094 {t

2010 2095 2026 2122 '3

2005 2123 2023 2162 ἒ
