2059 3228
131 246 185 276 An.
200 247 229 277 c.
246 248 315 278 ¹586
373 236 436 272 7⁶22
920 236 1100 268 BULLARIUM
1118 240 1269 268 nonarum

326 297 515 337 redditibus,
531 296 591 329 sub
602 305 706 340 paena
718 294 1071 335 excommunicationis,
1116 293 1307 327 reddituum
1333 293 1476 328 eiusdem
1502 294 1616 329 Montis
1644 295 1684 329 ad
1715 295 1864 330 doctores
1876 301 2035 342 Monug.

326 363 358 385 se
379 350 592 383 intromittere
617 355 757 393 possent.
778 361 793 376 ο
1116 347 1303 391 collegiatos
1336 344 1515 390 spectaret3
1550 358 1677 382 necnon
1709 349 1785 382 Pius
1810 348 1860 390 IV,
1877 334 2036 396 ἷζὲθω-Ζρι

368 406 383 447 ς’
407 403 438 437 3.
465 403 577 436 Postea
596 407 725 436 sanctae
740 402 916 436 memoriae
928 402 1074 437 Clemens
1116 400 1251 444 cupiens
1275 401 1441 444 egregium
1466 406 1496 434 et
1520 400 1681 435 laudabile
1705 413 1787 447 opus
1810 398 1933 447 gy-'⁰”‘·
1976 397 1994 444 ‘g

170 462 309 483 Afflememe
323 457 408 501 Papa
429 457 491 498 vlt,
523 456 699 501 praemissa
724 457 832 490 omnia
860 456 1073 501 approbando
1116 454 1230 488 mnasii
1260 454 1363 488 dictae
1391 454 1537 495 civitatis,
1569 465 1627 498 per
1648 455 1803 489 dilectum
1823 455 1863 488 fi-
1907 480 1912 486 .

129 493 164 514 vn
181 496 272 519 auctum,
285 498 309 513 e-

128 529 199 545 mtus
242 524 308 548 nnus,
324 517 354 543 et
374 511 481 543 denuo
511 510 739 551 concedendo,
757 509 858 544 voluit
881 510 968 554 quod
996 510 1072 543 dicti
1114 507 1194 541 lium
1214 513 1360 541 nostrum
1387 507 1515 541 Petrum
1536 503 1695 541 Donatum
1719 509 1864 543 cardina-

128 556 214 582 ‘¹‘¹¹³‘¹¹'⁸
235 556 310 575 ‘¹⁴¹⁶'⁰‘
323 563 471 596 doctores
490 563 634 607 deputati
655 573 756 596 unum
776 563 875 597 alium
885 574 1074 608 quemcum-
1114 561 1178 594 lem
1203 561 1242 594 de
1267 561 1370 594 Caesis
1383 568 1618 605 nuncupatum,
1645 567 1722 595 tunc
1741 561 1863 607 episco-

128 587 185 607 ribus
222 586 309 606 facultas

130 618 308 675 pffjfflgljgffffsffio
323 627 386 660 que
407 617 614 650 collectorem
635 627 691 650 seu
703 617 934 661 depositarium
949 617 988 650 ad
1002 628 1073 661 per·
1114 625 1191 660 pum
1216 615 1425 648 Narniensem
1447 620 1476 648 et
1503 615 1606 648 dictae
1626 614 1760 648 civitatis
1777 615 1862 649 vice-

126 680 245 706 depuwndi-
323 670 490 713 cipiendos
510 670 653 704 redditus
678 670 755 704 datii
774 681 831 704 seu
851 671 994 714 gabellae
1010 671 1072 704 hu·
1115 669 1268 712 legatum,
1301 668 1500 712 incoeptum,
1522 669 1561 701 ad
1592 668 1689 701 finem
1718 668 1863 703 debitum

323 723 462 757 iusmodi
474 724 630 768 deputare
648 729 832 768 possent;et
843 730 989 768 quartam
1000 735 1073 769 par·
1114 722 1262 766 perduci,
1285 722 1426 756 officium
1448 722 1632 766 depositarii
1645 722 1788 765 gabellae
1803 722 1866 756 hu-

322 783 386 811 tem
406 777 482 811 datii
496 777 781 811 huiusmodiauxit
791 777 917 821 erigens
933 778 1072 812 Montem
1114 775 1266 818 iusmodi,
1289 776 1376 820 quod
1397 775 1559 820 quondam
1579 775 1733 808 Hercules
1752 768 1864 809 Malve-

321 841 381 874 pro
401 831 535 865 Camera
559 831 756 876 Apostolica,
791 832 879 876 quod
916 843 1072 875 augmen·
1115 829 1189 872 tius,
1211 829 1288 863 civis
1299 829 1521 871 Bononiensis,
1544 829 1621 862 dum
1641 829 1863 870 viveret,obti-

321 890 389 917 tum
415 884 493 918 datii
513 895 572 929 per
599 885 728 918 eosdem
749 885 898 919 doctores
924 885 1072 930 syndicos
1114 883 1219 925 nebat,
1244 889 1334 917 motu
1355 883 1500 927 proprio,
1523 882 1714 917 auctoritate
1733 889 1862 927 aposto-

320 938 501 981 exigeretur
517 944 548 972 et
572 944 798 979 exerceretur;
819 944 849 972 et
871 950 945 972 cum
966 950 1072 983 quon·
1113 936 1184 978 lica,
1209 937 1339 981 penitus
1363 942 1393 970 et
1417 936 1549 970 omnino
1579 947 1637 980 per
1656 941 1791 970 mortem
1812 936 1861 969 di-

320 991 394 1024 dam
428 991 529 1025 Iulius
564 993 603 1025 de
652 992 825 1032 Malvetiis,
862 1003 899 1025 ex
942 1003 1074 1026 conces·
1113 990 1156 1024 cti
1180 990 1328 1024 Herculis
1347 1001 1474 1031 vacans,
1502 989 1680 1034 suppressit
1705 994 1736 1023 et
1760 989 1862 1023 extin-

319 1044 408 1078 sione
443 1045 551 1079 forsan
595 1045 671 1079 dicti
709 1045 781 1078 Iulii
816 1046 1072 1088 praedecessoris
1113 1044 1169 1085 xit,
1198 1055 1324 1078 necnon
1348 1044 1500 1078 salarium
1521 1049 1552 1077 et
1570 1043 1799 1088 provisionem,
1825 1053 1863 1076 ac

319 1103 351 1130 et
370 1108 530 1131 consensu
550 1099 740 1132 eorumdem
758 1099 941 1140 doctorum,
956 1110 1071 1143 quam·
1113 1108 1225 1131 omnes
1249 1103 1280 1132 et
1299 1098 1442 1141 singulos
1467 1097 1612 1130 redditus
1635 1102 1666 1130 et
1690 1102 1862 1141 proventus

319 1150 375 1184 diu
399 1151 488 1192 vixit,
515 1152 727 1196 depositarius
749 1152 910 1185 dictorum
935 1163 1072 1197 proven·
1113 1151 1217 1185 dictae
1238 1152 1395 1195 gabellae,
1417 1151 1566 1185 videlicet
1582 1156 1646 1184 tres
1666 1151 1862 1195 quadrantes

319 1209 412 1238 tuum
442 1205 625 1239 nominatus
660 1205 786 1246 fuisset;
813 1211 844 1239 et
872 1206 979 1240 dilecti
1013 1206 1076 1244 filii
1112 1205 1272 1249 lagiorum
1292 1205 1466 1239 cuiuslibet
1484 1205 1585 1238 librae
1609 1209 1767 1247 argenteae
1786 1204 1860 1237 red-

1111 1312 1205 1346 stenti
1216 1311 1410 1357 depositario
1420 1312 1494 1345 dicti
1507 1311 1615 1352 officii,
1626 1310 1711 1344 illius
1722 1309 1858 1351 ratione,

1111 1365 1190 1400 solvi
1202 1365 1433 1407 solita,massae
1445 1364 1629 1398 reddituum
1640 1364 1743 1397 dictae
1750 1363 1859 1407 gabel-

1111 1421 1174 1461 lae,
1188 1431 1225 1454 ac
1233 1419 1334 1453 monti
1347 1419 1446 1453 trium
1462 1418 1600 1452 millium
1616 1423 1782 1451 scutorum
1803 1427 1861 1461 per

1112 1474 1264 1508 eumdem
1281 1473 1374 1507 Pium
1385 1473 1422 1505 lv
1440 1473 1720 1516 praedecessorem
1732 1471 1860 1504 indicta

1111 1527 1239 1561 civitate
1258 1533 1351 1561 antea
1371 1532 1489 1567 erecto,
1512 1536 1586 1560 cum
1607 1525 1801 1568 obligatione
1811 1524 1859 1558 di-

1112 1587 1239 1616 ctorum
1267 1581 1438 1614 doctorum
1468 1586 1499 1613 et
1522 1579 1696 1623 legentium
1717 1578 1859 1612 solvendi

1112 1635 1327 1670 creditoribus
1342 1633 1417 1667 dicti
1430 1633 1543 1667 Montis
1563 1643 1722 1667 summam
1737 1632 1860 1666 ducen-

1111 1695 1218 1724 torum
1243 1694 1274 1722 et
1294 1688 1507 1732 quadraginta
1517 1692 1694 1728 scutorum,
1708 1691 1743 1720 ut
1762 1685 1795 1719 in
1809 1685 1861 1719 di-

1112 1743 1170 1777 ctis
1194 1742 1241 1776 Pii
1266 1742 1369 1786 Papae
1389 1741 1503 1774 litteris
1523 1752 1560 1774 ac
1576 1740 1790 1773 instrumento
1803 1739 1860 1773 de-

1111 1807 1210 1841 super
1229 1796 1376 1829 confecto
1395 1793 1490 1828 latius
1503 1794 1701 1835 continetur,
1716 1791 1860 1838 applica-

1110 1850 1155 1884 vit
1174 1855 1205 1883 et
1224 1847 1453 1893 appropriavit.

319 1311 420 1352 vetiis,
442 1312 519 1346 dicti
539 1313 611 1346 Iulii
632 1313 672 1346 de
691 1313 842 1346 Malvetiis
851 1324 889 1347 ex
904 1313 1001 1347 fratre
1013 1325 1070 1348 ne-

318 1371 420 1408 potes,
434 1372 613 1399 assererent
625 1366 748 1400 dictum
760 1366 1008 1410 depositariatus
1021 1368 1070 1401 of-

317 1419 441 1460 ficium,
463 1430 522 1463 per
541 1419 709 1453 decessum
736 1420 811 1454 dicti
844 1420 916 1453 Iulii
945 1427 1071 1455 vacatu-

318 1482 404 1513 rum,
430 1483 489 1516 per
509 1473 659 1507 eumdem
682 1473 821 1506 Leonem
842 1474 1070 1517 praedecesso-

318 1536 386 1559 rem
404 1526 450 1560 eis
461 1537 651 1560 concessum
671 1527 783 1568 fuisse,
805 1527 945 1561 decrevit
965 1534 996 1562 et
1013 1529 1069 1562 de-

318 1580 448 1613 claravit
461 1581 545 1624 quod
567 1579 677 1613 Pirrus
688 1586 719 1614 et
730 1581 885 1614 Hercules
897 1582 1067 1626 praedicti,

318 1633 488 1667 occasione
512 1634 765 1677 praemissorum
781 1661 789 1676 ‚
817 1634 873 1668 illa
907 1635 1015 1668 omnia
1039 1641 1070 1669 et

317 1686 443 1729 singula
464 1698 546 1730 quae
562 1688 667 1721 dictus
681 1687 781 1721 lulius
803 1699 841 1722 ex
862 1689 1069 1723 concessione

317 1738 388 1772 lulii
402 1739 439 1781 11,
457 1751 494 1773 ac
514 1740 574 1784 ipsi
593 1741 704 1774 Pirrus
721 1747 751 1774 et
766 1741 922 1775 Hercules
946 1753 984 1775 ex
995 1753 1071 1776 con-

317 1792 460 1827 cessione
469 1794 583 1828 Leonis
593 1794 878 1838 praedecessorum
887 1796 1070 1840 praedicto-

318 1856 390 1879 rum
401 1846 576 1887 habebant,
595 1847 806 1890 dimitterent,
826 1853 857 1882 et
884 1849 1071 1883 nullatenus

317 1899 404 1933 aliud
421 1900 597 1944 quidquam
618 1901 738 1935 habere
763 1907 916 1946 possent;
942 1902 1070 1947 ipsique
1155 1903 1171 1947 g
1187 1903 1219 1937 6.
1233 1903 1400 1936 Postremo
1415 1902 1487 1945 piae
1504 1901 1678 1935 memoriae
1689 1901 1765 1934 Pius
1774 1900 1860 1945 Papa
1887 1913 1972 1935 nemum
1990 1936 1992 1939 ,

318 1952 465 1986 doctores
476 1953 515 1986 ad
526 1954 778 1988 eorumlibitum
789 1965 974 1999 personam,
986 1966 1070 2000 quae
1111 1957 1147 1999 V,
1169 1956 1398 2001 praedecessor
1416 1961 1538 1995 noster,
1564 1954 1674 1988 omnia
1689 1960 1719 1988 et
1735 1953 1860 1998 singula
1873 1946 1976 2003 2:12³*ss
1991 1964 2030 1996 7:⁷⁴

318 2007 463 2040 redditus
482 2007 669 2041 huiusmodi
689 2009 834 2052 gabellae
853 2009 998 2054 recipere
1013 2011 1069 2044 de·
1111 2009 1280 2055 privilegia
1296 2013 1327 2042 et
1345 2008 1462 2052 gratias
1482 2008 1680 2048 huiusmodi,
1703 2013 1860 2052 quatenus

317 2059 418 2101 beret,
432 2061 747 2106 etquandocumque
767 2063 813 2096 eis
831 2063 991 2107 placeret,
1013 2064 1071 2097 eli-
1112 2069 1217 2098 essent
1236 2063 1269 2096 in
1293 2073 1367 2103 usu,
1390 2068 1420 2095 et
1438 2068 1536 2106 prout
1559 2069 1635 2095 tunc
1655 2060 1860 2106 reperiebam

316 2124 393 2157 gere
419 2119 450 2148 et
479 2115 636 2159 deputare
655 2116 810 2156 valerent,
832 2116 1017 2160 derogando
1037 2128 1071 2150 o-
1112 2123 1177 2159 tur,
1203 2117 1291 2150 licita
1326 2121 1434 2149 tamen
1467 2121 1498 2148 et
1525 2115 1658 2148 honesta
1691 2126 1727 2148 ar.
1762 2115 1861 2148 sacris

317 2166 447 2200 mnibus
466 2168 640 2212 privilegiis
653 2168 774 2203 eisdem
786 2169 919 2203 Herculi
934 2174 964 2203 et
978 2169 1070 2203 Pirro
1112 2170 1292 2206 canonibus
1309 2179 1374 2203 non
1396 2168 1725 2209 contraria‚similiter
1740 2178 1860 2212 appro-

318 2220 496 2255 concessis.
1111 2225 1196 2258 bavit
1216 2229 1246 2258 et
1266 2222 1478 2257 confirmavit.

362 2274 376 2317 ,Q
401 2273 432 2307 4.
460 2274 630 2309 Praeterea
649 2276 768 2309 Paulus
787 2276 826 2309 ΙΙΙ
840 2276 950 2310 omnia
961 2282 992 2310 et
1003 2276 1070 2310 sin·
1156 2278 1171 2322 ξ
1195 2277 1226 2311 7.
1252 2276 1361 2320 Nuper
1388 2285 1462 2308 vcro
1488 2274 1585 2308 iidem
1611 2274 1758 2308 doc-tores
1781 2274 1859 2308 hae-

151 2369 156 2373 .
185 2337 262 2361 murus
285 2336 303 2360 ιι
319 2328 394 2370 gula
418 2338 569 2362 concessa
599 2334 662 2362 tam
689 2340 707 2363 a
731 2329 824 2363 dictis
848 2329 1070 2370 Pontificibus,
1112 2331 1204 2363 redes
1216 2329 1377 2374 quondam
1389 2327 1528 2361 Cornelii
1545 2328 1584 2361 de
1601 2327 1746 2361 Malvesia
1762 2333 1793 2361 et
1807 2328 1859 2361 iu-

123 2374 179 2421 ξ’,ζῖζ
196 2372 306 2422 Ῐζζῃωζῖ
320 2392 417 2424 quarn
438 2382 690 2427 imperatoribus
710 2389 741 2417 et
759 2384 966 2428 principibus
994 2384 1072 2428 ipsis
1112 2384 1192 2417 lium
1205 2384 1244 2416 de
1257 2381 1400 2416 Malvesia
1421 2381 1632 2415 cohaeredem
1651 2381 1682 2414 in
1703 2381 1860 2426 deposita·

123 2432 307 2484 ziassalgmfflue‘gg
321 2430 505 2464 doctoribus
521 2433 721 2475 approbavit,
735 2433 888 2466 etcanale
904 2433 1019 2476 navigii
1031 2433 1071 2465 ad
1090 2434 1093 2471 Ι
1112 2433 1177 2465 rios
1203 2431 1386 2465 reddituum
1419 2430 1561 2474 gabellae
1586 2430 1783 2472 huiusmodi,
1813 2429 1860 2463 vi-

125 2495 160 2514 ιιι.
322 2490 431 2512 curam
449 2481 593 2524 ipsorum
615 2482 777 2525 pertinere
797 2482 909 2516 voluit,
1113 2492 1190 2525 gore
1210 2480 1474 2526 praemissorum,
1496 2490 1533 2512 ac
1554 2490 1590 2512 ex
1601 2490 1713 2512 eorum
1729 2478 1860 2523 antiqua

365 2528 379 2571 g
404 2528 434 2561 5.
462 2528 578 2563 Paulus
594 2541 668 2564 vero
688 2531 724 2563 IV
745 2531 844 2564 erexit
859 2531 997 2564 Montem
1017 2540 1071 2563 su·
1113 2537 1141 2564 et
1163 2536 1296 2563 eatenus
1307 2531 1471 2562 observata
1491 2528 1769 2561 eonsuetudineao
1781 2527 1859 2560 alias

151 2594 229 2616 92⁰1„
243 2593 270 2615 ,v
287 2597 308 2616 ει
323 2587 380 2620 per
398 2585 571 2621 augmento
591 2579 669 2613 datii
698 2591 756 2623 per
779 2580 901 2614 dictum
923 2580 1072 2614 Clemen-
1114 2579 1368 2624 quomodolibet,
1395 2579 1434 2611 ad
1454 2578 1670 2622 septennium,
1692 2582 1723 2611 et
1742 2576 1859 2610 deinde

124 2624 172 2648 ΡΜ
194 2625 221 2648 ¹V
240 2626 308 2648 ΜΨ
324 2630 386 2660 tem
403 2628 681 2670 praedecessorem
701 2630 797 2669 iacto,
820 2630 862 2662 ita
887 2635 921 2663 ut
947 2629 1071 2663 exactio
1114 2629 1151 2662 ad
1179 2638 1293 2662 corum
1317 2627 1566 2670 bei-iephwitum,
1596 2625 1811 2659 nominarunt-
1829 2629 1860 2658 et

318 1258 428 1292 Pirrus
449 1265 479 1292 et
499 1259 653 1293 Hercules
678 1260 806 1300 fratres,
825 1259 923 1293 etiarn
944 1260 983 1294 de
993 1260 1070 1294 Mal·
1111 1259 1238 1292 dituum
1258 1258 1362 1292 dictae
1381 1258 1537 1302 gabellae,
1557 1268 1614 1302 pro
1632 1262 1778 1302 tempore
1798 1257 1860 1290 exi·
1906 1302 1915 1310 ι

1088 1760 1093 1990 Ι
1873 2008 1955 2028 eisdem
1975 1992 2031 2023 *15

1970 446 1998 540 3

1875 2039 1945 2060 mavit.

1899 2275 1978 2298 &usu

1874 2308 1935 2329 huius
1945 2307 1966 2328 ta
2017 2317 2018 2321 =

1875 2339 1960 2360 coutirm
1988 2335 2016 2350 ⁷
2045 2336 2047 2340 '
