2059 3228
99 1858 114 1893 ᾖ
145 1864 217 1886 mre·

95 1918 97 1920 ,
126 1898 204 1923 mque

899 204 1000 229 SHTUS
1019 205 1039 227 V
1062 204 1109 228 ΡΡ.

238 253 363 288 ciorum
383 254 509 290 sincero
529 255 644 289 affeetu
665 256 902 295 desideramus,
930 268 982 289 vos

237 311 268 340 et
285 314 428 342 vestrum
447 309 623 352 quemlibet
640 320 658 342 a
677 309 841 353 quibusvis
855 320 982 342 excom-

236 360 475 403 municationis‚
492 363 708 406 suspensionis
724 368 754 395 et
774 362 933 396 interdicti
947 374 982 395 a-

235 413 350 458 liisque
371 415 594 448 ecclesiasticis
610 415 788 456 sententiis,
801 416 944 448 eonsuris
953 421 983 449 et

235 467 362 512 poenis,
379 480 398 501 a
417 468 487 502 iure
502 470 549 502 vel
569 470 609 502 ab
631 469 772 507 liomine,
793 469 903 512 quavis
927 480 981 502 oc-

235 520 362 554 casione
381 522 429 554 vel
449 532 556 562 causa,
574 522 656 562 latis,
676 522 700 555 si
715 522 833 565 quibus
848 533 983 565 quomo-

234 573 356 607 dolibet
375 574 519 608 innodati
539 575 626 616 estis,
648 575 687 608 ad
717 575 865 607 ess'cetum
889 586 981 618 prae—

233 626 373 660 sentium
389 627 554 661 dumtaxat
573 628 849 670 consequendum,
866 628 981 660 harum

233 679 316 714 serie
344 680 544 714 absolventes
567 685 598 714 et
617 680 780 713 absolutos
807 680 875 714 fore
905 692 979 714 cen-

232 738 360 775 sentes;
390 744 517 768 necnon
544 733 691 767 omnium
721 739 751 767 et
779 733 980 777 singulorum

232 787 472 831 praedictorum
484 792 516 821 et
534 786 608 820 inde
623 792 807 820 secutorum
824 798 980 831 quorum-

232 850 373 884 cumque
401 845 529 874 tenores
556 840 781 884 praesentibus
806 851 865 884 pro
891 842 980 874 susti-

233 892 355 927 cienter
364 894 695 938 expressisliabentes,
705 894 890 927 huiusmodi
907 906 941 927 su
948 906 980 938 p-

231 946 462 992 plicationibus
481 946 638 988 inclinati,
661 947 769 980 omnia
794 953 824 981 et
853 948 979 991 singula

231 1001 373 1042 decreta,
385 1006 516 1042 statuta,
527 1001 903 1045 eoneessionesmecnon
916 1003 980 1046 pri-

229 1054 357 1098 vilegia,
378 1054 609 1099 exemptiones,
636 1055 867 1096 immunitates,
893 1056 978 1089 favo-

228 1117 293 1148 res,
319 1107 456 1148 indulta‚
477 1107 754 1151 reintegrationes,
778 1108 979 1142 commissio-

229 1172 307 1204 nes,
329 1162 496 1203 mandata‚
517 1161 752 1202 revocationes,
778 1163 976 1205 voluntates,

229 1215 466 1250 annullationes
484 1215 628 1258 aliasque
648 1215 767 1259 gratias
779 1227 835 1259 per
844 1216 978 1249 Paulum

228 1269 279 1310 111,
297 1269 417 1303 Iulium
441 1269 537 1303 etiam
557 1270 608 1310 Ill,
642 1270 778 1303 Paulum
799 1270 835 1303 IV
855 1276 885 1303 et
904 1270 980 1304 Gre—

228 1321 357 1367 gorium
374 1323 454 1364 xttt,
475 1323 740 1367 praedecessores
752 1328 877 1356 nostros
888 1335 980 1367 prae-

229 1375 343 1418 dictos,
360 1376 547 1420 litterasque
567 1376 707 1420 desuper
724 1376 886 1409 consectas
903 1382 934 1410 et
946 1377 980 1410 in

229 1429 276 1463 eis
295 1435 446 1463 contenta
465 1440 702 1474 quaecumque,
724 1430 901 1473 apostolica
921 1441 978 1463 au-

229 1483 388 1524 ctoritate,
419 1488 531 1517 tenore
554 1484 791 1528 praesentium,
819 1484 979 1528 approba-

228 1548 302 1571 mus
332 1542 364 1571 et
391 1537 631 1578 confirmamus,
652 1537 778 1581 illisque
802 1543 980 1581 perpetuae

1666 196 1729 232 609

1025 256 1211 289 tradictores
1230 258 1389 300 quoslibet
1410 263 1439 291 et
1460 258 1596 291 rebelles
1614 285 1622 299 ,
1649 258 1773 292 etiamsi

1023 309 1197 353 episcopali
1220 312 1264 342 wt
1289 311 1399 345 minori
1421 313 1643 355 praefulgeant
1667 312 1772 355 digni-

1024 367 1099 403 tate,
1118 373 1175 405 per
1191 375 1408 407 quascumque
1426 376 1578 398 censuras
1599 370 1629 398 et
1653 376 1773 408 poenas

1024 415 1256 449 ecclesiasticas
1275 428 1310 450 ae
1332 419 1427 451 etiam
1450 418 1663 462 pecuniarias,
1696 419 1772 451 alia-

1023 479 1085 511 que
1101 475 1283 513 opportuna
1302 471 1379 503 iuris
1399 477 1429 504 ct
1451 472 1522 504 t'acti
1539 471 1693 511 remedia,
1715 483 1771 515 ap-

1024 522 1196 564 pellatione
1225 525 1411 567 postposita,
1434 526 1690 568 eompescendffi
1713 537 1766 565 ac,

1024 574 1173 617 legitimis
1194 588 1291 621 super
1310 578 1358 610 liis
1374 578 1526 611 habendis
1547 579 1676 612 serratis
1694 590 1769 621 pro-

1023 629 1175 669 cessibus,
1199 631 1382 672 sententias,
1415 642 1565 664 censuras·
1595 638 1624 665 et
1650 643 1767 675 poenas

1023 681 1106 724 ipsas
1134 683 1228 715 etiam
1255 684 1374 717 iteratis
1400 684 1522 717 vicibus
1553 686 1764 727 aggravantis»,

1023 735 1167 770 invocato
1188 737 1282 770 ctiam
1308 738 1347 770 ad
1375 738 1471 778 hoe„
1492 739 1516 771 si
1550 750 1629 781 epmv
1659 740 1764 780 suerit,

1021 788 1139 822 auxilio
1159 790 1283 822 brachii
1301 791 1485 824 saecularis.

1065 842 1080 885 ξ
1104 841 1135 875 5.
1177 843 1245 875 Non
1276 844 1475 877 obstantibus
1509 845 1690 887 praemis-is
1731 856 1766 877 zie

1021 896 1303 930 constitutionibus
1324 903 1354 930 et
1373 898 1627 931 ordinationibus
1642 905 1767 941 aposto-

1020 948 1103 990 licis;
1125 960 1161 982 ac
1182 950 1358 993 quibusvis,
1374 952 1469 984 etiam
1482 952 1676 992 iurztiiiento,
1693 964 1768 986 cun-

1020 1001 1201 1036 firmatione
1221 1005 1396 1047 apostolica
1412 1006 1459 1038 vel
1480 1006 1589 1048 quavis
1616 1005 1765 1039 tirmitatc

1019 1055 1080 1088 alia
1095 1056 1266 1096 roboratis,
1284 1058 1409 1090 statutis
1422 1064 1451 1090 et
1462 1059 1762 1098 consuetmlinibus,

1021 1108 1192 1152 privilegiis
1213 1121 1356 1153 quoque,
1375 1111 1507 1143 indultis
1519 1117 1546 1143 et
1565 1111 1763 1154 lssterssapo-

1018 1162 1141 1195 stolicis
1162 1163 1284 1205 legatis,
1314 1163 1506 1207 vicelegatis,
1540 1165 1764 1207 gubernatori-

1018 1217 1089 1257 bus,
1109 1217 1319 1257 auditoribus,
1334 1218 1561 1250 commissaliis
1573 1224 1599 1251 et
1614 1218 1684 1251 aliis
1694 1219 1764 1261 qui-

1018 1269 1124 1302 busvis
1144 1271 1290 1313 personis
1304 1281 1341 1303 ac
1361 1271 1451 1310 locis,
1474 1271 1532 1304 sub
1553 1271 1763 1314 quibuscum-

1019 1334 1080 1366 que
1096 1324 1263 1357 tenoribus
1280 1330 1309 1357 et
1334 1324 1458 1365 formis,
1479 1336 1516 1357 ac
1541 1336 1613 1358 cum
1635 1326 1764 1368 quibus-

1018 1376 1063 1410 vis
1083 1377 1235 1410 clausulis
1255 1384 1285 1410 et
1308 1378 1457 1419 decretis,
1480 1378 1575 1411 etiam
1594 1385 1682 1410 motu
1693 1390 1764 1421 pro-

1018 1430 1100 1475 prio,
1120 1431 1365 1474 quomodolibet
1393 1432 1562 1471 concessis,
1579 1433 1764 1475 approbatis

1018 1489 1047 1517 et
1067 1484 1236 1517 innovatis.
1259 1484 1379 1524 Quibus
1400 1485 1550 1517 omnibus
1576 1491 1603 1517 et
1621 1485 1763 1528 singulis,

1019 1537 1148 1570 illorum
1163 1543 1304 1578 tenores,
1326 1549 1362 1571 ac
1379 1538 1454 1571 side
1468 1539 1564 1571 verbo
1580 1539 1619 1571 ad
1631 1539 1761 1571 verbum

229 1595 262 1625 et
280 1590 475 1624 inviolabilis
494 1590 655 1624 firmitatis
675 1591 774 1624 robur
794 1590 977 1631 adiicimus,
997 1590 1238 1643 ‘insererentur
1261 1591 1494 1634 praesentibus,
1525 1602 1584 1634 pro
1604 1591 1765 1624 sut‘licien-

228 1654 406 1689 omnesque
425 1649 457 1678 et
467 1644 609 1688 singulos
621 1650 684 1678 tam
696 1644 774 1677 iuris
790 1655 887 1688 quam
901 1644 978 1678 lacti
1019 1650 1067 1677 ter
1090 1644 1247 1688 expressis
1270 1644 1437 1684 habentes,
1466 1644 1529 1676 illis
1556 1644 1632 1676 alias
1656 1644 1688 1676 in
1706 1655 1763 1677 suo

228 1697 392 1739 desectus,
417 1698 443 1731 si
474 1697 530 1741 qui
553 1698 661 1731 forsan
690 1697 920 1731 intervenerint
946 1697 980 1731 in
1019 1698 1134 1732 robore
1160 1697 1392 1741 permansuris,
1414 1698 1474 1731 hac
1493 1698 1561 1730 vice
1587 1698 1761 1737 dumtaxat,

217 1751 364 1792 eisdem,
385 1752 585 1796 supplemus.

273 1805 343 1849 §Aa
370 1805 527 1845 Quocirca
555 1803 795 1838 venerabilibus
827 1796 980 1838 fratribus

228 1857 442 1900 Anconitano,
461 1859 620 1891 Asculano
642 1863 670 1890 et
687 1854 899 1891 Rccanatensi
915 1858 981 1902 epi-

229 1911 335 1956 scopis
358 1922 416 1956 per
437 1911 614 1956 apostoliea
647 1912 766 1954 scripta
791 1911 982 1945 mandamus

230 1970 390 2009 quatenus
416 1965 476 2010 ipsi
506 1965 555 1998 vel
588 1965 652 1998 duo
673 1970 727 1997 aut
747 1975 831 1997 unus
851 1975 978 2006 eorum,

229 2029 289 2064 per
307 2029 341 2052 se
359 2018 409 2052 vel
426 2019 526 2052 alium
546 2029 602 2051 seu
622 2017 713 2058 alios,
731 2024 915 2060 praesentes
927 2019 980 2051 lit-

230 2077 316 2107 teras
333 2072 412 2106 etin
432 2071 477 2105 eis
497 2077 649 2105 contenta
669 2082 905 2115 quaecumque,
926 2072 981 2105 ubi

230 2131 262 2160 et
277 2126 406 2170 quando
422 2136 503 2169 opus
516 2125 624 2165 suerit,
641 2135 677 2157 ac
689 2123 813 2168 quoties
821 2135 879 2168 pro
892 2130 981 2168 parte

230 2185 333 2213 vestra
348 2178 468 2212 suerint
487 2178 646 2221 requisiti,
666 2178 853 2210 solemniter
873 2179 981 2222 publi-

231 2232 510 2275 cantes,vobisque
520 2236 551 2264 et
562 2230 720 2274 deputatis
732 2231 842 2263 restris
850 2230 882 2263 in
890 2242 982 2274 prae-

232 2284 337 2318 missis
357 2285 507 2318 omnibus
523 2290 555 2318 et
573 2284 707 2327 singulis
723 2283 860 2317 efficacis
871 2284 980 2318 defen-

145 2335 147 2337 ’
174 2375 179 2379 ,
231 2337 331 2372 sionis
350 2337 508 2382 praesidio
528 2337 722 2378 assistentes,
738 2337 854 2369 saciant
869 2343 980 2371 aucto-

231 2385 327 2420 ritate
345 2391 453 2419 nostra
470 2397 525 2419 vos
545 2386 608 2418 illis
618 2385 749 2429 pacifice
771 2385 833 2417 srui
853 2392 884 2418 et
902 2396 980 2428 gau-

228 2435 322 2477 dere,
343 2445 409 2468 non
425 2435 649 2479 permittentes
669 2444 722 2467 vos
737 2440 792 2466 aut
811 2434 981 2477 deputatos

232 2490 354 2518 vestros
373 2495 430 2518 seu
448 2489 588 2517 vestrum
608 2483 747 2526 aliquem
765 2489 876 2515 contra
888 2494 980 2527 prae-

232 2534 373 2567 sentium
399 2538 543 2566 tenorem
571 2531 814 2575 quomodolibet
839 2531 981 2565 indebite

314 2631 388 2662 Ball.
406 2630 481 2661 Rom.
507 2630 561 2661 l'ol.
588 2629 658 2659 VIII.
827 2629 861 2659 ’Π

1019 1751 1200 1794 specialiter
1219 1757 1250 1784 et
1269 1761 1415 1795 expresse
1451 1751 1653 1793 derogamus,
1684 1757 1766 1783 cete·

1019 1805 1126 1847 risque
1146 1804 1316 1838 contrariis
1336 1804 1608 1847 quibuscumque.

1062 1859 1176 1892 Datum
1195 1859 1314 1891 Romae
1337 1858 1422 1902 apud
1442 1858 1592 1890 Sanctum
1614 1857 1764 1895 Marcum,

1019 1912 1078 1945 sub
1107 1912 1228 1944 annulo
1256 1910 1446 1951 Piscatoris,
1473 1910 1523 1943 die
1547 1920 1601 1943 viu
1626 1910 1765 1943 octobris

1019 1975 1176 2005 iintxxxv,
1202 1965 1408 2009 pontificatus
1428 1963 1528 1996 nostri
1549 1973 1632 1996 anno
1652 1974 1674 1996 1.

1105 2018 1168 2048 Dat.
1183 2018 1229 2048 die
1241 2018 1257 2048 8
1271 2023 1326 2048 oet.
1341 2016 1547 2057 11585,p0nttf.
1563 2026 1640 2047 anno
1658 2025 1678 2047 1.

1345 2131 1433 2164 XVII.

1022 2191 1066 2223 De
1096 2191 1254 2233 reqimz'ne
1273 2189 1384 2223 Slttclr'i
1399 2189 1558 2232 yeneralt's
1582 2189 1762 2230 Valentini,

1065 2244 1104 2276 ab
1138 2244 1324 2276 Alexandro
1362 2242 1408 2275 VI
1429 2243 1592 2283 instituti,
1614 2247 1643 2275 et
1663 2244 1766 2286 appli-

1064 2298 1190 2330 catione
1222 2296 1446 2338 beneficiorum
1485 2296 1767 2330 ecclesiasticorum

1065 2354 1121 2383 etc.

1085 2416 1181 2444 sixtus
1201 2415 1353 2451 episcopus,
1371 2422 1467 2444 servus
1487 2421 1628 2444 serverum
1646 2415 1702 2450 Dei,

1158 2470 1191 2497 ad
1209 2469 1372 2504 perpetuam
1395 2469 1436 2497 rei
1453 2469 1622 2498 memoriam.

1787 203 1839 234 An.
1856 204 1885 233 C.
1904 205 1970 234 ¹585

1807 859 1897 887 nerngat
1912 865 1965 883 0:0¹2-¹

1781 894 1859 912 ll'ssl'llss-

1066 2527 1221 2570 Copiosus
1245 2526 1279 2559 in
1306 2527 1528 2560 misericordia
1551 2527 1707 2561 Dominus
1737 2534 1769 2562 et
1810 2541 1928 2565 Exordium.

234 2582 408 2626 molestari,
430 2580 613 2626 perturbari
632 2581 682 2614 vel
694 2579 887 2624 inquietari3
904 2591 980 2614 con-
1022 2580 1054 2612 in
1072 2580 1195 2613 cunctis
1216 2580 1282 2614 suis
1301 2580 1453 2629 operibus
1473 2581 1642 2625 gloriosus,
1661 2593 1680 2616 a
1703 2593 1766 2627 quo
