2059 3228
759 274 852 298 ixnrx
879 275 916 297 ar

237 330 366 373 ganono
389 329 501 363 indicis
519 328 687 372 deputatos
721 325 894 359 examinari

238 390 267 417 et
289 384 422 426 corrigi,
449 387 521 423 etc„
545 381 619 415 894.

148 437 249 471 xcvi.
271 437 313 472 De
334 435 617 470 constitutionibus
634 433 681 466 Pii
702 433 737 465 lv
759 438 785 465 et
814 431 856 464 Pii
875 431 894 460 Υ

236 491 323 524 circa
344 488 553 523 confidentias
565 486 770 521 beneficiales
790 485 892 520 editis

236 544 270 577 in
307 553 407 586 regno
432 542 551 576 Galliae
584 538 789 583 exequendis,
822 549 893 570 runi

237 596 459 630 moderatione
475 603 668 639 poenarum,
687 592 760 625 893».

150 649 264 684 xcvii.
289 650 393 683 Studii
417 647 574 692 generalis
597 647 698 680 almae
723 644 815 677 Urbis
845 654 895 676 re·
915 658 918 684 i

237 703 345 747 gimen
363 702 498 745 collegio
535 700 764 734 advocatorum
790 697 894 731 consi-

237 756 417 790 storialium
443 755 617 793 confertur,
645 763 718 786 cum
746 751 895 794 antiquo-

238 821 312 843 rum
337 808 580 854 privilegiorum
600 805 845 840 confirmatione
866 809 893 837 et

238 862 482 906 praecedentiae
502 859 719 899 concessione,
746 858 821 890 897.

149 916 275 950 XCVIII.
289 915 467 950 Declaratio
479 915 564 948 circa
576 913 806 958 proprietatem
819 911 894 945 olim

239 968 480 1013 congregationi
501 966 733 1000 canonicorum
752 964 896 998 saecula-

238 1023 324 1056 rium
354 1021 461 1055 Sancti
491 1020 616 1062 Georgii
639 1019 669 1051 in
694 1020 769 1062 Aiga
795 1018 895 1050 vone-

238 1076 356 1109 tiarum
380 1074 525 1107 absolute
549 1072 764 1112 interdictam,
792 1071 866 1105 900.

150 1128 253 1162 XCIX.
278 1127 455 1162 Prohibitio
473 1125 662 1160 admittendi
683 1125 721 1158 ab
741 1123 897 1158 beneficia

239 1181 330 1225 regni
339 1180 501 1214 valentiae
518 1179 712 1222 alienigenas
722 1187 896 1221 regnorum

239 1233 423 1278 Hispaniae,
450 1233 482 1266 in
509 1232 626 1276 quibus
651 1231 709 1275 ipsi
740 1229 919 1279 Valentini¹

239 1288 278 1321 ad
298 1287 414 1321 similia
437 1297 502 1320 non
522 1285 747 1323 admittuntur,
776 1285 850 1318 902.
914 1284 918 1323 Ι

151 1341 185 1374 C.
208 1341 377 1384 Ampliatio
395 1339 523 1383 collegii
545 1338 737 1371 clericorum
758 1337 897 1371 Camerrr
916 1327 918 1342 ¹

240 1394 280 1427 ad
300 1404 472 1427 numerum
493 1392 742 1433 duodenarium,
760 1390 833 1424 909.

152 1447 200 1482 CI.
237 1447 328 1487 Quod
358 1446 546 1480 Franciseus
581 1445 728 1485 MediceS‚
763 1455 898 1487 magnus
917 1467 918 1479 i

239 1501 304 1535 dux
330 1500 501 1534 Hetruriae
530 1505 561 1533 et
586 1509 721 1542 magnus
749 1497 919 1541 magisteri

241 1554 373 1587 militiae
392 1554 518 1587 Ordinis
538 1553 568 1586 S.
590 1552 757 1596 Stephani,
776 1552 899 1595 erigere
918 1576 919 1583 1

238 1607 342 1641 valeat
360 1607 393 1640 in
417 1606 624 1639 commendas
643 1606 749 1639 dictae
768 1605 899 1638 militiae

241 1659 414 1704 hospitalia
437 1670 495 1703 per
524 1659 623 1692 laicos
643 1659 710 1702 regi
729 1658 831 1698 solita,
860 1658 900 1691 ad
919 1671 921 1687 :

243 1713 494 1757 hospitalitatem
515 1713 673 1752 instituta,
696 1712 729 1745 in
748 1712 901 1745 Hetruria
919 1719 922 1758 f

244 1766 420 1806 existentia,
442 1767 481 1799 de
506 1766 623 1809 quibus
649 1765 747 1799 Sedes
768 1767 901 1810 Aposto-
920 1763 921 1768 ’

243 1819 306 1853 lica
324 1820 497 1864 disponere
516 1829 581 1852 non
606 1819 784 1860 consuevit,
806 1819 882 1853 912.

156 1872 217 1908 Cll.
243 1873 412 1916 Privilegia
437 1879 468 1906 et
487 1872 706 1906 immunitates
731 1883 791 1917 pro
816 1873 903 1906 aedi-

247 1926 417 1960 ficantibus
450 1927 497 1959 vel
531 1925 750 1959 habitantibus
780 1926 813 1959 in
847 1927 903 1959 Via

245 1979 344 2013 Felici
368 1985 398 2013 et
414 1979 446 2012 in
459 1979 513 2012 Via
524 1979 579 2012 Pia
593 1980 695 2012 almae
705 1979 810 2020 Urbis,
825 1979 900 2013 9¹14.

157 2032 232 2067 CIII.
254 2032 462 2066 Confirmatio
482 2033 719 2074 declarationis,
734 2033 904 2067 correctio-

245 2086 296 2120 nis
334 2092 366 2120 et
395 2086 634 2120 reformationis
668 2087 905 2120 constitutionis

246 2139 434 2183 Magalottae
453 2140 486 2172 in
513 2139 678 2183 provincia
712 2139 906 2174 Romandio-

247 2193 298 2227 lae
316 2192 545 2232 observandae,
567 2192 642 2226 916.

267 2246 445 2280 Prohibitio
479 2245 665 2279 extrahendi
688 2252 744 2279 aut
776 2256 906 2291 quoquo

249 2300 346 2333 modo
377 2299 546 2333 amovendi
579 2299 679 2332 libros
699 2305 730 2333 et
753 2300 813 2333 alia
841 2301 906 2334 exi-

249 2352 366 2386 stentia
384 2353 419 2386 in
433 2352 641 2386 bibliothecis
660 2352 795 2386 fratrum
806 2353 907 2387 Mino-

251 2415 324 2438 rum
334 2405 375 2439 de
390 2405 596 2439 observantia
607 2405 733 2439 Ordinis
755 2406 786 2440 S.
810 2407 907 2440 Fran-

252 2454 341 2493 cisci;
367 2459 398 2487 et
417 2454 635 2488 ordinationes
654 2454 771 2498 quibus
797 2455 908 2489 eadem

253 2503 436 2538 conservari
453 2504 602 2544 debeant,
626 2502 701 2537 9⁵28.

913 565 918 600 i

914 850 920 913 Ι

160 2243 232 2279 clv.

165 2551 225 2586 GV.
260 2551 470 2586 Confirmatio
506 2552 745 2597 privilegiorum
783 2552 910 2587 Ordinis

254 2601 390 2634 fratrum
420 2601 579 2635 Minorum
609 2601 718 2635 Sancti
749 2601 909 2637 Francisci

254 2650 296 2685 de
314 2650 532 2692 Observantia,
553 2649 629 2685 931.

918 1615 919 1640 i
938 1605 1011 1639 CIX.

1553 266 1637 298 icoo

937 327 1007 358 Cl‘t.
1036 326 1231 369 ,ipprobatio
1264 327 1520 368 congregationis
1545 330 1678 361 irati-um

1026 379 1178 412 ‚liiiiorum
1206 381 1469 413 Conventualium
1490 382 1678 415 reformato-

1026 443 1093 464 riiin
1120 434 1150 465 S.
1179 434 1350 473 Francisci‚
1373 445 1446 467 cum
1467 435 1593 468 habitus
1626 436 1679 469 de-

1024 485 1068 525 sig
1067 496 1100 517 n:
1105 487 1200 519 itione
1220 493 1250 520 vt
1270 488 1509 531 piixilerriorum
1531 499 1675 522 commu-

1024 537 1075 569 nii
1080 539 1195 579 itione,
1216 540 1290 573 934.

921 275 1076 298 itntflxrttwr

913 588 1019 652 Ι(ἎΙΙ.
1052 590 1141 629 Quod
1173 598 1235 624 tam
1265 592 1460 636 professoies
1493 593 1621 628 Ordinis
1644 594 1674 628 S.

1024 643 1099 676 Hier
1102 654 1161 676 oni
1165 645 1206 677 mi
1217 646 1326 689 oppidi
1340 646 1377 679 (le
1388 647 1418 679 E
1419 658 1491 679 seur
1494 648 1539 680 ἰαὶ
1557 647 1678 681 nullius

1024 695 1190 738 dioecesis,
1204 699 1387 741 provinciae
1399 700 1569 733 Toletanae
1583 711 1676 744 quam

1023 749 1117 782 etiam
1138 753 1328 792 saeculares,
1351 753 1506 786 clericiac
1525 753 1610 793 laici,
1624 754 1678 797 qui

1025 803 1057 835 in
1073 804 1208 847 collegio
1229 806 1415 839 eorumdem
1437 806 1571 839 fratrum
1591 807 1679 840 theo-

1023 856 1125 900 logiae
1150 864 1180 890 et
1212 859 1435 903 philosophiae
1460 869 1592 904 operam
1623 861 1678 893 de-

1023 910 1138 949 derint,
1171 917 1340 956 postquam
1365 923 1478 945 cursus
1497 913 1678 946 studiorum

1023 965 1224 1007 perfecerint,
1245 972 1275 999 et
1295 966 1334 999 de
1350 966 1412 999 hoc
1426 966 1522 1000 fidem
1535 967 1680 1000 obtinue-

1024 1018 1097 1058 rint,
1136 1020 1255 1063 possint
1286 1019 1387 1064 recipi
1426 1025 1456 1054 et
1492 1020 1616 1053 admitti
1641 1020 1677 1053 ad

1022 1082 1243 1115 quoscumque
1282 1073 1400 1116 gradus
1437 1072 1611 1116 magisterii
1650 1079 1678 1105 et

1022 1125 1208 1159 doctoratus
1229 1126 1260 1159 in
1290 1137 1495 1171 quacumque
1525 1126 1674 1160 Universi

1023 1183 1086 1211 tate
1110 1178 1298 1213 Studiorum
1319 1179 1518 1223 generalium
1529 1179 1562 1213 in
1575 1180 1679 1223 regnis

1023 1231 1206 1276 Hispaniae,
1234 1232 1309 1266 938.
1393 1266 1398 1270 ,

936 1283 1033 1317 CVIII.
1057 1285 1099 1318 De
1119 1286 1226 1319 decies
1245 1286 1352 1319 alteris
1378 1286 1520 1319 centenis
1540 1285 1682 1318 millibus

1024 1348 1193 1372 nummum
1218 1350 1392 1373 aureorum
1417 1339 1448 1372 in
1469 1340 1549 1372 Arce
1574 1339 1681 1372 Sancti

1024 1392 1135 1434 Angeli
1147 1392 1303 1436 sepositis,
1316 1393 1406 1426 nullo
1427 1403 1580 1436 umquam
1601 1398 1681 1426 tem-

1024 1455 1116 1489 pore,
1155 1446 1217 1479 nisi
1246 1447 1279 1479 in
1308 1446 1514 1491 praescriptis
1542 1445 1680 1485 casibus,

1026 1504 1177 1543 certaque
1192 1500 1332 1544 desuper
1350 1506 1473 1533 servata
1490 1500 1605 1539 forma,
1627 1500 1683 1533 de·

1027 1553 1224 1595 promendis,
1247 1552 1322 1586 939.

1034 1605 1221 1650 Indulgetur
1258 1606 1410 1639 fratribus
1430 1613 1460 1640 et
1491 1605 1684 1639 monialibus

1026 1658 1153 1693 Ordinis
1176 1659 1291 1693 Beatae
1325 1660 1440 1693 Mariae
1474 1660 1513 1693 de
1539 1659 1683 1692 Mercede

1027 1713 1267 1758 Redemptionis
1288 1713 1500 1757 captivorum,
1528 1712 1683 1746 recitandi

1027 1766 1168 1800 officium
1189 1766 1273 1799 iuxta
1304 1766 1487 1800 breviarum
1508 1777 1566 1811 pro
1600 1766 1685 1799 dieto

1027 1819 1145 1853 Ordine
1169 1831 1187 1852 a
1211 1819 1430 1853 cardinalibus
1455 1819 1617 1864 deputatis
1627 1831 1686 1864 ap-

1030 1873 1213 1916 probatum,
1235 1872 1309 1906 943.

943 1926 1002 1960 CX.
1023 1927 1149 1959 Indulta
1169 1932 1199 1959 et
1218 1926 1337 1969 gratiae
1347 1926 1610 1969 Congregationis
1621 1937 1689 1960 mo-

1031 1980 1211 2013 nachorum
1232 1980 1265 2012 B.
1292 1980 1407 2012 Mariae
1426 1979 1609 2021 Fulliensis,
1630 1980 1689 2014 Or-

1032 2033 1116 2066 dinis
1140 2032 1359 2065 Cisterciensis
1375 2032 1406 2065 S.
1433 2032 1596 2066 Benedicti
1615 2033 1690 2066 stri-

1032 2086 1141 2120 ctioris
1161 2086 1392 2126 observantiae,
1415 2085 1490 2120 945.

945 2139 1018 2173 CXI.
1046 2140 1252 2174 Confirmatio
1279 2146 1471 2173 statutorum
1504 2140 1691 2174 monasterii

1034 2204 1091 2227 seu
1109 2193 1236 2236 collegii
1252 2192 1282 2225 S.
1298 2193 1461 2226 Laurentii
1481 2193 1510 2226 el
1530 2193 1694 2238 Realpro-

1034 2247 1157 2280 vinciae
1177 2246 1347 2280 Toletanae
1358 2246 1484 2280 Ordinis
1503 2246 1694 2281 SanctiHie·

1036 2301 1177 2344 ronymi,
1199 2300 1274 2333 947.

948 2353 1034 2388 CXII.
1070 2353 1248 2386 Prohibitio
1277 2353 1456 2397 recipiendi
1484 2353 1524 2386 ad
1547 2353 1694 2387 habitum

1036 2408 1085 2441 vel
1100 2406 1333 2451 professionem
1352 2407 1588 2450 cuiuscumque
1607 2406 1696 2440 Ordi-

1036 2456 1086 2489 nis
1117 2455 1274 2499 regularis
1304 2456 1452 2490 homines
1486 2456 1693 2500 illegitimOS,

1038 2505 1191 2539 criminos
1179 2515 1230 2537 os
1249 2510 1303 2537 aut
1332 2505 1399 2538 aeri
1423 2505 1529 2538 alieno
1559 2505 1696 2538 redden-

1038 2554 1085 2586 dis
1088 2564 1122 2586 xe
1150 2553 1327 2586 rationibus
1351 2554 1522 2594 obnoxios;
1544 2558 1575 2588 et
1602 2564 1696 2598 prae-

1039 2603 1182 2691 sciigtio
1209 2604 1330 2636 formae
1364 2603 1502 2638 novitios
1535 2602 1696 2647 reeipien-

1038 2652 1072 2685 di
1129 2652 1167 2686 51
