2059 3228
40 0 178 96 F

56 225 106 262 fin.
121 227 150 257 C.
164 228 229 258 1586

47 581 117 605 duum.

61 1132 135 1161 ΙιδΙοΙι
147 1134 211 1162 depu-

56 1165 84 1188 lb
103 1167 125 1186 n
142 1165 210 1187 heul-

45 1193 89 1222 asu
100 1196 120 1218 ln
141 1199 209 1218 causis

42 1229 74 1257 ῑ.Ι
98 1227 208 1253 exigemus

53 1268 75 1278 »1
86 1259 152 1280 mum
165 1261 207 1281 etc.

79 550 185 575 nervosum
194 551 224 572 ir-

242 286 299 320 pcr
316 275 377 308 hoc
397 275 555 308 editarum
568 275 758 316 faciendam,
777 275 879 307 teneri
893 275 989 308 etob-

228 329 354 371 ‚ligatos
375 340 461 369 cssc;
482 335 511 362 et
529 329 567 361 ad
589 329 618 361 id
637 339 694 371 per
713 328 899 368 sententias,
915 339 989 361 cen-

240 393 330 415 suras
341 387 372 415 ct
398 393 517 426 poenas
537 383 569 415 in
591 382 667 426 ipsis
687 382 801 415 litteris
821 386 987 415 contentas

239 435 310 479 cogi
330 442 361 469 et
381 436 532 480 compelli
554 447 658 480 posse.

281 489 296 532 ᾖ
320 488 351 522 3.
374 489 491 533 Sieque
519 500 576 533 per
600 499 822 532 quoscumque
849 488 982 527 iudices,

237 542 418 577 ordinarios
434 549 464 577 et
481 544 654 586 delegatos,
675 544 785 586 quavis
795 541 983 575 auctoritate

236 595 417 639 fungenLCS,
440 597 535 630 etiam
567 607 738 630 causarum
766 596 876 628 Palatii
901 596 983 638 Apo-

234 649 340 683 stolici
365 650 527 683 auditores
551 661 589 683 ac
608 650 640 683 S.
667 650 704 682 R.
728 649 762 682 E.
788 649 979 687 cardinales,

196 716 200 720 ·
233 703 356 737 sublata
376 704 421 737 eis
450 709 481 737 et
500 714 613 737 eorum
634 703 767 737 cuilibet
790 702 901 745 quavis
922 701 980 734 ali-

232 761 281 789 ter
297 756 461 790 iudicandi
481 762 512 790 et
531 756 767 800 interpretandi
784 756 933 788 facultate
950 760 980 787 et

230 810 432 850 auctoritate,
450 810 570 854 ubique
592 810 728 843 iudicari
740 814 771 842 et
781 809 908 842 definiri
925 808 979 841 de-

229 862 304 896 bere
319 874 326 903 ;
344 863 537 907 irritumque
554 870 585 897 et
597 864 691 896 inane
712 862 867 906 quicquid
886 873 978 895 set-us

228 926 326 961 super
345 917 394 950 his
414 928 431 950 a
446 928 623 961 quoquam,
645 917 756 962 quavis
775 916 976 956 auctoritate,

227 969 365 1003 scienter
395 971 443 1004 vel
464 971 662 1014 ignoranter,
684 970 854 1014 contigerit
873 975 975 1003 atten-

226 1022 287 1056 tari
306 1023 524 1057 decernimus.
537 1027 546 1035 '

268 1075 284 1120 ἓ
307 1076 339 1109 4.
367 1077 552 1111 Mandantes
585 1078 702 1111 dilecto
729 1077 797 1110 filio
822 1077 973 1120 magistro

223 1129 406 1164 Alexandro
426 1130 598 1173 Glorierio,
613 1131 731 1165 clerico
752 1132 855 1164 dictae
865 1130 974 1164 Came-

223 1194 290 1224 rae,
313 1195 407 1227 quem
438 1196 536 1229 super
559 1185 742 1228 cognitione
762 1190 793 1218 et
812 1184 972 1217 decisione

223 1247 406 1280 causarum,
437 1244 502 1272 tam
527 1240 697 1273 occasione
720 1240 971 1283 praemissorum

221 1301 317 1334 quam
342 1297 535 1326 annatarum
554 1293 789 1327 beneficiorum
810 1304 869 1337 pro
889 1299 971 1326 tem-

221 1355 301 1390 pore
320 1346 517 1387 vacantium,
539 1358 597 1391 per
616 1348 746 1381 illorum
762 1346 905 1392 provisos
922 1347 971 1379 di-

219 1393 279 1433 ctis
298 1398 461 1441 Gamerae,
473 1401 610 1444 collegio
631 1406 662 1434 et
681 1401 872 1434 officialibus
884 1401 972 1434 dehi-

220 1457 324 1486 tarum
336 1458 366 1486 et
378 1453 610 1496 debendarum,
625 1454 835 1499 pendentium
855 1461 886 1488 et
904 1465 972 1487 mo-

219 1506 408 1548 vendarum,
431 1507 572 1541 iudicem
597 1508 832 1552 deputavimus,
849 1519 886 1542 ac
901 1508 970 1542 aliis

219 1559 330 1594 ineius
341 1560 462 1601 locum,
484 1571 543 1604 per
561 1572 619 1594 nos
639 1562 686 1595 vel
700 1572 900 1595 successores
911 1573 970 1596 no-

219 1617 302 1646 stros
321 1613 534 1656 subrogandis
553 1614 725 1653 iudicibus,
748 1620 793 1656 ut,
812 1626 872 1659 pro
891 1616 969 1648 saci-

218 1665 292 1700 liori
321 1666 524 1710 indagatione
550 1667 706 1701 unionum
737 1670 966 1711 praefatarum,

219 1719 329 1754 omnia
347 1726 379 1753 et
393 1720 519 1763 singula
531 1721 778 1762 cathedralium,
796 1722 892 1754 etiam
903 1733 969 1754 me-

218 1773 490 1817 tropolitanarum
510 1779 540 1807 et
560 1774 803 1818 collegiatarum
820 1775 970 1808 ecclesia-

218 1837 292 1860 rum
311 1827 452 1871 capitula
472 1833 502 1861 et
523 1828 671 1871 collegia,
693 1839 821 1861 necnon
842 1834 904 1861 tam
922 1829 968 1861 vi-

218 1890 331 1914 rorum
347 1892 441 1923 quam
452 1881 641 1921 mulierum,
654 1882 835 1914 saeculares
849 1887 879 1915 et
890 1892 969 1925 quo-

217 1932 338 1967 rumvis
372 1933 528 1967 Ordinum
552 1935 718 1977 regulares
743 1935 968 1978 congregatio-

217 1995 273 2019 nes
297 1997 353 2020 seu
377 1987 524 2030 collegia,
551 1987 722 2021 seminaria
751 1994 782 2020 et
807 1988 859 2031 pia
883 1988 965 2028 loca,

217 2040 471 2084 eorumdemque
491 2042 663 2085 praelatos,
676 2046 915 2085 procuratores,
928 2042 967 2075 ad

217 2092 424 2127 indicandum
445 2100 476 2127 et
504 2095 734 2139 profitendum,
756 2095 863 2128 medio
884 2095 967 2128 iura-

218 2152 337 2189 mento,
350 2147 458 2180 omnia
471 2153 502 2181 et
513 2148 638 2191 singula
658 2148 866 2190 monasteria,
883 2149 967 2192 prio-

216 2205 314 2241 ratus,
336 2201 587 2245 praeposituras,
606 2201 853 2245 praepositatus,
871 2213 966 2245 paro-

216 2252 336 2287 chiales
356 2254 507 2288 ecclesias
527 2261 556 2287 et
577 2255 640 2287 alia
660 2266 885 2298 quaecumque
910 2255 965 2288 be-

216 2306 332 2340 neficia
348 2307 579 2348 ecclesiastica,
602 2308 726 2341 etiamsi
753 2307 916 2341 manualia
936 2314 966 2342 et

217 2361 256 2393 de
275 2361 346 2394 iure
366 2366 567 2405 patronatus,
578 2367 614 2394 ut
630 2362 964 2404 praefertur,suerint,

216 2419 298 2452 quae
322 2409 390 2453 ipsa
410 2410 557 2452 collegia,
580 2410 765 2450 seminaria,
788 2421 964 2454 congrega-

217 2457 319 2491 tiones
329 2463 359 2491 et
375 2457 437 2490 alia
449 2457 501 2501 pia
516 2458 587 2491 loca
606 2458 748 2501 praefata
767 2459 961 2501 possideant,

217 2505 412 2550 illorumque
431 2517 557 2539 annuos
570 2517 661 2540 veros
672 2508 805 2545 valores,
821 2508 880 2540 sub
897 2509 964 2552 pri-

216 2555 351 2589 vationis
371 2561 402 2589 et
425 2555 495 2588 aliis
514 2556 545 2599 in
566 2556 682 2589 litteris
706 2556 739 2589 in
764 2556 867 2590 forma
893 2568 964 2591 mo-

217 2607 267 2636 tus
286 2603 411 2647 proprii
430 2604 520 2638 Pauli
540 2604 576 2637 IV
593 2610 624 2637 et
643 2605 689 2638 Pii
710 2605 743 2646 V,
777 2606 964 2649 praedeces-

297 2651 372 2682 Bull.
392 2652 471 2683 Rom.
499 2653 555 2682 Vol.
577 2653 650 2684 VIII.
848 2655 885 2683 89

880 248 884 253 ,
895 222 998 246 SlXTUS
1021 223 1039 245 V
1063 223 1111 247 1³1⁷.

1030 284 1138 307 sorum
1169 276 1367 321 huiusmodi,
1403 285 1562 319 contentis
1595 291 1773 332 sententiis,

1029 329 1173 361 censuris
1194 337 1223 363 et
1247 334 1369 375 poenis,
1391 335 1423 367 in
1445 337 1586 372 Romana
1616 340 1712 376 Curia
1744 350 1776 378 et

1028 386 1117 414 extra
1142 394 1388 424 eam‚m0m:ant
1406 394 1436 422 et
1461 392 1636 435 requirant.
1658 396 1775 431 Dantes

1027 434 1071 467 eis
1092 435 1219 478 plenam
1240 445 1270 471 et
1290 440 1423 475 liberam
1445 443 1640 489 facultatem,
1651 461 1710 493 pro
1721 462 1775 485 eo-

1027 488 1173 522 rumdem
1201 492 1474 534 quintlennioruiu
1504 505 1534 531 ct
1559 500 1677 536 iurium
1698 515 1772 538 exa-

1025 540 1142 581 ctione,
1173 554 1284 578 omnes
1312 553 1342 580 et
1366 549 1509 593 singulos
1531 553 1660 588 illorum
1680 557 1771 591 debi-

1025 599 1121 635 tores,
1143 597 1203 629 sub
1229 599 1362 641 singulis
1379 605 1528 646 praefatis
1548 613 1578 640 et
1598 612 1771 651 praesenti-

1023 646 1081 679 bus
1101 651 1217 683 nostris
1239 652 1352 687 litteris
1381 659 1641 703 comprehensos,
1673 664 1768 698 ctiam

1022 710 1079 742 per
1099 701 1239 737 edictum
1264 707 1445 751 publicum,
1469 713 1605 747 constito
1625 726 1767 750 sumina-

1022 753 1066 787 rie
1086 755 1125 788 de
1145 767 1209 790 non
1229 763 1298 792 tuto
1316 772 1459 803 accessu,
1481 770 1545 799 tam
1563 766 1595 800 in
1608 768 1766 803 dictaCu-

1020 807 1067 840 ria
1087 820 1184 852 quarn
1205 818 1294 846 extra
1314 817 1544 859 eain,‹1·itantli‚
1566 824 1717 857 monendi
1735 830 1766 857 ct

1020 862 1224 905 requirendi,
1247 877 1283 899 ac
1296 868 1340 900 eis
1355 874 1384 901 et
1401 870 1482 912 aliis,
1505 874 1624 915 quibus
1643 881 1764 920 etquo-

1018 914 1075 948 ties
1102 926 1183 960 opus
1211 919 1327 961 suerit,
1351 922 1446 956 etiam
1473 926 1531 958 sub
1561 930 1707 963 censuris
1735 937 1766 964 et

1017 969 1129 1011 poenis
1145 972 1368 1008 ecclesiasticis
1388 987 1424 1009 ac
1445 977 1540 1011 etiam
1554 982 1762 1023 pecuniariis,

1016 1021 1185 1057 Alexandri
1203 1031 1234 1058 et
1254 1027 1532 1072 subrogandorum
1544 1035 1762 1076 praefatorum

1015 1075 1148 1109 arbitrio
1174 1079 1326 1121 serendis,
1350 1085 1535 1125 statuendis,
1559 1087 1763 1122 moderandis

1014 1134 1044 1161 et
1064 1130 1276 1174 applicandis,
1298 1145 1335 1167 ac
1351 1135 1446 1169 etiam
1462 1137 1648 1180 privationis
1662 1142 1760 1175 bene-

1015 1182 1163 1217 ficiorum
1189 1186 1367 1228 unitorum,
1399 1190 1493 1223 etiam
1522 1191 1616 1226 simili
1643 1195 1758 1236 edicto,

1015 1236 1202 1278 inhibendi3
1239 1239 1391 1285 ipsosque
1422 1243 1583 1278 debitores
1615 1247 1655 1280 ad
1680 1248 1762 1281 indi-

1013 1291 1151 1324 candum
1162 1292 1321 1327 beneficia
1331 1296 1419 1329 unita
1431 1302 1462 1330 et
1470 1299 1657 1333 solvendum
1669 1303 1761 1345 quin-

1012 1343 1129 1377 [lennia
1149 1345 1297 1388 decursa,
1324 1348 1449 1383 etiamsi
1467 1351 1505 1384 ad
1526 1351 1558 1385 id
1578 1353 1610 1386 in
1626 1353 1759 1389 Camera

1012 1398 1192 1440 Apostolica
1219 1411 1284 1434 non
1310 1412 1343 1435 se
1367 1403 1591 1447 obligaverint,
1622 1408 1758 1442 constito

1013 1457 1117 1484 [amen
1135 1452 1175 1485 de
1193 1454 1305 1488 sortito
1325 1456 1441 1490 effectu
1462 1458 1633 1501 unionum,
1647 1473 1704 1504 per
1716 1462 1757 1495 si-

1012 1504 1101 1538 miles
1118 1508 1304 1549 sententias‚
1332 1520 1484 1544 censuras
1510 1518 1540 1546 et
1570 1524 1701 1557 poenas
1724 1526 1757 1548 e-

1011 1558 1084 1591 tiam
1105 1559 1267 1594 interdicti
1295 1568 1359 1596 tam
1386 1564 1498 1598 localis
1523 1577 1618 1609 quam
1649 1579 1757 1612 perso-

1011 1612 1090 1644 nalis
1119 1614 1374 1657 appositionem,
1402 1628 1461 1662 per
1484 1619 1699 1654 Alexandrum
1725 1628 1757 1655 et

1009 1665 1230 1710 subrogandos
1250 1670 1422 1713 praefatos,
1445 1673 1570 1714 quoties
1589 1684 1670 1717 opus
1690 1674 1756 1708 fue-

1010 1719 1068 1760 rit,
1095 1720 1243 1755 ferendas
1274 1728 1303 1755 et
1333 1725 1597 1768 promulgandas,
1629 1738 1756 1761 necnon

1010 1773 1187 1813 fructuum,
1207 1775 1393 1809 reddituum
1418 1783 1449 1810 et
1468 1785 1681 1822 proventuum
1699 1781 1755 1814 be-

1009 1826 1199 1860 neficiorum
1233 1829 1544 1872 ecclesiasticorum,
1576 1844 1658 1876 quae
1694 1834 1754 1878 ipsi

1008 1879 1168 1913 debitores
1188 1882 1409 1925 possidebunt,
1432 1894 1490 1927 pro
1510 1887 1689 1929 quantitate
1703 1898 1755 1920 eo-

1009 1944 1079 1965 rum
1101 1933 1213 1974 debiti,
1240 1937 1525 1978 sequestrationem
1547 1944 1577 1972 et
1606 1939 1669 1972 alia
1695 1951 1753 1984 op-

1008 1991 1145 2028 portuna
1165 1986 1244 2020 iuris
1264 1993 1294 2020 et
1314 1988 1388 2021 sacti
1403 1990 1556 2032 remedia,
1572 1991 1666 2025 etiam
1679 2004 1752 2026 cum

1009 2039 1210 2073 invocatione
1231 2041 1340 2073 auxilii
1360 2042 1484 2075 brachii
1498 2045 1684 2087 saecularis,
1703 2058 1754 2079 co-

1006 2092 1102 2134 gendi
1126 2099 1157 2125 et
1191 2094 1425 2137 compellendi;
1454 2106 1491 2129 ac
1516 2096 1549 2129 in
1570 2099 1753 2141 praemissis

1006 2145 1155 2179 omnibus
1180 2152 1210 2179 et
1242 2147 1396 2191 singulis,
1429 2149 1524 2182 etiam
1557 2153 1748 2192 summarie,

1006 2202 1195 2247 simpliciter
1215 2210 1245 2237 et
1265 2205 1303 2238 de
1330 2206 1438 2249 plano,
1466 2207 1533 2241 sine
1561 2210 1698 2254 strepitu
1723 2217 1754 2243 et

1007 2262 1110 2304 figura
1139 2262 1262 2305 iudicii,
1299 2264 1367 2297 sola
1390 2265 1465 2298 sacti
1491 2267 1622 2300 veritate
1647 2268 1752 2312 inspe-

1006 2325 1068 2359 cta,
1091 2331 1128 2354 ac
1149 2321 1227 2353 alias
1247 2331 1337 2355 more
1357 2323 1521 2363 camerali,
1540 2325 1748 2368 procedendi3

1005 2388 1041 2409 ac
1063 2387 1117 2410 eos
1137 2377 1192 2420 qui
1209 2379 1395 2419 sententias,
1417 2391 1570 2415 censuras
1589 2388 1620 2416 et
1632 2394 1752 2427 poenas

1004 2435 1172 2477 praefataS,
1192 2441 1229 2468 ut
1247 2437 1476 2480 praemittitur,
1490 2439 1697 2482 incurrerint,
1711 2442 1751 2475 ab

1004 2491 1125 2525 eisdem
1146 2494 1291 2527 censuris
1313 2500 1343 2527 et
1366 2497 1490 2539 poenis,
1513 2499 1640 2541 praevia
1659 2499 1750 2532 satis-

1004 2549 1155 2591 factione,
1177 2550 1362 2585 absolvendi
1382 2558 1413 2586 et
1432 2554 1602 2597 liberandi,
1624 2557 1749 2600 aliaque

1004 2607 1154 2651 faciendi,
1180 2610 1314 2652 gerendi
1338 2616 1370 2645 et
1395 2613 1577 2655 exercendi,
1606 2625 1689 2658 quae
1717 2615 1748 2649 in

1670 224 1733 258 705
1791 234 1843 263 An-
1860 230 1888 260 c.
1905 231 1973 259 1586
