<?xml version="1.0" encoding="UTF-8"?>
<!DOCTYPE html PUBLIC "-//W3C//DTD XHTML 1.0 Transitional//EN"
    "http://www.w3.org/TR/xhtml1/DTD/xhtml1-transitional.dtd">
<html xmlns="http://www.w3.org/1999/xhtml" xml:lang="en" lang="en">
 <head>
  <title>
</title>
<meta http-equiv="Content-Type" content="text/html;charset=utf-8" />
  <meta name='ocr-system' content='tesseract 3.04.00' />
  <meta name='ocr-capabilities' content='ocr_page ocr_carea ocr_par ocr_line ocrx_word'/>
</head>
<body>
  <div class='ocr_page' id='page_1' title='image "./bullarumdiplomat08cath_0382.png"; bbox 0 0 2059 3228; ppageno 0'>
   <div class='ocr_carea' id='block_1_1' title="bbox 104 248 321 280">
    <p class='ocr_par' dir='ltr' id='par_1_1' title="bbox 104 248 321 280">
     <span class='ocr_line' id='line_1_1' title="bbox 104 248 321 280; baseline 0.014 -3"><span class='ocrx_word' id='word_1_1' title='bbox 104 258 110 266; x_wconf 68' lang='lat'><em>³</em></span> <span class='ocrx_word' id='word_1_2' title='bbox 138 248 188 279; x_wconf 65' lang='lat' dir='ltr'>An.</span> <span class='ocrx_word' id='word_1_3' title='bbox 205 250 234 278; x_wconf 80' lang='lat' dir='ltr'>C.</span> <span class='ocrx_word' id='word_1_4' title='bbox 254 251 321 280; x_wconf 75' lang='lat'>1580</span> 
     </span>
    </p>
   </div>
   <div class='ocr_carea' id='block_1_2' title="bbox 381 242 443 277">
    <p class='ocr_par' dir='ltr' id='par_1_2' title="bbox 381 242 443 277">
     <span class='ocr_line' id='line_1_2' title="bbox 381 242 443 277; baseline 0.032 -2"><span class='ocrx_word' id='word_1_5' title='bbox 381 242 443 277; x_wconf 66' lang='lat'>366</span> 
     </span>
    </p>
   </div>
   <div class='ocr_carea' id='block_1_3' title="bbox 927 243 1277 272">
    <p class='ocr_par' dir='ltr' id='par_1_3' title="bbox 927 243 1277 272">
     <span class='ocr_line' id='line_1_3' title="bbox 927 243 1277 272; baseline -0.011 0"><span class='ocrx_word' id='word_1_6' title='bbox 927 246 1104 272; x_wconf 59' lang='lat' dir='ltr'>Bt&#39;tffltntmt</span> <span class='ocrx_word' id='word_1_7' title='bbox 1126 243 1277 269; x_wconf 66' lang='lat' dir='ltr'><strong>ROMANUM</strong></span> 
     </span>
    </p>
   </div>
   <div class='ocr_carea' id='block_1_4' title="bbox 335 294 1867 346">
    <p class='ocr_par' dir='ltr' id='par_1_4' title="bbox 335 294 1867 346">
     <span class='ocr_line' id='line_1_4' title="bbox 335 294 1867 346; baseline -0.005 -9"><span class='ocrx_word' id='word_1_8' title='bbox 335 309 399 338; x_wconf 86' lang='lat' dir='ltr'>stra</span> <span class='ocrx_word' id='word_1_9' title='bbox 420 306 508 346; x_wconf 62' lang='lat' dir='ltr'>parte</span> <span class='ocrx_word' id='word_1_10' title='bbox 530 301 617 335; x_wconf 74' lang='lat' dir='ltr'>illius</span> <span class='ocrx_word' id='word_1_11' title='bbox 638 301 801 343; x_wconf 77' lang='lat' dir='ltr'>ingressus</span> <span class='ocrx_word' id='word_1_12' title='bbox 811 304 877 333; x_wconf 86' lang='lat' dir='ltr'>erat</span> <span class='ocrx_word' id='word_1_13' title='bbox 890 310 954 333; x_wconf 89' lang='lat' dir='ltr'>una</span> <span class='ocrx_word' id='word_1_14' title='bbox 967 311 1002 333; x_wconf 77' lang='lat' dir='ltr'>ex</span> <span class='ocrx_word' id='word_1_15' title='bbox 1016 312 1081 331; x_wconf 75' lang='lat' dir='ltr'>ma·</span> <span class='ocrx_word' id='word_1_16' title='bbox 1123 296 1312 331; x_wconf 86' lang='lat' dir='ltr'>strumentis</span> <span class='ocrx_word' id='word_1_17' title='bbox 1331 294 1471 340; x_wconf 85' lang='lat' dir='ltr'>desuper</span> <span class='ocrx_word' id='word_1_18' title='bbox 1490 296 1644 340; x_wconf 35' lang='lat' dir='ltr'>confec-tis</span> <span class='ocrx_word' id='word_1_19' title='bbox 1662 295 1795 342; x_wconf 65' lang='lat' dir='ltr'>plenius·</span> <span class='ocrx_word' id='word_1_20' title='bbox 1817 295 1867 330; x_wconf 91' lang='lat' dir='ltr'>di-</span> 
     </span>
    </p>
   </div>
   <div class='ocr_carea' id='block_1_5' title="bbox 331 353 1080 664">
    <p class='ocr_par' dir='ltr' id='par_1_5' title="bbox 331 353 1080 664">
     <span class='ocr_line' id='line_1_5' title="bbox 334 353 1080 399; baseline -0.007 -9"><span class='ocrx_word' id='word_1_21' title='bbox 334 357 457 390; x_wconf 76' lang='lat' dir='ltr'>ioribus</span> <span class='ocrx_word' id='word_1_22' title='bbox 477 354 633 399; x_wconf 73' lang='lat' dir='ltr'>cappellis</span> <span class='ocrx_word' id='word_1_23' title='bbox 648 354 794 386; x_wconf 86' lang='lat' dir='ltr'>nondum</span> <span class='ocrx_word' id='word_1_24' title='bbox 809 353 844 386; x_wconf 90' lang='lat' dir='ltr'>in</span> <span class='ocrx_word' id='word_1_25' title='bbox 864 353 994 387; x_wconf 88' lang='lat' dir='ltr'>titulum</span> <span class='ocrx_word' id='word_1_26' title='bbox 1010 364 1080 397; x_wconf 82' lang='lat' dir='ltr'>per-</span> 
     </span>
     <span class='ocr_line' id='line_1_6' title="bbox 333 406 1080 452; baseline -0.007 -8"><span class='ocrx_word' id='word_1_27' title='bbox 333 410 419 452; x_wconf 84' lang='lat' dir='ltr'>petui</span> <span class='ocrx_word' id='word_1_28' title='bbox 433 408 581 441; x_wconf 77' lang='lat' dir='ltr'>beneficii</span> <span class='ocrx_word' id='word_1_29' title='bbox 598 406 806 441; x_wconf 85' lang='lat' dir='ltr'>ecclesiastici</span> <span class='ocrx_word' id='word_1_30' title='bbox 826 413 944 447; x_wconf 88' lang='lat' dir='ltr'>erecta,</span> <span class='ocrx_word' id='word_1_31' title='bbox 967 407 999 440; x_wconf 91' lang='lat' dir='ltr'>in</span> <span class='ocrx_word' id='word_1_32' title='bbox 1015 417 1080 450; x_wconf 80' lang='lat' dir='ltr'>qua</span> 
     </span>
     <span class='ocr_line' id='line_1_7' title="bbox 334 460 1079 504; baseline -0.003 -10"><span class='ocrx_word' id='word_1_33' title='bbox 334 461 555 494; x_wconf 86' lang='lat' dir='ltr'>immunditiae</span> <span class='ocrx_word' id='word_1_34' title='bbox 576 461 680 494; x_wconf 84' lang='lat' dir='ltr'>dictae</span> <span class='ocrx_word' id='word_1_35' title='bbox 696 461 850 494; x_wconf 84' lang='lat' dir='ltr'>ecclesiae</span> <span class='ocrx_word' id='word_1_36' title='bbox 875 460 1079 504; x_wconf 87' lang='lat' dir='ltr'>reponeban-</span> 
     </span>
     <span class='ocr_line' id='line_1_8' title="bbox 333 514 1078 558; baseline -0.001 -11"><span class='ocrx_word' id='word_1_37' title='bbox 333 522 395 555; x_wconf 77' lang='lat' dir='ltr'>tur,</span> <span class='ocrx_word' id='word_1_38' title='bbox 419 520 449 547; x_wconf 86' lang='lat' dir='ltr'>et</span> <span class='ocrx_word' id='word_1_39' title='bbox 462 525 544 558; x_wconf 87' lang='lat' dir='ltr'>quac</span> <span class='ocrx_word' id='word_1_40' title='bbox 559 526 577 546; x_wconf 92' lang='lat' dir='ltr'>a</span> <span class='ocrx_word' id='word_1_41' title='bbox 597 514 860 547; x_wconf 79' lang='lat' dir='ltr'>christifidelibus</span> <span class='ocrx_word' id='word_1_42' title='bbox 878 514 968 547; x_wconf 91' lang='lat' dir='ltr'>nullo</span> <span class='ocrx_word' id='word_1_43' title='bbox 982 514 1078 546; x_wconf 90' lang='lat' dir='ltr'>modo</span> 
     </span>
     <span class='ocr_line' id='line_1_9' title="bbox 331 567 1078 612; baseline 0 -12"><span class='ocrx_word' id='word_1_44' title='bbox 331 574 383 600; x_wconf 88' lang='lat' dir='ltr'>aut</span> <span class='ocrx_word' id='word_1_45' title='bbox 405 579 519 612; x_wconf 87' lang='lat' dir='ltr'>parum</span> <span class='ocrx_word' id='word_1_46' title='bbox 542 567 806 611; x_wconf 79' lang='lat' dir='ltr'>frequentabatur</span> <span class='ocrx_word' id='word_1_47' title='bbox 820 578 880 601; x_wconf 85' lang='lat' dir='ltr'>nec</span> <span class='ocrx_word' id='word_1_48' title='bbox 901 567 933 600; x_wconf 90' lang='lat' dir='ltr'>in</span> <span class='ocrx_word' id='word_1_49' title='bbox 945 577 1078 600; x_wconf 67' lang='lat' dir='ltr'>venera-</span> 
     </span>
     <span class='ocr_line' id='line_1_10' title="bbox 331 612 1079 664; baseline 0 -12"><span class='ocrx_word' id='word_1_50' title='bbox 331 621 417 653; x_wconf 83' lang='lat' dir='ltr'>tione</span> <span class='ocrx_word' id='word_1_51' title='bbox 438 612 628 661; x_wconf 78' lang='lat' dir='ltr'>habebatur,</span> <span class='ocrx_word' id='word_1_52' title='bbox 661 620 693 652; x_wconf 91' lang='lat' dir='ltr'>in</span> <span class='ocrx_word' id='word_1_53' title='bbox 718 620 873 654; x_wconf 86' lang='lat' dir='ltr'>ecclesiae</span> <span class='ocrx_word' id='word_1_54' title='bbox 897 620 1079 664; x_wconf 78' lang='lat' dir='ltr'>praedictae</span> 
     </span>
    </p>
   </div>
   <div class='ocr_carea' id='block_1_6' title="bbox 319 667 1079 718">
    <p class='ocr_par' dir='ltr' id='par_1_6' title="bbox 319 667 1079 718">
     <span class='ocr_line' id='line_1_11' title="bbox 319 667 1079 718; baseline 0.001 -13"><span class='ocrx_word' id='word_1_55' title='bbox 319 667 472 707; x_wconf 64' lang='lat' dir='ltr'>⁴dedecus</span> <span class='ocrx_word' id='word_1_56' title='bbox 485 679 521 711; x_wconf 86' lang='lat' dir='ltr'>et</span> <span class='ocrx_word' id='word_1_57' title='bbox 540 674 651 718; x_wconf 88' lang='lat' dir='ltr'>populi</span> <span class='ocrx_word' id='word_1_58' title='bbox 672 674 751 706; x_wconf 91' lang='lat' dir='ltr'>inibi</span> <span class='ocrx_word' id='word_1_59' title='bbox 773 674 966 706; x_wconf 85' lang='lat' dir='ltr'>confluentis</span> <span class='ocrx_word' id='word_1_60' title='bbox 985 673 1079 706; x_wconf 81' lang='lat' dir='ltr'>devo-</span> 
     </span>
    </p>
   </div>
   <div class='ocr_carea' id='block_1_7' title="bbox 327 727 1078 1410">
    <p class='ocr_par' dir='ltr' id='par_1_7' title="bbox 327 727 1078 1410">
     <span class='ocr_line' id='line_1_12' title="bbox 330 727 1078 771; baseline 0 -12"><span class='ocrx_word' id='word_1_61' title='bbox 330 727 425 760; x_wconf 86' lang='lat' dir='ltr'>tionis</span> <span class='ocrx_word' id='word_1_62' title='bbox 440 727 700 768; x_wconf 76' lang='lat' dir='ltr'>diminutionem,</span> <span class='ocrx_word' id='word_1_63' title='bbox 721 728 821 771; x_wconf 91' lang='lat' dir='ltr'>ipsam</span> <span class='ocrx_word' id='word_1_64' title='bbox 843 728 1021 770; x_wconf 85' lang='lat' dir='ltr'>cappellam</span> <span class='ocrx_word' id='word_1_65' title='bbox 1039 727 1078 759; x_wconf 81' lang='lat' dir='ltr'>ad</span> 
     </span>
     <span class='ocr_line' id='line_1_13' title="bbox 330 780 1077 814; baseline -0.001 0"><span class='ocrx_word' id='word_1_66' title='bbox 330 780 470 814; x_wconf 75' lang='lat' dir='ltr'>debitam</span> <span class='ocrx_word' id='word_1_67' title='bbox 490 781 625 814; x_wconf 84' lang='lat' dir='ltr'>formam</span> <span class='ocrx_word' id='word_1_68' title='bbox 639 786 670 814; x_wconf 83' lang='lat' dir='ltr'>et</span> <span class='ocrx_word' id='word_1_69' title='bbox 689 781 880 814; x_wconf 68' lang='lat' dir='ltr'>nobiliorem</span> <span class='ocrx_word' id='word_1_70' title='bbox 892 785 1008 813; x_wconf 85' lang='lat' dir='ltr'>statum</span> <span class='ocrx_word' id='word_1_71' title='bbox 1022 780 1077 813; x_wconf 82' lang='lat' dir='ltr'>de-</span> 
     </span>
     <span class='ocr_line' id='line_1_14' title="bbox 329 833 1078 876; baseline 0 -10"><span class='ocrx_word' id='word_1_72' title='bbox 329 834 403 867; x_wconf 89' lang='lat' dir='ltr'>duci</span> <span class='ocrx_word' id='word_1_73' title='bbox 423 845 460 867; x_wconf 88' lang='lat' dir='ltr'>ac</span> <span class='ocrx_word' id='word_1_74' title='bbox 479 834 620 867; x_wconf 85' lang='lat' dir='ltr'>divinum</span> <span class='ocrx_word' id='word_1_75' title='bbox 647 835 769 867; x_wconf 87' lang='lat' dir='ltr'>cultum</span> <span class='ocrx_word' id='word_1_76' title='bbox 791 834 870 866; x_wconf 91' lang='lat' dir='ltr'>inibi</span> <span class='ocrx_word' id='word_1_77' title='bbox 891 833 1001 876; x_wconf 80' lang='lat' dir='ltr'>augeri</span> <span class='ocrx_word' id='word_1_78' title='bbox 1026 833 1078 866; x_wconf 88' lang='lat' dir='ltr'>de-</span> 
     </span>
     <span class='ocr_line' id='line_1_15' title="bbox 328 887 1075 932; baseline 0 -13"><span class='ocrx_word' id='word_1_79' title='bbox 328 888 519 928; x_wconf 85' lang='lat' dir='ltr'>siderarent,</span> <span class='ocrx_word' id='word_1_80' title='bbox 542 888 719 932; x_wconf 85' lang='lat' dir='ltr'>capitulum</span> <span class='ocrx_word' id='word_1_81' title='bbox 740 887 897 932; x_wconf 88' lang='lat' dir='ltr'>praedicti</span> <span class='ocrx_word' id='word_1_82' title='bbox 910 887 949 919; x_wconf 88' lang='lat' dir='ltr'>ad</span> <span class='ocrx_word' id='word_1_83' title='bbox 962 897 1075 919; x_wconf 89' lang='lat' dir='ltr'>sonum</span> 
     </span>
     <span class='ocr_line' id='line_1_16' title="bbox 327 939 1077 984; baseline -0.003 -10"><span class='ocrx_word' id='word_1_84' title='bbox 327 951 514 984; x_wconf 80' lang='lat' dir='ltr'>campanae,</span> <span class='ocrx_word' id='word_1_85' title='bbox 537 946 572 974; x_wconf 91' lang='lat' dir='ltr'>ut</span> <span class='ocrx_word' id='word_1_86' title='bbox 586 941 748 981; x_wconf 89' lang='lat' dir='ltr'>morisest,</span> <span class='ocrx_word' id='word_1_87' title='bbox 765 951 909 984; x_wconf 86' lang='lat' dir='ltr'>supereo</span> <span class='ocrx_word' id='word_1_88' title='bbox 920 939 1077 984; x_wconf 84' lang='lat' dir='ltr'>capitula-</span> 
     </span>
     <span class='ocr_line' id='line_1_17' title="bbox 327 994 1077 1038; baseline -0.001 -12"><span class='ocrx_word' id='word_1_89' title='bbox 327 994 406 1027; x_wconf 90' lang='lat' dir='ltr'>riter</span> <span class='ocrx_word' id='word_1_90' title='bbox 415 995 613 1038; x_wconf 71' lang='lat' dir='ltr'>congregati,</span> <span class='ocrx_word' id='word_1_91' title='bbox 627 995 774 1027; x_wconf 84' lang='lat' dir='ltr'>eamdem</span> <span class='ocrx_word' id='word_1_92' title='bbox 787 994 966 1038; x_wconf 76' lang='lat' dir='ltr'>cappellam</span> <span class='ocrx_word' id='word_1_93' title='bbox 992 994 1077 1026; x_wconf 80' lang='lat' dir='ltr'>tlicto</span> 
     </span>
     <span class='ocr_line' id='line_1_18' title="bbox 327 1047 1075 1088; baseline -0.001 -8"><span class='ocrx_word' id='word_1_94' title='bbox 327 1047 502 1088; x_wconf 85' lang='lat' dir='ltr'>Desiderio,</span> <span class='ocrx_word' id='word_1_95' title='bbox 527 1048 566 1081; x_wconf 90' lang='lat' dir='ltr'>ad</span> <span class='ocrx_word' id='word_1_96' title='bbox 591 1048 741 1081; x_wconf 83' lang='lat' dir='ltr'>effectum</span> <span class='ocrx_word' id='word_1_97' title='bbox 763 1048 850 1080; x_wconf 89' lang='lat' dir='ltr'>illam</span> <span class='ocrx_word' id='word_1_98' title='bbox 875 1047 1075 1080; x_wconf 86' lang='lat' dir='ltr'>restaurandi</span> 
     </span>
     <span class='ocr_line' id='line_1_19' title="bbox 327 1100 1077 1144; baseline -0.001 -10"><span class='ocrx_word' id='word_1_99' title='bbox 327 1107 358 1134; x_wconf 89' lang='lat' dir='ltr'>et</span> <span class='ocrx_word' id='word_1_100' title='bbox 381 1101 502 1134; x_wconf 85' lang='lat' dir='ltr'>ibidem</span> <span class='ocrx_word' id='word_1_101' title='bbox 523 1101 623 1134; x_wconf 85' lang='lat' dir='ltr'>dictas</span> <span class='ocrx_word' id='word_1_102' title='bbox 644 1101 799 1144; x_wconf 71' lang='lat' dir='ltr'>reliquias</span> <span class='ocrx_word' id='word_1_103' title='bbox 828 1100 1007 1133; x_wconf 72' lang='lat' dir='ltr'>honorifice</span> <span class='ocrx_word' id='word_1_104' title='bbox 1029 1111 1077 1133; x_wconf 82' lang='lat' dir='ltr'>re-</span> 
     </span>
     <span class='ocr_line' id='line_1_20' title="bbox 327 1155 1076 1200; baseline -0.003 -12"><span class='ocrx_word' id='word_1_105' title='bbox 327 1155 480 1199; x_wconf 87' lang='lat' dir='ltr'>ponendi,</span> <span class='ocrx_word' id='word_1_106' title='bbox 497 1156 591 1199; x_wconf 85' lang='lat' dir='ltr'>eique</span> <span class='ocrx_word' id='word_1_107' title='bbox 611 1166 670 1200; x_wconf 90' lang='lat' dir='ltr'>per</span> <span class='ocrx_word' id='word_1_108' title='bbox 690 1155 918 1198; x_wconf 84' lang='lat' dir='ltr'>cappellanum</span> <span class='ocrx_word' id='word_1_109' title='bbox 939 1160 1015 1187; x_wconf 80' lang='lat' dir='ltr'>tunc</span> <span class='ocrx_word' id='word_1_110' title='bbox 1037 1155 1076 1187; x_wconf 87' lang='lat' dir='ltr'>ab</span> 
     </span>
     <span class='ocr_line' id='line_1_21' title="bbox 329 1209 1078 1252; baseline -0.003 -11"><span class='ocrx_word' id='word_1_111' title='bbox 329 1209 441 1242; x_wconf 89' lang='lat' dir='ltr'>eodem</span> <span class='ocrx_word' id='word_1_112' title='bbox 457 1209 632 1248; x_wconf 65' lang='lat' dir='ltr'>Desiderio,</span> <span class='ocrx_word' id='word_1_113' title='bbox 655 1214 685 1241; x_wconf 88' lang='lat' dir='ltr'>et</span> <span class='ocrx_word' id='word_1_114' title='bbox 706 1209 737 1241; x_wconf 89' lang='lat' dir='ltr'>in</span> <span class='ocrx_word' id='word_1_115' title='bbox 756 1214 859 1241; x_wconf 86' lang='lat' dir='ltr'>certos</span> <span class='ocrx_word' id='word_1_116' title='bbox 870 1212 1000 1241; x_wconf 79' lang='lat' dir='ltr'>eventus</span> <span class='ocrx_word' id='word_1_117' title='bbox 1020 1218 1078 1252; x_wconf 86' lang='lat' dir='ltr'>per</span> 
     </span>
     <span class='ocr_line' id='line_1_22' title="bbox 329 1261 1075 1305; baseline -0.001 -11"><span class='ocrx_word' id='word_1_118' title='bbox 329 1262 622 1295; x_wconf 69' lang='lat' dir='ltr'>confraternitatem</span> <span class='ocrx_word' id='word_1_119' title='bbox 648 1262 844 1305; x_wconf 70' lang='lat' dir='ltr'>praedictam</span> <span class='ocrx_word' id='word_1_120' title='bbox 880 1261 957 1294; x_wconf 87' lang='lat' dir='ltr'>inibi</span> <span class='ocrx_word' id='word_1_121' title='bbox 990 1267 1075 1301; x_wconf 85' lang='lat' dir='ltr'>tunc,</span> 
     </span>
     <span class='ocr_line' id='line_1_23' title="bbox 328 1314 1076 1359; baseline -0.001 -12"><span class='ocrx_word' id='word_1_122' title='bbox 328 1314 398 1358; x_wconf 92' lang='lat' dir='ltr'>ipso</span> <span class='ocrx_word' id='word_1_123' title='bbox 422 1315 586 1347; x_wconf 89' lang='lat' dir='ltr'>Desiderio</span> <span class='ocrx_word' id='word_1_124' title='bbox 606 1320 813 1359; x_wconf 79' lang='lat' dir='ltr'>procurante,</span> <span class='ocrx_word' id='word_1_125' title='bbox 833 1314 1076 1354; x_wconf 66' lang='lat' dir='ltr'>instituendam,</span> 
     </span>
     <span class='ocr_line' id='line_1_24' title="bbox 328 1366 1077 1410; baseline -0.001 -10"><span class='ocrx_word' id='word_1_126' title='bbox 328 1378 365 1400; x_wconf 85' lang='lat' dir='ltr'>ac</span> <span class='ocrx_word' id='word_1_127' title='bbox 390 1367 460 1400; x_wconf 89' lang='lat' dir='ltr'>aliis</span> <span class='ocrx_word' id='word_1_128' title='bbox 486 1367 588 1401; x_wconf 91' lang='lat' dir='ltr'>modis</span> <span class='ocrx_word' id='word_1_129' title='bbox 608 1374 637 1401; x_wconf 89' lang='lat' dir='ltr'>et</span> <span class='ocrx_word' id='word_1_130' title='bbox 671 1367 782 1400; x_wconf 89' lang='lat' dir='ltr'>formis</span> <span class='ocrx_word' id='word_1_131' title='bbox 810 1372 888 1400; x_wconf 89' lang='lat' dir='ltr'>tunc</span> <span class='ocrx_word' id='word_1_132' title='bbox 920 1366 1077 1410; x_wconf 69' lang='lat' dir='ltr'>expressis</span> 
     </span>
    </p>
   </div>
   <div class='ocr_carea' id='block_1_8' title="bbox 308 1420 1077 1465">
    <p class='ocr_par' dir='ltr' id='par_1_8' title="bbox 308 1420 1077 1465">
     <span class='ocr_line' id='line_1_25' title="bbox 308 1420 1077 1465; baseline -0.001 -11"><span class='ocrx_word' id='word_1_133' title='bbox 308 1433 311 1435; x_wconf 61' lang='grc'><strong><em>’</em></strong></span> <span class='ocrx_word' id='word_1_134' title='bbox 328 1420 550 1465; x_wconf 86' lang='lat' dir='ltr'>deputandum</span> <span class='ocrx_word' id='word_1_135' title='bbox 570 1421 776 1459; x_wconf 81' lang='lat' dir='ltr'>inserviendi,</span> <span class='ocrx_word' id='word_1_136' title='bbox 794 1420 969 1464; x_wconf 79' lang='lat' dir='ltr'>missasque</span> <span class='ocrx_word' id='word_1_137' title='bbox 982 1421 1077 1453; x_wconf 77' lang='lat' dir='ltr'>certis</span> 
     </span>
    </p>
   </div>
   <div class='ocr_carea' id='block_1_9' title="bbox 327 1474 1079 2675">
    <p class='ocr_par' dir='ltr' id='par_1_9' title="bbox 327 1474 1079 2675">
     <span class='ocr_line' id='line_1_26' title="bbox 329 1474 1076 1519; baseline -0.003 -12"><span class='ocrx_word' id='word_1_138' title='bbox 329 1479 405 1507; x_wconf 89' lang='lat' dir='ltr'>tunc</span> <span class='ocrx_word' id='word_1_139' title='bbox 425 1475 531 1508; x_wconf 78' lang='lat' dir='ltr'>forsan</span> <span class='ocrx_word' id='word_1_140' title='bbox 552 1475 709 1519; x_wconf 77' lang='lat' dir='ltr'>expressis</span> <span class='ocrx_word' id='word_1_141' title='bbox 730 1475 826 1507; x_wconf 88' lang='lat' dir='ltr'>modo</span> <span class='ocrx_word' id='word_1_142' title='bbox 848 1479 877 1507; x_wconf 87' lang='lat' dir='ltr'>et</span> <span class='ocrx_word' id='word_1_143' title='bbox 900 1474 1001 1507; x_wconf 83' lang='lat' dir='ltr'>forma</span> <span class='ocrx_word' id='word_1_144' title='bbox 1033 1479 1076 1506; x_wconf 90' lang='lat' dir='ltr'>at-</span> 
     </span>
     <span class='ocr_line' id='line_1_27' title="bbox 327 1527 1076 1571; baseline -0.001 -10"><span class='ocrx_word' id='word_1_145' title='bbox 327 1538 390 1571; x_wconf 89' lang='lat' dir='ltr'>que</span> <span class='ocrx_word' id='word_1_146' title='bbox 407 1528 521 1561; x_wconf 89' lang='lat' dir='ltr'>diebus</span> <span class='ocrx_word' id='word_1_147' title='bbox 541 1528 740 1568; x_wconf 84' lang='lat' dir='ltr'>celebrandi,</span> <span class='ocrx_word' id='word_1_148' title='bbox 765 1538 838 1561; x_wconf 78' lang='lat' dir='ltr'>cum</span> <span class='ocrx_word' id='word_1_149' title='bbox 867 1528 1019 1560; x_wconf 80' lang='lat' dir='ltr'>facultate</span> <span class='ocrx_word' id='word_1_150' title='bbox 1044 1527 1076 1560; x_wconf 89' lang='lat' dir='ltr'>in</span> 
     </span>
     <span class='ocr_line' id='line_1_28' title="bbox 329 1580 1074 1624; baseline -0.003 -10"><span class='ocrx_word' id='word_1_151' title='bbox 329 1580 871 1624; x_wconf 80' lang='lat' dir='ltr'>dictacappellaconfraternitatem</span> <span class='ocrx_word' id='word_1_152' title='bbox 889 1581 1074 1614; x_wconf 80' lang='lat' dir='ltr'>huiusmodi</span> 
     </span>
     <span class='ocr_line' id='line_1_29' title="bbox 328 1624 1076 1678; baseline -0.001 -11"><span class='ocrx_word' id='word_1_153' title='bbox 328 1624 452 1667; x_wconf 73' lang='lat' dir='ltr'>institui</span> <span class='ocrx_word' id='word_1_154' title='bbox 477 1634 627 1668; x_wconf 85' lang='lat' dir='ltr'>faciendi:</span> <span class='ocrx_word' id='word_1_155' title='bbox 645 1635 688 1667; x_wconf 91' lang='lat' dir='ltr'>ita</span> <span class='ocrx_word' id='word_1_156' title='bbox 712 1635 799 1678; x_wconf 90' lang='lat' dir='ltr'>quod</span> <span class='ocrx_word' id='word_1_157' title='bbox 820 1634 923 1667; x_wconf 86' lang='lat' dir='ltr'>dictus</span> <span class='ocrx_word' id='word_1_158' title='bbox 948 1634 1076 1667; x_wconf 79' lang='lat' dir='ltr'>Deside-</span> 
     </span>
     <span class='ocr_line' id='line_1_30' title="bbox 328 1687 1077 1731; baseline -0.001 -11"><span class='ocrx_word' id='word_1_159' title='bbox 328 1687 406 1728; x_wconf 91' lang='lat' dir='ltr'>rius,</span> <span class='ocrx_word' id='word_1_160' title='bbox 422 1687 514 1720; x_wconf 87' lang='lat' dir='ltr'>sisibi</span> <span class='ocrx_word' id='word_1_161' title='bbox 524 1688 664 1731; x_wconf 88' lang='lat' dir='ltr'>placeret</span> <span class='ocrx_word' id='word_1_162' title='bbox 683 1693 714 1720; x_wconf 90' lang='lat' dir='ltr'>et</span> <span class='ocrx_word' id='word_1_163' title='bbox 731 1687 850 1720; x_wconf 89' lang='lat' dir='ltr'>eisdem</span> <span class='ocrx_word' id='word_1_164' title='bbox 862 1687 1077 1719; x_wconf 72' lang='lat' dir='ltr'>confratribus</span> 
     </span>
     <span class='ocr_line' id='line_1_31' title="bbox 328 1740 1075 1785; baseline -0.001 -11"><span class='ocrx_word' id='word_1_165' title='bbox 328 1740 563 1785; x_wconf 86' lang='lat' dir='ltr'>parochianum</span> <span class='ocrx_word' id='word_1_166' title='bbox 574 1741 676 1774; x_wconf 89' lang='lat' dir='ltr'>dictae</span> <span class='ocrx_word' id='word_1_167' title='bbox 697 1741 862 1781; x_wconf 84' lang='lat' dir='ltr'>ecclesiae,</span> <span class='ocrx_word' id='word_1_168' title='bbox 882 1751 964 1784; x_wconf 87' lang='lat' dir='ltr'>quae</span> <span class='ocrx_word' id='word_1_169' title='bbox 981 1740 1075 1774; x_wconf 88' lang='lat' dir='ltr'>etiam</span> 
     </span>
     <span class='ocr_line' id='line_1_32' title="bbox 328 1795 1076 1839; baseline -0.001 -12"><span class='ocrx_word' id='word_1_170' title='bbox 328 1795 522 1839; x_wconf 84' lang='lat' dir='ltr'>parochialis</span> <span class='ocrx_word' id='word_1_171' title='bbox 543 1795 658 1835; x_wconf 82' lang='lat' dir='ltr'>existit,</span> <span class='ocrx_word' id='word_1_172' title='bbox 685 1795 717 1827; x_wconf 90' lang='lat' dir='ltr'>in</span> <span class='ocrx_word' id='word_1_173' title='bbox 741 1795 824 1828; x_wconf 85' lang='lat' dir='ltr'>dieta</span> <span class='ocrx_word' id='word_1_174' title='bbox 856 1795 1002 1838; x_wconf 88' lang='lat' dir='ltr'>cappella</span> <span class='ocrx_word' id='word_1_175' title='bbox 1027 1805 1076 1827; x_wconf 88' lang='lat' dir='ltr'>se-</span> 
     </span>
     <span class='ocr_line' id='line_1_33' title="bbox 328 1847 1077 1892; baseline 0 -12"><span class='ocrx_word' id='word_1_176' title='bbox 328 1847 530 1892; x_wconf 87' lang='lat' dir='ltr'>peliri,quod</span> <span class='ocrx_word' id='word_1_177' title='bbox 551 1847 703 1881; x_wconf 80' lang='lat' dir='ltr'>medietas</span> <span class='ocrx_word' id='word_1_178' title='bbox 723 1858 827 1885; x_wconf 84' lang='lat' dir='ltr'>cerae,</span> <span class='ocrx_word' id='word_1_179' title='bbox 845 1858 927 1891; x_wconf 89' lang='lat' dir='ltr'>quae</span> <span class='ocrx_word' id='word_1_180' title='bbox 948 1847 1077 1881; x_wconf 74' lang='lat' dir='ltr'>obveni-</span> 
     </span>
     <span class='ocr_line' id='line_1_34' title="bbox 327 1901 1078 1945; baseline 0 -12"><span class='ocrx_word' id='word_1_181' title='bbox 327 1905 378 1934; x_wconf 86' lang='lat' dir='ltr'>ret</span> <span class='ocrx_word' id='word_1_182' title='bbox 396 1901 519 1935; x_wconf 89' lang='lat' dir='ltr'>ratione</span> <span class='ocrx_word' id='word_1_183' title='bbox 540 1901 643 1934; x_wconf 86' lang='lat' dir='ltr'>dictae</span> <span class='ocrx_word' id='word_1_184' title='bbox 663 1902 862 1945; x_wconf 87' lang='lat' dir='ltr'>sepulturae,</span> <span class='ocrx_word' id='word_1_185' title='bbox 885 1912 944 1945; x_wconf 88' lang='lat' dir='ltr'>pro</span> <span class='ocrx_word' id='word_1_186' title='bbox 955 1901 1078 1934; x_wconf 89' lang='lat' dir='ltr'>unain-</span> 
     </span>
     <span class='ocr_line' id='line_1_35' title="bbox 328 1953 1077 1999; baseline -0.003 -11"><span class='ocrx_word' id='word_1_187' title='bbox 328 1960 378 1988; x_wconf 90' lang='lat' dir='ltr'>ter</span> <span class='ocrx_word' id='word_1_188' title='bbox 397 1955 588 1998; x_wconf 86' lang='lat' dir='ltr'>capitulum,</span> <span class='ocrx_word' id='word_1_189' title='bbox 606 1960 637 1988; x_wconf 87' lang='lat' dir='ltr'>et</span> <span class='ocrx_word' id='word_1_190' title='bbox 651 1965 710 1999; x_wconf 91' lang='lat' dir='ltr'>pro</span> <span class='ocrx_word' id='word_1_191' title='bbox 732 1955 831 1988; x_wconf 89' lang='lat' dir='ltr'>altera</span> <span class='ocrx_word' id='word_1_192' title='bbox 852 1953 1077 1987; x_wconf 86' lang='lat' dir='ltr'>medietatibus</span> 
     </span>
     <span class='ocr_line' id='line_1_36' title="bbox 330 2008 1078 2052; baseline -0.004 -10"><span class='ocrx_word' id='word_1_193' title='bbox 330 2019 389 2052; x_wconf 88' lang='lat' dir='ltr'>pro</span> <span class='ocrx_word' id='word_1_194' title='bbox 409 2008 506 2042; x_wconf 87' lang='lat' dir='ltr'>divini</span> <span class='ocrx_word' id='word_1_195' title='bbox 527 2009 634 2042; x_wconf 88' lang='lat' dir='ltr'>cultus</span> <span class='ocrx_word' id='word_1_196' title='bbox 657 2008 689 2041; x_wconf 88' lang='lat' dir='ltr'>in</span> <span class='ocrx_word' id='word_1_197' title='bbox 709 2008 779 2052; x_wconf 88' lang='lat' dir='ltr'>ipsa</span> <span class='ocrx_word' id='word_1_198' title='bbox 798 2008 945 2051; x_wconf 86' lang='lat' dir='ltr'>cappella</span> <span class='ocrx_word' id='word_1_199' title='bbox 965 2018 1078 2040; x_wconf 88' lang='lat' dir='ltr'>manu-</span> 
     </span>
     <span class='ocr_line' id='line_1_37' title="bbox 330 2061 1076 2104; baseline -0.004 -9"><span class='ocrx_word' id='word_1_200' title='bbox 330 2062 473 2096; x_wconf 88' lang='lat' dir='ltr'>tentione</span> <span class='ocrx_word' id='word_1_201' title='bbox 496 2062 580 2095; x_wconf 88' lang='lat' dir='ltr'>inter</span> <span class='ocrx_word' id='word_1_202' title='bbox 604 2062 780 2096; x_wconf 83' lang='lat' dir='ltr'>confratres</span> <span class='ocrx_word' id='word_1_203' title='bbox 812 2062 971 2104; x_wconf 84' lang='lat' dir='ltr'>praefatos</span> <span class='ocrx_word' id='word_1_204' title='bbox 997 2061 1076 2093; x_wconf 75' lang='lat' dir='ltr'>divi—</span> 
     </span>
     <span class='ocr_line' id='line_1_38' title="bbox 330 2115 1077 2160; baseline -0.001 -12"><span class='ocrx_word' id='word_1_205' title='bbox 330 2116 504 2156; x_wconf 80' lang='lat' dir='ltr'>derentur3</span> <span class='ocrx_word' id='word_1_206' title='bbox 539 2116 692 2160; x_wconf 81' lang='lat' dir='ltr'>quodque</span> <span class='ocrx_word' id='word_1_207' title='bbox 724 2116 792 2160; x_wconf 85' lang='lat' dir='ltr'>ipse</span> <span class='ocrx_word' id='word_1_208' title='bbox 811 2115 993 2148; x_wconf 85' lang='lat' dir='ltr'>Desiderius</span> <span class='ocrx_word' id='word_1_209' title='bbox 1018 2125 1077 2158; x_wconf 91' lang='lat' dir='ltr'>pro</span> 
     </span>
     <span class='ocr_line' id='line_1_39' title="bbox 332 2167 1078 2214; baseline -0.003 -12"><span class='ocrx_word' id='word_1_210' title='bbox 332 2170 542 2214; x_wconf 70' lang='lat' dir='ltr'>eleemosynis</span> <span class='ocrx_word' id='word_1_211' title='bbox 554 2170 587 2202; x_wconf 91' lang='lat' dir='ltr'>in</span> <span class='ocrx_word' id='word_1_212' title='bbox 607 2170 754 2214; x_wconf 84' lang='lat' dir='ltr'>cappella</span> <span class='ocrx_word' id='word_1_213' title='bbox 772 2169 937 2213; x_wconf 86' lang='lat' dir='ltr'>praedicta</span> <span class='ocrx_word' id='word_1_214' title='bbox 953 2167 1078 2201; x_wconf 86' lang='lat' dir='ltr'>recolli-</span> 
     </span>
     <span class='ocr_line' id='line_1_40' title="bbox 332 2221 1077 2266; baseline -0.001 -12"><span class='ocrx_word' id='word_1_215' title='bbox 332 2223 455 2265; x_wconf 80' lang='lat' dir='ltr'>gendis,</span> <span class='ocrx_word' id='word_1_216' title='bbox 477 2234 613 2266; x_wconf 86' lang='lat' dir='ltr'>quarum</span> <span class='ocrx_word' id='word_1_217' title='bbox 627 2223 739 2266; x_wconf 89' lang='lat' dir='ltr'>quinta</span> <span class='ocrx_word' id='word_1_218' title='bbox 757 2233 832 2266; x_wconf 87' lang='lat' dir='ltr'>pars</span> <span class='ocrx_word' id='word_1_219' title='bbox 851 2222 953 2255; x_wconf 80' lang='lat' dir='ltr'>dictae</span> <span class='ocrx_word' id='word_1_220' title='bbox 974 2221 1077 2254; x_wconf 87' lang='lat' dir='ltr'>ecclc-</span> 
     </span>
     <span class='ocr_line' id='line_1_41' title="bbox 333 2276 1075 2321; baseline -0.003 -13"><span class='ocrx_word' id='word_1_221' title='bbox 333 2276 409 2316; x_wconf 82' lang='lat' dir='ltr'>siae,</span> <span class='ocrx_word' id='word_1_222' title='bbox 428 2277 591 2310; x_wconf 86' lang='lat' dir='ltr'>residuum</span> <span class='ocrx_word' id='word_1_223' title='bbox 609 2288 683 2310; x_wconf 88' lang='lat' dir='ltr'>vero</span> <span class='ocrx_word' id='word_1_224' title='bbox 703 2276 973 2321; x_wconf 86' lang='lat' dir='ltr'>ipsiuscappellae</span> <span class='ocrx_word' id='word_1_225' title='bbox 984 2279 1075 2314; x_wconf 87' lang='lat' dir='ltr'>esset,</span> 
     </span>
     <span class='ocr_line' id='line_1_42' title="bbox 333 2328 1078 2374; baseline 0 -14"><span class='ocrx_word' id='word_1_226' title='bbox 333 2339 471 2373; x_wconf 64' lang='lat' dir='ltr'>cyppum</span> <span class='ocrx_word' id='word_1_227' title='bbox 485 2336 515 2363; x_wconf 91' lang='lat' dir='ltr'>et</span> <span class='ocrx_word' id='word_1_228' title='bbox 537 2336 704 2371; x_wconf 88' lang='lat' dir='ltr'>truncum,</span> <span class='ocrx_word' id='word_1_229' title='bbox 726 2336 757 2363; x_wconf 87' lang='lat' dir='ltr'>et</span> <span class='ocrx_word' id='word_1_230' title='bbox 776 2340 835 2374; x_wconf 94' lang='lat' dir='ltr'>pro</span> <span class='ocrx_word' id='word_1_231' title='bbox 856 2328 1000 2362; x_wconf 85' lang='lat' dir='ltr'>custodia</span> <span class='ocrx_word' id='word_1_232' title='bbox 1020 2338 1078 2372; x_wconf 89' lang='lat' dir='ltr'>pa-</span> 
     </span>
     <span class='ocr_line' id='line_1_43' title="bbox 332 2381 1078 2416; baseline -0.001 -2"><span class='ocrx_word' id='word_1_233' title='bbox 332 2388 555 2416; x_wconf 84' lang='lat' dir='ltr'>ramentorum</span> <span class='ocrx_word' id='word_1_234' title='bbox 593 2389 623 2416; x_wconf 91' lang='lat' dir='ltr'>et</span> <span class='ocrx_word' id='word_1_235' title='bbox 657 2384 794 2416; x_wconf 87' lang='lat' dir='ltr'>aliarum</span> <span class='ocrx_word' id='word_1_236' title='bbox 831 2393 941 2416; x_wconf 89' lang='lat' dir='ltr'>rerum</span> <span class='ocrx_word' id='word_1_237' title='bbox 976 2381 1078 2414; x_wconf 82' lang='lat' dir='ltr'>dictae</span> 
     </span>
     <span class='ocr_line' id='line_1_44' title="bbox 335 2435 1078 2479; baseline -0.003 -12"><span class='ocrx_word' id='word_1_238' title='bbox 335 2435 538 2479; x_wconf 85' lang='lat' dir='ltr'>cappellaein</span> <span class='ocrx_word' id='word_1_239' title='bbox 546 2437 691 2469; x_wconf 88' lang='lat' dir='ltr'>sacristia</span> <span class='ocrx_word' id='word_1_240' title='bbox 705 2436 810 2469; x_wconf 85' lang='lat' dir='ltr'>dictae</span> <span class='ocrx_word' id='word_1_241' title='bbox 818 2435 970 2468; x_wconf 83' lang='lat' dir='ltr'>ecclesiae</span> <span class='ocrx_word' id='word_1_242' title='bbox 981 2444 1078 2467; x_wconf 89' lang='lat' dir='ltr'>unam</span> 
     </span>
     <span class='ocr_line' id='line_1_45' title="bbox 334 2482 1079 2528; baseline -0.003 -12"><span class='ocrx_word' id='word_1_243' title='bbox 334 2494 462 2526; x_wconf 78' lang='lat' dir='ltr'>capsam</span> <span class='ocrx_word' id='word_1_244' title='bbox 483 2485 600 2518; x_wconf 84' lang='lat' dir='ltr'>babere</span> <span class='ocrx_word' id='word_1_245' title='bbox 621 2491 651 2518; x_wconf 91' lang='lat' dir='ltr'>et</span> <span class='ocrx_word' id='word_1_246' title='bbox 671 2485 810 2518; x_wconf 81' lang='lat' dir='ltr'>retinere</span> <span class='ocrx_word' id='word_1_247' title='bbox 835 2489 953 2528; x_wconf 87' lang='lat' dir='ltr'>posset,</span> <span class='ocrx_word' id='word_1_248' title='bbox 971 2488 1001 2516; x_wconf 87' lang='lat' dir='ltr'>et</span> <span class='ocrx_word' id='word_1_249' title='bbox 1019 2482 1079 2515; x_wconf 91' lang='lat' dir='ltr'>sub</span> 
     </span>
     <span class='ocr_line' id='line_1_46' title="bbox 334 2533 1078 2576; baseline -0.003 -11"><span class='ocrx_word' id='word_1_250' title='bbox 334 2533 429 2565; x_wconf 86' lang='lat' dir='ltr'>certis</span> <span class='ocrx_word' id='word_1_251' title='bbox 446 2533 515 2566; x_wconf 85' lang='lat' dir='ltr'>aliis</span> <span class='ocrx_word' id='word_1_252' title='bbox 535 2534 636 2576; x_wconf 89' lang='lat' dir='ltr'>pactis</span> <span class='ocrx_word' id='word_1_253' title='bbox 656 2540 688 2566; x_wconf 84' lang='lat' dir='ltr'>et</span> <span class='ocrx_word' id='word_1_254' title='bbox 703 2533 1078 2566; x_wconf 84' lang='lat' dir='ltr'>conditionibusnecnon</span> 
     </span>
     <span class='ocr_line' id='line_1_47' title="bbox 335 2581 1079 2625; baseline -0.004 -11"><span class='ocrx_word' id='word_1_255' title='bbox 335 2581 438 2614; x_wconf 81' lang='lat' dir='ltr'>modis</span> <span class='ocrx_word' id='word_1_256' title='bbox 457 2587 487 2614; x_wconf 89' lang='lat' dir='ltr'>et</span> <span class='ocrx_word' id='word_1_257' title='bbox 507 2582 616 2614; x_wconf 87' lang='lat' dir='ltr'>formis</span> <span class='ocrx_word' id='word_1_258' title='bbox 639 2587 717 2615; x_wconf 90' lang='lat' dir='ltr'>tunc</span> <span class='ocrx_word' id='word_1_259' title='bbox 737 2581 893 2625; x_wconf 78' lang='lat' dir='ltr'>expressis</span> <span class='ocrx_word' id='word_1_260' title='bbox 912 2590 1079 2614; x_wconf 82' lang='lat' dir='ltr'>concesse-</span> 
     </span>
     <span class='ocr_line' id='line_1_48' title="bbox 334 2628 1079 2675; baseline -0.001 -13"><span class='ocrx_word' id='word_1_261' title='bbox 334 2636 410 2663; x_wconf 87' lang='lat' dir='ltr'>runt</span> <span class='ocrx_word' id='word_1_262' title='bbox 430 2635 460 2663; x_wconf 89' lang='lat' dir='ltr'>et</span> <span class='ocrx_word' id='word_1_263' title='bbox 480 2630 696 2673; x_wconf 70' lang='lat' dir='ltr'>assignarunt,</span> <span class='ocrx_word' id='word_1_264' title='bbox 723 2637 822 2675; x_wconf 89' lang='lat' dir='ltr'>prout</span> <span class='ocrx_word' id='word_1_265' title='bbox 841 2630 874 2663; x_wconf 92' lang='lat' dir='ltr'>in</span> <span class='ocrx_word' id='word_1_266' title='bbox 887 2628 1020 2664; x_wconf 83' lang='lat' dir='ltr'>diversis</span> <span class='ocrx_word' id='word_1_267' title='bbox 1031 2629 1079 2661; x_wconf 91' lang='lat' dir='ltr'>in-</span> 
     </span>
    </p>
   </div>
   <div class='ocr_carea' id='block_1_10' title="bbox 1122 349 1867 448">
    <p class='ocr_par' dir='ltr' id='par_1_10' title="bbox 1122 349 1867 448">
     <span class='ocr_line' id='line_1_49' title="bbox 1122 349 1398 384; baseline -0.007 0"><span class='ocrx_word' id='word_1_268' title='bbox 1122 350 1206 384; x_wconf 87' lang='lat' dir='ltr'>citur</span> <span class='ocrx_word' id='word_1_269' title='bbox 1226 349 1398 383; x_wconf 86' lang='lat' dir='ltr'>contineri.</span> 
     </span>
     <span class='ocr_line' id='line_1_50' title="bbox 1166 402 1867 448; baseline 0.001 -12"><span class='ocrx_word' id='word_1_270' title='bbox 1166 404 1181 447; x_wconf 63' lang='lat' dir='ltr'>g</span> <span class='ocrx_word' id='word_1_271' title='bbox 1201 403 1232 436; x_wconf 72' lang='lat'>2.</span> <span class='ocrx_word' id='word_1_272' title='bbox 1260 403 1340 437; x_wconf 83' lang='lat' dir='ltr'>Cum</span> <span class='ocrx_word' id='word_1_273' title='bbox 1359 407 1479 443; x_wconf 90' lang='lat' dir='ltr'>autem,</span> <span class='ocrx_word' id='word_1_274' title='bbox 1499 402 1593 436; x_wconf 87' lang='lat' dir='ltr'>sicuti</span> <span class='ocrx_word' id='word_1_275' title='bbox 1613 404 1726 437; x_wconf 90' lang='lat' dir='ltr'>eadem</span> <span class='ocrx_word' id='word_1_276' title='bbox 1755 402 1867 448; x_wconf 85' lang='lat' dir='ltr'>petitio</span> 
     </span>
    </p>
   </div>
   <div class='ocr_carea' id='block_1_11' title="bbox 1117 616 1867 2671">
    <p class='ocr_par' dir='ltr' id='par_1_11' title="bbox 1117 616 1867 2671">
     <span class='ocr_line' id='line_1_51' title="bbox 1121 616 1866 660; baseline -0.001 -9"><span class='ocrx_word' id='word_1_277' title='bbox 1121 618 1153 651; x_wconf 89' lang='lat' dir='ltr'>in</span> <span class='ocrx_word' id='word_1_278' title='bbox 1173 628 1210 651; x_wconf 89' lang='lat' dir='ltr'>ea</span> <span class='ocrx_word' id='word_1_279' title='bbox 1226 629 1329 651; x_wconf 84' lang='lat' dir='ltr'>unum</span> <span class='ocrx_word' id='word_1_280' title='bbox 1349 617 1449 649; x_wconf 87' lang='lat' dir='ltr'>altare</span> <span class='ocrx_word' id='word_1_281' title='bbox 1479 616 1644 660; x_wconf 86' lang='lat' dir='ltr'>lapideum</span> <span class='ocrx_word' id='word_1_282' title='bbox 1672 616 1866 651; x_wconf 87' lang='lat' dir='ltr'>formosissi-</span> 
     </span>
     <span class='ocr_line' id='line_1_52' title="bbox 1121 669 1867 714; baseline 0 -11"><span class='ocrx_word' id='word_1_283' title='bbox 1121 682 1209 704; x_wconf 88' lang='lat' dir='ltr'>mum</span> <span class='ocrx_word' id='word_1_284' title='bbox 1225 698 1232 711; x_wconf 77' lang='lat'>‚</span> <span class='ocrx_word' id='word_1_285' title='bbox 1274 671 1332 704; x_wconf 89' lang='lat' dir='ltr'>sub</span> <span class='ocrx_word' id='word_1_286' title='bbox 1362 670 1564 704; x_wconf 82' lang='lat' dir='ltr'>invocatione</span> <span class='ocrx_word' id='word_1_287' title='bbox 1595 669 1628 703; x_wconf 87' lang='lat' dir='ltr'>S.</span> <span class='ocrx_word' id='word_1_288' title='bbox 1664 670 1791 714; x_wconf 91' lang='lat' dir='ltr'>Iosephi</span> <span class='ocrx_word' id='word_1_289' title='bbox 1827 670 1867 704; x_wconf 88' lang='lat' dir='ltr'>de</span> 
     </span>
     <span class='ocr_line' id='line_1_53' title="bbox 1120 723 1866 767; baseline 0 -10"><span class='ocrx_word' id='word_1_290' title='bbox 1120 724 1341 757; x_wconf 82' lang='lat' dir='ltr'>TerraSancta</span> <span class='ocrx_word' id='word_1_291' title='bbox 1355 723 1546 767; x_wconf 84' lang='lat' dir='ltr'>nuncupati,</span> <span class='ocrx_word' id='word_1_292' title='bbox 1565 723 1709 757; x_wconf 84' lang='lat' dir='ltr'>construi</span> <span class='ocrx_word' id='word_1_293' title='bbox 1727 729 1759 757; x_wconf 89' lang='lat' dir='ltr'>et</span> <span class='ocrx_word' id='word_1_294' title='bbox 1777 723 1866 758; x_wconf 87' lang='lat' dir='ltr'>aedi—</span> 
     </span>
     <span class='ocr_line' id='line_1_54' title="bbox 1120 777 1867 821; baseline 0.001 -11"><span class='ocrx_word' id='word_1_295' title='bbox 1120 777 1222 817; x_wconf 80' lang='lat' dir='ltr'>ficari,</span> <span class='ocrx_word' id='word_1_296' title='bbox 1249 788 1286 810; x_wconf 84' lang='lat' dir='ltr'>ac</span> <span class='ocrx_word' id='word_1_297' title='bbox 1306 777 1420 810; x_wconf 87' lang='lat' dir='ltr'>subtus</span> <span class='ocrx_word' id='word_1_298' title='bbox 1439 777 1560 810; x_wconf 91' lang='lat' dir='ltr'>dictum</span> <span class='ocrx_word' id='word_1_299' title='bbox 1587 777 1687 810; x_wconf 85' lang='lat' dir='ltr'>altare</span> <span class='ocrx_word' id='word_1_300' title='bbox 1712 777 1867 821; x_wconf 87' lang='lat' dir='ltr'>reliquias</span> 
     </span>
     <span class='ocr_line' id='line_1_55' title="bbox 1119 829 1866 874; baseline 0.001 -11"><span class='ocrx_word' id='word_1_301' title='bbox 1119 831 1318 870; x_wconf 86' lang='lat' dir='ltr'>huiusmodi,</span> <span class='ocrx_word' id='word_1_302' title='bbox 1353 830 1478 863; x_wconf 87' lang='lat' dir='ltr'>divinae</span> <span class='ocrx_word' id='word_1_303' title='bbox 1492 829 1620 874; x_wconf 89' lang='lat' dir='ltr'>pietatis</span> <span class='ocrx_word' id='word_1_304' title='bbox 1640 830 1770 872; x_wconf 88' lang='lat' dir='ltr'>intuitu,</span> <span class='ocrx_word' id='word_1_305' title='bbox 1805 830 1866 864; x_wconf 85' lang='lat' dir='ltr'>rite</span> 
     </span>
     <span class='ocr_line' id='line_1_56' title="bbox 1119 883 1867 924; baseline 0 -7"><span class='ocrx_word' id='word_1_306' title='bbox 1119 884 1283 924; x_wconf 90' lang='lat' dir='ltr'>collocari,</span> <span class='ocrx_word' id='word_1_307' title='bbox 1304 894 1340 917; x_wconf 89' lang='lat' dir='ltr'>ac</span> <span class='ocrx_word' id='word_1_308' title='bbox 1360 885 1473 917; x_wconf 87' lang='lat' dir='ltr'>missas</span> <span class='ocrx_word' id='word_1_309' title='bbox 1497 883 1584 917; x_wconf 78' lang='lat' dir='ltr'>iuxta</span> <span class='ocrx_word' id='word_1_310' title='bbox 1596 883 1814 917; x_wconf 85' lang='lat' dir='ltr'>concessionis</span> <span class='ocrx_word' id='word_1_311' title='bbox 1835 888 1867 917; x_wconf 85' lang='lat' dir='ltr'>et</span> 
     </span>
     <span class='ocr_line' id='line_1_57' title="bbox 1119 937 1865 981; baseline 0.001 -11"><span class='ocrx_word' id='word_1_312' title='bbox 1119 937 1343 981; x_wconf 76' lang='lat' dir='ltr'>assignationis</span> <span class='ocrx_word' id='word_1_313' title='bbox 1362 937 1600 981; x_wconf 86' lang='lat' dir='ltr'>praedictarum</span> <span class='ocrx_word' id='word_1_314' title='bbox 1619 942 1764 971; x_wconf 85' lang='lat' dir='ltr'>tenorem</span> <span class='ocrx_word' id='word_1_315' title='bbox 1780 937 1865 971; x_wconf 83' lang='lat' dir='ltr'>cele-</span> 
     </span>
     <span class='ocr_line' id='line_1_58' title="bbox 1118 989 1864 1034; baseline 0.001 -11"><span class='ocrx_word' id='word_1_316' title='bbox 1118 991 1218 1031; x_wconf 86' lang='lat' dir='ltr'>brari;</span> <span class='ocrx_word' id='word_1_317' title='bbox 1239 1001 1379 1031; x_wconf 90' lang='lat' dir='ltr'>necnon,</span> <span class='ocrx_word' id='word_1_318' title='bbox 1401 991 1440 1024; x_wconf 87' lang='lat' dir='ltr'>ad</span> <span class='ocrx_word' id='word_1_319' title='bbox 1456 990 1688 1034; x_wconf 88' lang='lat' dir='ltr'>omnipotentis</span> <span class='ocrx_word' id='word_1_320' title='bbox 1713 989 1768 1023; x_wconf 91' lang='lat' dir='ltr'>Dei</span> <span class='ocrx_word' id='word_1_321' title='bbox 1794 990 1864 1034; x_wconf 82' lang='lat' dir='ltr'>glo-</span> 
     </span>
     <span class='ocr_line' id='line_1_59' title="bbox 1118 1044 1865 1087; baseline -0.001 -9"><span class='ocrx_word' id='word_1_322' title='bbox 1118 1045 1198 1078; x_wconf 89' lang='lat' dir='ltr'>riam</span> <span class='ocrx_word' id='word_1_323' title='bbox 1215 1051 1245 1078; x_wconf 92' lang='lat' dir='ltr'>et</span> <span class='ocrx_word' id='word_1_324' title='bbox 1265 1045 1351 1078; x_wconf 90' lang='lat' dir='ltr'>illius</span> <span class='ocrx_word' id='word_1_325' title='bbox 1369 1045 1475 1078; x_wconf 86' lang='lat' dir='ltr'>cultus</span> <span class='ocrx_word' id='word_1_326' title='bbox 1490 1049 1712 1087; x_wconf 80' lang='lat' dir='ltr'>augmentum,</span> <span class='ocrx_word' id='word_1_327' title='bbox 1734 1055 1772 1077; x_wconf 91' lang='lat' dir='ltr'>ac</span> <span class='ocrx_word' id='word_1_328' title='bbox 1781 1044 1865 1078; x_wconf 91' lang='lat' dir='ltr'>eius-</span> 
     </span>
     <span class='ocr_line' id='line_1_60' title="bbox 1118 1098 1864 1142; baseline -0.001 -11"><span class='ocrx_word' id='word_1_329' title='bbox 1118 1099 1190 1131; x_wconf 89' lang='lat' dir='ltr'>dem</span> <span class='ocrx_word' id='word_1_330' title='bbox 1211 1099 1310 1132; x_wconf 80' lang='lat' dir='ltr'>sancti</span> <span class='ocrx_word' id='word_1_331' title='bbox 1334 1098 1459 1142; x_wconf 86' lang='lat' dir='ltr'>Iosephi</span> <span class='ocrx_word' id='word_1_332' title='bbox 1480 1098 1649 1139; x_wconf 90' lang='lat' dir='ltr'>honorem,</span> <span class='ocrx_word' id='word_1_333' title='bbox 1673 1108 1770 1131; x_wconf 89' lang='lat' dir='ltr'>unam</span> <span class='ocrx_word' id='word_1_334' title='bbox 1786 1107 1864 1131; x_wconf 91' lang='lat' dir='ltr'>con-</span> 
     </span>
     <span class='ocr_line' id='line_1_61' title="bbox 1119 1150 1864 1195; baseline 0 -11"><span class='ocrx_word' id='word_1_335' title='bbox 1119 1152 1349 1184; x_wconf 85' lang='lat' dir='ltr'>fraternitatem</span> <span class='ocrx_word' id='word_1_336' title='bbox 1370 1150 1628 1184; x_wconf 87' lang='lat' dir='ltr'>christifidelium</span> <span class='ocrx_word' id='word_1_337' title='bbox 1652 1150 1716 1184; x_wconf 90' lang='lat' dir='ltr'>Deo</span> <span class='ocrx_word' id='word_1_338' title='bbox 1743 1156 1775 1184; x_wconf 87' lang='lat' dir='ltr'>et</span> <span class='ocrx_word' id='word_1_339' title='bbox 1804 1150 1864 1195; x_wconf 91' lang='lat' dir='ltr'>ipsi</span> 
     </span>
     <span class='ocr_line' id='line_1_62' title="bbox 1118 1203 1866 1248; baseline -0.001 -10"><span class='ocrx_word' id='word_1_340' title='bbox 1118 1211 1227 1238; x_wconf 90' lang='lat' dir='ltr'>sancto</span> <span class='ocrx_word' id='word_1_341' title='bbox 1248 1205 1385 1248; x_wconf 84' lang='lat' dir='ltr'>losepho</span> <span class='ocrx_word' id='word_1_342' title='bbox 1405 1205 1605 1244; x_wconf 76' lang='lat' dir='ltr'>devotorum,</span> <span class='ocrx_word' id='word_1_343' title='bbox 1624 1204 1799 1248; x_wconf 85' lang='lat' dir='ltr'>praecipue</span> <span class='ocrx_word' id='word_1_344' title='bbox 1817 1203 1866 1237; x_wconf 92' lang='lat' dir='ltr'>in-</span> 
     </span>
     <span class='ocr_line' id='line_1_63' title="bbox 1118 1256 1866 1301; baseline 0 -11"><span class='ocrx_word' id='word_1_345' title='bbox 1118 1258 1256 1300; x_wconf 79' lang='lat' dir='ltr'>signium</span> <span class='ocrx_word' id='word_1_346' title='bbox 1281 1257 1486 1301; x_wconf 87' lang='lat' dir='ltr'>operantium</span> <span class='ocrx_word' id='word_1_347' title='bbox 1521 1256 1768 1297; x_wconf 83' lang='lat' dir='ltr'>architecturae,</span> <span class='ocrx_word' id='word_1_348' title='bbox 1800 1257 1866 1301; x_wconf 89' lang='lat' dir='ltr'>pic-</span> 
     </span>
     <span class='ocr_line' id='line_1_64' title="bbox 1118 1309 1863 1355; baseline -0.001 -12"><span class='ocrx_word' id='word_1_349' title='bbox 1118 1316 1222 1351; x_wconf 79' lang='lat' dir='ltr'>turae,</span> <span class='ocrx_word' id='word_1_350' title='bbox 1237 1312 1424 1355; x_wconf 88' lang='lat' dir='ltr'>sculpturae</span> <span class='ocrx_word' id='word_1_351' title='bbox 1437 1315 1468 1343; x_wconf 89' lang='lat' dir='ltr'>et</span> <span class='ocrx_word' id='word_1_352' title='bbox 1476 1309 1863 1352; x_wconf 85' lang='lat' dir='ltr'>metallariae,lignariae,</span> 
     </span>
     <span class='ocr_line' id='line_1_65' title="bbox 1120 1362 1866 1407; baseline -0.001 -10"><span class='ocrx_word' id='word_1_353' title='bbox 1120 1365 1258 1397; x_wconf 85' lang='lat' dir='ltr'>fusariae</span> <span class='ocrx_word' id='word_1_354' title='bbox 1283 1369 1314 1397; x_wconf 89' lang='lat' dir='ltr'>et</span> <span class='ocrx_word' id='word_1_355' title='bbox 1334 1363 1533 1397; x_wconf 83' lang='lat' dir='ltr'>diversarum</span> <span class='ocrx_word' id='word_1_356' title='bbox 1556 1362 1686 1404; x_wconf 87' lang='lat' dir='ltr'>artium,</span> <span class='ocrx_word' id='word_1_357' title='bbox 1712 1367 1750 1396; x_wconf 88' lang='lat' dir='ltr'>ut</span> <span class='ocrx_word' id='word_1_358' title='bbox 1773 1373 1866 1407; x_wconf 85' lang='lat' dir='ltr'>prae-</span> 
     </span>
     <span class='ocr_line' id='line_1_66' title="bbox 1118 1409 1866 1459; baseline -0.003 -9"><span class='ocrx_word' id='word_1_359' title='bbox 1118 1418 1232 1458; x_wconf 86' lang='lat' dir='ltr'>fertur,</span> <span class='ocrx_word' id='word_1_360' title='bbox 1260 1417 1415 1451; x_wconf 88' lang='lat' dir='ltr'>canonice</span> <span class='ocrx_word' id='word_1_361' title='bbox 1441 1416 1564 1449; x_wconf 86' lang='lat' dir='ltr'>institui</span> <span class='ocrx_word' id='word_1_362' title='bbox 1589 1421 1620 1449; x_wconf 86' lang='lat' dir='ltr'>et</span> <span class='ocrx_word' id='word_1_363' title='bbox 1643 1409 1736 1459; x_wconf 80' lang='lat' dir='ltr'>erigi;</span> <span class='ocrx_word' id='word_1_364' title='bbox 1764 1426 1802 1449; x_wconf 87' lang='lat' dir='ltr'>ac</span> <span class='ocrx_word' id='word_1_365' title='bbox 1821 1415 1866 1449; x_wconf 88' lang='lat' dir='ltr'>ei-</span> 
     </span>
     <span class='ocr_line' id='line_1_67' title="bbox 1118 1471 1863 1515; baseline -0.001 -11"><span class='ocrx_word' id='word_1_366' title='bbox 1118 1472 1189 1505; x_wconf 91' lang='lat' dir='ltr'>dem</span> <span class='ocrx_word' id='word_1_367' title='bbox 1219 1471 1472 1505; x_wconf 87' lang='lat' dir='ltr'>confraternitati</span> <span class='ocrx_word' id='word_1_368' title='bbox 1507 1471 1682 1515; x_wconf 89' lang='lat' dir='ltr'>quamdam</span> <span class='ocrx_word' id='word_1_369' title='bbox 1702 1480 1863 1503; x_wconf 87' lang='lat' dir='ltr'>cameram</span> 
     </span>
     <span class='ocr_line' id='line_1_68' title="bbox 1118 1523 1865 1569; baseline -0.003 -12"><span class='ocrx_word' id='word_1_370' title='bbox 1118 1535 1215 1568; x_wconf 81' lang='lat' dir='ltr'>supra</span> <span class='ocrx_word' id='word_1_371' title='bbox 1235 1525 1351 1558; x_wconf 87' lang='lat' dir='ltr'>dictam</span> <span class='ocrx_word' id='word_1_372' title='bbox 1386 1525 1566 1569; x_wconf 88' lang='lat' dir='ltr'>cappellam</span> <span class='ocrx_word' id='word_1_373' title='bbox 1597 1523 1783 1557; x_wconf 83' lang='lat' dir='ltr'>existentem</span> <span class='ocrx_word' id='word_1_374' title='bbox 1806 1533 1865 1566; x_wconf 87' lang='lat' dir='ltr'>per</span> 
     </span>
     <span class='ocr_line' id='line_1_69' title="bbox 1118 1576 1864 1622; baseline -0.003 -11"><span class='ocrx_word' id='word_1_375' title='bbox 1118 1578 1220 1611; x_wconf 81' lang='lat' dir='ltr'>dictos</span> <span class='ocrx_word' id='word_1_376' title='bbox 1240 1578 1417 1622; x_wconf 84' lang='lat' dir='ltr'>capitulum</span> <span class='ocrx_word' id='word_1_377' title='bbox 1438 1577 1572 1611; x_wconf 89' lang='lat' dir='ltr'>concedi</span> <span class='ocrx_word' id='word_1_378' title='bbox 1593 1576 1789 1620; x_wconf 86' lang='lat' dir='ltr'>etassignari</span> <span class='ocrx_word' id='word_1_379' title='bbox 1805 1587 1864 1609; x_wconf 94' lang='lat' dir='ltr'>cu-</span> 
     </span>
     <span class='ocr_line' id='line_1_70' title="bbox 1118 1630 1866 1676; baseline -0.004 -11"><span class='ocrx_word' id='word_1_380' title='bbox 1118 1632 1246 1672; x_wconf 71' lang='lat' dir='ltr'>raverit,</span> <span class='ocrx_word' id='word_1_381' title='bbox 1263 1643 1322 1676; x_wconf 90' lang='lat' dir='ltr'>pro</span> <span class='ocrx_word' id='word_1_382' title='bbox 1333 1637 1424 1675; x_wconf 88' lang='lat' dir='ltr'>parte</span> <span class='ocrx_word' id='word_1_383' title='bbox 1437 1632 1459 1664; x_wconf 91' lang='lat' dir='ltr'>F</span> <span class='ocrx_word' id='word_1_384' title='bbox 1462 1630 1580 1664; x_wconf 88' lang='lat' dir='ltr'>ederici</span> <span class='ocrx_word' id='word_1_385' title='bbox 1592 1630 1732 1674; x_wconf 84' lang='lat' dir='ltr'>regentis</span> <span class='ocrx_word' id='word_1_386' title='bbox 1740 1640 1778 1663; x_wconf 88' lang='lat' dir='ltr'>ac</span> <span class='ocrx_word' id='word_1_387' title='bbox 1788 1640 1866 1663; x_wconf 86' lang='lat' dir='ltr'>con-</span> 
     </span>
     <span class='ocr_line' id='line_1_71' title="bbox 1118 1683 1864 1729; baseline -0.003 -11"><span class='ocrx_word' id='word_1_388' title='bbox 1118 1686 1252 1718; x_wconf 83' lang='lat' dir='ltr'>fratrum</span> <span class='ocrx_word' id='word_1_389' title='bbox 1274 1683 1757 1729; x_wconf 87' lang='lat' dir='ltr'>praedictorum,asserentium,</span> <span class='ocrx_word' id='word_1_390' title='bbox 1775 1686 1864 1728; x_wconf 89' lang='lat' dir='ltr'>post-</span> 
     </span>
     <span class='ocr_line' id='line_1_72' title="bbox 1118 1736 1864 1783; baseline -0.003 -11"><span class='ocrx_word' id='word_1_391' title='bbox 1118 1751 1214 1783; x_wconf 89' lang='lat' dir='ltr'>quam</span> <span class='ocrx_word' id='word_1_392' title='bbox 1240 1739 1342 1773; x_wconf 85' lang='lat' dir='ltr'>felicis</span> <span class='ocrx_word' id='word_1_393' title='bbox 1365 1738 1599 1772; x_wconf 84' lang='lat' dir='ltr'>recordationis</span> <span class='ocrx_word' id='word_1_394' title='bbox 1631 1738 1750 1771; x_wconf 87' lang='lat' dir='ltr'>Paulus</span> <span class='ocrx_word' id='word_1_395' title='bbox 1777 1736 1864 1780; x_wconf 87' lang='lat' dir='ltr'>Papa</span> 
     </span>
     <span class='ocr_line' id='line_1_73' title="bbox 1117 1790 1864 1836; baseline -0.003 -11"><span class='ocrx_word' id='word_1_396' title='bbox 1117 1793 1168 1833; x_wconf 90' lang='lat'>111,</span> <span class='ocrx_word' id='word_1_397' title='bbox 1198 1793 1427 1836; x_wconf 82' lang='lat' dir='ltr'>praedecessor</span> <span class='ocrx_word' id='word_1_398' title='bbox 1454 1797 1575 1832; x_wconf 81' lang='lat' dir='ltr'>noster,</span> <span class='ocrx_word' id='word_1_399' title='bbox 1611 1790 1864 1830; x_wconf 85' lang='lat' dir='ltr'>concessionem,</span> 
     </span>
     <span class='ocr_line' id='line_1_74' title="bbox 1118 1844 1866 1890; baseline -0.003 -11"><span class='ocrx_word' id='word_1_400' title='bbox 1118 1846 1367 1890; x_wconf 78' lang='lat' dir='ltr'>assignationem</span> <span class='ocrx_word' id='word_1_401' title='bbox 1387 1851 1418 1879; x_wconf 88' lang='lat' dir='ltr'>et</span> <span class='ocrx_word' id='word_1_402' title='bbox 1438 1845 1671 1878; x_wconf 87' lang='lat' dir='ltr'>institutionem</span> <span class='ocrx_word' id='word_1_403' title='bbox 1697 1844 1866 1877; x_wconf 90' lang='lat' dir='ltr'>huiusmo-</span> 
     </span>
     <span class='ocr_line' id='line_1_75' title="bbox 1119 1896 1864 1940; baseline -0.003 -8"><span class='ocrx_word' id='word_1_404' title='bbox 1119 1900 1162 1940; x_wconf 91' lang='lat' dir='ltr'>di,</span> <span class='ocrx_word' id='word_1_405' title='bbox 1173 1900 1232 1932; x_wconf 89' lang='lat' dir='ltr'>sub</span> <span class='ocrx_word' id='word_1_406' title='bbox 1243 1900 1315 1932; x_wconf 87' lang='lat' dir='ltr'>data</span> <span class='ocrx_word' id='word_1_407' title='bbox 1329 1899 1474 1932; x_wconf 87' lang='lat' dir='ltr'>videlicet</span> <span class='ocrx_word' id='word_1_408' title='bbox 1493 1898 1588 1931; x_wconf 85' lang='lat' dir='ltr'>tertio</span> <span class='ocrx_word' id='word_1_409' title='bbox 1600 1908 1701 1931; x_wconf 90' lang='lat' dir='ltr'>nonas</span> <span class='ocrx_word' id='word_1_410' title='bbox 1713 1896 1864 1937; x_wconf 87' lang='lat' dir='ltr'>octobris,</span> 
     </span>
     <span class='ocr_line' id='line_1_76' title="bbox 1119 1950 1866 1996; baseline -0.003 -11"><span class='ocrx_word' id='word_1_411' title='bbox 1119 1952 1327 1996; x_wconf 89' lang='lat' dir='ltr'>pontificatus</span> <span class='ocrx_word' id='word_1_412' title='bbox 1346 1952 1395 1985; x_wconf 88' lang='lat' dir='ltr'>sui</span> <span class='ocrx_word' id='word_1_413' title='bbox 1415 1962 1500 1984; x_wconf 90' lang='lat' dir='ltr'>anno</span> <span class='ocrx_word' id='word_1_414' title='bbox 1512 1961 1610 1987; x_wconf 81' lang='lat' dir='ltr'>nono,</span> <span class='ocrx_word' id='word_1_415' title='bbox 1633 1950 1821 1984; x_wconf 84' lang='lat' dir='ltr'>confirmari</span> <span class='ocrx_word' id='word_1_416' title='bbox 1833 1957 1866 1984; x_wconf 73' lang='lat' dir='ltr'>et</span> 
     </span>
     <span class='ocr_line' id='line_1_77' title="bbox 1119 2003 1865 2050; baseline -0.003 -11"><span class='ocrx_word' id='word_1_417' title='bbox 1119 2005 1292 2050; x_wconf 87' lang='lat' dir='ltr'>approbari</span> <span class='ocrx_word' id='word_1_418' title='bbox 1323 2010 1533 2045; x_wconf 83' lang='lat' dir='ltr'>concesserat,</span> <span class='ocrx_word' id='word_1_419' title='bbox 1554 2015 1587 2037; x_wconf 88' lang='lat' dir='ltr'>se</span> <span class='ocrx_word' id='word_1_420' title='bbox 1619 2003 1742 2037; x_wconf 81' lang='lat' dir='ltr'>litteras</span> <span class='ocrx_word' id='word_1_421' title='bbox 1767 2013 1865 2048; x_wconf 89' lang='lat' dir='ltr'>super</span> 
     </span>
     <span class='ocr_line' id='line_1_78' title="bbox 1119 2056 1863 2101; baseline -0.003 -10"><span class='ocrx_word' id='word_1_422' title='bbox 1119 2058 1328 2092; x_wconf 87' lang='lat' dir='ltr'>concessione</span> <span class='ocrx_word' id='word_1_423' title='bbox 1347 2057 1533 2091; x_wconf 88' lang='lat' dir='ltr'>huiusmodi</span> <span class='ocrx_word' id='word_1_424' title='bbox 1562 2067 1627 2091; x_wconf 91' lang='lat' dir='ltr'>non</span> <span class='ocrx_word' id='word_1_425' title='bbox 1659 2056 1863 2101; x_wconf 80' lang='lat' dir='ltr'>expedivisse‚</span> 
     </span>
     <span class='ocr_line' id='line_1_79' title="bbox 1119 2110 1864 2153; baseline -0.001 -9"><span class='ocrx_word' id='word_1_426' title='bbox 1119 2117 1150 2144; x_wconf 85' lang='lat' dir='ltr'>et</span> <span class='ocrx_word' id='word_1_427' title='bbox 1182 2111 1393 2144; x_wconf 87' lang='lat' dir='ltr'>nihilominus</span> <span class='ocrx_word' id='word_1_428' title='bbox 1416 2115 1580 2153; x_wconf 79' lang='lat' dir='ltr'>regentem</span> <span class='ocrx_word' id='word_1_429' title='bbox 1619 2115 1650 2143; x_wconf 84' lang='lat' dir='ltr'>et</span> <span class='ocrx_word' id='word_1_430' title='bbox 1686 2110 1864 2144; x_wconf 86' lang='lat' dir='ltr'>confratres</span> 
     </span>
     <span class='ocr_line' id='line_1_80' title="bbox 1119 2163 1864 2208; baseline 0 -11"><span class='ocrx_word' id='word_1_431' title='bbox 1119 2164 1222 2197; x_wconf 87' lang='lat' dir='ltr'>dictae</span> <span class='ocrx_word' id='word_1_432' title='bbox 1243 2164 1512 2198; x_wconf 83' lang='lat' dir='ltr'>confraternitatis</span> <span class='ocrx_word' id='word_1_433' title='bbox 1538 2174 1594 2208; x_wconf 90' lang='lat' dir='ltr'>pro</span> <span class='ocrx_word' id='word_1_434' title='bbox 1626 2169 1774 2208; x_wconf 81' lang='lat' dir='ltr'>tempore</span> <span class='ocrx_word' id='word_1_435' title='bbox 1797 2163 1864 2197; x_wconf 82' lang='lat' dir='ltr'>exi-</span> 
     </span>
     <span class='ocr_line' id='line_1_81' title="bbox 1120 2217 1864 2262; baseline 0 -11"><span class='ocrx_word' id='word_1_436' title='bbox 1120 2224 1237 2252; x_wconf 82' lang='lat' dir='ltr'>stentes</span> <span class='ocrx_word' id='word_1_437' title='bbox 1256 2230 1293 2253; x_wconf 91' lang='lat' dir='ltr'>ex</span> <span class='ocrx_word' id='word_1_438' title='bbox 1318 2225 1393 2252; x_wconf 90' lang='lat' dir='ltr'>tunc</span> <span class='ocrx_word' id='word_1_439' title='bbox 1405 2218 1506 2252; x_wconf 88' lang='lat' dir='ltr'>dictae</span> <span class='ocrx_word' id='word_1_440' title='bbox 1527 2218 1690 2262; x_wconf 86' lang='lat' dir='ltr'>cappellae</span> <span class='ocrx_word' id='word_1_441' title='bbox 1705 2217 1738 2251; x_wconf 91' lang='lat' dir='ltr'>in</span> <span class='ocrx_word' id='word_1_442' title='bbox 1749 2217 1864 2251; x_wconf 86' lang='lat' dir='ltr'>divinis</span> 
     </span>
     <span class='ocr_line' id='line_1_82' title="bbox 1119 2270 1864 2314; baseline -0.001 -9"><span class='ocrx_word' id='word_1_443' title='bbox 1119 2272 1290 2313; x_wconf 86' lang='lat' dir='ltr'>deservire,</span> <span class='ocrx_word' id='word_1_444' title='bbox 1311 2283 1349 2305; x_wconf 89' lang='lat' dir='ltr'>ac</span> <span class='ocrx_word' id='word_1_445' title='bbox 1373 2283 1485 2306; x_wconf 92' lang='lat' dir='ltr'>eorum</span> <span class='ocrx_word' id='word_1_446' title='bbox 1503 2271 1641 2314; x_wconf 89' lang='lat' dir='ltr'>etipsius</span> <span class='ocrx_word' id='word_1_447' title='bbox 1655 2270 1864 2305; x_wconf 85' lang='lat' dir='ltr'>confraterni-</span> 
     </span>
     <span class='ocr_line' id='line_1_83' title="bbox 1121 2323 1862 2370; baseline -0.001 -12"><span class='ocrx_word' id='word_1_448' title='bbox 1121 2325 1191 2358; x_wconf 86' lang='lat' dir='ltr'>tatis</span> <span class='ocrx_word' id='word_1_449' title='bbox 1203 2325 1355 2370; x_wconf 88' lang='lat' dir='ltr'>impensis</span> <span class='ocrx_word' id='word_1_450' title='bbox 1364 2325 1536 2358; x_wconf 89' lang='lat' dir='ltr'>nonnullas</span> <span class='ocrx_word' id='word_1_451' title='bbox 1545 2324 1683 2368; x_wconf 79' lang='lat' dir='ltr'>virgines</span> <span class='ocrx_word' id='word_1_452' title='bbox 1697 2323 1862 2357; x_wconf 86' lang='lat' dir='ltr'>annuatim</span> 
     </span>
     <span class='ocr_line' id='line_1_84' title="bbox 1122 2378 1862 2419; baseline 0 -8"><span class='ocrx_word' id='word_1_453' title='bbox 1122 2379 1327 2412; x_wconf 88' lang='lat' dir='ltr'>matrimonio</span> <span class='ocrx_word' id='word_1_454' title='bbox 1335 2379 1507 2419; x_wconf 89' lang='lat' dir='ltr'>collocare,</span> <span class='ocrx_word' id='word_1_455' title='bbox 1516 2389 1553 2411; x_wconf 90' lang='lat' dir='ltr'>ac</span> <span class='ocrx_word' id='word_1_456' title='bbox 1566 2379 1677 2412; x_wconf 90' lang='lat' dir='ltr'>missas</span> <span class='ocrx_word' id='word_1_457' title='bbox 1689 2378 1776 2411; x_wconf 83' lang='lat' dir='ltr'>iuxta</span> <span class='ocrx_word' id='word_1_458' title='bbox 1784 2387 1862 2411; x_wconf 88' lang='lat' dir='ltr'>con-</span> 
     </span>
     <span class='ocr_line' id='line_1_85' title="bbox 1121 2429 1861 2475; baseline -0.003 -10"><span class='ocrx_word' id='word_1_459' title='bbox 1121 2432 1297 2466; x_wconf 86' lang='lat' dir='ltr'>cessionem</span> <span class='ocrx_word' id='word_1_460' title='bbox 1331 2438 1363 2466; x_wconf 90' lang='lat' dir='ltr'>et.</span> <span class='ocrx_word' id='word_1_461' title='bbox 1396 2431 1643 2475; x_wconf 82' lang='lat' dir='ltr'>assignationem</span> <span class='ocrx_word' id='word_1_462' title='bbox 1676 2429 1861 2464; x_wconf 84' lang='lat' dir='ltr'>huiusmodi</span> 
     </span>
     <span class='ocr_line' id='line_1_86' title="bbox 1122 2478 1864 2523; baseline -0.003 -10"><span class='ocrx_word' id='word_1_463' title='bbox 1122 2481 1279 2514; x_wconf 79' lang='lat' dir='ltr'>celebrari</span> <span class='ocrx_word' id='word_1_464' title='bbox 1300 2482 1423 2522; x_wconf 90' lang='lat' dir='ltr'>fecisse,</span> <span class='ocrx_word' id='word_1_465' title='bbox 1446 2491 1572 2514; x_wconf 87' lang='lat' dir='ltr'>necnon</span> <span class='ocrx_word' id='word_1_466' title='bbox 1584 2489 1764 2523; x_wconf 88' lang='lat' dir='ltr'>pauperum</span> <span class='ocrx_word' id='word_1_467' title='bbox 1776 2478 1864 2512; x_wconf 85' lang='lat' dir='ltr'>etin-</span> 
     </span>
     <span class='ocr_line' id='line_1_87' title="bbox 1123 2527 1864 2572; baseline -0.004 -10"><span class='ocrx_word' id='word_1_468' title='bbox 1123 2530 1288 2563; x_wconf 82' lang='lat' dir='ltr'>firmorum</span> <span class='ocrx_word' id='word_1_469' title='bbox 1301 2529 1545 2563; x_wconf 84' lang='lat' dir='ltr'>necessitatibus</span> <span class='ocrx_word' id='word_1_470' title='bbox 1557 2534 1588 2562; x_wconf 86' lang='lat' dir='ltr'>et</span> <span class='ocrx_word' id='word_1_471' title='bbox 1598 2527 1780 2572; x_wconf 83' lang='lat' dir='ltr'>indigentjis</span> <span class='ocrx_word' id='word_1_472' title='bbox 1789 2527 1864 2560; x_wconf 88' lang='lat' dir='ltr'>sub-</span> 
     </span>
     <span class='ocr_line' id='line_1_88' title="bbox 1121 2575 1863 2621; baseline -0.003 -11"><span class='ocrx_word' id='word_1_473' title='bbox 1121 2578 1242 2620; x_wconf 81' lang='lat' dir='ltr'>venire,</span> <span class='ocrx_word' id='word_1_474' title='bbox 1264 2590 1300 2612; x_wconf 87' lang='lat' dir='ltr'>ac</span> <span class='ocrx_word' id='word_1_475' title='bbox 1333 2579 1457 2612; x_wconf 81' lang='lat' dir='ltr'>diversa</span> <span class='ocrx_word' id='word_1_476' title='bbox 1490 2577 1615 2621; x_wconf 88' lang='lat' dir='ltr'>pietatis</span> <span class='ocrx_word' id='word_1_477' title='bbox 1638 2582 1669 2610; x_wconf 87' lang='lat' dir='ltr'>et</span> <span class='ocrx_word' id='word_1_478' title='bbox 1699 2575 1863 2609; x_wconf 86' lang='lat' dir='ltr'>charitatis</span> 
     </span>
     <span class='ocr_line' id='line_1_89' title="bbox 1122 2623 1863 2671; baseline -0.001 -11"><span class='ocrx_word' id='word_1_479' title='bbox 1122 2637 1220 2671; x_wconf 85' lang='lat' dir='ltr'>opera</span> <span class='ocrx_word' id='word_1_480' title='bbox 1240 2627 1352 2661; x_wconf 89' lang='lat' dir='ltr'>sedulo</span> <span class='ocrx_word' id='word_1_481' title='bbox 1372 2637 1520 2660; x_wconf 82' lang='lat' dir='ltr'>exercere</span> <span class='ocrx_word' id='word_1_482' title='bbox 1539 2624 1756 2666; x_wconf 84' lang='lat' dir='ltr'>consuevisse,</span> <span class='ocrx_word' id='word_1_483' title='bbox 1768 2623 1863 2659; x_wconf 85' lang='lat' dir='ltr'>nobis</span> 
     </span>
    </p>
   </div>
   <div class='ocr_carea' id='block_1_12' title="bbox 1862 0 2059 649">
    <p class='ocr_par' dir='ltr' id='par_1_12' title="bbox 1862 0 2059 649">
     <span class='ocr_line' id='line_1_90' title="bbox 1862 0 2059 434; baseline 0 -166"><span class='ocrx_word' id='word_1_484' title='bbox 1862 0 2059 434; x_wconf 95' lang='lat' dir='ltr'>   </span> 
     </span>
     <span class='ocr_line' id='line_1_91' title="bbox 1987 434 2059 649; baseline 0.014 -126"><span class='ocrx_word' id='word_1_485' title='bbox 1987 434 2059 649; x_wconf 95' lang='lat' dir='ltr'>     </span> 
     </span>
    </p>
   </div>
   <div class='ocr_carea' id='block_1_13' title="bbox 1121 442 1958 501">
    <p class='ocr_par' dir='ltr' id='par_1_13' title="bbox 1121 442 1958 501">
     <span class='ocr_line' id='line_1_92' title="bbox 1121 442 1958 501; baseline 0.001 -12"><span class='ocrx_word' id='word_1_486' title='bbox 1121 457 1348 500; x_wconf 80' lang='lat' dir='ltr'>subiungebat,</span> <span class='ocrx_word' id='word_1_487' title='bbox 1357 456 1541 501; x_wconf 87' lang='lat' dir='ltr'>praedictus</span> <span class='ocrx_word' id='word_1_488' title='bbox 1552 456 1747 496; x_wconf 81' lang='lat' dir='ltr'>Desiderius,</span> <span class='ocrx_word' id='word_1_489' title='bbox 1762 457 1795 490; x_wconf 91' lang='lat' dir='ltr'>in</span> <span class='ocrx_word' id='word_1_490' title='bbox 1808 467 1867 491; x_wconf 93' lang='lat' dir='ltr'>suo</span> <span class='ocrx_word' id='word_1_491' title='bbox 1881 442 1932 491; x_wconf 56' lang='lat' dir='ltr'>iffi</span> <span class='ocrx_word' id='word_1_492' title='bbox 1949 468 1958 473; x_wconf 61' lang='lat'><em>⁷</em></span> 
     </span>
    </p>
   </div>
   <div class='ocr_carea' id='block_1_14' title="bbox 1121 499 1985 620">
    <p class='ocr_par' dir='ltr' id='par_1_14' title="bbox 1121 499 1985 620">
     <span class='ocr_line' id='line_1_93' title="bbox 1121 499 1985 560; baseline 0 -16"><span class='ocrx_word' id='word_1_493' title='bbox 1121 511 1289 555; x_wconf 88' lang='lat' dir='ltr'>proposito</span> <span class='ocrx_word' id='word_1_494' title='bbox 1308 520 1526 553; x_wconf 84' lang='lat' dir='ltr'>perseverans,</span> <span class='ocrx_word' id='word_1_495' title='bbox 1547 520 1585 543; x_wconf 85' lang='lat' dir='ltr'>ex</span> <span class='ocrx_word' id='word_1_496' title='bbox 1596 510 1689 544; x_wconf 90' lang='lat' dir='ltr'>bonis</span> <span class='ocrx_word' id='word_1_497' title='bbox 1705 510 1764 544; x_wconf 88' lang='lat' dir='ltr'>sibi</span> <span class='ocrx_word' id='word_1_498' title='bbox 1776 510 1866 544; x_wconf 88' lang='lat' dir='ltr'>aDeo</span> <span class='ocrx_word' id='word_1_499' title='bbox 1879 499 1959 560; x_wconf 47' lang='grc' dir='ltr'>ἵζων,</span> <span class='ocrx_word' id='word_1_500' title='bbox 1979 504 1985 505; x_wconf 41' lang='grc'><em>’</em></span> 
     </span>
     <span class='ocr_line' id='line_1_94' title="bbox 1121 561 1959 620; baseline 0 -23"><span class='ocrx_word' id='word_1_501' title='bbox 1121 564 1245 598; x_wconf 87' lang='lat' dir='ltr'>collatis</span> <span class='ocrx_word' id='word_1_502' title='bbox 1276 564 1456 608; x_wconf 87' lang='lat' dir='ltr'>cappellam</span> <span class='ocrx_word' id='word_1_503' title='bbox 1478 563 1580 607; x_wconf 86' lang='lat' dir='ltr'>ipsam</span> <span class='ocrx_word' id='word_1_504' title='bbox 1612 569 1806 604; x_wconf 86' lang='lat' dir='ltr'>restaurare,</span> <span class='ocrx_word' id='word_1_505' title='bbox 1836 561 1959 620; x_wconf 49' lang='lat' dir='ltr'>‹et-5:3⁶⁸*</span> 
     </span>
    </p>
   </div>
   <div class='ocr_carea' id='block_1_15' title="bbox 1945 613 1987 755">
    <p class='ocr_par' dir='ltr' id='par_1_15' title="bbox 1945 613 1987 755">
     <span class='ocr_line' id='line_1_95' title="bbox 1945 613 1987 755; baseline 0 -9"><span class='ocrx_word' id='word_1_506' title='bbox 1945 613 1987 755; x_wconf 53' lang='grc' dir='ltr'>,Ξ</span> 
     </span>
    </p>
   </div>
   <div class='ocr_carea' id='block_1_16' title="bbox 1951 649 2059 3228">
    <p class='ocr_par' dir='ltr' id='par_1_16' title="bbox 1951 649 2059 3228">
     <span class='ocr_line' id='line_1_96' title="bbox 1951 649 2059 3228; baseline 0 0"><span class='ocrx_word' id='word_1_507' title='bbox 1951 649 2059 3228; x_wconf 95' lang='lat' dir='ltr'> </span> 
     </span>
    </p>
   </div>
  </div>
 </body>
</html>
