2059 3228
180 231 233 260 An.
243 233 272 260 C·
288 232 355 261 1573
421 232 462 266 56
955 243 1135 268 numinum
1159 243 1313 267 commun

378 306 459 331 rum,
485 295 512 327 S.
539 295 572 327 tt.
599 295 630 332 E,
655 295 853 339 presbyteros
876 296 1067 336 cardinales,
1092 306 1123 328 e-
1151 295 1254 336 ribus,
1279 295 1472 337 camerario,
1495 294 1754 329 universitatibus
1776 303 1813 326 ac
1835 302 1888 326 ea-

382 349 503 380 iusdem
529 348 648 389 collegii
675 353 867 391 protectores
891 354 921 381 et
945 349 1122 382 defensores
1152 359 1221 380 rum
1238 348 1386 390 collegiis
1404 348 1578 381 rectoribus
1594 352 1626 380 et
1641 346 1784 390 personis
1803 344 1888 378 aliis—

203 2226 317 2245 ssniraiik
332 2228 367 2246 iic.

378 401 598 434 constituimus
621 406 650 433 et
675 401 871 444 deputamus:
889 411 1024 444 quorum
1049 410 1122 432 con-

378 455 446 485 silio
470 459 496 485 ct
523 464 592 496 ope,
618 459 680 486 tam
704 453 882 497 supradicta
908 464 1002 496 quam
1027 462 1122 492 quae-

378 517 512 550 cumque
537 507 575 539 ad
600 508 725 540 eosdem
751 507 781 539 in
806 507 935 548 collegio
953 504 1121 538 admitten-

378 560 434 591 dos
459 559 616 592 scholares
640 560 859 593 retinendosve
883 564 977 601 atque
1007 558 1044 590 de
1068 557 1121 588 be-

377 611 498 643 neficiis
514 612 730 645 ecclesiasticis
754 611 962 654 providendos
978 614 1120 652 spectan-

378 665 420 696 tia
457 670 612 707 agantur,
645 669 824 697 statuantur
858 669 886 696 et
923 663 1118 695 ordinentur.

378 717 491 749 [lantes
507 717 623 750 eisdem
638 723 668 750 ct
685 728 741 759 pro
760 723 899 759 tempore
916 714 1120 748 existentibus

379 770 610 812 protectoribus
634 771 757 812 plenam
783 775 810 801 et
837 769 968 800 liberam
992 767 1119 799 faculta-

379 828 440 855 tem
453 829 482 855 et
500 823 731 859 auctoritatem,
747 833 802 864 pro
816 820 933 853 salubri
947 819 1119 851 directione

374 879 406 906 et.
429 876 667 908 conservatione
692 875 768 907 dicti
793 874 934 916 collegii,
958 872 1120 915 ipsiusque

378 928 534 960 bonorum
560 933 590 960 ct
614 939 721 960 rerum
747 938 783 959 ac
807 926 936 965 iurium,
954 931 1017 957 tam
1042 930 1120 957 tem-

377 981 534 1024 poralium
561 992 655 1024 quam
681 979 904 1024 spiritualium,
921 987 1119 1016 oeconomos,

375 1034 562 1072 advocatos,
595 1038 817 1077 procuratores
852 1032 991 1074 aliosque
1027 1029 1121 1061 mini-

373 1092 454 1119 stros
477 1093 506 1119 et
531 1087 678 1119 officiales
706 1086 737 1118 in
770 1096 807 1118 eo
838 1083 1009 1127 deputandi
1035 1092 1121 1115 amo-

375 1140 540 1182 vendique,
554 1145 582 1172 et
609 1140 685 1172 alios
709 1149 818 1171 eorum
844 1138 911 1169 loco
936 1134 1120 1173 sufficiendi3

377 1193 596 1225 ordinationes
620 1197 782 1235 praeterea
806 1196 836 1222 et
860 1194 975 1222 statuta
999 1197 1121 1230 <aequa

377 1251 482 1278 tamen
507 1250 535 1277 et
561 1245 693 1277 honesta
717 1243 876 1286 sacrisque
901 1241 1074 1274 canonibus
1091 1245 1121 1272 et

375 1297 507 1330 concilio
532 1297 716 1329 Tridentino
741 1306 803 1328 non
829 1294 1053 1338 repugnantia)
1078 1294 1121 1326 sa-

379 1350 483 1382 ciendi
508 1355 538 1382 et
562 1349 685 1385 edendi:
703 1359 813 1391 eaque,
830 1359 901 1380 cum
925 1358 1003 1390 opus
1019 1347 1121 1379 visum

374 1403 478 1439 suerit,
503 1402 683 1442 revocandi,
708 1401 915 1440 immutandi,
940 1399 1121 1442 corrigendi

375 1455 498 1497 aliaque
515 1455 552 1486 de
569 1465 648 1486 novo
673 1453 839 1491 condendi,
858 1464 937 1495 quae
955 1458 1121 1495 postquam

374 1509 464 1545 sacta,
490 1509 571 1540 edita
586 1535 594 1547 ‚
619 1512 761 1540 revocata
776 1534 783 1545 ‚
809 1507 975 1538 immutata
998 1511 1029 1538 et
1052 1516 1123 1538 cor-

377 1568 463 1594 recta
488 1561 615 1601 suerint,
634 1560 765 1603 perinde
790 1559 900 1591 haberi
926 1558 1069 1590 volumus
1085 1567 1120 1589 ac

375 1614 398 1645 si
417 1613 605 1646 auctoritate
622 1612 793 1655 apostolica
810 1611 983 1655 approbata
1000 1617 1030 1643 et
1046 1621 1121 1643 con-

374 1667 499 1699 firmata
523 1672 635 1705 essent;
654 1666 767 1708 illaque
792 1665 831 1697 ab
855 1664 1003 1697 omnibus
1020 1669 1119 1696 recto-

372 1721 469 1759 ribus,
495 1719 672 1761 magistris,
697 1718 892 1751 scholaribus
917 1717 1023 1749 aliisve
1048 1727 1120 1760 per-

374 1774 460 1806 sonis
477 1773 509 1805 in
526 1772 656 1814 collegio
674 1770 882 1804 servientibus
895 1775 923 1801 et
937 1769 1118 1802 ministran-

373 1827 468 1867 tibus,
486 1824 709 1858 inviolabiliter
725 1822 896 1861 observari,
914 1832 948 1854 ac
967 1821 1050 1853 iuxta
1067 1832 1119 1854 eo-

376 1879 522 1911 rumdem
546 1877 785 1920 dispositionem
810 1886 827 1907 a
851 1875 1013 1918 quibusvis
1037 1875 1118 1907 iudi-

378 1932 477 1971 cibus,
496 1931 617 1963 sublata
643 1929 752 1973 quavis
777 1929 866 1960 aliter
890 1927 1050 1959 indicandi
1075 1927 1117 1959 fa-

376 1985 501 2023 cultate,
527 1983 659 2015 iudicari
685 1987 713 2015 et
739 1981 863 2013 deliniri
889 1981 963 2013 ‹leb
961 1991 1013 2016 re·
1038 1986 1066 2013 et
1091 1981 1115 2013 si

377 2039 466 2060 secus
482 2038 577 2070 super
594 2026 642 2059 his
659 2037 676 2058 a
694 2036 866 2074 quoquam,
885 2024 993 2067 quavis
1010 2030 1118 2057 aucto-

375 2072 479 2111 ritah
503 2072 639 2103 scienter
662 2071 708 2102 xel
733 2081 749 2101 ι
745 2074 924 2109 ¹·n01anter,
948 2069 1115 2111 contig-weiit

375 2099 533 2156 attenti-ui,
558 2115 683 2147 irritum
701 2119 731 2145 et
756 2114 848 2145 inane
872 2095 1079 2144 do'mniiuus

423 2161 437 2202 Q
462 2159 511 2191 10.
537 2160 604 2191 Non
627 2158 825 2190 obstantibus
849 2162 913 2187 ms!
922 2167 954 2188 ra
972 2157 1008 2188 de
1028 2157 1115 2188 unio-

379 2204 469 2236 nibus
486 2203 720 2235 ‹ommittendis
737 2207 767 2234 ct
785 2212 807 2232 ιι
804 2201 885 2232 ilort
902 2200 1115 2249 i·xpi·,iiiicn‹lo

376 2260 411 2279 am
437 2246 652 2280 Lahianensis
683 2245 806 2278 (0ΜίΙῇ
840 2255 1004 2276 notissime
1039 2246 1115 2278 celc-

377 2292 468 2330 hrati,
495 2291 626 2323 uniones
650 2295 826 2332 pctpctuas,
853 2289 911 2320 nisi
939 2289 969 2320 in
994 2289 1116 2321 casbus

375 2346 391 2368 :1
410 2336 477 2367 iure
496 2334 751 2377 pei·niissis.1ieri
770 2332 979 2375 prohibentis,
996 2343 1030 2363 ac
1048 2333 1116 2364 aliis

374 2379 555 2422 apos-toliiis
579 2377 879 2411 (onstitutionibus2
906 2386 1026 2408 necnon
1060 2376 1115 2408 ho-

375 2423 493 2465 spitalis
506 2429 534 2454 ct
554 2423 646 2454 [ibis
663 2421 907 2464 praedictorum,
926 2420 1115 2459 imamcnto,

374 2468 475 2497 contii
479 2466 614 2498 mationc
632 2465 804 2508 apostolica
827 2465 874 2496 xel
891 2475 941 2506 qu
936 2464 1000 2495 uis
1017 2464 1116 2496 tirmi-

373 2515 436 2542 tate
460 2510 521 2542 alia
546 2510 722 2550 1N0botittis,
748 2508 872 2542 statutis
896 2512 926 2540 et
949 2514 1115 2540 consuetu—

371 2554 509 2592 dinibus,
526 2554 699 2602 priiileoiis
723 2563 859 2601 quoque,
876 2551 1004 2584 indultis
1021 2565 1036 2581 ι
1042 2559 1048 2583 t
1068 2552 1114 2584 lit-

373 2597 447 2630 teris
473 2608 489 2629 a
513 2597 661 2636 ο5ῑοΙίιι5,
688 2598 746 2629 illis
771 2602 798 2629 et
823 2596 942 2629 eisdem
966 2596 1114 2635 senatori,

372 2652 446 2673 asin
434 2642 490 2674 5ιι1ι
518 2652 573 2679 us,
603 2652 675 2673 con.
666 2641 896 2681 eriatcrihus,
931 2640 1101 2673 resoimato

1151 411 1210 442 quc
1234 401 1411 442 praedictis,
1428 410 1548 433 necnon
1572 400 1750 443 praedictae
1766 399 1840 432 Urbi
1858 403 1890 432 et

1152 453 1264 495 populo
1288 453 1450 492 Romano,
1475 453 1533 485 sub
1563 453 1813 496 quibuscumque
1843 457 1890 484 te-

1151 506 1280 537 noribus
1304 510 1334 537 ct
1350 505 1469 543 soi-mis,
1487 515 1521 537 ac
1538 515 1609 538 cum
1627 504 1788 548 quibusvis
1804 504 1887 536 clau-

1150 558 1224 589 sulis
1251 563 1278 590 ct
1312 558 1466 597 decretis,
1490 557 1584 589 etiam
1617 557 1737 590 iteratis
1768 556 1888 589 vicibus

1149 610 1314 649 concessis,
1332 610 1514 653 approbatis
1537 615 1567 642 et.
1583 609 1749 649 innovatis;
1767 619 1888 642 necnon

1149 662 1258 694 litteris
1282 662 1428 702 unionis,
1453 662 1663 695 concessionis
1690 667 1718 694 et
1752 662 1889 705 applica-

1150 715 1241 747 tionis
1273 715 1454 748 monastcrii
1479 715 1630 758 praedicti
1656 715 1757 747 eidem
1783 713 1889 757 hospi-

1149 768 1222 807 tali,
1248 768 1342 801 etiam
1374 767 1406 800 in
1435 767 1723 810 compensationem
1754 768 1890 800 aliorum

1149 820 1266 853 iurium
1297 831 1457 854 cessorum
1489 821 1534 852 vel
1565 820 1761 859 oblatorum,
1794 819 1890 864 etiam

1149 874 1267 907 intuitu
1304 873 1527 917 hospitalitatis
1566 879 1596 905 et
1639 873 1890 915 quibuscumque

1148 927 1218 960 aliis
1242 927 1366 967 causis,
1390 926 1478 959 sactis
1492 938 1499 965 ;
1525 925 1640 968 quibus
1663 926 1830 966 omnibus,
1854 926 1893 958 il-

1148 980 1251 1011 lorum
1287 984 1433 1020 tenores,
1462 979 1678 1022 praesentibus
1713 989 1771 1022 pro
1806 978 1892 1011 suffi-

1148 1031 1268 1064 cienter
1295 1031 1448 1075 expressis
1480 1032 1650 1071 habentes,
1676 1032 1736 1064 illis
1759 1031 1835 1064 alias
1859 1031 1892 1064 in

1149 1095 1204 1117 suo
1228 1085 1342 1118 robore
1364 1084 1600 1128 permansuris,
1625 1085 1684 1117 hac
1712 1084 1779 1117 vice
1801 1084 1892 1117 dum-

1150 1143 1242 1178 taxat,
1267 1137 1445 1181 specialiter
1468 1143 1496 1170 et
1521 1148 1663 1181 expresse
1687 1138 1891 1181 derogamus;

1150 1191 1325 1233 ceterisque
1350 1190 1517 1223 contraiiis
1541 1190 1803 1234 quibuscumque.

1193 1244 1245 1281 §t
1259 1244 1281 1276 l.
1307 1245 1330 1276 1
1336 1248 1343 1275 t
1368 1254 1440 1276 xeno
1456 1243 1550 1276 etiam
1568 1243 1791 1287 temporalibus
1806 1253 1890 1276 com-

1149 1297 1250 1329 modis
1273 1297 1447 1339 spiritualia
1473 1306 1602 1328 munesa
1625 1296 1796 1336 addamus,
1821 1296 1927 1348 qui-g*

1149 1349 1207 1381 bus
1230 1349 1369 1381 lidelium
1394 1349 1516 1381 devotio
1547 1353 1577 1381 et
1606 1349 1718 1381 merita
1749 1359 1890 1383 ciescere

1150 1403 1250 1445 magis
1273 1407 1304 1434 et
1327 1402 1436 1444 augeri
1462 1401 1593 1445 possint,
1610 1402 1647 1434 de
1664 1401 1891 1444 omnipotentis

1149 1456 1202 1488 Dei
1234 1455 1451 1487 misericordia
1482 1466 1517 1487 ac
1548 1455 1713 1487 beatorum
1745 1454 1829 1487 Petri
1859 1460 1892 1487 et

1149 1508 1234 1540 Pauli
1253 1508 1464 1550 apostolorum
1482 1507 1551 1540 eius
1566 1507 1753 1540 auctoritate
1768 1512 1892 1540 nostra-

1149 1572 1209 1604 que
1234 1560 1354 1600 contisi,
1379 1560 1527 1592 omnibus
1551 1565 1582 1592 et
1605 1560 1738 1602 singulis
1769 1559 1891 1592 schola-

1150 1613 1248 1652 ribus
1265 1613 1319 1656 qui
1337 1613 1370 1645 in
1388 1613 1419 1645 id
1443 1612 1610 1655 collegium
1628 1613 1744 1656 recepti
1761 1612 1889 1654 suerint,

1148 1665 1180 1697 in
1205 1665 1273 1708 ipso
1298 1665 1459 1707 ingressu,
1483 1675 1519 1697 ac
1543 1665 1657 1697 deinde
1681 1665 1714 1697 in
1737 1664 1839 1705 exitu,
1864 1664 1890 1697 si

1148 1718 1285 1761 quidem,
1302 1717 1433 1750 confessi
1458 1723 1489 1750 et
1512 1717 1650 1757 contriti,
1667 1727 1790 1749 sacram
1805 1727 1892 1749 com-

1149 1771 1331 1808 munionem
1345 1771 1454 1803 devote
1465 1770 1674 1813 perceperint,
1687 1775 1781 1812 atque
1793 1770 1890 1803 etiam

1147 1824 1171 1856 si
1196 1824 1305 1856 eodem
1330 1823 1362 1855 in
1387 1823 1516 1866 collegio
1540 1814 1689 1856 decedere
1705 1833 1759 1856 eos
1775 1824 1814 1855 ab
1831 1823 1891 1855 hu-

1147 1877 1249 1910 manis
1272 1877 1449 1919 contigerit,
1475 1877 1506 1908 in
1532 1876 1643 1908 mortis
1666 1875 1810 1915 articulo,
1827 1875 1890 1918 ple-

1147 1929 1267 1962 nariam
1292 1929 1435 1962 omnium
1459 1934 1660 1972 peccatorum
1689 1939 1818 1961 suorum
1842 1928 1890 1960 in-

1145 1983 1339 2026 dulgentiam
1363 1988 1392 2015 et
1421 1982 1661 2022 remissionem,
1685 1983 1889 2016 concedimus

1145 2043 1172 2070 et
1197 2037 1378 2079 elargimur.

1188 2081 1267 2114 Nulli
1291 2091 1366 2119 ervo
1390 2080 1520 2113 omnino
1544 2080 1710 2113 hominum
1734 2083 1788 2112 ecc.

1188 2126 1298 2158 Datum
1323 2125 1438 2157 Romae
1462 2124 1546 2167 apud
1570 2124 1598 2157 S.
1623 2125 1778 2164 Maleum,
1802 2134 1886 2156 anno
1935 2134 1938 2138 ·
1979 2142 1988 2151 5

1144 2168 1372 2202 Ιιιςνιιῐιιιίίοιιί5
1399 2169 1577 2201 dominicae
1602 2177 1753 2207 motxxtn,
1778 2173 1886 2201 octavo

1145 2214 1216 2246 idus
1240 2211 1376 2255 augusti,
1394 2212 1597 2255 pontificatus
1622 2211 1719 2244 nostri
1746 2222 1830 2244 anno
1853 2221 1886 2244 11.

1187 2258 1253 2290 Dat.
1270 2257 1320 2289 die
1338 2256 1357 2288 6
1374 2256 1499 2298 augusti
1517 2256 1612 2294 1573,
1629 2255 1740 2299 pontis.
1754 2265 1835 2288 anno
1851 2265 1885 2288 ιι.

1165 2329 1314 2372 Sequitur
1337 2328 1471 2370 mnplior
1494 2328 1645 2360 concessio
1669 2326 1872 2369 &emptionis

1410 2382 1429 2403 a
1453 2372 1548 2404 [latiis
1571 2376 1625 2404 ete.

1193 2446 1333 2482 Gregorius
1353 2446 1492 2481 episcopus
1512 2452 1607 2473 servus
1626 2450 1759 2472 sei-vorum
1782 2443 1839 2476 Dei,

1297 2486 1329 2514 ad
1350 2489 1500 2521 pei-petuam
1522 2485 1560 2513 rei
1582 2483 1728 2512 memoriam

1186 2552 1225 2585 Ut
1248 2551 1346 2584 ceteri
1369 2550 1407 2583 de
1431 2549 1593 2592 republica
1615 2547 1802 2580 benemeriti
1828 2547 1886 2579 im·
1931 2565 1937 2570 ·

1144 2595 1296 2629 munitate
1321 2594 1479 2628 inteidum
1504 2592 1631 2626 iuvandi
1656 2597 1742 2632 sunt,
1760 2591 1802 2623 ita
1819 2601 1885 2624 ina-

1126 2641 1225 2674 ·xime
1241 2649 1350 2673 eorum
1374 2638 1456 2672 ratio
1479 2638 1539 2670 hac
1562 2636 1595 2669 in
1616 2646 1650 2668 ie
1667 2635 1810 2668 habenda
1827 2640 1885 2676 est,
