2059 3228
798 246 893 272 tunnx
920 249 1027 272 nauum
1552 239 1637 273 1063

229 302 320 333 steria
352 301 458 333 omnia
485 312 536 333 seu
562 301 674 334 doinus
700 302 731 333 in
758 300 941 345 llungaria,
967 302 1119 342 Polonia,
1144 302 1243 343 istria,
1275 302 1425 335 Dalmatia
1450 308 1480 335 et
1505 301 1650 334 Slavonia
1673 327 1680 340 ‚

229 366 403 398 eorumque
430 355 510 395 iura,
536 355 712 398 privilegia,
737 354 898 388 libertates
922 359 975 388 etc.
993 355 1030 388 de
1056 366 1136 387 novo
1161 357 1406 396 confirmantur,
1429 354 1494 388 563
1517 366 1547 387 ιι.

142 408 229 442 Pauli
259 409 317 451 (S.)
343 409 485 441 decollati
512 408 769 452 congregationis
794 409 955 451 regulares
978 410 1081 443 clerici
1107 410 1145 442 ad
1171 409 1388 453 processiones
1419 414 1449 442 et
1481 409 1558 442 alios
1590 414 1682 442 actus

229 461 395 504 pubbli‹·os
421 472 459 493 uc
484 462 671 494 accederent
695 461 867 494 indulserat
892 462 1065 505 Gregorius
1090 463 1164 503 XIII,
1189 464 1254 497 5853
1278 474 1298 494 a
1321 468 1349 495 et
1376 474 1451 506 seq..·
1486 464 1566 503 sed,
1591 463 1681 495 obitu

228 514 482 556 supet-vei1ifflne,
508 515 629 547 litteras
653 514 722 547 eius
747 524 811 547 non
847 515 1008 558 expeditas
1032 516 1147 548 validat
1171 521 1198 549 et
1225 516 1386 549 observari
1414 516 1543 548 mandat
1578 515 1682 548 Sixtus

223 567 353 612 quintus
384 568 449 600 582
472 568 516 602 h:
539 568 659 611 absque
683 567 812 601 licentia
841 567 910 601 eius
933 568 1106 611 praepositi
1131 570 1288 612 generatis
1306 597 1313 609 ,
1359 570 1398 602 ad
1434 559 1531 602 alium
1572 579 1682 612 quem-

226 631 363 663 cumque
398 620 543 653 ordinem
585 626 711 664 praeter
735 619 982 662 Cartusianum,
1019 622 1154 654 transire
1179 628 1365 665 nequeunt,
1407 623 1465 656 191
1509 633 1528 655 a
1567 627 1597 655 et
1620 632 1680 665 seq.

227 673 341 706 Forma
366 674 551 707 transeundi
576 674 817 718 praescribitur,
842 673 916 714 4992,
941 674 971 710 b,-
994 684 1116 718 poenae
1140 676 1456 709 contravenientibus
1473 676 1677 718 infliguntur,

227 727 303 761 ibid.
339 727 449 760 Clerici
489 727 734 761 constitutiones
762 733 793 760 et
817 731 934 761 statuta
959 728 992 760 in
1016 729 1154 772 capitulo
1179 730 1318 770 generali
1344 735 1455 773 petunt
1485 729 1680 773 approbari,

224 780 289 814 ⁶245
312 791 333 813 a
356 786 383 813 ct
410 781 437 813 b.
462 782 484 814 A
510 781 663 824 Gregorio
688 781 752 813 XIII
777 781 1019 821 confirmantur,
1045 780 1151 814 24611„
1169 782 1304 820 Quinam
1331 783 1362 814 in
1387 782 1525 825 capitulo
1539 781 1678 824 generali

223 842 330 864 vocem
370 832 531 872 habeant,
572 833 647 865 ibid.
688 834 715 867 b.
751 833 866 866 Novitii
906 834 1031 867 admitti
1071 841 1228 879 possunt,
1265 836 1439 868 dummodo
1479 845 1536 867 nee
1577 834 1678 877 illegi-

225 887 308 927 timi,
333 897 391 920 nec
414 897 487 921 aere
511 888 615 920 alieno
639 887 782 930 gravati,
808 893 839 921 et
863 888 1004 931 receptio
1028 888 1079 920 fiat
1106 887 1242 920 durante
1265 889 1415 932 capitulo,
1441 887 1526 921 «1017
1562 893 1592 919 et
1616 897 1679 930 seq.

223 940 327 980 Quum
353 952 426 974 vero
450 942 625 986 capitulum
650 941 744 974 tertio
768 951 895 985 quoque
919 950 1004 973 anno
1030 941 1094 979 liat,
1121 940 1251 973 indulsit
1276 941 1360 985 Papa
1387 941 1570 985 praeposito
1602 951 1679 973 con-

222 995 420 1038 gregationis
456 996 588 1038 eiusque
628 996 850 1029 assistentibus
890 994 1027 1027 novitios
1050 994 1138 1027 omni
1180 1000 1328 1038 tempore
1357 995 1526 1028 admittere
1545 1023 1552 1035 ‚
1594 995 1679 1028 toti<

221 1052 253 1080 et
276 1058 336 1092 seq.

135 1101 314 1146 I'auperum
343 1103 592 1137 mendicantium
610 1102 765 1146 hospitale
789 1102 908 1136 Rornae
925 1101 1116 1142 instituitur,
1140 1102 1204 1135 847
1229 1113 1261 1139 a:
1284 1107 1424 1145 quatuor
1448 1102 1612 1135 ministros
1636 1102 1675 1134 ad

221 1155 290 1188 eius
313 1155 457 1199 regimen
475 1155 609 1198 singulis
626 1155 718 1188 annis
735 1154 809 1198 eligi
828 1154 960 1188 mandat
977 1155 1081 1188 Sixtus
1098 1156 1131 1196 V,
1145 1155 1220 1188 ibid.
1235 1155 1265 1195 I),·
1288 1155 1475 1198 reditusque
1498 1160 1530 1187 et
1554 1164 1678 1187 annuos

223 1215 396 1252 proventus
421 1209 573 1251 assignat,
598 1208 662 1242 850
679 1219 699 1241 α
722 1212 753 1241 et
777 1218 849 1252 seq.;
874 1207 1042 1252 hospitale,
1066 1208 1135 1241 eius
1162 1208 1323 1249 officiales,
1342 1218 1561 1251 pauperesque
1585 1207 1619 1240 in
1643 1219 1681 1240 eo

221 1262 372 1305 degentes
397 1267 428 1295 et.
451 1273 563 1295 eorum
589 1262 673 1295 hona
697 1272 715 1294 a
739 1261 959 1294 iurisdictione
976 1267 1008 1294 et
1024 1262 1166 1295 iudicum
1192 1262 1417 1305 superioritate
1441 1267 1472 1294 et
1494 1261 1678 1295 officialium

223 1315 317 1348 Urbis
340 1315 460 1356 eximit,
486 1315 546 1349 851
567 1326 599 1354 α;
623 1320 655 1347 et
678 1315 844 1349 facultates
870 1324 1038 1347 concessae
1062 1313 1255 1357 presbyteris
1280 1313 1470 1357 deputandis
1494 1323 1553 1356 pro
1577 1313 1679 1346 admi-

222 1368 413 1402 nistratione
437 1374 734 1409 sacramentorum,
770 1378 829 1414 pro
854 1368 1030 1409 mendicis,
1067 1367 1223 1400 ministris
1258 1371 1287 1400 et
1320 1366 1531 1400 servientibus
1571 1366 1678 1409 hospi-

222 1422 302 1463 tali,
325 1423 428 1461 ibid.;
463 1422 651 1467 peregrinos
687 1422 721 1454 in
749 1422 861 1455 eodem
901 1421 1050 1467 hospitali
1090 1420 1230 1463 benigne
1254 1419 1351 1452 etiam
1381 1418 1479 1462 recipi
1519 1418 1675 1458 mandat,

218 1474 283 1508 85⁶2
306 1486 340 1515 ιι;
364 1476 505 1509 rationes
529 1480 753 1518 computorum
777 1475 818 1509 ab
841 1475 1031 1508 officialibus
1061 1474 1195 1517 singulis
1212 1472 1376 1506 mensibus
1392 1472 1473 1515 exigi
1507 1471 1674 1515 praecipit,

221 1528 311 1568 ibid.;
334 1528 573 1564 thesaurarium
597 1534 629 1561 et
652 1528 910 1562 commissarium
935 1528 1099 1572 generales
1116 1555 1123 1568 ‚
1147 1526 1290 1560 eiusdem
1316 1525 1482 1568 hospitalis
1517 1525 1675 1567 guberna-

149 1624 151 1626 *
220 1586 304 1614 tores
327 1582 468 1625 deputat,
492 1583 570 1615 ibid.
595 1588 623 1616 et
649 1583 676 1616 b.

132 1636 215 1668 Petri
240 1635 300 1679 (S.)
324 1636 472 1679 martyris
501 1636 615 1668 festum
651 1636 770 1680 duplici
806 1634 911 1668 officio
951 1645 986 1669 111
1011 1635 1161 1668 kalendas
1186 1634 1261 1667 maii
1288 1633 1320 1665 in
1356 1632 1505 1666 universa
1539 1631 1670 1665 ecclesia

218 1688 372 1721 celebrari
397 1688 500 1729 debet,
526 1688 589 1721 690
613 1689 641 1721 b.
665 1694 696 1721 et
720 1700 782 1732 seq.

133 1741 244 1774 Petrus
268 1741 452 1774 Valentinus
485 1747 585 1774 artem
602 1742 792 1775 conficiendi
821 1742 959 1775 sericum
979 1741 1010 1773 in
1037 1746 1102 1774 toto
1127 1741 1271 1774 dominio
1295 1739 1514 1772 Ecclesiastico
1540 1737 1678 1771 instituit

219 1793 304 1828 Sixto
331 1795 351 1827 V
376 1795 584 1839 approbante,
610 1795 668 1827 711
702 1806 734 1833 (ις
751 1795 805 1838 qui
823 1801 992 1839 propterca
1010 1795 1151 1827 decernit
1171 1795 1301 1827 arbores
1318 1792 1391 1825 celsi
1409 1792 1545 1835 plantari
1563 1792 1677 1824 debere

216 1847 335 1890 ubique
357 1848 389 1880 in
415 1849 505 1881 Statu
528 1849 740 1881 ecclesiastico
765 1849 798 1880 in
823 1850 1000 1892 quantitate
1026 1848 1221 1892 praescripta
1245 1853 1277 1880 et
1301 1846 1470 1889 diligenter
1494 1856 1512 1878 a
1528 1844 1687 1878 dominis-

217 1901 383 1942 eustodiri‚
410 1901 473 1934 712>
498 1912 517 1933 α
541 1908 571 1934 et
595 1903 622 1941 b,
647 1902 686 1934 de
710 1901 879 1935 arboribus
904 1902 1089 1935 huiusmodi
1115 1913 1131 1934 a
1149 1902 1293 1934 Romana
1309 1901 1439 1934 Camera
1454 1900 1575 1931 nullum
1593 1899 1675 1931 sruc-

221 1959 300 1995 tum,
315 1955 375 1987 nisi
395 1955 433 1988 de
447 1955 548 1987 serico
562 1955 915 1998 pe1·cipiendun];ibid.;
932 1955 986 1999 qui
1012 1955 1097 1987 intra
1122 1954 1378 1998 quinquennium
1397 1964 1460 1986 non
1474 1952 1655 1986 obedierint
1670 1979 1676 1991 ‚

220 2009 388 2041 incurrant
412 2019 547 2053 poenam
574 2009 658 2042 mille
682 2014 847 2042 scutorum
872 2014 903 2042 et
926 2020 1038 2042 eorum
1067 2008 1212 2051 expensis
1239 2013 1437 2051 exequantur
1464 2006 1677 2053 plantationes

219 2062 404 2096 huiusmodi
431 2064 472 2095 ab
496 2062 683 2096 officialibus
707 2073 854 2095 camerae
878 2063 1071 2106 apostolicae
1094 2062 1148 2105 qui
1174 2061 1295 2094 fruetus
1308 2071 1382 2094 suos
1399 2060 1516 2092 saciant
1532 2059 1570 2091 ad
1585 2058 1675 2102 quin-

220 2116 399 2159 quennium
413 2122 443 2150 et
467 2117 507 2149 ad
523 2126 684 2149 cameram
712 2116 815 2160 ipsam
832 2115 964 2148 arbores
982 2115 1095 2148 deinde
1113 2119 1264 2157 spectent,
1282 2114 1373 2151 ibid.,·
1397 2113 1473 2157 quid
1498 2112 1676 2145 faciendum

217 2175 328 2203 contra
353 2180 417 2202 non
442 2171 621 2212 plantantes
645 2169 786 2209 arbores,
812 2168 875 2201 7113
892 2179 922 2207 a,
939 2179 1012 2200 cum
1026 2168 1166 2211 primum
1180 2172 1374 2201 enascuntur
1387 2167 1471 2207 solia,
1496 2166 1674 2199 educantur

218 2233 341 2255 vermes
371 2223 457 2255 iuxta
490 2222 619 2254 niodum
659 2232 677 2254 a
712 2222 807 2254 Petro
829 2220 1064 2264 praescriptum
1084 2249 1091 2261 ,
1116 2221 1205 2258 ibid.;
1229 2220 1345 2264 quibus
1370 2220 1401 2252 in
1429 2220 1504 2252 locis
1543 2219 1675 2251 arbores

217 2276 353 2319 plantari
383 2287 447 2309 non
477 2276 611 2308 debcant
631 2303 637 2316 ,
670 2276 776 2314 ibid.,·
799 2275 955 2308 Nonnulla
982 2275 1048 2307 loca
1073 2275 1292 2307 conceduntur
1317 2274 1438 2307 senatui
1465 2274 1609 2306 Romano
1633 2274 1673 2305 ad

217 2329 406 2372 plantandas
429 2329 570 2368 arbores,
597 2327 661 2360 714
677 2339 709 2367 a;
726 2327 803 2371 quid
816 2327 977 2370 agendum
995 2338 1052 2371 pro
1066 2327 1233 2360 commodo
1249 2333 1280 2360 et
1294 2327 1504 2360 indemnitate
1527 2326 1673 2359 domino-

218 2392 290 2415 rum
314 2382 474 2414 dictarutn
500 2382 664 2421 arborum,
688 2381 765 2413 ibid.
789 2380 806 2412 b
830 2386 862 2413 et
884 2391 945 2423 seq.

128 2435 292 2480 Philippus
316 2435 376 2478 (S.)
400 2435 522 2468 Nerius.
554 2434 588 2467 V.
605 2432 826 2476 Congregatio.

130 2489 294 2532 Philippus
318 2487 530 2531 Portugalliae
555 2493 585 2520 et
608 2486 833 2529 Algarbiorum
857 2498 920 2520 rex.
944 2487 975 2518 V.
1003 2486 1220 2529 Inquisitionis
1237 2491 1364 2518 sanetae
1377 2485 1530 2518 officium.

132 2541 341 2585 physicorum
365 2547 393 2573 et
421 2540 690 2573 aromatariorum
703 2540 920 2583 collegiorum,
938 2545 1008 2583 post
1021 2540 1157 2583 primam
1187 2538 1330 2582 Gregorii
1350 2539 1413 2571 xtll
1439 2537 1669 2576 definitionem,

220 2593 439 2626 contentiones
457 2593 578 2636 sopitae
595 2597 799 2633 renovantur,
812 2598 883 2636 post
906 2593 1077 2626 secundam
1103 2604 1175 2625 vero
1201 2592 1414 2625 terminantur
1436 2589 1668 2635 approbatione

217 2648 469 2689 ordinationum,
500 2646 558 2679 119
590 2658 608 2678 a
636 2652 664 2680 et
691 2656 760 2689 scq.;
787 2645 1015 2689 praescribitur
1041 2651 1071 2678 ut
1098 2644 1323 2678 aromatariam
1349 2649 1448 2678 artem
1482 2653 1584 2684 nemo,
1612 2641 1671 2674 nisi
