2059 3228
163 69 193 90 ‚a

134 94 211 135 A*

0 0 37 174 l

154 178 166 239 ζ
195 195 265 226 >1586

166 472 176 487 ι
272 460 376 494 donec
407 460 548 495 osticium
580 461 685 505 ipsum
714 472 772 505 per
802 461 871 494 cius
897 472 1020 495 cessum

141 498 146 511 ,
179 503 181 506 .

269 621 489 664 praerogativa
510 622 647 654 fruatur.
663 621 737 663 Nos,
754 622 809 665 qui
830 633 936 666 nuper
949 622 1017 655 dic-

266 726 400 760 Nursiae
419 737 479 770 pro
499 727 593 760 nobis
617 732 648 760 et
664 733 773 761 sancta
792 728 937 762 Romana
955 729 1016 763 Ec-

265 780 363 815 clesia
373 781 624 824 gubernatorem
639 781 671 814 in
692 782 924 825 temporalibus
940 793 1016 816 con-

263 834 439 876 stituimus,
470 834 723 878 praemissorum
755 835 1014 870 consideratione

262 894 294 922 et
313 899 351 922 ex
375 888 470 923 certis
491 889 563 921 aliis
583 889 687 923 causis
707 890 843 931 inducti,
867 891 1012 924 eiusdem

260 941 413 977 Gamerae
433 942 636 976 indemnitati
658 948 689 976 et
702 943 841 984 utilitati,
858 954 895 977 ac
913 944 1012 977 oflicii

260 995 536 1030 commissariatus
548 996 735 1029 huiusmodi
752 997 968 1031 stabilimento
981 1003 1012 1031 et

258 1049 472 1090 incremento,
510 1054 608 1093 prout
631 1049 857 1083 sollicitudinis
884 1056 1010 1085 nostrae

257 1108 365 1148 partes
386 1103 570 1146 requirunt,
601 1104 782 1144 consulere,
809 1110 841 1137 et
863 1115 946 1148 quae
969 1105 1009 1139 ad

259 1156 340 1190 illud
359 1157 540 1202 pertinent,
563 1157 719 1200 quibusve
744 1158 951 1192 facultatibus
978 1163 1009 1192 et

255 1210 433 1254 gratiarum
446 1211 637 1244 muneribus
648 1211 744 1254 potiri
755 1211 869 1244 debeat
880 1213 1008 1256 plenius

231 1274 239 1291 ῑ
256 1264 418 1309 explicare
438 1265 592 1305 volentes,
619 1275 747 1298 necnon
763 1265 1006 1310 beneplacitum

256 1323 402 1352 nostrum
429 1318 609 1363 praefatum
626 1318 741 1352 harum
758 1319 840 1353 serie
855 1330 1008 1353 revocan—

254 1377 319 1414 tes,
343 1371 491 1416 illudque
511 1382 636 1406 cessare
666 1377 697 1406 et
717 1373 863 1416 expirare
892 1373 1006 1408 decer·

254 1430 379 1460 nentes:
602 1448 604 1450 .

299 1479 314 1524 §
333 1478 366 1513 2.
389 1479 474 1514 Motu
488 1479 634 1524 proprio,
657 1491 722 1514 non
738 1481 777 1514 ad
795 1480 933 1515 alicuius
949 1492 1007 1515 no-

128 1523 142 1559 ’ἑ
193 1554 195 1556 -
213 1558 241 1576 „0
253 1532 304 1566 his
313 1543 412 1578 super
422 1533 484 1567 hoc
496 1534 621 1567 oblatae
631 1534 1003 1578 petitionisinstantiam,

214 1640 387 1674 -stolieae
419 1641 585 1684 potestatis
616 1641 832 1684 plenitudine,
860 1641 1005 1675 officium

209 1681 241 1732 ⁸2¹1
255 1693 530 1728 commissariatus
567 1694 754 1728 huiusmodi
789 1694 822 1728 in
859 1695 1004 1729 officium

115 1742 150 1792 ῗὲζ,ν
175 1741 240 1800 ‘54:¹³⁴
253 1752 461 1792 perpetuum,
487 1749 528 1782 ad
547 1748 649 1781 instar
668 1748 883 1782 clericatuum
902 1749 1005 1782 dictae

119 1830 149 1845 ,
251 1801 406 1836 Gamerae
425 1806 456 1835 et
474 1802 614 1836 aliorum
634 1802 818 1836 officiorum
843 1802 1005 1836 Romanae

252 1855 367 1889 Curiae
389 1856 544 1896 vacabile,
567 1866 625 1900 pro
646 1866 711 1889 uno
725 1855 846 1889 clerico
867 1857 947 1889 vitae
968 1867 1005 1890 ac

251 1911 380 1943 morum
407 1910 568 1954 probitate
593 1909 749 1953 praedito,
773 1915 804 1943 et
834 1909 1004 1954 utriusque

102 2003 106 2005 λ
251 1963 302 1996 vel
326 1963 459 1997 alterius
478 1962 601 1996 iurium
626 1963 771 2003 doctore,
798 1973 865 1996 non
889 1964 1003 1996 coniu-

111 2010 155 2046 ss
252 2021 339 2060 gato,
361 2017 471 2051 futuro
500 2016 645 2050 eiusdem
669 2016 820 2049 Gamerae
853 2017 1003 2050 commis-

107 2056 115 2071 ε
251 2069 336 2103 sario
355 2069 511 2114 generali,
534 2069 710 2113 apostoliea
729 2069 934 2112 auctoritate,
956 2075 1002 2103 te-

249 2133 329 2157 nore
352 2123 585 2168 praesentium,
613 2128 771 2167 perpetuo
798 2122 952 2165 erigimus
971 2129 1001 2157 et

251 2176 461 2211 instituimus.
705 2181 715 2194 ³*

114 2270 118 2275 .
137 2267 142 2270 ,
293 2231 309 2274 ξ
328 2229 360 2264 3.
382 2231 427 2264 Ac
447 2230 507 2274 ipsi
529 2229 749 2264 commissario
771 2230 914 2272 generali
942 2241 1000 2274 pro

99 2278 236 2331 'pentem-
250 2288 397 2328 tempore
413 2283 559 2317 existenti
580 2294 692 2317 omnes
708 2283 747 2316 ad
769 2283 838 2316 eius
855 2283 999 2316 officium

92 2327 436 2377 .5⁹⁶⁰'¹⁵¹³huiusmodi
456 2337 664 2381 pertinentes,
691 2343 722 2370 et
741 2337 788 2369 illi
821 2347 879 2380 per
906 2348 1000 2380 quos-

249 2398 390 2431 cumque
422 2387 584 2420 Romanos
611 2387 783 2420 Pontifices
812 2388 1000 2430 praedeces-

248 2447 337 2469 sores
370 2441 498 2469 nostros
523 2446 560 2468 ac
584 2445 642 2468 nos
671 2435 854 2478 dictamque
883 2435 998 2469 Sedem

247 2485 364 2519 ceteris
384 2485 535 2518 omnibus
554 2489 585 2517 et
600 2483 736 2527 singulis
755 2483 827 2516 aliis
846 2485 998 2518 commis-

247 2534 339 2578 sariis
358 2544 526 2567 concessas
550 2533 729 2573 facultates,
760 2531 998 2566 iurisdictiones

249 2588 280 2617 et
302 2582 551 2626 praerogativas.

324 2631 404 2668 Bull.
422 2630 499 2662 Rom.
523 2630 580 2662 Vol.
605 2630 679 2662 VIII.

116 1868 165 1898 ,ς’-4

99 1936 147 1953 ,χ-

841 2630 878 2661 98

929 195 1033 220 ΞΙΧΊῚῘΞ
1056 196 1074 219 V
1094 196 1142 220 PP.

279 246 381 281 nostri
414 245 621 290 pontificatus
655 257 756 290 usque
789 246 853 280 huc
886 246 1026 280 obtinuit

277 309 334 334 seu
354 300 508 340 exercuit,
535 299 644 343 aliquo
666 305 752 334 certo
773 306 804 334 ct
828 302 921 334 firmo
941 306 1025 334 statu

163 388 165 390 .
275 353 502 394 constituatur,
529 353 674 397 illudque
694 364 753 397 pro
772 359 916 397 tempore
939 354 1023 388 ohti-

130 407 131 410 ’
179 399 182 403 ’
274 417 355 440 nens
383 417 447 441 non
482 408 669 449 amovibilis,
701 413 735 440 ut
767 408 934 449 hactenus,
969 409 1023 442 scd

270 513 319 547 vel
339 514 520 555 decessum,
542 519 596 547 aut
619 515 696 548 alias
715 520 816 556 vacet,
843 521 1020 559 perpetuus

270 567 391 608 existat,
422 578 459 601 ac
484 567 614 611 speciali
640 568 773 602 honoris
797 574 829 602 et
858 569 1020 612 dignitatis

270 678 335 707 tum
355 673 401 707 Io.
423 674 659 707 Bernardinum
681 674 713 707 in
734 675 868 708 civitatis
888 681 1017 709 nostrae
1038 681 1039 684 ’

1711 196 1771 231 777
1834 205 1886 234 An.
1903 205 1922 234 c
1950 208 2015 234 ι;·-ιὶ

1112 248 1177 290 gli.
1205 249 1247 282 Ac
1281 250 1375 284 etiam
1407 262 1459 286 eas
1480 253 1658 299 facultates,
1692 264 1813 303 praeri-
1859 268 2016 291 A‘⁰¹·¹”¹³⁵···‘·

1067 311 1229 345 puamque
1249 315 1360 338 curam
1381 311 1412 338 ct
1434 307 1744 348 administrationem
1766 328 1815 350 ar·
1830 302 2017 359 fssffifflffoias'a'e

1066 353 1161 387 chivii
1187 356 1422 400 scripturarum
1448 361 1552 396 dictae
1580 364 1745 410 Gamerae,
1773 371 1815 406 ita
1829 368 1930 414 ⁰'¹'²¹¹'.›,
1948 365 2015 385 ‘mm

1065 413 1111 447 ut,
1134 408 1201 442 sine
1221 420 1368 453 expressa
1384 413 1528 448 eiusdem
1549 420 1760 456 commissarii
1780 426 1815 458 li·
1829 398 1931 422 annecn,

1065 461 1180 503 centia,
1208 463 1335 507 aliquae
1369 467 1546 511 scripturae
1574 473 1613 506 ad
1647 474 1812 512 Cameram

1063 515 1238 557 praefatam
1264 524 1442 561 spectantes
1456 534 1492 555 ex
1518 523 1588 567 ipso
1608 528 1749 563 archivio
1760 542 1814 565 ex-

1063 567 1158 608 trahi,
1178 579 1214 602 ac
1230 581 1341 605 earum
1374 576 1518 619 exempla
1549 584 1636 613 extra
1666 585 1813 619 eamdem

1060 619 1225 655 Cameram
1247 624 1383 668 aliisque
1405 627 1491 661 illins
1507 633 1721 669 cameralibus
1743 638 1811 671 dari

1059 678 1090 706 et
1110 675 1292 719 consignari
1312 689 1376 712 non
1409 682 1542 724 possint,
1565 685 1733 731 ipsiusque
1757 702 1810 724 ar-

1058 727 1153 761 chivii
1170 730 1360 766 archivistae
1381 740 1411 767 ct
1427 735 1576 779 ministri,
1591 750 1677 774 nunc
1701 749 1731 776 et
1751 755 1809 788 pro

1057 786 1202 826 tempore
1227 786 1410 828 existentes,
1429 789 1475 822 illi
1497 791 1535 824 de
1560 792 1645 827 dicto
1667 797 1808 831 archivio

1055 845 1092 868 ac
1117 837 1268 871 omnibus
1288 839 1357 873 eius
1375 842 1542 886 scripturis
1558 848 1716 882 rationem
1735 852 1807 884 red-

1055 888 1142 930 dere,
1177 896 1208 924 et
1233 892 1301 925 eius
1331 895 1550 931 ordinationes
1585 911 1621 933 ac
1642 904 1804 945 mandata,

1054 952 1180 977 necnon
1205 951 1323 980 statuta
1343 954 1374 981 et
1394 950 1536 992 decreta,
1554 964 1637 997 quae
1660 967 1716 998 per
1730 968 1804 991 eum

1052 1006 1110 1039 pro
1135 998 1221 1032 bono
1241 1000 1398 1043 gubernio
1424 1009 1454 1036 et
1474 1006 1629 1048 regimine
1651 1009 1725 1041 dicti
1756 1022 1805 1044 ar-

1051 1049 1146 1083 chivii
1168 1062 1225 1095 pro
1246 1059 1390 1098 tempore
1405 1057 1474 1090 ficri
1496 1060 1677 1103 contigerit,
1694 1064 1803 1097 obser—

1051 1114 1122 1137 vare
1142 1115 1276 1140 omnino
1296 1113 1478 1144 teneantur.

1093 1157 1107 1200 ἓ
1126 1157 1157 1190 5.
1179 1159 1312 1194 Necnon
1336 1163 1464 1205 plenam
1486 1170 1517 1197 et
1536 1166 1670 1200 liberam
1698 1169 1798 1204 faeul-
1850 1207 1854 1210 .
1877 1170 2000 1196 ¹³·'⁴⁵·¹‘”¹·³⁵

1050 1215 1144 1243 tatem
1164 1222 1276 1247 omnes
1301 1221 1332 1247 et
1355 1215 1497 1259 singulas
1517 1219 1596 1253 alias
1622 1222 1798 1265 scripturas
1813 1209 1989 1265 f..J}-¹-‡¹0'¹‘'i⁸uq‘iss

1048 1264 1086 1297 ad
1102 1264 1269 1300 Cameram
1285 1270 1460 1312 praefatam
1473 1279 1653 1315 spectantes
1665 1283 1693 1309 ct
1710 1283 1796 1312 extra
1811 1270 1831 1287 ⁰²
1851 1268 1947 1288 ⁵⁰³⁰¹¹¹⁹⁵
1976 1274 1988 1289 θ

1906 1306 1909 1310 ’
1929 1300 1932 1319 1
1948 1302 1970 1319 nt

1047 1319 1224 1353 archivium
1237 1322 1435 1366 huiusmodi,
1452 1325 1485 1358 in
1505 1338 1713 1373 quocumque
1727 1332 1797 1365 loeo
1810 1304 1925 1351 agarem
1935 1305 1986 1350 :¹⁰¹3

1048 1372 1094 1405 vel
1109 1384 1207 1416 penes
1223 1385 1448 1421 quoscumque
1461 1380 1642 1423 existentes,
1660 1394 1797 1428 reeupe-
1811 1364 1924 1419 &affinem
1944 1366 1996 1381 ''⁰⁰-

1047 1426 1150 1467 randig
1167 1438 1203 1460 ac
1215 1434 1327 1463 contra
1338 1441 1560 1476 quoscumque
1573 1436 1699 1469 easdem
1718 1439 1797 1471 scri-

1047 1485 1157 1522 pturas
1176 1481 1318 1516 indebite
1337 1484 1526 1525 detinentes,
1547 1498 1584 1521 ac
1609 1490 1744 1524 scientes
1769 1499 1799 1526 et

1047 1543 1111 1566 non
1128 1536 1305 1569 revelantes
1321 1547 1376 1570 eos
1408 1549 1425 1571 a
1452 1540 1571 1582 quibus
1596 1542 1794 1585 detinentur,

1046 1597 1106 1631 pro
1131 1588 1260 1622 illarum
1282 1593 1537 1635 recuperatione,
1563 1600 1625 1628 tam
1656 1597 1687 1630 in
1714 1599 1797 1631 Urbe

1047 1651 1144 1684 quam
1162 1641 1195 1674 in
1211 1644 1364 1678 omnibus
1384 1646 1479 1680 terris
1494 1653 1525 1680 et
1536 1649 1614 1682 locis
1626 1650 1699 1683 Sedi
1711 1652 1796 1695 Apo-

1046 1695 1178 1729 stolicae
1203 1698 1340 1732 mediate
1360 1700 1407 1732 vel
1429 1700 1613 1735 immediate
1634 1704 1796 1744 subiectis,

1046 1748 1171 1782 civitate
1186 1757 1297 1784 nostra
1321 1753 1515 1787 Bononiensi
1533 1756 1628 1788 etiam
1648 1768 1795 1802 compre-

1046 1802 1158 1843 hensa,
1176 1805 1364 1846 summarie,
1378 1817 1476 1840 manu
1492 1809 1579 1851 regia
1614 1815 1644 1842 et
1659 1811 1707 1844 via
1725 1823 1796 1846 exe-

1046 1855 1162 1897 cussva,
1187 1857 1314 1902 telaque
1343 1859 1512 1894 iudiciaria
1541 1862 1667 1905 omissa,
1699 1866 1792 1899 etiam

1045 1919 1104 1953 per
1124 1921 1276 1944 censuras
1297 1916 1327 1945 et
1343 1923 1466 1955 poenas
1486 1915 1729 1959 ecclesiasticas,
1757 1910 1793 1952 ari

1045 1963 1142 1996 etiam
1171 1963 1258 1997 iuxta
1283 1966 1529 2000 constitutiones
1548 1969 1650 2002 felicis
1684 1982 1793 2005 recor-

1044 2017 1181 2050 dationis
1209 2018 1281 2050 Iulii
1314 2020 1446 2052 secundi
1483 2026 1513 2053 et
1541 2022 1613 2054 Iulii
1643 2025 1725 2057 tertii
1756 2037 1792 2059 ac

1043 2080 1327 2114 quorumcumque
1337 2072 1474 2106 aliorum
1485 2074 1702 2109 Romanorum
1712 2078 1793 2111 Pon—

1042 2123 1165 2156 tificum
1199 2125 1485 2168 praedecessorum
1512 2134 1698 2163 nostrorum
1718 2142 1793 2165 con-

1042 2182 1090 2209 tra
1115 2177 1216 2210 dietas
1240 2178 1416 2222 scripturas
1447 2180 1587 2215 indebite
1613 2183 1792 2219 detinentes

1042 2234 1073 2261 et
1092 2230 1300 2272 occultantes,
1322 2238 1376 2264 aut
1396 2233 1532 2267 scientes
1559 2242 1589 2268 ct
1612 2247 1677 2269 non
1702 2249 1791 2272 reve-

1041 2282 1154 2324 lantes,
1186 2290 1374 2317 nontamen
1402 2286 1554 2329 privative
1581 2290 1688 2332 quoad
1713 2292 1790 2325 alios

1041 2336 1157 2379 quihus
1190 2347 1248 2380 per
1277 2338 1377 2371 dictas
1413 2340 1658 2375 constitutiones
1694 2344 1790 2378 fuerit

1040 2385 1227 2418 huiusmodi
1251 2386 1385 2420 facultas
1418 2389 1545 2430 tributa,
1579 2393 1787 2434 procedendi.

1040 2433 1212 2477 Propterea
1222 2446 1319 2479 super
1330 2438 1514 2480 praemissis
1522 2439 1592 2473 illas
1610 2440 1787 2484 facultates,

1039 2493 1118 2525 quas
1138 2483 1210 2526 piae
1230 2486 1405 2518 memoriae
1425 2486 1501 2519 Pius
1525 2488 1609 2531 Papa
1630 2489 1664 2531 V,
1692 2491 1786 2524 etiam

1039 2531 1268 2573 praedecessor
1292 2540 1411 2575 noster,
1435 2535 1512 2568 olim
1533 2547 1591 2580 pro
1616 2549 1786 2582 recupera-

1040 2581 1125 2615 tione
1136 2582 1369 2627 scripturarum
1382 2584 1534 2620 Gamerae
1543 2591 1573 2620 et
1585 2587 1674 2622 Sedis
1690 2600 1785 2633 prae-
