2059 3228
78 213 130 242 An.
148 215 166 242 C
197 215 261 243 5587

321 211 384 245 884

277 274 373 305 rebus
392 277 422 306 et
442 272 533 306 bonis
564 269 715 316 praefatis
747 268 779 302 in
803 265 1024 311 spiritualibus

276 326 417 368 praesint
436 325 533 363 (salva
554 330 661 357 tamen
687 323 718 354 iu
740 321 891 354 omnibus
910 328 1024 363 supra-

275 377 367 409 ‹lirtis
388 377 609 410 iurisdictione
630 376 725 409 Urbis
757 374 868 407 vicarii
887 374 921 406 in
942 371 1023 406 casi-

276 430 529 471 lais,i11quilnis
554 428 710 473 episcopi,
741 432 905 471 tamquam
934 425 1025 459 Sedis

274 484 473 526 Apostolicae
485 482 634 525 drangati,
649 481 840 515 auctoritate
858 479 933 514 dieti
949 489 1025 513 con-

274 537 351 573 cilii,
372 537 402 569 in
420 536 623 575 monasteria,
637 535 843 579 quantumvis
863 538 1021 577 exempta,

274 598 302 622 et
324 590 497 633 praecipue
519 590 605 622 circa
626 599 739 622 eorum
761 589 958 627 clausuram,
976 586 1025 618 iu-

275 643 495 676 risdietionem
525 647 686 683 exercent,
709 647 740 675 et
760 642 799 675 ad
819 651 872 674 eos
899 639 1022 684 specia-

275 697 312 729 lis
332 703 362 729 et
383 696 586 741 particularis
607 696 798 740 approbatio
818 694 1024 728 sacerdotum

274 755 303 781 vt
323 750 543 782 confessorum
565 750 743 782 electorum
763 753 884 793 spectet
904 753 934 780 et
949 758 1024 791 per-

275 803 396 845 tineat),
434 803 573 845 eligendi
597 808 628 836 et
648 801 838 846 deputandi,
871 812 908 834 ac
937 805 1024 844 post-

274 868 369 899 quain
396 857 489 889 electi
511 856 640 896 fuerint,
661 855 827 889 electionis
859 860 889 888 et
922 855 1025 898 depu-

276 909 405 943 tationis
429 910 617 943 huiusmodi
652 909 857 943 confirmatio
891 909 931 941 ad
966 918 1026 941 nos

274 969 301 995 et
324 974 526 996 successores
542 969 668 996 nostros
687 964 735 997 vel
751 963 872 996 (lictum
889 962 1027 995 Michae-

276 1017 336 1048 leni
358 1017 555 1050 cardinalem
582 1023 612 1050 et
639 1027 699 1060 pro
722 1022 866 1059 tempore
887 1015 1024 1048 existen-

276 1076 337 1102 tem
371 1070 475 1103 dictae
505 1069 775 1103 confraternitatis
808 1074 1025 1113 protectorem

275 1123 444 1166 pertineat,
467 1124 659 1167 quotiesque
694 1122 753 1156 sibi
787 1122 959 1163 videbitur,
986 1121 1025 1154 fi-

275 1177 340 1209 nito
362 1177 500 1210 triennio
531 1188 587 1210 seu
613 1177 676 1210 alio
710 1182 855 1220 tempore
887 1176 1024 1220 deputa-

276 1230 369 1262 tionis
390 1231 588 1271 huiusmodi,
612 1231 693 1272 illos,
723 1237 820 1274 prout
848 1235 976 1273 tempus
996 1234 1027 1263 et

276 1283 446 1317 necessitas
467 1284 726 1328 expostulaverit,
753 1283 969 1317 confirmandi
989 1293 1026 1316 ac

275 1337 369 1369 etiarn
406 1337 588 1378 amovendi,
624 1344 655 1370 et
689 1337 819 1370 illorum
850 1337 921 1370 loco
945 1336 1026 1369 alios

275 1391 453 1423 collocandi
478 1397 505 1423 ct
537 1391 712 1434 deputandi
747 1391 929 1424 facultatem
964 1390 1025 1422 im-

277 1443 446 1486 partimur.
470 1444 607 1487 Nosque,
629 1445 689 1477 hac
715 1444 820 1488 prima
849 1443 932 1484 vice,
967 1454 1026 1488 pro

279 1496 422 1539 proximo
445 1497 582 1530 triennio
602 1498 641 1530 ab
663 1497 758 1530 hodie
780 1497 976 1541 incipiendo,
997 1503 1028 1530 et

280 1555 312 1582 ut
339 1551 485 1593 sequitur
508 1551 662 1591 finiendo,
685 1551 723 1583 dc
745 1550 907 1584 Michaelis
924 1550 1027 1584 cardi-

279 1604 359 1636 nalis
379 1604 570 1647 protectoris
595 1605 729 1648 praefati
764 1615 908 1646 assensu,
942 1604 1026 1638 idem

280 1667 397 1689 munus
417 1657 541 1690 dilectis
562 1658 635 1690 siliis
656 1658 749 1691 Petro
770 1657 879 1691 Fulvio
900 1657 1029 1702 presby-

281 1716 347 1743 tero
380 1711 536 1751 Romano,
573 1711 742 1754 utriusque
771 1711 851 1744 iuris
889 1711 1025 1752 doctori,

282 1764 435 1797 moderno
455 1764 567 1808 priori,
588 1765 697 1797 Ioanni
718 1765 847 1798 Daddeo
871 1764 1029 1798 canonico

283 1817 433 1849 basilicae
453 1819 484 1850 S.
513 1818 629 1851 Mariae
650 1818 787 1858 Maioris,
817 1824 848 1852 et
876 1818 1028 1852 Annibali

282 1871 474 1910 Sittttmat'io,
495 1882 603 1904 sacrae
626 1872 805 1914 theologiae
840 1872 1028 1916 professori,

282 1925 384 1956 «lictae
409 1925 678 1957 cinifrati·rnitatis
706 1925 920 1958 confratribus
940 1936 1029 1959 com-

285 1977 454 2017 inanimis,
483 1978 633 2021 ipsosque
660 1979 690 2010 in
716 1979 904 2012 eorumdem
931 1980 1029 2012 colle-

283 2031 324 2069 gii
350 2037 377 2063 et
401 2032 586 2064 monasterii
619 2032 808 2073 visitatores,
832 2038 1032 2066 correctores

285 2090 314 2115 vt
335 2085 553 2118 moderatores
571 2096 731 2126 creamus,
755 2086 980 2119 constituimus
1001 2092 1031 2119 et

285 2138 490 2180 deputamus.
502 2139 616 2171 Dantcs
629 2139 674 2172 eis
686 2140 910 2173 auctoritatem
923 2140 1031 2173 onmia

286 2197 312 2222 ct
330 2191 455 2233 singula
469 2192 617 2232 faciendi,
635 2193 821 2233 mandandi,
835 2192 1030 2236 corrigendi,

288 2244 452 2285 puniendi,
476 2246 670 2278 reformandi
692 2252 719 2278 ct
742 2246 930 2289 exequendi,
951 2256 1032 2290 quae

286 2297 323 2327 :ul
344 2298 511 2340 spirituale
526 2299 670 2342 regimen
692 2310 905 2343 personarum
928 2300 960 2333 in
985 2299 1032 2333 di-

287 2349 344 2380 ctis
367 2351 560 2384 monasterio
580 2358 609 2385 et
631 2353 766 2395 collegio
787 2352 1033 2395 degentium,il-

288 2397 457 2439 teruntque
489 2399 561 2432 felix
588 2401 823 2434 incrementum
858 2407 889 2434 et
915 2401 1033 2444 guber-

288 2445 374 2477 niuin
401 2448 550 2489 expedire
584 2455 678 2492 atque
709 2456 930 2494 opportunum
967 2461 1034 2484 esse

289 2495 482 2527 reusnerint.
510 2497 551 2528 lta
575 2503 603 2528 ut
629 2509 783 2541 personae
805 2499 835 2531 in
857 2499 948 2532 dictis
969 2510 1036 2531 mo-

290 2543 426 2574 nasterio
460 2550 486 2576 et
521 2546 657 2586 rolli-gio
692 2547 784 2579 vitant
811 2548 977 2590 degentes,
1004 2548 1034 2581 in

290 2590 361 2633 piae
385 2597 415 2624 et
433 2592 598 2635 religiosae
625 2595 703 2628 vitae
723 2596 954 2631 sinceritate-et
975 2609 1033 2642 pu-

865 212 1045 239 BULLARIUM
1069 212 1220 236 ROMANUM

1066 264 1160 296 ritate
1186 273 1243 306 per
1267 262 1436 297 sollicitam
1458 274 1569 297 corum
1602 274 1734 309 operam
1766 262 1814 297 fo-

1065 322 1198 350 veantur
1222 321 1253 349 et
1272 323 1514 356 conseia-tuuis,
1538 317 1724 360 temporalia
1738 327 1814 351 vero

1064 369 1150 403 bona
1170 380 1207 403 ex
1227 369 1472 412 circumscripta
1503 369 1606 403 dictae
1637 371 1814 405 confrater-

1065 423 1174 456 nitatis
1203 433 1281 456 cura
1306 423 1389 456 bene
1413 427 1509 466 atque
1534 422 1654 456 utiliter
1678 423 1814 457 admini-

1065 481 1221 510 strentur.

1110 530 1125 573 g
1144 530 1175 564 9.
1199 530 1299 564 Porro
1319 530 1405 574 ipsas
1424 530 1560 574 puellas,
1579 540 1659 574 quas
1677 541 1816 575 pauper-

1066 588 1129 616 tate
1149 593 1320 627 oppressas
1339 583 1374 616 in
1392 582 1580 616 huiusmodi
1601 583 1737 626 collegio
1749 584 1814 617 col-

1065 636 1167 669 locari
1187 636 1370 679 contigerit,
1393 636 1524 680 speciali
1550 636 1719 680 privilegio
1739 635 1814 670 insi-

1065 689 1157 733 gnire
1186 689 1412 731 intendentes,
1447 689 1533 734 quod
1568 689 1624 722 ubi
1657 700 1817 734 pauperes

1065 743 1193 787 puellae
1211 743 1401 776 huiusmodi
1422 743 1526 776 aliena
1553 747 1702 786 expetere
1725 743 1815 776 auxi-

1066 797 1108 830 lia
1143 802 1272 831 coactae
1296 797 1429 839 fuerint,
1466 797 1594 841 quihus,
1627 796 1816 831 adveniente

1066 855 1168 884 aetate
1194 850 1349 894 legitima,
1376 861 1441 895 qua
1470 851 1519 884 vel
1552 850 1748 884 monasteria
1768 851 1816 884 in-

1066 904 1156 946 gredi
1188 904 1238 938 vel
1262 903 1469 938 matrimonio
1494 904 1646 937 collocari
1679 914 1814 938 censue-

1065 957 1141 999 rint,
1174 968 1397 1002 quascumque
1422 957 1512 992 dotes
1542 963 1573 991 et
1598 957 1715 990 auxilia
1748 957 1812 1002 pia,

1066 1017 1131 1045 tam
1155 1012 1195 1045 ab
1214 1011 1482 1046 Annuneiationis
1501 1012 1615 1045 Beatae
1635 1011 1751 1045 Mariae
1764 1023 1816 1045 su-

1066 1076 1124 1109 pra
1148 1065 1332 1106 Minervam,
1361 1065 1600 1109 Conceptionis,
1631 1064 1815 1098 Confalonis

1066 1124 1098 1153 et
1120 1119 1191 1153 aliis
1208 1119 1619 1153 archiconfraternitatibus
1639 1124 1669 1152 et
1688 1120 1814 1152 confra-

1066 1173 1281 1214 ternitatibus‚
1304 1183 1431 1206 necnon
1449 1172 1602 1213 ecclesiis,
1621 1172 1770 1206 oratoriis
1785 1178 1816 1205 et

1065 1227 1144 1260 locis
1161 1227 1232 1271 piis,
1249 1237 1347 1270 quam
1367 1226 1630 1270 quibuscumque
1645 1225 1815 1270 utriusque

1066 1291 1159 1314 sexus
1190 1280 1348 1325 personis,
1374 1290 1478 1324 usque
1506 1280 1546 1313 ad
1571 1290 1731 1313 summam
1755 1279 1814 1312 ho-

1065 1339 1189 1367 nestam
1225 1339 1255 1367 et
1279 1334 1400 1367 eisdem
1424 1333 1526 1378 priori
1546 1339 1577 1366 et
1599 1333 1816 1366 visitatoribus

1065 1387 1148 1421 bene
1167 1387 1278 1429 visam,
1301 1392 1422 1432 petere,
1445 1387 1632 1431 impetrare,
1652 1386 1811 1428 obtinere,

1067 1451 1164 1485 seque
1189 1441 1228 1474 ad
1247 1442 1335 1475 hunc
1368 1441 1517 1474 effectum
1539 1441 1571 1474 in
1591 1440 1705 1473 rotulis
1725 1446 1756 1474 et
1779 1440 1816 1473 li-

1066 1495 1123 1528 stis
1139 1494 1546 1535 arcliiconfraternitatum,
1574 1494 1815 1528 confraternita-

1067 1554 1146 1589 tum,
1167 1549 1390 1589 eeelesiarum,
1420 1548 1650 1589 oratoriorum,
1668 1548 1814 1582 locorum

1068 1602 1208 1646 piorum,
1234 1612 1361 1635 necnon
1389 1611 1601 1646 personarum
1629 1601 1815 1636 huiusmodi

1067 1655 1204 1689 adscribi
1228 1657 1334 1689 facere
1363 1661 1393 1689 et
1423 1666 1611 1699 procurare,
1640 1660 1671 1689 et
1700 1655 1816 1689 deinde

1068 1715 1238 1754 postquam
1260 1709 1363 1742 dictae
1396 1709 1524 1753 puellae
1543 1719 1600 1742 seu
1620 1719 1731 1743 earum
1757 1710 1815 1742 ali-

1068 1758 1151 1806 (iuae
1186 1762 1276 1795 dotes
1301 1767 1331 1796 et
1361 1762 1479 1796 auxilia
1512 1761 1697 1795 huiusmodi
1732 1763 1814 1796 obti-

1070 1816 1212 1857 nuerint,
1250 1827 1307 1849 seu
1341 1816 1380 1849 ad
1411 1816 1442 1849 id
1478 1816 1658 1860 adscriptae
1682 1816 1814 1857 fuerint,

1070 1870 1157 1912 quod
1173 1875 1235 1902 tarn
1254 1870 1338 1909 illae,
1353 1880 1435 1913 quae
1447 1869 1569 1902 dictum
1586 1869 1816 1903 monasterium

1071 1923 1195 1966 ingredi
1226 1929 1258 1957 et
1284 1923 1347 1957 iam
1373 1924 1534 1965 ingressae
1559 1929 1644 1964 sunt,
1667 1935 1763 1967 quam
1783 1935 1816 1957 e-

1071 1977 1146 2009 tiani
1160 1987 1243 2020 quae
1257 1977 1462 2010 matrimonio
1480 1976 1632 2010 collocari
1644 1977 1815 2017 voluerint,
1826 2017 1833 2025 ⁵

1072 2030 1161 2063 dotes
1181 2035 1212 2063 et
1230 2030 1349 2063 auxilia
1369 2030 1554 2063 huiusmodi
1575 2029 1621 2063 eis
1640 2031 1817 2073 quomodo-

1072 2083 1146 2116 libet
1181 2088 1368 2127 procurata,
1404 2083 1560 2127 promissa
1594 2089 1625 2116 et.
1663 2084 1817 2127 acquisita

1072 2137 1205 2170 omnino
1225 2137 1357 2175 lucrari,
1380 2137 1549 2181 percipere
1569 2141 1599 2170 et
1619 2137 1745 2180 exigere
1762 2138 1817 2171 de-

1072 2191 1178 2223 beant.
1206 2191 1327 2234 Illaque
1352 2191 1460 2223 omnia
1481 2201 1543 2224 una
1564 2201 1637 2224 cum
1662 2191 1819 2235 praemis-

1074 2243 1115 2276 sis
1135 2243 1264 2277 dotibus
1284 2250 1314 2277 et
1334 2244 1456 2287 legatis,
1480 2244 1570 2277 factis
1598 2249 1628 2277 et
1653 2244 1818 2285 faciendis,

1074 2297 1193 2330 eisdem
1220 2298 1416 2331 monasterio
1441 2303 1469 2330 et
1503 2297 1639 2341 collegio
1663 2304 1821 2342 perpetuo

1076 2351 1307 2391 concedimus;
1362 2362 1586 2395 pauperesque
1634 2352 1821 2385 huiusmodi

1076 2401 1212 2443 puellas,
1240 2401 1375 2441 dotium,
1396 2401 1591 2441 auxiliorum
1622 2401 1748 2444 piorum
1785 2412 1822 2434 ac

1077 2450 1256 2491 legatorum
1292 2456 1323 2483 et
1357 2450 1569 2483 donationum
1604 2450 1820 2492 praefatorum

1076 2498 1232 2531 sactorum
1250 2506 1277 2531 rt
1298 2499 1529 2538 faciendorum,
1546 2499 1819 2542 quibuscumque,

1076 2548 1170 2580 etiarn
1195 2554 1282 2581 motu
1308 2549 1375 2592 pari
1406 2547 1572 2588 ctuanatis,
1595 2547 1820 2591 prohibitioni-

1078 2597 1136 2629 bus
1159 2598 1204 2632 iel
1226 2597 1362 2639 statutis,
1398 2597 1492 2631 ctiunt
1522 2597 1714 2636 iuramento,
1744 2605 1820 2628 con-

1986 516 1992 526 Ι

1879 536 2011 568 privilegiali
2025 547 2028 581 Β

1832 577 1946 599 pauperum
1953 571 2012 602 pua-
2026 586 2027 591 ,

1831 603 1903 629 tarum,
1912 603 1966 630 quod
1974 600 2012 630 t!-

1831 635 1940 655 mittantur
1981 633 2011 657 ’11

1831 665 1924 686 subsidia
1935 665 2010 690 doliqfi

1832 701 1884 723 quae
1893 701 1931 722 per
1940 691 2011 718 dives·-
2038 697 2041 715 t

1832 733 1866 748 sas
1877 720 2011 756 nanneten-{1-
2026 717 2028 752 i

1832 761 1886 779 tates
1895 761 1918 779 et
1925 758 1971 780 locu
1979 757 2012 787 ψ
2026 761 2027 778 1

1833 790 1877 811 dari
1892 789 1970 811 solent·
1995 799 1999 801 -
2026 783 2041 798 ”

1990 808 1997 827 t

1997 1717 2014 1778 <uve
1994 1697 2009 1707 ᾳ
2003 1639 2010 1661 -,

1986 939 2004 975 «ε

1988 1019 2005 1077 ,3
2039 1024 2041 1063 :

1991 1083 2008 1133 't

1973 1148 2005 1174 ,ί

1994 1211 2004 1226 a

1993 1255 2004 1270 υ

1999 1314 2009 1333 t

1991 1357 2010 1403 Ξ
2040 1391 2041 1394 ,

1991 1387 2015 1623 -Ὶσφὲ-ιιῑᾼβ-’π-
1990 1274 2014 1355 ·.”,.·;
1990 1192 2010 1251 '‘⁴⁴‘-
1986 1144 2003 1167 ,ἰ
1996 1095 2002 1103 <
