2059 3228
147 269 201 299 An.
217 271 246 301 c.
261 265 330 302 15'80

144 762 218 784 Paulus
230 761 257 783 lli
272 768 326 784 con-

141 794 231 814 firmavit
282 797 325 814 sta-

140 828 188 845 tuta
231 825 324 851 Religio—

139 857 174 876 nis
197 856 255 877 circa
277 862 323 883 pro·

140 887 237 908 visiones
255 887 325 909 bene-

139 918 244 945 lictor-unu

176 2097 229 2119 Hinc
251 2104 318 2126 quae-

137 2128 222 2150 stiones
236 2130 318 2156 aliquae

137 2161 198 2180 ome
214 2165 269 2182 sunt.

386 263 450 298 5392

343 325 376 358 in
392 325 540 358 manibus
554 324 630 363 suis,
653 324 685 357 in
706 325 850 359 futurum
869 325 941 360 fieri
961 328 1087 360 contiu-

342 384 439 422 geret,
454 377 640 411 huiusmodi
659 378 828 421 cessiones,
858 380 1089 424 resignationes

342 438 371 466 et
391 432 591 476 provisiones
610 432 731 465 nullius
756 439 861 467 essent
885 434 1011 467 roboris
1037 435 1087 468 vel

341 485 507 526 momenti,
530 486 589 518 nisi
607 485 640 519 in
659 485 723 519 illis
742 497 890 531 expresse
911 488 1085 528 diceretur,

356 544 385 572 et
403 540 440 572 de
459 550 611 573 consensu
625 541 736 583 maqni
752 542 915 585 mayistri,
933 547 964 575 et
974 542 1013 575 de
1025 541 1088 575 illis

340 592 426 626 iuxta
446 593 583 626 formam
605 594 848 638 privilegiorum
878 595 981 630 dictae
1005 595 1087 629 Reli-

340 646 444 689 gionis
464 647 699 691 provideretur.
796 654 801 657 ⁴

384 701 398 743 ξ
419 701 449 733 4.
472 701 558 734 Inter
577 707 693 735 statuta
713 702 809 735 etiam
829 702 972 736 eiusdem
1005 701 1088 735 Reli-

340 754 453 795 gionis,
474 765 532 798 per
552 754 666 788 similis
686 755 862 789 memoriae
878 755 1014 788 Paulum
1032 755 1087 788 Pa-

340 818 411 851 pam
437 808 488 849 111,
526 808 674 842 similiter
710 809 995 853 praedecessorem
1031 819 1087 842 no-

339 868 452 902 strum,
477 862 654 906 approbata
679 868 710 896 et
730 863 930 903 confirmata,
950 863 993 895 ita
1010 874 1086 895 cau-

338 920 406 947 tum
427 916 604 959 reperitur:
637 916 763 959 priores
782 916 816 949 in
843 916 908 949 suis
936 918 1084 957 cameris,

338 969 544 1013 prioratibus,
568 970 699 1003 baiulivi
719 975 749 1003 et
769 970 1033 1003 commendatarii
1053 970 1086 1002 in

338 1022 403 1056 suis
423 1023 621 1056 commendis
640 1023 779 1063 habeant
803 1023 1019 1067 provisionem
1038 1023 1086 1056 vel

337 1076 628 1120 praesentationem
665 1076 899 1110 beneficiorum
934 1076 1086 1110 ecclesia-

337 1129 504 1171 sticorum,
527 1142 600 1163 cum
622 1141 700 1164 cura
723 1130 906 1163 animarum
928 1131 977 1164 vel
1002 1130 1083 1171 sine,

336 1195 354 1217 a
374 1183 439 1217 suis
458 1184 658 1218 commendis
678 1184 941 1228 dependentium,
969 1185 1029 1218 nisi
1053 1184 1085 1218 id

336 1238 503 1282 privilegio
523 1239 571 1272 vel
593 1238 828 1272 consuetudine
848 1239 888 1272 ad
904 1239 984 1272 alios
1009 1248 1084 1283 per-

337 1291 445 1325 tineat.
464 1292 553 1333 Item,
577 1293 674 1325 frater
693 1291 846 1325 Claudius
865 1292 904 1325 de
924 1292 954 1325 la
969 1292 1085 1335 Sengle

336 1346 487 1388 magister
514 1346 624 1378 statuit
659 1351 694 1378 ut
726 1345 835 1379 omnia
853 1345 1013 1379 beneficia
1033 1356 1085 1379 eo·
1104 1373 1106 1388 1

336 1398 514 1432 clesiastica
538 1398 681 1432 eiusdem
698 1398 837 1441 Ordinis,
860 1409 1002 1442 quorum
1021 1399 1085 1433 col·
1104 1412 1105 1426 t

335 1451 411 1485 latio
431 1458 486 1485 aut
504 1453 719 1496 praesentatio
736 1453 775 1485 ad
787 1452 910 1486 dictum
930 1452 1084 1486 Ordinem
1103 1458 1105 1479 ἔ

336 1505 485 1548 pertinet,
508 1506 604 1538 nullis
625 1507 859 1548 conferrentur,
873 1512 928 1540 aut
947 1506 1029 1540 nulli
1044 1506 1084 1540 ad
1103 1534 1105 1546 Α

335 1569 371 1592 ea
405 1566 699 1604 praesentarentur,
733 1561 795 1594 nisi
828 1567 934 1594 essent
970 1561 1084 1594 fratres

335 1612 441 1656 ipsum
466 1612 615 1646 Ordinem
629 1625 776 1658 expresse
790 1615 937 1658 professi,
960 1620 992 1648 et
1005 1614 1084 1648 alias

334 1671 429 1709 prout
454 1666 486 1699 in
512 1667 656 1701 eiusdem
687 1668 733 1700 Pii
758 1668 865 1712 quarti
893 1669 1082 1712 praedeces-

334 1719 415 1752 soris
438 1720 572 1763 praefati
587 1721 712 1762 litteris,
735 1732 771 1754 ac
791 1722 916 1754 statutis
935 1727 966 1755 et
984 1722 1082 1755 stabi-

334 1773 474 1806 limentis
510 1774 559 1807 vel
584 1774 758 1818 privilegiis
800 1775 876 1808 dicti
914 1776 1083 1819 hospitalis
1102 1819 1103 1822 Ἴ

334 1827 461 1870 plenius
481 1827 675 1861 continetur.
693 1828 781 1867 Quae
798 1829 918 1870 omnia,
935 1840 1008 1863 cum
1021 1830 1082 1863 dis·
1102 1823 1103 1826 ¹

333 1879 493 1923 positione
525 1881 604 1914 iuris
633 1882 814 1916 communis
843 1883 981 1916 maxime
1008 1894 1082 1917 con-

332 1939 465 1975 gruunt,
489 1940 554 1967 tum
580 1936 762 1969 auctoritati
787 1937 982 1970 sacrosancti
1003 1947 1082 1971 con-

333 1986 397 2019 cilii
418 1987 595 2021 Tridentini
612 1989 770 2023 nituntur.

377 2041 392 2083 §
412 2041 442 2075 5.
465 2042 583 2075 Verum
605 2053 689 2083 cum,
711 2043 794 2077 sicut
813 2045 1007 2089 accepimus,
1019 2045 1082 2078 cle-

333 2093 390 2126 rici
410 2096 592 2128 saeculares
615 2107 826 2139 possessores,
850 2108 924 2130 cum
948 2109 1026 2131 cura
1051 2104 1082 2131 et
1102 2118 1103 2141 3

333 2147 401 2180 sine
432 2159 525 2188 cura,
562 2149 797 2183 beneficiorum
828 2151 1015 2184 eorumdem
1042 2151 1081 2184 ad

333 2201 550 2241 rollationem,
583 2203 813 2246 provisionem,
849 2204 1081 2248 praesentatio*

332 2264 419 2294 nem,
446 2255 637 2289 electionem
658 2267 715 2289 seu
739 2259 884 2301 quamvis
904 2257 1000 2290 aliam
1021 2257 1082 2290 dis·
1100 2253 1104 2276 ὖ

333 2308 523 2351 positionem
553 2309 713 2352 priorum,
737 2309 953 2344 baiutivorum
967 2337 975 2351 ,
994 2321 1082 2344 com-

334 2361 608 2396 mendatariorum
629 2369 660 2396 et
684 2368 907 2407 possessorum
941 2365 1080 2398 aliorum

333 2414 434 2447 dictae
455 2415 631 2459 Religionis
654 2417 828 2459 bonorum,
858 2418 929 2451 iure
949 2428 1081 2452 eorum·
1099 2393 1103 2462 i

332 2467 404 2500 dem
417 2469 631 2511 prioratuum,
647 2471 892 2512 baiulivatuum‚
914 2483 1081 2505 commen-

332 2515 447 2548 darum
468 2523 497 2549 et
517 2518 653 2552 aliorum
675 2521 836 2554 bonorum
858 2521 1003 2554 eiusdem
1023 2522 1082 2554 Re-

330 2564 478 2607 ligionis,
506 2567 648 2600 habitum
670 2569 834 2613 suscipere
859 2575 889 2603 et
909 2571 1081 2612 professio-

331 2623 406 2646 nem
426 2616 620 2657 regularein,
638 2624 733 2660 prout
745 2618 776 2650 in
791 2619 904 2652 eadem
914 2619 1080 2662 Religione

332 2664 509 2705 consuevit,
532 2665 676 2700 emittere
690 2667 853 2711 negligant
867 2679 904 2702 ac
916 2674 1077 2710 recusent,

913 273 1092 300 mmmmm(
1116 274 1266 299 nmmum

1131 327 1162 358 iu
1202 332 1392 360 statutorum
1429 327 1572 361 eiusdem
1605 326 1780 369 Religionis
1804 336 1881 361 con-

1129 385 1301 424 temptum,
1323 391 1360 413 ac
1379 380 1460 413 iuris
1476 381 1657 414 communis
1677 380 1898 424 dispositioni.

1129 438 1159 466 et
1193 433 1323 466 concilii
1353 434 1486 477 praefati
1522 434 1658 468 decretis
1687 433 1878 478 privilegiis-

1128 497 1192 530 que
1212 487 1251 519 ab
1277 487 1338 521 hac
1363 493 1472 521 saneta
1497 487 1576 521 Sede
1604 487 1808 532 Apostolica‚
1842 493 1880 522 ut

1128 540 1368 584 praemittitur,
1397 541 1557 575 concessis
1587 541 1876 583 contraveniend0;

1128 603 1165 626 ac
1185 594 1396 637 praetendant
1419 595 1563 628 eiusdem
1586 594 1633 628 Pii
1646 595 1711 647 aIV,
1740 595 1878 639 praede-

1129 647 1264 680 cessoris
1288 648 1400 686 nostri,
1424 648 1540 682 mentis
1558 653 1589 681 et
1607 648 1794 683 intentionis
1811 659 1878 683 non

1128 699 1225 733 fuisse
1256 700 1296 733 ad
1325 700 1453 734 habitus
1486 701 1725 746 susceptionem
1744 697 1776 736 et
1802 712 1877 746 pro-

1128 753 1274 786 fessionis
1293 754 1500 788 emissionem
1521 765 1576 788 eos
1586 755 1700 796 teneri,
1717 755 1785 800 qui,
1805 760 1878 800 post

1127 806 1167 839 ab
1188 807 1303 840 eodem
1323 808 1570 852 praedecessore
1589 808 1754 842 obtentam
1777 808 1876 852 privi-

1129 859 1289 904 legiorum
1315 861 1595 896 confirmationem
1633 867 1664 895 et
1699 862 1878 907 ampliatio-

1127 923 1214 955 nem,
1236 914 1275 948 de
1299 915 1419 949 eisdem
1444 915 1509 949 sive
1528 915 1689 949 similibus
1711 916 1877 950 beneficiis

1128 968 1353 1002 concessiones
1371 969 1442 1003 fieri
1461 970 1769 1015 quomodocumque
1792 970 1876 1005 ohti-

1126 1027 1280 1063 nuerunt,
1294 1033 1369 1056 cum
1379 1023 1418 1057 de
1438 1023 1512 1065 illis,
1526 1034 1610 1067 quae
1624 1030 1702 1058 tunc
1720 1025 1877 1070 temporis

1126 1073 1160 1107 in
1179 1076 1403 1115 commendam
1415 1087 1472 1111 seu
1482 1077 1561 1111 alias
1571 1077 1763 1120 obtinerent,
1782 1089 1875 1127 eum-

1127 1127 1201 1161 dem
1221 1128 1313 1162 Pium
1333 1136 1485 1174 quartum
1514 1131 1796 1175 praedecessorem
1815 1132 1876 1166 sub

1125 1181 1186 1215 isto
1209 1182 1308 1216 verbo
1331 1185 1374 1217 ad
1391 1195 1544 1228 praesens
1572 1185 1717 1219 statuisse
1744 1185 1873 1221 dumta—

1126 1240 1178 1268 xat
1196 1238 1438 1280 praetendatur.
1464 1239 1645 1282 Allegantes
1673 1241 1762 1284 quod
1786 1252 1874 1276 com-

1127 1290 1275 1331 mendae,
1297 1291 1497 1336 provisiones
1516 1292 1578 1325 sive
1598 1293 1675 1326 alias
1695 1295 1860 1337 quomodo

1126 1353 1266 1387 cumque
1286 1344 1511 1379 concessiones
1531 1346 1570 1379 de
1589 1342 1747 1381 similibus
1772 1348 1874 1382 bene-

1125 1396 1208 1430 flciis
1227 1397 1348 1431 eisdem
1367 1399 1470 1432 factae
1494 1404 1566 1442 post
1596 1400 1701 1434 datam
1728 1401 1874 1436 eiusdem

1125 1449 1170 1483 Pii
1190 1452 1295 1495 quarti
1314 1453 1571 1497 praedecessoris
1593 1454 1788 1497 litterarum,
1808 1456 1873 1491 sive

1124 1505 1246 1539 mentio
1271 1506 1327 1539 fiat
1347 1506 1412 1541 sive
1433 1507 1608 1541 reticeatur
1626 1508 1785 1544 beneficia
1802 1520 1872 1544 esse

1124 1557 1227 1592 dictae
1236 1559 1423 1603 Religionis,
1445 1561 1600 1594 suntloco
1611 1562 1824 1597 absolutionis
1832 1574 1871 1598 ac

1124 1612 1339 1655 derogationis
1363 1614 1477 1648 tacitae
1490 1620 1683 1649 statutorum
1698 1615 1729 1649 et
1742 1613 1871 1661 privile-

1123 1666 1251 1709 giorum
1263 1666 1408 1702 eiusdem
1428 1667 1568 1709 Ordinis,
1589 1668 1633 1702 ita
1652 1674 1688 1702 ut
1706 1670 1747 1703 ad
1765 1671 1868 1705 susci-

1122 1719 1279 1764 piendum
1302 1720 1391 1754 illius
1409 1721 1556 1755 habitum
1576 1733 1614 1757 ac
1637 1723 1869 1767 professionem

1123 1774 1332 1808 emittendam
1341 1775 1476 1810 minime
1485 1772 1666 1818 teneantur,
1675 1787 1750 1811 cum
1758 1788 1869 1813 suscee

1123 1827 1189 1870 ptio
1211 1828 1340 1862 habitus
1355 1834 1387 1862 et
1401 1829 1557 1873 professio
1576 1830 1616 1863 ab
1635 1830 1684 1864 eis
1695 1830 1869 1866 emittenda

1123 1891 1160 1914 ex
1175 1881 1184 1913 i
1187 1882 1504 1925 psarumlitterarum
1514 1883 1595 1917 serie
1603 1895 1751 1928 expresse
1761 1884 1870 1929 iniunj-

1123 1940 1192 1967 ctae
1213 1935 1310 1969 fuisse
1329 1946 1395 1984 non
1414 1928 1607 1981 appareant3
1633 1947 1671 1971 ex
1689 1937 1809 1982 quibus
1823 1938 1870 1973 ei-

1122 1988 1195 2022 dem
1215 1988 1326 2022 Ordini
1344 1988 1496 2033 illiusque
1513 1990 1678 2033 magistro,
1693 1991 1870 2035 prioribus,

1122 2042 1270 2075 baiulivis
1308 2048 1339 2076 et
1362 2043 1644 2078 commendatariis
1672 2044 1811 2080 maxima
1837 2045 1873 2080 in

1123 2096 1190 2135 dies
1210 2096 1400 2129 exoriuntur
1432 2096 1638 2131 incommoda
1669 2103 1767 2144 atque
1799 2109 1874 2144 per·

1122 2149 1334 2191 turbationes,
1354 2151 1545 2194 praesertim
1572 2151 1650 2184 dum
1682 2153 1872 2187 eorumdem

1121 2203 1355 2236 beneficiorum
1370 2209 1470 2237 status
1485 2204 1618 2248 ponitur
1637 2205 1671 2238 in
1689 2202 1824 2240 incerto.

1166 2257 1180 2299 ξ
1200 2256 1231 2290 o.
1254 2256 1358 2296 Quare
1378 2268 1447 2299 nos,
1467 2263 1502 2290 ut
1521 2269 1581 2302 par
1599 2264 1656 2300 est,
1683 2258 1791 2294 debito
1814 2271 1870 2305 pa·
1907 2265 1948 2303 ¹³⁵⁰,
1970 2295 1979 2303 ,

1123 2310 1248 2343 storalis
1282 2310 1394 2350 officii,
1417 2311 1562 2344 omnium
1594 2304 1866 2355 christifidelium,
1879 2297 1959 2351 {25:051
1995 2318 2009 2348 ἒ

1122 2364 1311 2407 praesertim
1331 2367 1405 2398 v'ero
1425 2364 1569 2398 eiusdem
1588 2364 1716 2399 Ordinis
1741 2367 1868 2410 praesa·
1881 2360 1972 2412 2³22
2007 2372 2009 2377 ⁴

1121 2421 1227 2449 tarum
1248 2416 1447 2459 regularium
1467 2427 1693 2460 personarum,
1711 2430 1772 2464 pro
1797 2419 1868 2454 Iesu
1879 2421 1942 2474 233²

1121 2469 1239 2503 Christi
1253 2471 1385 2504 nomine
1398 2481 1435 2504 ac
1451 2471 1626 2505 catholicae
1638 2472 1713 2506 fidei
1731 2473 1869 2508 tuitione

1122 2520 1161 2552 ad
1181 2520 1344 2553 interitum
1365 2530 1468 2563 usque
1493 2521 1612 2564 iugiter
1638 2521 1866 2564 laborantium,

1123 2569 1301 2602 commodis
1335 2574 1365 2602 et
1389 2569 1612 2611 indemnitati,
1646 2575 1804 2614 quantum
1834 2571 1870 2606 in

1121 2618 1214 2651 nobis
1234 2623 1289 2658 est,
1310 2618 1494 2662 prospicere
1514 2618 1690 2662 cupientes,
1707 2619 1869 2664 simulque

1121 2667 1160 2701 de
1180 2666 1346 2701 communi
1366 2667 1510 2702 eiusdem
1530 2667 1656 2702 Ordinis
1673 2678 1711 2703 ac
1729 2668 1868 2713 Religio-
