2059 3228
26 2102 29 2104 .
40 2072 47 2080 ’
60 2082 164 2109 ngendnm

12 2114 14 2126 ¹
35 2115 165 2140 :inepria-

54 2147 76 2166 ιι
100 2145 164 2167 cele-

20 2209 27 2228 ,’
34 2211 50 2238 ,ᾗ
67 2212 163 2233 genera-

0 2676 29 2727 ε

98 136 216 173 &21‘587

83 251 93 287 ᾗ
137 251 212 282 unini-
227 247 292 282 tius
315 249 513 291 celebretur,
538 251 630 296 prior
648 253 810 293 generalis
834 259 865 285 et
888 253 970 286 dilli-
1015 258 1092 287 tunc
1120 257 1223 290 statim
1253 259 1322 292 eius

78 290 212 344 ‘25:222'
225 302 359 342 nitores,
380 310 554 349 antequam
585 309 688 349 ipsum
727 307 869 351 priorem
897 309 970 343 dicti

81 355 89 366 ‘¹
112 353 210 408 ᾖξε-ζεῖ
223 357 410 390 monasterii
437 359 566 401 eligant,
594 372 612 393 a
635 361 852 395 visitatoribus
877 374 970 403 §.rene-

888 145 990 169 stxrws
1009 147 1028 170 v
1048 148 1095 172 rr.
1655 152 1718 186 949

272 194 330 239 §8.
344 194 553 237 Ceterum,ut
573 197 758 231 huiusmodi
774 199 890 232 electio
906 210 975 231 rer·
1017 201 1198 242 proximum
1219 207 1368 248 generale
1394 210 1569 254 capitulum
1597 214 1704 255 duret,
1731 223 1763 250 οἱ

1356 268 1494 305 potestas
1523 272 1556 299 et
1587 270 1760 303 auctoritas

1014 307 1146 349 expiret,
1170 316 1198 342 rt
1216 313 1356 347 officium
1371 322 1470 357 vacet,
1492 329 1636 364 novaque
1646 323 1759 357 electio

1011 362 1188 394 secundum
1200 366 1330 398 modum
1345 369 1545 410 praedictum
1564 374 1755 410 celebretur.

1010 410 1071 444 Sed
1101 414 1126 446 si
1156 416 1246 458 prior
1273 420 1465 463 subrogatus
1489 426 1673 467 praedictus
1692 440 1756 463 non

1009 465 1093 498 ultra
1113 478 1231 501 annum
1249 470 1308 504 lioe
1330 484 1463 508 munere
1482 478 1610 511 functus
1629 481 1700 522 erit,
1724 483 1755 516 in

1008 528 1111 562 eoque
1135 523 1241 556 otticio
1267 525 1347 558 bene
1364 533 1394 560 et
1415 529 1619 565 laudabiliter
1635 545 1668 567 sc
1683 546 1754 576 ges-

1006 573 1094 613 serit,
1118 585 1176 618 pro
1205 581 1349 621 sequenti
1380 582 1518 616 triennio
1545 585 1652 619 denuo
1678 589 1752 630 eligi

1004 626 1115 668 possit,
1142 639 1247 672 neque
1272 632 1388 667 electio
1409 635 1440 668 in
1467 637 1588 680 privato
1609 641 1752 684 capitulo

1003 678 1087 712 sacta
1104 681 1132 714 ei
1152 690 1267 717 noceat
1277 687 1323 718 vol
1335 687 1466 731 aliquod
1478 690 1748 736 impedimentum

1000 739 1152 774 praestet.

1017 785 1058 828 ’ἓ
1078 786 1130 821 tt.
1150 788 1253 822 Liceat
1265 790 1368 825 eidem
1386 794 1535 840 Philippo
1548 800 1627 843 regi,
1644 801 1746 845 ipsius
1788 813 1888 842 rmum·
1904 821 1942 841 roz

998 842 1183 874 monasterii
1201 844 1405 880 fundatoriet
1424 855 1571 892 patrono,
1591 856 1745 896 quamdiu
1759 845 1942 899 gaman-‚asnia

996 891 1119 933 vixerit,
1144 897 1325 936 nominare„
1348 905 1411 934 tam
1430 902 1463 935 in
1479 907 1621 945 generali
1645 919 1743 952 quani
1757 905 1882 958 ”fiffflssum
1902 909 1942 929 ‘¹⁶‘

994 943 1027 976 in
1052 947 1175 990 privato
1200 952 1342 994 capitulo
1362 957 1546 999 praedictis,
1568 961 1663 995 ctiam
1684 964 1739 996 ali·
1759 943 1770 963 Ρ
1849 952 1854 958 .

993 1008 1089 1041 quem
1111 1002 1209 1036 alium
1224 1006 1355 1040 fratrem
1376 1009 1520 1043 eiusdem
1541 1012 1667 1049 Ordinis
1678 1027 1740 1050 non

992 1051 1123 1087 indicto
1144 1060 1353 1099 monasterio,
1375 1063 1430 1095 sed
1450 1064 1527 1097 alibi
1548 1068 1741 1111 professum,

989 1106 1037 1139 vel
1057 1108 1211 1153 aliquem,
1239 1113 1294 1156 qui
1316 1116 1502 1151 continuato
1522 1122 1674 1156 sexennio
1694 1125 1741 1156 os-

1775 164 1827 192 An.
1845 165 1874 193 C.
1893 165 1959 195 1587

221 409 355 450 ralibus,
382 420 513 457 recepto
540 414 768 455 iureiurando,
799 416 970 457 diligenter

218 463 398 508 inquirant,
420 477 515 510 saepe
535 467 720 510 informent,
743 470 874 512 quinam
905 472 964 505 sint

217 516 304 551 inter
330 518 444 552 fratres
474 521 574 564 ipsius
604 524 801 564 monasterii,
833 526 902 567 qui,
933 532 965 559 ut

214 571 410 615 praefertur,
427 574 602 617 qualificati
623 576 739 619 prioris
758 579 863 611 officio
877 580 963 620 digni

188 640 190 644 ·
214 625 305 659 etad
328 625 409 659 illud
443 627 551 661 idonei
570 629 751 669 videantur,
779 638 808 664 et
829 643 904 665 num
927 646 961 667 ex

211 678 282 724 ipsa
290 680 470 715 visitatione
485 689 607 716 constet
620 686 804 728 quempiam
819 686 960 729 ipsorum

209 734 250 768 ad
283 733 471 769 huiusmodi
509 737 652 770 officium
694 738 864 772 inhabilem
896 742 959 774 six-e

208 787 298 822 illius
329 788 518 834 incapacem
552 801 641 831 esse;
681 792 761 825 saeta
800 794 959 828 electione

185 840 292 875 -iuxta
313 842 450 876 formam
472 845 703 889 supradictam,
731 847 754 879 si
784 848 904 881 electus
925 850 956 882 in

206 894 347 939 priorem
362 897 504 940 capitulo
517 900 659 941 generali
672 912 823 944 praesens
838 903 952 943 aderit,

201 949 308 983 statim
329 951 445 984 electio
474 952 520 984 illi
542 953 720 993 intimetur,
744 961 779 987 ut
803 956 952 989 electioni

182 1001 241 1036 ‘de
259 1014 398 1047 persona
414 1015 470 1038 sua
484 1006 567 1039 sacta
578 1008 768 1047 consentiat,
788 1009 843 1051 qui
855 1010 950 1042 etiam

198 1055 318 1091 invitus
337 1067 533 1092 consensum
555 1067 719 1104 praestare
739 1068 884 1105 cogatur.

241 1110 258 1154 ξ
278 1110 310 1145 9.
331 1111 469 1145 Dimisso
489 1118 597 1146 autem
623 1115 765 1158 capitulo
790 1117 946 1158 generali,

50 1194 53 1196 .
62 1180 183 1211 Venutii-ma-

37 2181 98 2203 pnem
124 2182 168 2198 ca-
176 2195 184 2202 ,

191 1331 225 1360 et
234 1326 463 1362 diffinitoribus
474 1328 507 1361 in
519 1329 764 1367 confirmatores
772 1330 942 1372 eligantur,

190 1380 247 1426 qui
258 1381 397 1416 debeant
407 1382 447 1415 ad
458 1383 564 1427 ipsum
586 1384 816 1417 monasterium
833 1384 941 1417 Sancti

189 1435 354 1469 Laurentii
381 1438 595 1480 personaliter
631 1438 803 1477 accedere,
843 1443 940 1480 atque

189 1489 272 1523 inibi
295 1489 383 1524 iuxta
409 1501 532 1524 morem
561 1491 636 1525 dicti
667 1491 793 1525 Ordinis
818 1502 938 1525 novum

187 1543 331 1588 priorem
355 1544 549 1578 confirmare
576 1551 605 1577 et
634 1545 666 1578 in
702 1545 937 1588 possessionem

185 1597 354 1632 inducere.
376 1598 466 1638 Quod
493 1599 517 1631 si
539 1599 660 1632 electus
679 1599 770 1642 prior
794 1599 826 1631 in
851 1598 936 1642 capi-

184 1651 254 1685 tulo
289 1662 356 1686 non
390 1652 505 1692 aderit,
539 1652 750 1685 nihilominus
781 1645 937 1685 accedant

183 1705 431 1740 confirmatores
443 1707 480 1739 ad
497 1706 726 1739 monasterium
739 1706 769 1738 S.
793 1706 934 1738 Lauren-

183 1760 218 1793 tii
238 1760 451 1805 praedictum,
473 1771 611 1804 eumque
628 1760 726 1793 citent
747 1760 786 1792 ad
806 1770 934 1803 compa-

181 1813 320 1848 rendum
344 1815 557 1859 personaliter
577 1820 605 1847 et
633 1814 671 1846 ad
697 1814 932 1857 acceptandum

180 1877 300 1902 munus
336 1868 456 1913 prioris
493 1868 553 1900 sibi
588 1867 781 1900 iniunctum.
810 1867 931 1900 Deinde

177 1931 255 1955 vero
282 1921 345 1966 ipsi
373 1921 617 1955 confirmatores
648 1920 687 1954 ad
716 1931 788 1954 suas
813 1921 929 1954 domos

178 1979 396 2009 revertantur.

167 2031 172 2034 ”
220 2029 314 2074 510.
336 2031 517 2071 Praeterea,
548 2029 574 2062 si
594 2028 757 2071 contingat
787 2029 928 2073 priorem

177 2087 365 2122 monasterii
391 2078 550 2131 praedicti
579 2090 651 2117 ante
674 2083 802 2115 finitum
828 2083 928 2115 trien-

176 2141 268 2176 nium
287 2142 337 2176 sui
357 2140 455 2175 officii
476 2140 515 2172 ab
534 2137 686 2171 humanis
703 2136 869 2173 decedere,
887 2146 925 2168 ne

175 2194 306 2230 interim
327 2194 558 2229 monasterium
579 2202 653 2225 cum
681 2200 797 2233 magno
826 2189 925 2222 detri-

174 2255 284 2284 mento
304 2249 422 2294 prioris
442 2247 599 2291 regimine
616 2244 804 2278 destitutum
825 2253 925 2301 rema?

171 2312 258 2346 neat,
282 2305 379 2339 liceat
407 2305 441 2338 in
473 2304 560 2336 hunc
594 2305 743 2335 eventurn
781 2297 922 2351 generali

172 2356 274 2401 priori
298 2358 398 2391 totius
420 2355 547 2391 Ordinis
574 2354 606 2387 in
637 2349 757 2394 privato
782 2346 922 2407 capitulo

170 2409 259 2442 iuxta
278 2409 415 2442 sormam
431 2407 630 2451 praedictam
648 2414 765 2438 novum
777 2410 918 2446 priorem

170 2459 246 2494 dicti
268 2457 456 2493 monasterii
477 2457 608 2500 eligere,
631 2461 727 2498 atque
742 2452 775 2485 in
795 2451 920 2484 demor-

168 2508 217 2542 tui
236 2507 354 2552 prioris
374 2508 482 2542 locum
503 2513 535 2541 et
554 2512 684 2551 tempus
711 2506 916 2543 substituere,

196 1175 234 1199 cx
253 1174 393 1198 numero
413 1176 527 1200 eorum
548 1167 693 1211 priorum
714 1179 769 1201 seu
789 1180 946 1213 procura-

194 1223 303 1252 torum
337 1219 475 1253 aliarum
509 1221 692 1261 domorum,
722 1223 776 1265 qui
803 1223 945 1266 capitulo

192 1272 413 1314 interfuerint,
437 1273 502 1307 duo
522 1274 562 1307 ab
583 1275 659 1319 ipsis
679 1275 821 1318 generali
833 1276 943 1319 priore

988 1160 1098 1194 ficium
1127 1164 1243 1207 prioris
1276 1170 1469 1212 exercuerit,
1500 1172 1560 1217 ipsi
1589 1174 1738 1220 Philippo

987 1216 1054 1258 regi
1075 1217 1116 1249 ob
1136 1218 1207 1251 eius
1221 1221 1336 1255 merita
1355 1229 1482 1265 gratum
1503 1233 1534 1260 et
1552 1235 1734 1274 acceptum,

985 1269 1054 1311 qui,
1081 1278 1204 1305 servata
1233 1274 1267 1307 in
1296 1276 1428 1320 reliquis
1452 1279 1557 1314 forma
1586 1284 1735 1327 superius

984 1322 1155 1368 descripta,
1180 1327 1276 1360 etiam
1286 1335 1361 1372 post
1385 1332 1608 1368 continuatum
1621 1347 1734 1371 sexen-

982 1375 1073 1410 nium
1093 1379 1349 1417 nihilominusin
1367 1385 1510 1428 priorem
1531 1388 1605 1432 eligi
1617 1391 1732 1433 valeat;

980 1437 1053 1473 post
1073 1433 1196 1467 obitum
1227 1442 1336 1471 autem
1365 1440 1441 1473 dicti
1470 1442 1609 1488 Philippi
1633 1447 1731 1490 regis,

980 1485 1181 1521 conditiones
1206 1492 1411 1534 supradictae
1436 1502 1594 1540 perpetuo
1620 1505 1651 1533 et
1681 1500 1732 1534 in-

978 1537 1169 1573 violabiliter
1187 1549 1364 1578 serventur.

1021 1591 1036 1634 g
1057 1593 1110 1626 12.
1130 1595 1297 1631 Postremo
1323 1600 1439 1634 electio
1460 1604 1570 1638 vicarii
1601 1612 1632 1640 et
1656 1619 1730 1652 pro-

976 1652 1164 1681 curatorum
1184 1651 1413 1696 principalium
1440 1656 1516 1689 dicti
1542 1662 1727 1695 monasterii

975 1697 1006 1732 S.
1037 1701 1213 1744 Laurentii,
1239 1716 1277 1739 ac
1296 1718 1356 1750 pro
1385 1709 1513 1742 abbatia
1530 1712 1567 1744 de
1587 1713 1728 1748 Parmos

975 1753 1021 1788 illi
1039 1766 1175 1798 annexa,
1199 1765 1230 1792 et
1241 1771 1300 1804 pro
1325 1761 1606 1799 administratione
1626 1767 1728 1802 libro-

973 1821 1046 1843 rum
1072 1813 1145 1846 novi
1166 1814 1275 1855 officii,
1301 1815 1344 1848 ita
1364 1816 1434 1850 fieri
1459 1817 1724 1865 debeatutprior

972 1864 1116 1898 eiusdem
1144 1869 1331 1902 monasterii
1362 1870 1507 1904 nominet
1531 1872 1611 1906 duos
1639 1876 1723 1908 anti-

971 1919 1102 1962 quiores
1121 1922 1244 1960 l'iatres,
1267 1923 1428 1966 professos
1440 1924 1542 1967 ipsius
1561 1934 1723 1962 monaste-

970 1973 1023 2013 rii,
1058 1979 1089 2007 et
1113 1975 1190 2008 dicti
1220 1977 1286 2009 duo
1317 1977 1517 2020 antiqu-,ores
1548 1981 1720 2021 nominati,

970 2026 1053 2061 intra
1073 2028 1185 2062 decem
1198 2030 1265 2062 (lios
1278 2031 1418 2073 singulas
1438 2042 1605 2075 personas,
1620 2036 1721 2079 magis

968 2084 1099 2118 idoneas
1119 2085 1285 2128 magisque
1305 2085 1511 2125 sufficientes,
1542 2087 1582 2119 ad
1602 2098 1639 2121 ea
1661 2089 1720 2121 mi-

968 2141 1101 2173 nisteria
1124 2140 1256 2183 eligant,
1286 2144 1319 2172 et
1350 2144 1456 2172 tamen
1484 2145 1594 2182 postea
1621 2140 1660 2173 sit
1687 2141 1719 2174 in

967 2200 1124 2239 potestate
1141 2194 1269 2238 prioris,
1290 2203 1348 2237 pro
1369 2203 1427 2226 suo
1453 2193 1624 2233 arbitratu,
1642 2205 1718 2237 per-

966 2259 1059 2283 sonas
1070 2250 1189 2282 electas
1201 2253 1369 2291 acceptare
1388 2247 1438 2279 vet
1458 2246 1605 2287 reficere,
1621 2255 1718 2290 prout

965 2312 1012 2338 est
1032 2304 1062 2337 in
1075 2310 1233 2349 potestate
1252 2303 1488 2344 cuiuscumque
1507 2301 1626 2345 prioris
1641 2302 1718 2335 alia-

966 2366 1037 2387 rum
1066 2354 1251 2392 domorum,
1278 2351 1414 2384 vicarios
1447 2350 1507 2383 sibi
1539 2350 1716 2394 assignatos

963 2404 1131 2438 admittere
1151 2403 1199 2435 vet
1219 2402 1391 2445 repellere.

1008 2455 1022 2494 ξ
1043 2453 1095 2486 ta.
1118 2453 1204 2492 Quae
1221 2451 1351 2496 quidem
1373 2449 1515 2493 capitula
1535 2453 1565 2482 et
1585 2448 1713 2481 ordina-

962 2505 1078 2543 tiones,
1104 2508 1136 2535 nt
1164 2500 1329 2546 perpetuis
1361 2499 1478 2533 suturis
1511 2497 1712 2541 temporibus

1769 1613 1797 1633 De
1817 1614 1926 1636 etr-eumin

1744 1647 1873 1665 vicarii-itini
1880 1653 1926 1666 un.-

1741 1680 1780 1701 que
1790 1675 1924 1698 officialium.

1775 2464 1816 2485 nn
1833 2469 1910 2487 statuta

1727 2496 1798 2522 Apost.
1814 2502 1910 2518 auctor.-

1726 2530 1768 2546 tate
1789 2529 1908 2549 rontirman

170 2557 262 2591 cuius
286 2557 410 2591 suffecti
432 2556 550 2602 prioris
576 2555 719 2590 officium
744 2566 845 2600 usque
878 2555 917 2588 ad
962 2555 1154 2587 inconeussa
1173 2556 1203 2584 et
1222 2550 1372 2584 inviolata
1388 2546 1709 2593 pcrmancant.,1dem
1725 2561 1785 2584 per-i-
