2059 3228
123 257 173 286 An.
191 258 218 287 C.
237 259 304 289 1587

131 2394 259 2423 nodumque

79 2428 100 2445 el
114 2432 195 2446 annuos
211 2433 260 2453 pro-

59 2468 66 2475 .
78 2459 154 2476 ventus
198 2460 258 2479 assi—

77 2490 134 2512 gnal3

361 252 424 286 850
905 261 1086 285 autrannus
1104 261 1258 286 ROMANUM

315 313 362 356 gis
399 313 572 345 elucescat:
612 311 721 345 habita
758 322 858 356 super
894 312 956 346 hoe
988 324 1062 346 cum
1103 323 1189 346 nune
1206 313 1238 346 in
1258 313 1436 357 praesentis
1455 313 1562 357 operis
1580 313 1786 348 inchoatione
1796 324 1850 348 su-

314 365 549 399 venerabilibus
580 366 733 398 fratribus
764 365 882 399 nostris
906 366 936 400 S.
964 367 999 399 R.
1023 367 1058 400 E.
1102 377 1160 409 per
1179 367 1345 401 exactione
1360 378 1417 400 seu
1434 367 1560 410 gabella
1577 367 1739 411 lignorum
1757 378 1848 402 com-

313 419 533 453 cardinalibus
553 418 787 454 deliberatione
799 425 936 461 matura,
949 421 987 453 de
1008 431 1061 454 eo·
1100 419 1302 453 bustibilium
1327 431 1364 453 ac
1387 420 1548 453 reditibus
1568 430 1606 453 ex
1624 430 1663 453 ea
1682 421 1847 454 annuatim

310 484 382 505 rum
400 472 537 505 consilio
558 478 588 505 et
607 483 750 514 assensu,
773 473 813 506 ad
832 473 887 507 Dei
907 474 1058 518 omnipo·
1100 473 1363 516 provenientibus
1375 473 1414 506 ad
1430 473 1518 506 hunc
1533 472 1737 517 potissimum
1750 484 1847 508 usum

310 526 404 559 tentis
440 526 589 569 gloriam,
626 537 809 570 pauperum
832 527 1056 562 mendicorum
1097 537 1114 558 a
1135 526 1228 559 nobis
1256 537 1362 570 nuper
1381 519 1723 568 destinata,⁰quinque
1745 525 1847 560 millia

308 580 515 613 commodum
535 586 567 613 et
585 580 734 621 salutem,
761 591 798 614 ac
818 581 947 625 piorum
978 593 1055 627 ope-
1096 584 1186 612 scuta
1220 579 1389 612 annuatim
1421 584 1579 623 perpetuo
1610 578 1849 625 percipianturzl

306 644 379 666 rum
399 634 652 675 incrementum,
675 634 709 667 in
729 634 841 668 eadem
858 636 941 669 alma
958 636 1053 677 Urbe,
1095 633 1220 677 reliqua
1237 643 1312 666 vero
1332 638 1474 676 quatuor
1496 632 1599 666 millia
1627 637 1718 666 scuta
1735 642 1846 667 annua

307 687 339 719 in
358 687 493 721 aedibus
512 699 614 732 prope
632 688 766 722 Pontem
795 689 917 723 Sixtum
934 690 973 723 ad
992 691 1053 735 Ty-
1094 698 1129 720 ex
1161 687 1372 730 pensionibus
1399 697 1459 731 per
1477 686 1693 720 conductores
1711 685 1845 737 alterius

304 740 388 774 beris
407 741 511 785 ripam
531 742 610 783 sitis,
632 753 712 785 quas
732 742 770 775 ad
787 742 849 776 hoc
863 743 980 777 nostris
997 755 1053 787 pe·
1092 751 1191 774 novae
1211 741 1355 784 gabellae
1375 751 1474 785 super
1492 740 1683 774 attractione
1697 750 1755 774 seu
1764 749 1845 774 con-

302 788 408 827 cuniis
424 805 540 838 magno
554 795 658 839 pretio
678 795 828 838 emimus,
845 802 881 830 ut
900 798 940 830 ad
955 808 1048 831 usum
1091 794 1242 828 ductione
1262 794 1393 828 navium
1426 800 1458 828 et
1485 793 1719 836 navicularum,
1757 790 1845 838 quae*

301 848 491 881 eorumdem
511 859 694 892 pauperum
706 849 938 883 instauratione
959 856 990 884 et
1006 848 1048 884 t'a'-
1089 859 1148 892 per
1167 848 1314 892 Tyberim
1325 849 1448 882 flumen
1465 859 1540 882 cum
1555 847 1695 890 bubalis,
1716 848 1844 882 iumen-

298 900 388 934 brica
399 908 584 945 opportuna
600 903 1046 946 accommodaricuravimus,
1089 901 1127 934 lis
1146 902 1195 935 vel
1224 902 1297 935 aliis
1325 902 1519 935 animalibus
1551 901 1759 936 deducuntur
1785 911 1843 935 an·

298 965 400 987 unum
429 955 588 1000 hospitale
613 967 795 1000 pauperum
821 958 1046 992 mendicorum
1087 956 1212 989 nuatim
1250 956 1483 1000 persolvendis·
1524 956 1685 996 Quoniam
1721 955 1842 990 ¹1⁰Stl'is

296 1008 467 1052 utriusque
486 1020 591 1050 sexus,
624 1010 657 1042 in
677 1021 742 1054 quo
766 1017 875 1045 tamen
899 1023 1044 1046 seorsum
1086 1010 1282 1054 sumptibus,
1303 1016 1367 1043 tam
1389 1010 1475 1043 dicta
1490 1008 1643 1042 utensilia
1662 1013 1693 1042 et
1711 1008 1842 1053 suppel-

294 1061 391 1095 viria
415 1062 607 1096 mulieribus
634 1074 766 1097 manere
791 1070 824 1097 et
849 1067 1043 1099 commorari
1084 1063 1215 1104 lectilia,
1251 1069 1288 1097 ut
1321 1063 1516 1107 praefertur,
1547 1073 1608 1107 pro
1642 1073 1705 1096 usu
1735 1061 1840 1107 ipsius

293 1115 443 1157 debeant,
473 1127 531 1160 pro
556 1111 704 1161 ipsorum
741 1119 908 1162 perpetuis
932 1130 1044 1164 recep·
1083 1117 1264 1161 hospitalis,
1286 1127 1382 1160 quam
1404 1117 1501 1150 etiam
1523 1116 1586 1150 alia
1603 1116 1838 1160 inpraesentia-

293 1169 393 1210 tiOne,
414 1170 614 1204 habitatione
634 1177 664 1204 et
683 1172 949 1214 substentatione,
967 1184 1041 1207 cum
1082 1180 1155 1203 rum
1179 1170 1361 1203 necessaria
1387 1181 1446 1214 pro
1471 1170 1559 1219 victu
1583 1174 1615 1203 et
1635 1169 1752 1204 vestitu
1778 1179 1837 1205 eo-

289 1222 357 1255 suis
377 1224 531 1265 oratorio,
554 1225 711 1265 sacristia,
739 1218 946 1267 coemeterio,
978 1227 1041 1260 hu·
1082 1224 1232 1258 rumdem
1247 1224 1475 1258 mendicorum
1492 1229 1601 1268 empta
1615 1223 1678 1257 iam
1693 1229 1731 1273 fiet
1748 1234 1837 1258 com-

289 1275 356 1307 witi
378 1277 555 1323 campanili
575 1283 606 1311 et
625 1279 803 1323 campanis,
826 1290 863 1313 ac
883 1280 1041 1315 distinctis
1082 1284 1191 1322 parata
1209 1289 1246 1312 ac
1265 1279 1341 1312 satis
1360 1278 1488 1312 abunde
1504 1278 1632 1322 provisa
1649 1274 1834 1321 sunt,nuno

289 1335 315 1361 et
338 1330 505 1373 separatis,
527 1342 587 1375 pro
617 1331 740 1365 eisdem
757 1333 927 1377 utriusque
947 1345 1041 1368 sexus
1080 1333 1212 1365 demum
1233 1332 1266 1365 in
1286 1332 1434 1366 eiusdem
1458 1331 1628 1376 hospitalis
1651 1342 1731 1366 usus
1761 1326 1834 1367 ero-

287 1384 446 1426 pcrsonis,
473 1385 667 1426 refectoriis,
689 1386 898 1429 dormitoriis,
924 1388 1037 1430 hortis,
1078 1386 1146 1429 gari
1171 1392 1203 1420 et
1233 1386 1377 1420 converti
1395 1386 1545 1420 volumus
1572 1391 1603 1420 et
1625 1386 1829 1428 mandamus,

285 1435 378 1476 areis,
403 1437 492 1471 cellis
512 1444 544 1471 ct
560 1439 710 1480 officinis,
731 1451 876 1484 congrua
905 1443 1037 1486 suppel-
1077 1440 1315 1484 ubietquando
1327 1440 1366 1473 ad
1386 1445 1539 1483 urgentes
1557 1440 1637 1474 illuc
1663 1435 1831 1475 confluen-

285 1489 397 1531 lectili,
419 1492 612 1526 utensilibus
645 1493 782 1537 aliisque
806 1494 904 1528 rebus
923 1506 1036 1529 neces·
1077 1497 1158 1531 tium
1194 1498 1402 1532 necessitates
1437 1498 1553 1532 maiori
1580 1498 1727 1543 impensa
1745 1493 1829 1544 opus

283 1543 388 1585 sariis,
410 1555 476 1578 non
497 1546 654 1580 mediocri
671 1553 781 1581 nostro
795 1554 927 1592 sumptu
947 1559 1036 1583 com-
1076 1562 1143 1585 esse
1164 1557 1367 1595 compertum
1385 1552 1456 1593 erit,
1476 1563 1513 1586 ac
1533 1553 1828 1587 emolumentatam

282 1597 416 1639 paratis,
436 1599 635 1634 sufficienter
654 1600 863 1643 instructum,
885 1613 944 1646 per
959 1614 1036 1646 qua-
1075 1615 1113 1638 ex
1132 1605 1336 1649 primodicta,
1357 1616 1456 1650 quam
1475 1607 1502 1640 si
1526 1617 1608 1651 opus
1627 1607 1698 1649 erit,
1718 1617 1756 1641 ex
1777 1618 1828 1642 se-

282 1655 357 1683 tuor
375 1651 459 1685 viros
479 1653 615 1687 clericos
642 1660 698 1687 aut
724 1655 825 1689 laicos
849 1656 984 1690 idoneos
1005 1664 1035 1690 et
1075 1659 1182 1692 cundo
1206 1659 1292 1692 dicta
1316 1659 1450 1702 gabellis
1470 1666 1678 1703 proventura,
1701 1661 1826 1695 mendi-

282 1705 446 1747 probatos‚
468 1717 609 1750 quorum
629 1708 693 1741 duo
712 1719 731 1741 a
750 1709 872 1753 populo
888 1710 1050 1744 Romano
1074 1717 1193 1746 corum'
1205 1712 1393 1747 huiusmodi
1403 1713 1649 1747 necessitatibus
1664 1719 1824 1759 perpetuo

282 1757 315 1790 in
334 1759 467 1801 publico
487 1760 634 1803 consilio,
667 1768 698 1796 et
723 1763 787 1796 duo
808 1763 926 1807 reliqui
946 1776 963 1798 a
983 1765 1032 1798 di-
1072 1766 1230 1807 dicamus,
1261 1766 1466 1813 applicamus
1494 1773 1525 1800 et
1558 1767 1823 1812 appropriamus:

280 1811 372 1844 lectis
391 1812 466 1845 siliis
485 1815 703 1849 confratribus
723 1817 1032 1852 archiconfraterni-

280 1864 354 1898 tatis
373 1865 600 1902 Sanctissimae
620 1869 785 1904 Trinitatis
802 1871 1033 1907 Convalescen-

279 1917 359 1951 tium
387 1924 418 1952 et
445 1920 707 1965 Peregrinorum,
738 1924 831 1958 cuius
851 1927 1029 1960 oratorium

278 1970 322 2003 ibi
349 1973 487 2015 proximi
520 1975 569 2008 via
593 1975 784 2010 intermedia
818 1980 1028 2013 constitutum

278 2023 394 2066 existit,
417 2036 453 2059 ex
474 2037 533 2061 suo
553 2039 691 2073 corpore
711 2031 805 2064 annis
821 2031 958 2075 singulis
973 2035 1030 2067 eli—

277 2083 394 2119 gantur
426 2085 455 2112 et
481 2081 690 2125 deputentur,
710 2085 900 2127 regendum,
924 2087 1027 2120 admi-

277 2131 478 2166 nistrandum
512 2141 543 2168 et
574 2136 834 2179 gubernandum,
866 2150 902 2172 ex
941 2147 1027 2175 certa

275 2190 385 2218 nostra
403 2187 549 2228 scientia,
562 2199 599 2221 ac
619 2189 658 2222 de
677 2191 874 2233 apostolicae
887 2199 1027 2237 potesta-

276 2236 314 2269 tis
334 2238 547 2282 plenitudine,
578 2247 688 2276 tenore
709 2245 939 2288 praesentium,
960 2248 1024 2281 eri-

275 2299 380 2330 gimus
400 2297 428 2325 et
450 2293 660 2329 instituimus

317 2340 332 2382 ἓ
351 2339 383 2373 3.
405 2342 449 2374 Ac
471 2343 532 2387 ipsi
557 2344 708 2388 hospitali
728 2358 910 2392 pauperum
930 2361 1021 2384 men-

273 2390 419 2427 dicorum
441 2403 548 2431 erecto
578 2404 608 2432 et
636 2399 791 2442 instituto,
812 2403 895 2436 dotis
920 2406 1021 2438 nomi-

273 2451 324 2482 ne,
348 2446 431 2478 etad
453 2450 676 2484 sustentandos
697 2462 857 2497 pauperes
879 2455 1019 2489 reditum

273 2500 415 2525 annuum
433 2505 545 2530 novem
566 2499 704 2532 millium
724 2508 891 2536 scutorum
909 2515 1018 2538 mone-

271 2545 321 2572 tae
340 2541 514 2586 Romanae,
544 2546 631 2581 iuliis
651 2548 762 2583 decem
791 2562 851 2595 pro
872 2553 1017 2596 quolibet

270 2594 361 2642 scuto
381 2591 564 2627 huiusmodi
595 2599 800 2640 computatis,
825 2600 866 2633 ita
896 2603 1015 2636 consti-

270 2641 389 2671 tuimus
418 2646 448 2672 ct
478 2643 687 2686 assignamus,
717 2653 752 2680 ut
778 2648 925 2683 videlicet
954 2662 1013 2694 pro

1070 1885 1108 1908 ac
1125 1874 1184 1908 sub
1205 1885 1310 1919 poena
1329 1875 1673 1909 excommunicationis
1689 1885 1748 1920 per
1759 1875 1824 1909 sin-

1069 1928 1163 1971 gulos
1183 1928 1460 1962 contravenientes
1480 1939 1518 1962 eo
1532 1931 1601 1973 ipso
1612 1928 1819 1970 incurrenda‚

1069 1982 1242 2026 praedictis
1267 1982 1471 2016 thesaurario
1488 1988 1519 2016 et
1531 1982 1754 2017 commissario
1763 1993 1820 2026 ge-

1067 2035 1232 2069 neralibus
1251 2047 1339 2070 nunc
1359 2041 1391 2070 et
1408 2046 1468 2080 pro
1488 2042 1634 2082 tempore
1654 2036 1818 2071 existenti-

1066 2088 1127 2122 bus
1143 2095 1173 2123 et
1193 2089 1276 2131 aliis,
1293 2090 1333 2123 ad
1349 2101 1431 2134 quos
1453 2096 1588 2135 spectat,
1606 2102 1647 2124 ne
1668 2091 1817 2135 praedic-

1066 2148 1115 2176 tos
1145 2154 1182 2176 ex
1210 2143 1400 2177 huiusmodi
1432 2144 1567 2187 gabellis
1594 2145 1640 2178 sic
1667 2155 1726 2189 per
1758 2154 1818 2178 nos

1064 2196 1244 2240 assignatos
1275 2203 1306 2230 et
1329 2197 1506 2242 applicatos
1530 2208 1656 2231 annuos
1694 2197 1817 2232 reditus

1063 2249 1096 2282 in
1130 2249 1222 2291 alios,
1248 2251 1394 2295 quamvis
1431 2251 1502 2295 pios
1539 2257 1571 2285 et
1604 2251 1812 2292 necessarios,

1062 2314 1141 2336 usus
1158 2314 1292 2347 erogare
1319 2309 1374 2338 aut
1393 2310 1580 2338 convertere
1606 2305 1748 2339 audeant
1767 2305 1813 2338 vel

1064 2363 1287 2400 praesumant,
1306 2363 1338 2391 et
1354 2358 1441 2401 quod
1452 2357 1546 2391 nobis
1558 2358 1656 2392 licere
1670 2368 1737 2392 non
1756 2369 1813 2403 pa-

1063 2409 1175 2452 timur,
1194 2410 1334 2455 idipsum
1355 2411 1473 2444 nostris
1493 2412 1733 2446 successoribus
1761 2413 1812 2446 in-

1049 2459 1220 2493 ·dicamus.
1256 2460 1408 2493 Eamdem
1435 2461 1682 2504 assignationem
1707 2467 1738 2496 et
1757 2472 1813 2506 ap-

1060 2507 1272 2550 plicationem
1293 2509 1475 2542 iuramento
1495 2520 1513 2542 a
1538 2510 1631 2543 nobis
1657 2509 1811 2554 praestito

1057 2555 1096 2589 de
1120 2557 1218 2590 rebus
1230 2557 1391 2591 Ecclesiae
1411 2569 1476 2591 non
1495 2558 1674 2592 alienandis
1687 2568 1810 2602 nequa·

1055 2615 1154 2647 qnam
1195 2605 1356 2639 adversari
1390 2607 1602 2648 arbitrantes,
1635 2613 1704 2640 tum
1732 2606 1808 2650 quia

1054 2653 1208 2696 provenit
1228 2664 1265 2687 ex
1295 2655 1430 2697 gabellis
1450 2655 1490 2689 de
1526 2665 1608 2690 novo
1642 2654 1805 2688 institutis,

1071 1820 1256 1855 inhibentes
1265 1820 1299 1854 in
1322 1821 1441 1855 virtute
1452 1828 1581 1855 sanctae
1605 1821 1821 1864 obedientiae,
1859 1856 1862 1857 γ

1959 2812 2002 2908 {2⁴50.
