2059 3228
30 247 42 273 '.
56 243 126 273 ‘1359

79 1320 132 1342 uhi-t-

68 1347 125 1368 ιοοίο

40 1521 135 1555 {messen-

47 1560 83 1582 tin.

734 246 909 274 Gnncomns
926 246 983 271 xur
1001 247 1048 272 rr.

119 319 121 324 ¹
143 303 202 345 tia,
214 311 273 348 pro
286 306 495 348 peecatorum
509 305 695 335 nostrorum
704 301 884 346 expiatione

140 356 384 391 acerbissimum
405 356 511 389 crucis
532 361 728 390 tormentum
748 355 882 394 subiret,

141 419 238 454 opera
256 408 383 453 pietatis
402 414 433 441 et
451 408 593 442 caritatis
607 408 795 442 huiusmodi
805 408 884 441 fide-

139 462 224 496 libus
242 461 307 495 suis
326 461 483 495 instanter
508 461 756 502 commendavit,
784 460 881 501 vices,

139 514 214 562 lieet
233 514 399 555 immeriti,
421 520 569 557 gerentes
587 514 621 547 in
640 513 746 554 terris,
768 513 808 547 atl
833 524 882 553 ea,

137 578 197 613 per
212 577 295 612 quae
318 578 418 612 opera
438 568 507 612 ipsa
526 567 660 611 ubique,
693 567 884 611 praesertim

138 621 173 654 in
188 620 273 654 alma
281 619 366 654 Urbe
385 626 506 661 nostra,
527 631 610 664 quae
629 620 745 653 ceteris
759 620 884 653 illustre

139 673 302 718 exemplar
323 679 486 717 praestare
509 673 616 714 debet,
637 673 677 706 ad
702 683 882 716 pauperum

139 725 277 760 carceris
302 726 518 760 incommodis
536 737 574 759 ac
594 726 733 759 miseriis
751 726 884 759 afflicto-

136 789 212 814 rum
231 779 476 813 subventionem
497 784 528 813 et
547 779 748 823 spiritualem
773 789 885 812 conso-

136 831 290 866 lationem
309 833 437 867 valeant
460 833 645 879 propagari,
671 833 809 866 libenter
834 833 883 865 in-

135 886 311 927 tendimus,
337 891 369 920 et
391 887 432 920 ad
456 887 487 919 id
511 885 622 919 fideles
641 886 803 929 quoslibet
821 886 884 930 spi-

136 938 308 972 ritualibus
327 939 530 979 muneribus,
542 939 752 982 indulgentiis
771 939 885 973 videli-

135 995 188 1026 cet
206 997 238 1025 et
266 997 474 1036 peccatorum
500 992 745 1025 remissionibus
772 992 884 1025 invita-

137 1055 221 1086 mus,
240 1055 278 1078 ac
296 1045 375 1079 alias
393 1045 534 1088 desuper
553 1045 650 1078 officii
666 1045 766 1078 nostri
779 1051 884 1088 partes

136 1097 386 1142 interponimus,
396 1104 503 1142 prout,
514 1109 622 1132 rerum
632 1104 663 1132 et
671 1109 883 1143 personarum

137 1150 346 1195 qualitatibus
364 1151 470 1185 debite
486 1151 640 1196 pensatis,
666 1152 885 1196 conspicimus

104 1242 106 1246 y
137 1203 172 1237 in
189 1203 326 1238 Domino
345 1205 521 1238 salubriter
544 1205 707 1248 expedire.

181 1257 248 1302 51.
275 1257 371 1299 Sane,
401 1258 543 1292 exhibita
571 1258 665 1291 nobis
696 1269 802 1302 nuper
825 1269 885 1303 pro

137 1315 229 1355 parte
247 1311 490 1355 quamplurium
511 1311 641 1355 pioium
666 1312 768 1345 dictae
792 1313 886 1345 U1bis

42 1363 393 1398 mnchristifidetium
432 1365 545 1423 petitio
577 1365 763 1399 continebat
800 1367 886 1410 quod

46 1402 212 1474 assumpsi,
231 1417 285 1462 pia
304 1423 400 1461 atque
414 1418 541 1451 sincera
555 1418 722 1452 devotione
736 1419 837 1460 ducti,
850 1430 886 1452 ac

77 1459 179 1503 mde
199 1470 338 1514 ploximi
358 1470 408 1504 sui
428 1471 557 1504 salute
550 1471 779 1514 iuvamineque
797 1482 887 1505 reco-

128 1523 285 1567 -gitanteS,
296 1534 333 1557 ac
345 1534 380 1557 re
396 1525 466 1568 ipsa
487 1525 724 1584 comperientes
745 1525 887 1559 diversos

140 1576 174 1610 in
193 1576 288 1611 dies
280 1588 314 1610 in
333 1577 420 1611 dicta
434 1578 519 1612 Urbe
531 1578 634 1612 varias
645 1579 686 1612 ob
698 1590 810 1612 causas
819 1590 888 1612 car-

141 1635 274 1672 ceratos,
282 1635 428 1675 tempore
439 1640 553 1665 eorum
563 1632 873 1673 carcerationis,tam
884 1652 889 1656 -

141 1694 238 1727 quam
248 1683 288 1716 ab
296 1684 410 1718 amicis
421 1685 627 1729 propriisque
639 1686 888 1729 consanguineis

141 1736 323 1778 derelictos,
343 1738 393 1771 vel
412 1738 476 1771 illis
495 1738 529 1771 in
548 1739 660 1772 eadem
676 1739 760 1772 Urbe
776 1750 889 1772 caren-

142 1795 199 1830 tes,
224 1795 256 1823 et
286 1791 463 1835 praecipue
491 1797 659 1825 extraneos
687 1792 887 1825 diversarum

143 1843 229 1877 orbis
249 1844 416 1877 christiani
436 1845 618 1886 nationum,
641 1856 780 1889 quorum
795 1847 891 1879 maxi-

144 1905 196 1929 ma
215 1896 248 1930 in
268 1897 380 1930 eadem
400 1898 496 1939 Urbe,
519 1904 584 1931 tarn
602 1909 661 1942 pro
681 1899 762 1932 locis
773 1900 891 1932 sanctis

145 1948 250 1983 dictae
269 1950 363 1984 Urbis
381 1951 540 1992 visitandi,
561 1962 657 1995 quam
679 1951 774 1984 etiam
798 1952 892 1985 variis

145 2002 290 2046 negociis
314 2004 401 2047 apud
420 2014 479 2037 nos
500 2010 708 2048 sanctamque
720 2004 836 2038 Sedem
851 2007 892 2037 A-

145 2056 335 2100 postolicam
357 2062 388 2090 et
407 2057 485 2090 alias
514 2058 715 2102 peragendis,
748 2068 893 2092 commo-

146 2108 211 2141 rari
231 2109 324 2149 solet,
347 2110 452 2154 copia,
475 2111 530 2154 qui
550 2111 614 2143 illis
635 2111 666 2143 in
691 2111 758 2144 suis
786 2122 894 2145 neces-

148 2161 295 2196 sitatibus
318 2168 382 2196 tam
404 2164 625 2208 spiritualibus
651 2175 746 2208 quam
773 2171 896 2209 tempo-

149 2214 270 2248 ralibus
307 2217 506 2257 subveniant,
536 2228 713 2262 eorumque
734 2229 846 2251 causas
865 2224 907 2256 et,

149 2268 374 2302 liberationem
394 2277 583 2313 procurent,
606 2271 638 2303 in
655 2271 758 2304 varios
783 2271 897 2304 miser-

151 2321 315 2364 rimosque
336 2332 372 2354 ac
404 2323 499 2355 etiam
525 2334 758 2367 saepenumero
782 2324 897 2368 despe-

152 2375 287 2408 rationis
306 2375 458 2419 propriae
478 2377 590 2410 salutis
609 2383 640 2410 et
658 2378 742 2411 vitae
757 2377 898 2411 incidere

155 2438 260 2463 casus,
283 2438 319 2461 ac
344 2427 478 2466 ibidem,
504 2429 601 2472 longo
625 2431 765 2463 carceris
795 2431 899 2464 taedio

156 2476 286 2509 affectos
322 2487 359 2508 ac
392 2482 566 2520 pertaesos,
601 2478 780 2511 miserrime
805 2479 900 2511 vitani

157 2523 262 2557 finire.
288 2525 390 2561 Unde,
418 2531 453 2558 ut
477 2525 526 2557 his
550 2526 740 2560 miserandis
761 2527 898 2562 casibus,

159 2572 343 2606 infortuniis
373 2580 404 2607 et
428 2575 663 2607 calamitatibus
694 2575 725 2607 111
757 2576 902 2608 futurum

161 2622 339 2655 remedium
353 2623 481 2666 aliquod
495 2624 622 2656 salubre
635 2623 778 2656 abhiberi
790 2625 901 2668 possit,

1565 236 1630 270 285

926 298 1060 344 praefati
1081 298 1308 334 christifideles
1327 309 1426 334 unam
1440 298 1608 343 utriusque
1628 309 1673 332 se-

925 363 983 385 xus
1008 351 1281 393 christifidelium,
1315 354 1374 386 suh
1410 351 1674 386 denominatione

925 405 1055 438 Pietatis
1078 404 1342 447 Carceratorum,
1363 405 1672 440 archiconfraterni-

925 464 1023 491 tatem
1043 458 1075 491 in
1096 459 1208 491 cadem
1228 459 1324 499 Urbe,
1351 470 1387 493 ac
1411 460 1552 503 quodam
1575 459 1616 492 ad
1639 459 1673 492 id

925 521 1070 554 congruo
1090 516 1120 545 et
1140 511 1268 545 decenti
1296 513 1380 552 loco,
1411 513 1471 545 sub
1502 517 1613 546 nostro
1641 517 1673 545 et

925 564 1027 597 dictae
1070 564 1160 597 Sedis
1202 565 1404 608 beneplacito
1441 565 1671 599 instituendam

925 623 1179 661 proposuerunt,
1200 618 1292 651 cuius
1312 619 1510 651 confratrum
1519 629 1578 663 pro
1590 624 1672 652 tem—

925 681 1004 714 pore
1024 670 1228 704 existentium
1249 671 1462 715 praecipuum
1487 672 1527 704 sit
1544 672 1672 705 institu—

925 728 1006 764 tum,
1029 734 1189 768 pauperes
1208 724 1242 756 in
1271 724 1384 767 quovis
1412 735 1542 758 carcere
1568 725 1672 758 dictae

925 776 1030 817 Urbis,
1052 782 1116 809 tam
1138 787 1196 821 pro
1217 777 1301 810 civili
1322 788 1418 821 quam
1437 788 1496 821 pro
1512 778 1673 811 criminali

925 830 1041 870 causis,
1078 840 1137 872 pro
1174 835 1321 873 tempore
1364 830 1518 871 detentos,
1539 831 1672 874 quibus-

926 894 999 915 cum
1021 883 1163 927 colloqui
1183 884 1378 927 permissum
1400 883 1451 924 sit,
1482 885 1569 916 omni
1599 896 1672 918 cum

925 936 1127 970 humanitate
1152 942 1183 970 et
1201 937 1334 970 caritate
1354 948 1391 970 ac
1415 937 1574 981 spirituali
1599 949 1672 971 con-

925 990 1081 1024 solatione
1100 1001 1159 1034 per
1178 990 1265 1034 ipsos
1284 990 1457 1023 ordinatim
1477 991 1616 1029 visitare,
1643 997 1673 1024 et

925 1043 965 1076 ad
979 1043 1166 1087 patientiam
1179 1043 1212 1076 in
1222 1044 1287 1077 suis
1297 1044 1542 1076 adversitatibus
1551 1043 1673 1077 sortiter

926 1101 956 1129 et
967 1097 1111 1130 animose
1122 1107 1181 1141 pro
1195 1097 1321 1131 Christo
1339 1097 1533 1138 habendam,
1546 1107 1673 1130 necnon

926 1150 1160 1183 consessionem
1185 1151 1449 1183 sacramentalem
1471 1160 1584 1182 eorum
1603 1161 1674 1194 pec-

927 1209 1073 1236 catorum
1083 1203 1264 1236 faciendam
1277 1203 1439 1237 exhortari
1456 1209 1485 1236 et
1499 1204 1671 1244 consolari,

927 1257 1201 1301 eleemosynisque
1222 1257 1420 1301 pauperihus
1439 1257 1621 1297 subvenire3
1643 1263 1675 1290 et

927 1310 982 1354 qui
1003 1321 1040 1343 ex
1060 1310 1179 1344 eisdem
1200 1310 1417 1343 confratribus
1437 1311 1619 1344 sacerdotes
1644 1316 1675 1343 et

927 1364 966 1396 ad
987 1364 1205 1398 confessiones
1225 1363 1402 1396 audiendas
1419 1364 1586 1407 approbati
1609 1365 1674 1396 sue-

928 1417 1004 1458 1int‚
1026 1418 1216 1450 eorumdem
1242 1423 1480 1450 carceratorum
1503 1418 1675 1451 consessio-

928 1481 984 1504 nes
1016 1471 1139 1509 andirc;
1172 1471 1314 1514 ipsisque
1339 1471 1510 1504 carceratis
1534 1471 1674 1503 diversos

929 1524 1112 1567 spirituales
1131 1524 1240 1563 libros,
1265 1524 1297 1556 in
1322 1525 1439 1567 1111111115ι
1464 1525 1619 1567 teg-ondin,
1646 1530 1672 1557 01

929 1578 1035 1619 legere
1056 1577 1240 1621 ignorantes
1253 1578 1332 1611 alios
1344 1579 1485 1621 legentes
1494 1578 1674 1615 audiendis,

929 1636 1141 1674 occupentur,
1162 1631 1304 1673 elargiri;
1327 1643 1362 1663 a(-
1383 1636 1415 1663 ut
1438 1632 1554 1664 eisdem
1572 1642 1677 1664 carce-

930 1684 1017 1723 ratis,
1040 1684 1213 1717 dominicis
1233 1690 1264 1717 et
1283 1685 1354 1717 aliis
1374 1685 1487 1717 diebus
1507 1685 1624 1717 festivis
1639 1685 1677 1717 de

931 1743 1103 1781 praecepto
1124 1738 1280 1771 ecclesiae
1305 1738 1421 1771 servari
1449 1738 1561 1778 solitis,
1590 1738 1675 1770 verbi

932 1791 986 1823 Dei
1007 1791 1180 1823 conciones
1206 1796 1233 1823 et
1261 1791 1499 1824 exhortationes
1523 1793 1616 1830 liant,
1648 1796 1678 1822 01,

933 1844 981 1876 his
1002 1844 1177 1887 praecipue
1207 1844 1339 1883 (liebus,
1368 1844 1427 1887 ipsi
1455 1844 1608 1876 carcerati
1638 1844 1677 1875 ab

934 1897 1052 1929 illicitis
1073 1897 1165 1935 ludis,
1192 1897 1400 1941 blasphemiis
1430 1897 1563 1939 aliisque
1595 1896 1679 1928 chri-

934 1951 1035 1982 stiana
1056 1950 1171 1993 pietate
1192 1951 1333 1993 indignis
1353 1951 1543 1989 abstineant,
1567 1950 1606 1982 ad
1623 1949 1677 1982 Dei

935 2004 1061 2036 laudeni
1084 2003 1293 2047 ipsorumque
1322 2010 1560 2035 cart-oratorum
1589 2003 1680 2047 spiri-

935 2057 1052 2089 tualem
1075 2057 1325 2089 consolationem
1345 2067 1531 2099 procurare,
1550 2066 1680 2099 pacem-

936 2121 998 2153 que
1019 2116 1046 2142 et
1073 2110 1280 2142 concordiam
1300 2110 1383 2142 iuter
1400 2110 1483 2151 ipsos
1501 2115 1682 2142 carceratos

928 2169 964 2195 ¹et
990 2174 1102 2195 eorum
1124 2163 1270 2196 inimicos
1301 2163 1381 2195 inire
1411 2168 1441 2194 ct
1472 2174 1679 2205 componere,

937 2216 1063 2260 aliaque
1084 2218 1209 2261 pietatis
1234 2227 1329 2259 opera
1356 2217 1438 2248 circa
1462 2217 1589 2248 eosdem
1611 2227 1681 2248 car-

938 2276 1063 2303 ceratos
1083 2271 1114 2302 in
1149 2270 1216 2302 (lies
1248 2269 1449 2301 (munientia
1481 2280 1539 2312 pro
1564 2269 1684 2301 virilius

940 2334 1100 2356 exercere.
1136 2324 1250 2362 Quare,
1288 2334 1345 2366 pro
1372 2328 1459 2366 parte
1494 2323 1683 2356 corumdem

941 2377 1067 2420 piorum
1093 2376 1364 2415 christifidelium,
1387 2376 1480 2408 uobis
1500 2376 1560 2408 suit
1579 2376 1687 2412 humi-

942 2431 1015 2462 liter
1034 2430 1250 2473 suliiplirutuui
1264 2435 1423 2471 1111111011115
1434 2430 1618 2473 praemissis
1629 2442 1686 2462 an-

943 2491 1042 2512 nuere
1069 2490 1103 2511 as·
1125 2478 1201 2510 alia>
1219 2478 1358 2521 desuper
1377 2484 1559 2521 opportune
1579 2480 1687 2522 provi-

943 2529 1018 2560 ‹lcre
1039 2529 1077 2559 111-
1098 2527 1293 2569 lut-nignitate
1323 2527 1500 2569 apostolica
1537 2527 1688 2570 dignare-

945 2588 1029 2609 llllll.

989 2626 1003 2668 Q
1024 2625 1053 2657 2.
1077 2625 1137 2656 *m
1156 2624 1262 2668 igitur,
1281 2625 1334 2668 qui
1353 2625 1495 2659 honestis
1512 2626 1689 2670 petentium

1689 243 1740 271 An.
1759 243 1787 272 C.
1803 239 1868 272 1570
