2059 3228
92 224 144 252 An.
160 222 189 251 C.
207 223 274 252 ¹587

337 214 400 249 88⁶2

267 286 374 310 0mur.
397 275 482 314 Quae
495 280 664 319 postquam
686 274 826 315 condita,
849 275 981 308 alterata
1009 281 1040 308 et

291 333 413 363 mutata
436 338 473 361 ac
489 328 574 361 edita
594 334 624 361 et
647 329 833 369 reformata,
850 339 886 362 ac
906 340 924 362 a
948 340 1040 373 prae-

289 384 353 415 fato
373 391 462 415 nunc
491 387 521 415 et
541 391 599 425 pro
623 387 769 425 tempore
790 383 943 416 existente
962 394 1038 427 pro-

290 432 410 469 tectore
430 435 607 479 approbata
627 441 658 468 et
686 436 876 469 confirmata
905 437 1036 476 fuerint,
1060 427 1062 431 ¹

289 500 327 523 eo
346 489 428 533 ipso,
449 489 533 523 dicta
553 489 727 533 apostolica
749 490 940 524 auctoritate
961 501 1038 524 con-

888 222 1065 246 BL'LLARIUM
1087 223 1236 247 ROMANUM

1083 275 1153 316 Viti,
1176 275 1305 308 Modesti
1327 280 1356 309 et
1376 275 1576 310 crescentiae
1600 278 1772 321 praefataS,
1792 287 1830 312 ac

1081 328 1159 361 alias
1173 328 1324 361 ecclesias
1335 340 1391 372 pro
1414 334 1559 373 tempore
1574 329 1736 364 dictorum
1753 340 1831 365 con-

1082 381 1297 422 fraternitatis,
1311 382 1496 415 monasterii
1512 387 1543 415 et
1553 383 1679 425 collegii
1695 385 1831 418 existen-

1082 441 1140 476 tes,
1162 447 1289 470 necnon
1311 442 1374 469 tam
1393 436 1700 478 confraternitatem,
1718 448 1830 472 mona-

1081 489 1215 522 sterium
1252 495 1282 522 et
1306 481 1428 522 noviter
1466 496 1610 523 erectum
1643 490 1829 534 collegium,

288 543 416 576 firmata
436 543 500 576 sint
519 549 550 576 et
570 553 637 576 esse
658 549 859 577 censeantur.
1060 574 1062 598 Ι
1080 553 1176 586 quam
1203 543 1332 576 illorum
1354 548 1584 587 protectorem,
1601 543 1756 586 priorem,
1778 555 1832 577 cu-

332 597 347 640 §
367 596 398 631 5.
421 598 465 630 Ac
486 608 574 641 spem
596 597 660 630 iam
680 603 869 642 conceptam
886 597 1039 630 habentes
1061 602 1062 605 ’
1080 596 1197 636 stodes,
1228 596 1408 630 visitatores
1432 596 1575 640 aliosque
1613 596 1768 630 officiales
1801 602 1832 631 et

105 656 272 684 exemptio-aiu·
288 655 445 694 quantum
470 650 547 684 Urbi
575 656 704 685 nostrae
726 652 886 694 praefatae
906 656 937 684 et
965 651 1039 684 uni-
1060 635 1062 679 i
1081 650 1270 690 confratres,
1291 660 1417 683 necnon
1437 649 1642 690 abbatissam,
1675 650 1832 684 moniales

91 690 193 710 risuicun.
209 691 229 708 et
241 694 275 707 su—

92 721 214 747 perioritate
230 722 271 739 etc,

91 751 165 771 vicarii
181 748 241 770 Urbis
252 752 273 769 et

90 782 178 802 aliorum
202 781 273 801 omni-

100 2434 146 2455 [ilar
162 2435 198 2454 iun
215 2435 280 2454 indul-

99 2440 214 2486 ss⁶⁰¹i³r¹¹ffl
245 2468 281 2487 rrs·
298 2459 467 2499 collegium
494 2461 681 2496 huiusmodi
714 2474 779 2497 non
810 2465 915 2498 solum
936 2476 1048 2498 manu-

101 2488 233 2507 visitantibus
246 2494 282 2507 ers

100 2514 194 2537 etesia-n,

99 2540 138 2587 'dits
152 2541 281 2587 “iiihffl'e'iss-
298 2561 362 2588 tmn
385 2557 571 2601 suscipiant,
591 2565 654 2593 tam
677 2561 829 2595 ecclesias
847 2562 878 2595 S.
893 2562 1046 2596 Bernardi

300 2614 397 2649 prope
409 2604 598 2640 Columnam
615 2608 797 2654 Traianam,
812 2609 1044 2645 etSanctorum
1066 2603 1072 2662 j

100 2594 155 2614 brari
184 2594 282 2614 [actenu-

99 2620 146 2642 tun.

288 714 396 737 versae
435 704 630 738 christianae
663 705 860 748 reipublicae
891 704 1039 739 utilitatis
1060 680 1062 734 i

287 759 422 792 afferent
459 758 690 792 monasterium
721 764 751 792 et
783 759 955 803 collegium
994 759 1040 792 sic

288 823 346 856 per
362 823 422 846 nos
442 818 549 846 erecta
569 818 598 846 et
620 813 778 854 instituta,
801 813 855 846 illa
869 824 905 846 ac
925 823 1038 847 eorum

288 877 454 910 personas,
473 877 524 900 res
545 871 575 900 ct
598 866 694 907 bona,
716 867 885 911 ipsamque
914 867 1041 900 confra-

289 920 472 954 ternitatem
497 925 528 954 et
548 921 724 954 confratres
748 921 856 955 Sancti
885 920 1039 954 Bernardi

288 974 348 1006 sub
368 979 477 1008 nostra
503 980 533 1007 et
552 985 611 1018 pro
635 979 780 1019 tempore
801 974 965 1008 existentis
980 975 1040 1007 Ro-

290 1027 376 1060 mani
393 1027 558 1061 Pontificis
578 1034 609 1061 et
625 1028 716 1061 Sedis
729 1028 929 1072 Apostolicae
950 1038 1040 1072 prae-

289 1080 370 1114 fatae
384 1081 416 1113 in
437 1081 658 1126 spiritualibus
674 1088 704 1115 et
717 1081 947 1126 temporalibus
962 1092 1040 1126 pro-

291 1134 428 1168 tectione
454 1135 576 1178 pariter
606 1141 765 1180 perpetuo
800 1135 976 1179 recipimus
1010 1139 1040 1168 et

290 1188 501 1229 admittimus,
515 1199 551 1222 ac
572 1189 611 1221 ab
627 1189 715 1222 omni
736 1189 971 1230 iurisdictione,
990 1200 1040 1222 su-

289 1242 488 1285 perioritate,
514 1243 706 1284 visitatione,
738 1243 951 1284 correctione,
982 1243 1040 1276 do-

290 1295 390 1329 minio
401 1302 431 1329 et
446 1302 600 1339 potestate
611 1297 804 1330 venerabilis
818 1297 925 1330 fratris
940 1296 1040 1330 nostri

290 1349 395 1382 Iacobi
427 1349 612 1383 Portuensis
640 1349 812 1383 cardinalis
843 1350 882 1384 de
906 1350 1041 1384 Sabellis

291 1402 482 1446 nuncupati,
503 1403 649 1436 moderni
661 1414 697 1437 ac
707 1403 802 1437 etiam
824 1415 883 1448 pro
895 1410 1040 1448 tempore

291 1456 454 1489 existentis
474 1456 505 1489 in
518 1457 629 1490 eadem
644 1457 728 1490 Urbe
743 1457 854 1491 vicarii
869 1458 1038 1501 generalis,

291 1513 319 1541 et
346 1508 432 1541 illius
454 1510 667 1553 vicegerentis
687 1521 724 1543 ae
743 1511 995 1544 locatenentium
1012 1516 1042 1544 et

291 1561 478 1595 officialium
506 1574 803 1608 quorumcumque,
830 1575 956 1598 necnon
986 1564 1041 1598 ab·

290 1616 411 1655 batum,
432 1616 631 1650 visitatorum
653 1623 683 1650 et
715 1618 919 1661 superiorum
945 1619 1042 1651 totius

291 1668 419 1701 Ordinis
443 1669 474 1702 S.
498 1670 674 1711 Benedicti,
694 1676 725 1704 et
744 1671 933 1715 praesertim
965 1683 1042 1705 con-

291 1722 487 1765 gregationis
507 1724 538 1755 S.
561 1724 716 1757 Bernardi
736 1724 811 1758 dicti
841 1724 979 1765 Ordinis,
1007 1736 1043 1758 ac

291 1787 349 1818 pro
366 1781 510 1820 tempore
531 1776 693 1810 existentis
712 1778 847 1811 rectoris
875 1778 1044 1822 parochia-

291 1829 329 1861 lis
349 1830 503 1863 ecclesiae
525 1830 556 1862 in
577 1841 640 1874 qua
668 1831 901 1865 monasterium
923 1838 951 1865 et
977 1832 1044 1866 col-

291 1882 410 1923 legium
432 1882 618 1916 huiusmodi
642 1894 730 1917 nunc
751 1884 810 1917 sita
840 1890 916 1917 sunt
935 1891 965 1918 et
985 1895 1044 1929 pro

292 1940 437 1979 tempore
451 1941 556 1976 erunt,
565 1936 660 1969 etiam
673 1936 760 1970 circa
767 1944 1044 1971 sacramentorum

292 1988 617 2029 administrationem,
640 1990 769 2034 penitus
789 1997 821 2024 et
849 1991 981 2025 omnino
1009 2002 1045 2025 ac

292 2047 450 2084 perpetuo
471 2042 642 2076 eximimus
655 2048 685 2076 et
698 2043 893 2085 liberamus3
921 2056 957 2078 ac
978 2055 1046 2078 mo-

293 2095 468 2127 nasterium
491 2101 521 2128 et
546 2097 720 2139 collegium
741 2097 928 2132 huiusmodi
955 2109 1047 2142 pror-

294 2158 347 2180 sus
371 2155 517 2193 exempta
538 2155 569 2182 et
588 2149 689 2183 libera
710 2161 727 2183 a
746 2151 857 2184 vicarii
882 2152 981 2185 nostri
1010 2163 1047 2185 ac

295 2201 459 2241 abbatum,
475 2202 675 2236 visitatorum
687 2209 717 2237 et
732 2204 938 2248 superiorum
955 2215 1047 2249 prac-

297 2254 433 2287 fatorum
456 2267 491 2289 ac
512 2257 690 2300 parochiali
711 2258 933 2292 iurisdictione
953 2264 1049 2292 etsu-

298 2307 481 2349 perioritate
502 2320 569 2343 esse
590 2316 617 2343 et
642 2312 709 2344 fore
734 2311 906 2346 statuimus
935 2318 965 2346 ct
995 2312 1048 2345 dc-

297 2372 470 2394 Cvl'lllmtls.

1062 1456 1370 1499 ·indulgentiarum,
1404 1456 1499 1489 etiam
1539 1456 1772 1499 plenariarum‚
1801 1461 1833 1489 et

341 2411 355 2450 ,ἓ
387 2410 417 2443 si.
451 2412 484 2444 Et
520 2412 652 2457 insuper
685 2420 721 2447 ut
753 2416 983 2449 monasterium
1019 2421 1048 2448 et.

249 2515 281 2533 w*
299 2513 479 2548 teneantur,
502 2521 610 2544 verum
625 2512 720 2545 etiam
738 2513 770 2546 in
787 2513 854 2547 dies
868 2514 1048 2548 incremen—

1080 703 1225 746 aliasque
1260 703 1361 748 ipsius
1401 703 1526 746 collegii
1565 702 1689 736 noviter
1732 704 1831 737 erecti

1081 767 1247 800 personas,
1261 762 1291 790 et
1307 767 1394 790 nunc
1414 762 1443 790 ct
1464 767 1523 801 pro
1538 764 1681 800 tempore
1695 756 1831 791 existen-

1080 815 1137 851 tes,
1167 810 1396 854 universosque
1430 811 1510 844 alios
1535 810 1703 854 utriusque
1739 821 1832 845 sexus

1081 858 1318 906 christifideles,
1349 864 1380 897 S.
1414 864 1566 898 Bernardi
1588 871 1619 898 et
1638 865 1830 899 Sanctorum

1080 917 1154 958 Viti,
1176 919 1308 951 Modesti
1321 923 1352 952 et
1363 918 1565 958 Crescentiae
1577 918 1728 952 ecclesias
1738 929 1831 962 prae-

1082 972 1184 1005 dictas
1202 978 1238 1005 ut
1258 983 1357 1017 supra
1377 973 1487 1005 devote
1509 972 1682 1013 visitantes,
1703 983 1831 1006 necnon

1082 1026 1194 1058 missas
1212 1026 1245 1058 in
1278 1026 1324 1059 eis
1343 1027 1389 1059 vel
1415 1037 1525 1059 earum
1563 1026 1722 1068 aliquibus
1749 1027 1832 1061 cele·

1082 1080 1212 1113 lirantes
1240 1090 1295 1113 seu
1332 1080 1488 1113 celebrari
1522 1079 1684 1121 facientes,
1720 1079 1832 1124 quovis

1082 1133 1178 1167 modo
1203 1140 1234 1167 et
1252 1144 1459 1178 quocumque
1480 1133 1576 1167 totius
1609 1133 1684 1166 anni
1704 1133 1765 1175 die,
1798 1134 1832 1168 in
1867 1138 1870 1141 ’

1081 1193 1285 1231 perpetuum,
1311 1188 1350 1222 ad
1364 1187 1692 1221 communicationem
1710 1192 1741 1220 et
1758 1198 1832 1232 par-

1083 1241 1315 1285 ticipationem,
1335 1242 1431 1275 etiam
1452 1252 1510 1285 per
1525 1242 1746 1275 extensionem
1764 1251 1832 1275 om-

1082 1296 1171 1329 nium
1190 1301 1220 1329 et
1236 1296 1438 1340 singulorum
1459 1295 1713 1339 privilegiorum,
1733 1294 1833 1329 facul-

1083 1354 1194 1390 tatum,
1210 1349 1462 1390 immunitatum,
1475 1349 1728 1392 exemptionum,
1744 1359 1833 1393 prae-

1083 1403 1344 1444 eminentiarum,
1358 1403 1603 1444 antelationum,
1617 1403 1829 1444 indultorum,

1084 1515 1290 1553 peccatorum
1303 1510 1541 1549 remissionum,
1556 1520 1591 1542 ac
1601 1520 1833 1553 quorumcum-

1084 1574 1146 1607 que
1167 1563 1304 1596 aliorum
1334 1564 1476 1596 favorum
1496 1569 1524 1595 et
1553 1563 1742 1606 gratiarum,
1768 1569 1833 1597 tam

1085 1616 1301 1660 spiritualium
1320 1627 1415 1660 quam
1437 1616 1677 1660 temporalium,
1695 1623 1759 1650 tam
1771 1616 1836 1650 dic·

1087 1677 1134 1703 tae
1189 1670 1443 1704 confraternitati
1493 1670 1808 1704 cathecumenorum
1823 1696 1832 1712 ,

1085 1734 1180 1767 qnam
1202 1723 1366 1768 quibusvis
1386 1723 1588 1757 Cisterciensi
1601 1729 1628 1757 et
1651 1723 1758 1757 Sancti
1774 1724 1834 1758 Be-

1085 1777 1205 1811 nedicti
1235 1777 1410 1822 respective
1440 1777 1625 1817 Ordinibus,
1656 1788 1834 1821 eorumque

1086 1831 1289 1864 monasteriis
1309 1836 1339 1864 et
1356 1830 1578 1872 conventibus,
1601 1830 1762 1872 domibus,
1782 1831 1837 1864 ab·

1086 1885 1226 1927 batibus,
1240 1885 1395 1926 monacis,
1409 1884 1572 1925 fratribus,
1585 1884 1834 1928 protectoribuS,

1086 1938 1208 1983 pueris,
1242 1938 1371 1983 puellis,
1399 1938 1635 1972 confessoribus
1654 1943 1685 1972 et
1710 1938 1836 1972 monia-

1086 1992 1184 2033 libus,
1201 2003 1239 2026 ac
1258 2003 1371 2025 eorum
1393 1997 1423 2024 et
1452 2003 1562 2025 earum
1584 1991 1741 2034 ecclesiis,
1763 2002 1838 2036 cap-

1088 2046 1182 2087 pellis
1210 2046 1346 2089 aliisque
1380 2045 1536 2078 ministris
1565 2051 1596 2078 ct
1628 2045 1835 2092 officialibus,

1088 2109 1216 2132 necnon
1233 2099 1328 2133 etiam
1355 2098 1618 2132 christifidelibus
1653 2099 1754 2132 dictas
1782 2109 1836 2133 ec-

1089 2153 1202 2186 clesias
1222 2164 1277 2186 seu
1309 2153 1470 2197 cappellas
1490 2152 1691 2186 visitantibus
1711 2158 1741 2185 ct
1768 2152 1839 2186 visi-

1089 2207 1214 2247 taturis,
1236 2217 1295 2250 per
1314 2217 1372 2240 nos
1388 2211 1417 2239 et
1438 2216 1661 2249 quoscumque
1678 2205 1839 2239 Romanos

1088 2259 1271 2300 Pontifices,
1294 2265 1324 2293 et
1351 2259 1526 2304 praecipue
1560 2258 1662 2293 felicis
1686 2259 1839 2293 recorda-

1089 2313 1184 2346 tionis
1199 2313 1333 2346 Paulum
1357 2312 1500 2354 tertium,
1517 2312 1578 2346 sub
1599 2312 1709 2346 datum
1730 2312 1841 2346 Romae

1089 2377 1145 2400 xm
1156 2367 1229 2400 idus
1243 2366 1396 2400 februarii
1415 2393 1423 2407 ,
1445 2366 1651 2411 pontificatus
1679 2365 1728 2399 sui
1755 2376 1840 2400 anno

1090 2416 1241 2460 septimo,
1282 2415 1527 2459 quomodolibet
1565 2415 1771 2449 obtentorum
1809 2419 1841 2448 et

1090 2475 1328 2505 concessorum,
1363 2465 1469 2508 quoad
1505 2475 1542 2498 ea
1571 2474 1655 2508 quae
1684 2463 1839 2497 hactenus

1090 2520 1238 2547 revocata
1250 2524 1315 2547 non
1337 2513 1479 2554 fuerunt,
1492 2523 1553 2547 nec
1573 2514 1633 2547 sub
1652 2512 1727 2546 ullis
1746 2521 1838 2545 revo-

1090 2562 1270 2596 cationibus
1295 2568 1369 2596 sunt
1388 2562 1634 2606 comprehensa,
1657 2573 1694 2595 ac
1720 2561 1837 2605 quibus

1090 2611 1192 2646 dictae
1203 2612 1358 2647 ecclesiae
1374 2612 1670 2647 confraternitas-et
1693 2611 1763 2644 loca
1782 2620 1839 2655 pa-
