2059 3228
61 274 223 328 “⁸2:23¹ss
239 269 272 303 in
293 270 378 304 dicta
397 270 481 305 Urbe
501 282 596 316 quam
619 273 650 305 in
672 277 737 305 toto
758 272 845 305 Statu
871 272 979 305 Eccle—

57 323 376 365 mammaea-siastico,
403 325 540 358 mediate
561 332 590 359 et
610 326 793 359 immediate
822 326 977 365 subiecto,

60 367 222 424 ,Ὥᾙὶρὶζῖ
236 386 301 410 non
329 382 437 423 tament
467 378 496 410 in
527 379 665 411 savorem
695 385 799 411 certae
825 389 979 422 personae

60 425 220 454 ¹⁰¹”¹”¹¹⁶⁸⁸³
234 439 291 463 seu
311 429 448 463 alicuius
478 432 633 474 regularis
661 433 721 465 loci
743 433 789 465 vel
815 432 979 465 Sanctissi-

233 492 304 516 mae
324 483 488 517 Trinitatis
509 491 559 517 aut
583 485 694 518 Beatae
717 485 830 518 Mariae
847 486 885 518 dc
903 486 979 518 Mer—

234 535 311 569 cede
331 536 572 580 Redemptionis
591 538 793 581 Captivorum
823 537 977 571 Ordinum

231 587 389 622 hactenus
409 590 490 623 sacta
511 596 537 622 et
552 601 614 624 non
628 590 636 612 ¹
652 591 766 630 soluta,
789 595 819 623 et
831 600 888 633 pro
901 596 978 623 tcm-

232 649 311 686 pore
331 643 573 685 quomodolibet
598 643 761 682 facienda,
787 649 978 676 censeantur

234 699 265 728 et
283 694 504 738 intelligantur
521 696 600 728 sat-ta
614 695 707 729 fuisse
720 702 749 728 et
761 704 828 729 esse
840 696 879 729 ad
892 698 976 729 t'avo-

211 784 214 787 ,
233 757 301 780 rem
322 749 553 791 redemptionis
564 749 761 792 captivorum
774 749 863 782 Sedis
875 749 977 782 etSta-

232 804 285 833 tus
300 801 551 845 praedictorum,
574 802 691 846 illaque
710 802 749 835 ab
769 802 825 842 eis,
841 802 879 835 ad
896 813 977 845 quos

231 856 355 898 spectat
371 860 402 888 et
421 866 479 899 pro
493 862 637 899 tempore
649 856 891 899 quomodolibet
903 867 976 900 spe-

231 907 349 949 ctabit,
373 908 578 948 custodibus,
608 920 663 942 seu
688 910 727 942 ab
748 910 793 942 eis
817 909 977 953 deputatis

231 961 412 1004 praedictis,
426 963 465 995 ad
478 963 626 995 effectum
638 963 898 1006 praemissorum,
911 957 977 996 rea-

231 1014 306 1048 liter
333 1020 364 1047 et
391 1015 510 1059 absque
540 1016 649 1059 aliqua
677 1016 876 1060 exceptione,
898 1017 975 1049 solvi

231 1067 364 1100 omnino
381 1068 507 1101 debeat.

275 1120 290 1163 g
314 1120 366 1154 40.
394 1121 529 1165 Insuper
553 1122 702 1155 omnibus
727 1127 758 1155 et
780 1123 915 1163 singulis
939 1133 976 1156 ac

66 1175 218 1211 mosi-sucis
231 1173 490 1218 quibuscumque
511 1175 655 1218 personis
677 1175 900 1208 ecclesiasticis
920 1187 975 1208 seu

43 1212 135 1235 »monis
163 1207 219 1233 (ter-

44 1239 75 1260 ιιι
98 1241 156 1266 pane
181 1245 217 1260 u-
230 1226 386 1260 beneficia
397 1228 612 1262 ecclesiastica
627 1229 844 1261 obtinentibus
857 1256 864 1269 ,
887 1235 921 1261 ut
937 1229 975 1262 de

43 1268 218 1328 ζωῇᾯᾞζῗζ,
231 1279 362 1313 illorum
386 1280 479 1314 honis
499 1281 672 1315 mobilibus
698 1287 728 1314 et
757 1282 976 1315 immobilibus

43 1327 82 1385 ἓξ*
105 1332 218 1390 22¹„ssssssss
230 1343 267 1367 ac
286 1335 534 1376 semoventibus,
566 1336 661 1368 etiam
689 1346 725 1369 ex
747 1336 904 1369 fructibus
922 1337 977 1369 be—

42 1396 103 1421 rno
115 1386 420 1422 ineu1ze·;neficiorum
439 1388 727 1422 ecclesiasticorum
748 1400 785 1422 ac
805 1389 882 1422 alias
898 1400 976 1432 quo-

231 1439 416 1480 modolibet,
439 1441 535 1474 etiam
557 1442 697 1485 propriis
717 1442 825 1475 labore
842 1448 868 1475 et
884 1442 976 1475 indu-

229 1492 317 1534 stria,
340 1494 517 1537 acquisitis,
545 1505 646 1539 usque
672 1495 710 1527 ad
732 1506 890 1528 summam
911 1501 975 1529 tre-

229 1551 398 1580 centorum
411 1547 602 1581 ducatorum
615 1548 766 1581 similium
782 1549 813 1581 in
831 1549 974 1582 eiusdem

229 1662 285 1685 seu
304 1652 337 1685 in
354 1653 489 1686 aliarum
510 1665 802 1697 quarumcumque,
821 1655 916 1687 etiam
925 1666 976 1688 ex-

229 1709 413 1739 tranearum
430 1707 507 1746 (non
525 1713 632 1740 tamen
652 1708 854 1750 incapacium
879 1714 909 1740 et
937 1709 974 1741 de

229 1753 300 1787 iure
323 1755 575 1798 prol‘iibitarum>
599 1767 810 1800 personarum
836 1756 974 1790 favorem

229 1801 412 1846 disponere,
435 1804 566 1847 ipsaque
588 1805 670 1837 bona
692 1805 843 1848 usquead
856 1806 973 1838 dictam

228 1861 399 1892 summam,
420 1857 483 1885 tam
505 1864 540 1886 ex
561 1859 747 1886 testamento
765 1865 861 1896 quam
878 1855 975 1887 dona-

229 1899 316 1933 tione
341 1901 425 1934 inter
447 1902 534 1935 vivos
556 1909 611 1935 aut
632 1903 693 1935 alia
713 1903 821 1946 quavis
841 1903 974 1946 disposi-

228 1947 336 1989 tione,
368 1950 715 1984 archi‹:.ons1·aternitati
748 1959 803 1983 seu
829 1953 974 1995 personis

228 1997 399 2040 praedictis
418 2000 613 2042 relinquere,
637 2001 813 2033 dummodo
838 2001 862 2033 si
882 2001 914 2033 in
939 2012 973 2034 a-

227 2044 358 2086 liorum,
380 2052 416 2080 ut
432 2050 622 2091 praetertnr,
641 2059 736 2092 quam
758 2049 790 2081 in
811 2049 910 2092 ipsius
923 2061 973 2083 ar-

228 2094 552 2129 chiconfraternitatis
578 2098 715 2130 favorem
742 2098 970 2141 disposuerint,

226 2143 320 2177 tertia
343 2155 418 2188 pars
447 2145 609 2178 dictorum
637 2147 797 2179 bonorum
823 2147 860 2179 ad
886 2158 973 2180 eam-

227 2191 300 2225 dem
337 2193 722 2227 archiconfraternitatem
765 2195 919 2236 deveniat,
941 2208 973 2229 a-

227 2240 287 2273 lias
315 2241 540 2286 dispositiones
568 2243 752 2276 huiusmodi
784 2244 892 2277 nullae
911 2245 974 2278 sint

228 2297 267 2321 eo
286 2289 366 2333 ipso,
387 2290 549 2324 licentiam
571 2298 600 2325 et
621 2291 805 2324 facultatem
826 2292 972 2336 imparti-

228 2347 314 2371 mur.

272 2386 287 2429 ἓ
312 2385 366 2419 11.
393 2385 572 2428 Praeterea,
592 2388 694 2421 eidem
704 2388 973 2423 archiconfrater-

102 2443 177 2472 ‹zap-ns
190 2445 216 2466 ιιι
228 2434 319 2467 nitati
345 2434 494 2478 illiusque
515 2437 702 2470 custodibus
722 2443 777 2470 seu
798 2437 837 2470 ab
858 2437 902 2469 eis
919 2439 972 2471 de-

43 2473 178 2502 ‘'¹¹¹⁵⁰'¹⁶'¹'¹¹
193 2481 218 2497 ⁰*
229 2483 360 2527 putatis,
381 2485 467 2527 quod
488 2484 519 2516 in
541 2485 799 2528 quibuscumque
809 2486 973 2519 cathedra-

41 2503 326 2572 gaoaffissshihug'
361 2533 456 2565 etiam
482 2533 748 2576 metropolitanis,
784 2534 969 2577 collegiatis,

265 2596 277 2622 1
295 2593 378 2623 Cher.
399 2594 474 2622 addit
488 2595 619 2622 mercede.

229 1599 590 1634 archicont'raternitatis
601 1612 659 1645 pro
668 1602 734 1645 ipsa
743 1602 975 1646 redemptione,
992 1626 995 1649 t

72 224 76 225 ⁷
90 212 98 248 ἑ
111 207 221 252 1:215&
893 219 997 244 six-rrs
1019 218 1038 241 v
1058 218 1104 242 rr.
1660 203 1724 240 677

1025 270 1262 314 parochialibus
1283 276 1313 304 ct
1337 271 1406 304 aliis
1434 269 1598 314 quibusvis
1622 269 1766 303 saecula-

1023 322 1113 356 ribus
1132 329 1163 356 et
1179 324 1364 366 quorumvis
1383 323 1537 357 Ordinum
1564 322 1766 365 regularibus

1023 375 1178 414 ecclesiis,
1202 387 1238 409 ac
1263 377 1294 408 in
1314 377 1574 420 quibuscumque
1599 374 1765 408 maritimis

1022 435 1053 461 et
1071 429 1142 462 aliis
1166 430 1323 473 portibus,
1349 436 1412 462 tam
1431 430 1534 463 dictae
1555 429 1648 463 Urbis
1666 439 1764 473 quam

1022 482 1270 525 provinciarum,
1291 483 1464 523 civitatum,
1488 483 1694 527 oppidorum,
1713 492 1765 516 ca-

1020 541 1160 568 strorum
1191 541 1221 568 ct
1249 537 1393 569 locorum
1420 536 1638 578 quorumlibet
1666 534 1762 569 totius

1020 588 1125 621 Status
1141 588 1354 621 Ecclesiastici
1379 589 1514 622 mediate
1528 594 1559 622 et
1579 589 1764 622 immediate

1020 640 1189 681 subiectis,
1221 652 1333 684 capsae
1365 652 1424 685 pro
1459 642 1646 685 colligendis
1684 641 1762 675 fide-

1019 694 1098 726 lium
1126 695 1334 738 eleemosynis
1363 705 1422 738 pro
1447 695 1515 738 ipsa
1543 695 1763 739 redemptione

1019 752 1126 780 tenere
1152 754 1182 780 et
1208 753 1435 788 manutenere,
1457 759 1493 781 ac
1514 759 1531 781 a
1555 749 1672 781 dilecto
1696 748 1762 781 silio

1020 801 1175 833 moderno
1196 807 1226 834 et
1246 811 1303 844 pro
1317 807 1462 844 tempore
1480 801 1632 835 existente
1653 808 1761 835 nostro

1017 853 1135 886 vicario
1157 854 1188 886 in
1209 854 1430 897 spiritualibus
1449 855 1590 897 generali
1613 856 1644 887 in
1659 855 1762 889 dictae

1017 906 1110 940 Urbis
1127 907 1278 950 illiusque
1297 907 1454 948 districtu,
1476 919 1512 941 ac
1531 908 1570 941 ab
1590 908 1658 941 aliis
1677 909 1762 942 loco-

1017 970 1089 992 rum
1110 960 1293 999 ordinariis,
1316 960 1512 1004 illorumque
1531 961 1656 994 vicariis
1677 961 1762 994 etos-

1017 1013 1187 1053 ficialibus,
1210 1013 1241 1046 in
1263 1024 1375 1047 eorum
1401 1013 1564 1047 civitatum
1585 1019 1615 1046 et
1634 1014 1761 1048 dioece-

1016 1077 1088 1099 sum
1109 1067 1264 1107 ecclesiis,
1287 1067 1507 1100 saecularibus
1526 1072 1556 1100 et
1576 1068 1762 1110 quorumvis

1016 1118 1171 1153 Ordinum
1183 1120 1397 1163 regularibus,
1407 1120 1501 1153 etiam
1513 1124 1762 1163 quantumcum-

1016 1183 1077 1216 que
1099 1173 1306 1217 privilegiatis
1322 1179 1352 1206 et
1367 1173 1533 1217 exemptis,
1545 1184 1762 1217 necnonagu-

1016 1226 1240 1259 bernatoribus
1265 1231 1296 1259 et
1314 1226 1385 1259 aliis
1405 1226 1596 1260 officialibus
1616 1232 1646 1260 et
1666 1227 1761 1260 mini-

1016 1279 1089 1312 stris
1109 1280 1141 1312 in
1161 1280 1255 1313 dictis
1271 1280 1416 1324 partibus
1436 1290 1472 1313 ao
1492 1280 1564 1314 aliis
1581 1280 1650 1314 eius
1665 1281 1762 1314 bene-

1014 1333 1087 1365 visis
1097 1333 1187 1373 locis,
1200 1333 1454 1366 contradictione
1466 1344 1521 1366 seu
1533 1334 1761 1367 reclamatione

1015 1386 1274 1430 quibuscumque
1294 1386 1490 1430 postpositis,
1515 1393 1672 1430 perpetuo
1692 1398 1760 1420 ina-

1016 1440 1163 1472 nuteneri
1185 1441 1290 1473 facere
1310 1440 1409 1473 libere
1423 1441 1559 1481 valeant,
1577 1440 1701 1484 ipsique
1714 1441 1761 1474 lo-

1016 1503 1128 1526 corum
1149 1493 1318 1532 ordinarii,
1340 1504 1377 1526 ae
1401 1499 1510 1526 noster
1534 1499 1564 1526 et
1584 1504 1696 1526 eorum
1717 1494 1760 1527 vi-

1016 1547 1095 1579 carii
1125 1552 1155 1579 et
1175 1546 1338 1585 officiales,
1365 1547 1596 1590 gubernatores
1616 1552 1647 1580 et
1666 1547 1760 1580 mini-

1015 1600 1071 1632 stri
1100 1600 1233 1633 omnino
1265 1599 1403 1632 debeant
1427 1605 1456 1631 et
1486 1604 1672 1636 teneantur2
1699 1610 1759 1633 nec

1015 1664 1112 1696 super
1133 1652 1315 1696 praemissis
1326 1653 1410 1685 dicta
1425 1652 1759 1686 archiconsraternitas

1015 1707 1166 1749 illiusque
1187 1706 1335 1740 custodes
1355 1711 1385 1738 et
1401 1706 1543 1749 deputati
1556 1706 1758 1749 praedictiab

1015 1759 1135 1803 aliquo,
1167 1759 1276 1803 quovis
1303 1764 1466 1802 praetextu
1482 1784 1489 1797 ,
1510 1758 1658 1801 impediri
1684 1769 1757 1802 pos-

1015 1813 1087 1853 sint,
1110 1814 1205 1846 etiam
1226 1817 1383 1857 perpetuo
1401 1811 1608 1844 concedimus
1619 1811 1760 1845 etindul-

1014 1876 1137 1909 gemus.

1058 1920 1073 1963 §
1096 1919 1149 1952 12.
1176 1919 1351 1952 Hortamur
1367 1917 1505 1960 denique
1524 1923 1554 1951 et
1565 1927 1624 1961 per
1636 1917 1759 1951 redem-

1014 1972 1132 2016 ptionis
1152 1971 1284 2004 humani
1303 1973 1428 2014 generis
1448 1975 1683 2003 sacramentum
1700 1971 1757 2004 ob-

1015 2032 1170 2059 testamur
1178 2025 1343 2058 universos
1353 2030 1383 2057 et
1393 2024 1535 2067 singulos
1543 2024 1758 2068 archiepisco-

1014 2090 1083 2123 pos,
1097 2079 1276 2123 episcopos,
1291 2079 1433 2118 abbates,
1448 2077 1571 2120 priores
1580 2077 1695 2110 etalios
1706 2088 1758 2111 ec-

1015 2133 1183 2166 clesiarum
1200 2132 1369 2175 praelatos,
1379 2141 1505 2164 necnon
1515 2136 1655 2164 rectores
1663 2141 1757 2175 paro-

1014 2185 1396 2223 cbialiurnecclesiarum,
1412 2195 1448 2217 ac
1462 2189 1606 2217 nostrum
1620 2184 1653 2216 in
1673 2184 1757 2217 dicta

1014 2239 1096 2272 Urbe
1108 2238 1256 2281 illiusque
1277 2238 1422 2271 districtu
1436 2246 1615 2280 eorumque
1624 2237 1758 2271 vicarios

1014 2298 1044 2325 et
1055 2291 1216 2329 officiales,
1228 2302 1264 2324 ac
1272 2297 1393 2324 ceteras
1401 2290 1643 2331 ecclesiasticas,
1655 2300 1757 2323 saecu-

1014 2346 1095 2377 lares
1113 2350 1141 2377 et
1154 2344 1342 2387 quorumvis
1349 2343 1504 2377 Ordinum
1514 2343 1678 2386 regulares
1688 2353 1746 2387 per

1014 2404 1117 2433 sonas,
1150 2404 1235 2426 nunc
1259 2399 1289 2426 et
1318 2403 1375 2436 pro
1405 2397 1550 2435 tempore
1576 2391 1755 2433 existentes,

1014 2448 1170 2486 quatenus
1204 2441 1280 2473 huic
1317 2441 1406 2484 operi
1440 2440 1578 2481 faveant,
1599 2440 1756 2484 illudque,

1014 2501 1072 2534 per
1102 2490 1222 2532 seipsos
1255 2497 1299 2522 vet
1327 2489 1427 2521 atium
1451 2499 1507 2522 seu
1533 2489 1613 2522 alios
1624 2501 1646 2529 ,·
1661 2489 1756 2522 etiam

1014 2538 1165 2571 adhibitis
1193 2538 1280 2571 verbi
1308 2538 1362 2570 Dei
1396 2537 1694 2577 concionatoribus,
1724 2538 1756 2570 in

1014 2588 1080 2620 suis
1105 2587 1240 2631 quisque
1265 2586 1420 2627 ecclesiis,
1443 2586 1556 2630 plateis
1576 2592 1606 2620 et
1617 2586 1707 2627 locis,
1720 2598 1757 2620 ac

1784 212 1836 241 An.
1855 213 1882 242 C.
1897 214 1965 242 ¹586

1782 271 1835 292 nico
1853 271 1965 298 deputandi

1781 302 1902 323 incutiatem
1944 307 1966 323 e-

1782 334 1869 360 largitur
1893 334 1964 355 dietae

1779 365 1966 388 archicontnter-

1780 396 1850 424 nitu&

1798 1932 1920 1953 ordinat-tos
1932 1935 1953 1953 et

1771 1963 1824 1983 alio·
1859 1964 1953 1984 hortatui·

1773 1997 1794 2013 ut
1822 1994 1870 2014 huie
1893 1994 1952 2020 operi

1772 2024 1864 2049 faveant,
