2059 3228
104 250 156 278 An.
174 249 193 276 C
220 249 285 277 1587

344 239 407 273 988

494 297 707 341 Conyreqate'o
727 293 866 328 secunda

440 363 498 395 pro
518 351 700 394 Siyncztura
721 348 852 381 Gratiae
874 347 885 369 ¹

347 438 382 471 Et
403 436 557 480 quoniam
583 433 622 467 a‘d
651 443 735 473 eam,
763 442 847 476 quae
871 431 1051 474 Siynatura

132 496 199 517 ‹ta-ns·
227 495 288 516 huius
304 487 436 521 Gratiae
454 484 651 529 appellatur,
673 486 704 515 et
722 481 756 514 in
775 491 839 524 qua
859 490 917 513 nos
941 478 1049 518 etiam,

105 530 170 548 inni!v

302 539 587 585 praedecessorum
616 541 802 572 nostrorum
831 534 1052 567 Romanorum

302 592 495 627 Pontificum
516 601 617 631 more,
639 588 874 634 praesidemus,
896 597 933 619 ex
953 585 1053 618 diver-

303 647 344 679 sis
364 645 450 679 orbis
477 650 638 677 terrarum
658 642 816 687 partibus,
838 641 879 674 ob
899 637 1054 682 multipli-

304 710 356 732 ces
376 698 494 741 gratias
513 696 714 736 obtinendas,
740 695 847 737 magni
877 702 1055 726 concursus

305 754 397 792 stunt,
429 751 657 796 supplicesque
681 749 782 783 libelli
802 749 998 787 referuntur,
1020 751 1056 778 ut

304 817 386 850 quae
402 817 439 839 ex
460 806 603 838 iudicum
620 802 784 837 ordinaria
800 801 950 834 facultate
965 809 1056 843 expe-

305 860 367 893 diri
402 864 580 903 nequeunt,
610 862 767 902 potestate
796 854 965 899 principis,
1001 853 1056 896 qui

306 914 374 946 viva
392 920 438 947 est
463 914 522 953 lex,
547 912 639 945 iustis
658 911 698 944 de
727 909 832 943 causis
856 908 1058 952 explicentur

892 238 1070 265 BULLARIUM
1093 237 1245 263 Romnum

1091 291 1304 334 Conqreqatz'o
1326 290 1423 322 tertia
1444 299 1503 332 pro
1524 290 1679 322 erectione
1695 288 1840 322 ecclesia-

1134 356 1207 377 rum
1227 348 1256 377 et
1274 343 1514 388 provi-sionibus
1537 342 1822 376 consistorialibus.

1138 448 1195 481 Illa
1219 451 1385 490 praeterea
1405 455 1483 478 cura
1503 445 1542 477 ad
1560 442 1728 487 pastoralis
1739 442 1860 489 nostri*
1881 452 1961 504 ‹59:11th
1962 436 2027 507 ιι
2046 470 2050 476 .

1855 489 1947 506 innui
1987 506 1994 510 Ι

1093 501 1190 535 officii
1208 500 1457 534 sollicitudinem
1481 503 1513 531 et
1535 496 1690 531 ecclesiae
1712 497 1843 530 univer-

1095 555 1170 588 salis
1189 553 1456 597 gubernationem
1476 551 1613 584 maxime
1642 549 1783 594 pertinet
1807 554 1844 583 ut

1095 608 1135 642 ad
1153 608 1297 641 fidelium
1319 606 1515 650 populorum
1535 603 1719 643 utilitatem,
1740 602 1846 636 eccle-

1096 661 1151 694 siis
1172 660 1234 693 iam
1255 660 1370 693 erectis
1390 664 1444 691 aut
1464 658 1496 690 in
1520 663 1684 701 posterum
1704 655 1796 689 iustis
1806 655 1848 688 de

1097 715 1202 748 causis
1222 712 1393 755 erigendis,
1419 713 1458 745 de
1478 709 1640 755 episcopis
1658 715 1689 742 et
1711 707 1850 753 pastori-

1095 768 1158 801 bus
1178 767 1301 800 idoneis
1320 771 1351 799 et
1375 764 1525 798 fidelibus
1554 775 1592 797 ac
1616 761 1791 795 fructuosis
1814 760 1848 793 in

1099 821 1189 853 vinea
1208 819 1315 863 magni
1335 817 1572 862 patrisfamilias
1591 812 1748 859 operariis
1767 814 1853 847 salu·

1098 874 1200 907 briter
1219 874 1251 906 in
1270 873 1406 906 Domino
1424 870 1662 915 provideamus.

1145 932 1159 974 ξς
1181 931 1211 964 1.
1234 931 1338 970 Quare
1351 929 1445 962 aliam
1462 927 1688 961 constituimus
1704 925 1852 960 cardina·
1865 928 1998 981 ulffitietgie
2020 919 2035 968 Ῑι

1100 990 1181 1023 lium
1202 988 1496 1032 congregationem,
1519 986 1574 1030 qni
1595 986 1627 1018 in
1653 984 1766 1028 primis
1796 994 1852 1017 co·
1866 991 1938 1028 tto-iis,
1951 993 1973 1011 et
1992 978 2007 1015 ss.»
2020 983 2036 1020 ’ζ

1102 1053 1258 1092 gnoscant
1277 1047 1316 1080 de
1342 1046 1494 1090 legitimis
1518 1044 1622 1077 causis
1651 1041 1853 1076 erectionum
1865 1025 1975 1075 {3:¹¹3ss

307 973 337 1001 et
357 968 590 1007 concedantur,
621 976 695 999 sane
720 975 779 1009 pro
803 963 868 997 loci
904 962 1059 1005 dignitate

308 1027 338 1054 et
359 1031 469 1054 rerum
498 1020 635 1059 ratione,
667 1028 782 1061 magna
810 1015 1059 1059 circumspectio

129 1347 235 1368 lnstitutio
251 1350 300 1365 eon-

116 1386 146 1404 gr,
160 1378 266 1399 secundae
279 1380 300 1396 et

117 1409 229 1436 explicatio
249 1413 300 1426 mu-

118 1446 175 1461 neris
198 1437 300 1459 cardinal.

308 1075 493 1108 adhibenda
503 1079 551 1107 est
570 1079 606 1106 ut
625 1078 656 1106 et
675 1073 830 1105 honestae
849 1069 1059 1113 supplicatio-

310 1139 377 1169 nes,
400 1133 558 1171 quantum
579 1137 653 1160 cum
684 1124 821 1159 Domino
850 1124 936 1163 licet,
963 1133 1061 1155 exau-

311 1183 453 1222 diantur,
476 1187 507 1215 et
542 1182 720 1214 multorum
740 1177 919 1223 petentium
939 1177 1062 1220 impor-

312 1237 434 1269 tunitas
455 1240 654 1269 coerceatur.

357 1289 422 1333 §l
450 1289 666 1328 Quamobrem
695 1286 874 1321 cardinales
900 1283 1063 1318 infrascri-

314 1349 385 1388 ptos
405 1343 595 1385 Signaturae
619 1347 747 1375 nostrae
768 1340 889 1383 gratiae
909 1337 1064 1371 adscribi-

314 1407 396 1436 mus,
409 1397 447 1429 ad
461 1397 521 1429 hoc
531 1401 568 1428 ut
577 1405 689 1428 omnes
701 1394 904 1437 Signaturam
923 1397 1065 1425 nostram

315 1450 425 1494 quavis
436 1450 474 1483 de
486 1460 582 1482 causa
595 1446 908 1488 adeuntes,benigne
920 1445 1063 1483 audiant,

316 1508 544 1547 porrectasque
564 1502 746 1535 oblatarum
767 1498 1070 1543 petitionuminfor-

317 1557 474 1591 mationes
494 1556 664 1600 excipiant3
688 1555 780 1587 nobis
808 1564 882 1586 vero
912 1558 965 1585 aut
995 1563 1068 1585 suc-

319 1610 500 1644 cessoribus
524 1609 654 1648 nostris,
676 1608 754 1640 dum
775 1605 938 1649 supplices
967 1604 1070 1637 libelli

321 1665 526 1703 referuntur,
573 1662 742 1700 assistant,
783 1665 1072 1704 opportunumque

322 1718 492 1750 consilium
511 1716 656 1757 afferant,
679 1714 831 1758 omnique
843 1714 989 1757 deposito
1009 1712 1072 1744 hu-

322 1781 418 1804 mano
438 1771 565 1811 affectu,
585 1770 711 1803 sincero
731 1779 822 1801 suam
843 1768 978 1811 quisque
1000 1776 1074 1800 sen-

326 1825 471 1865 tentiam,
494 1824 590 1857 etiam
610 1833 676 1856 non
696 1827 838 1865 rogatus,
853 1831 890 1853 ex
909 1821 1077 1853 conscien-

325 1878 368 1910 tia
388 1878 484 1910 dicat.

370 1932 384 1975 ξ
409 1930 440 1963 2.
459 1930 664 1963 Declaramus
681 1934 788 1961 autem
811 1928 843 1960 in
864 1927 979 1960 dictam
1002 1937 1077 1959 con-

1103 1116 1259 1139 novarum
1298 1103 1509 1138 ecclesiarum
1547 1110 1831 1145 quarumcumque
1844 1125 1853 1139 ,

1103 1162 1384 1208 patriarchalium,
1406 1159 1729 1203 metropolitanarum
1749 1163 1781 1191 et
1805 1167 1856 1190 ca-

1105 1220 1314 1260 thedralium,
1335 1230 1372 1252 ac
1388 1219 1426 1252 de
1446 1218 1605 1261 cuiusque
1630 1226 1742 1249 earum
1771 1215 1865 1254 dote‚‘

1107 1279 1260 1323 capitulo,
1283 1279 1383 1317 clero,
1410 1276 1531 1320 populo
1548 1280 1579 1308 et
1606 1274 1690 1314 aliis,
1710 1284 1793 1318 quae
1817 1272 1867 1305 adv

1108 1336 1267 1371 eiusmodi
1287 1335 1477 1374 erectiones,
1504 1333 1592 1366 iuxta
1622 1331 1869 1375 praescriptum!

1109 1395 1192 1430 sacri
1212 1394 1342 1428 concilii
1362 1391 1538 1426 Tridentini
1558 1390 1789 1424 etSanctorum
1803 1388 1860 1421 Pa-

1110 1459 1196 1486 trum
1227 1453 1366 1491 decreta,
1395 1448 1576 1483 necessaria
1603 1453 1710 1481 erunt.
1731 1446 1860 1480 Exami-

1110 1517 1189 1545 nent
1208 1515 1375 1554 praeterea
1398 1514 1510 1541 omnes
1529 1506 1735 1539 difficultates
1753 1504 1794 1538 de
1811 1502 1862 1536 his

1112 1569 1303 1608 incidentes,
1316 1565 1549 1600 controversias
1560 1574 1691 1608 quoque
1701 1562 1785 1596 inter
1798 1572 1862 1602 eas,

1113 1638 1196 1671 quae
1221 1627 1285 1659 iam
1309 1633 1434 1671 erectae
1449 1628 1536 1663 sunt,
1556 1631 1684 1655 necnon
1703 1621 1863 1653 dictarum

1114 1684 1338 1724 ecclesiarum,
1365 1683 1550 1716 dioecesum
1578 1680 1628 1713 rel
1656 1677 1869 1712 monasterio-

1116 1755 1188 1778 rum
1201 1743 1351 1782 uniones,
1364 1739 1678 1777 dismembrationes‚
1692 1736 1866 1774 cessiones,

1117 1801 1384 1847 permutationeS,
1405 1796 1643 1836 translationes,
1673 1794 1866 1841 pensionum

1118 1870 1215 1904 super
1252 1859 1380 1891 illarum
1421 1855 1574 1890 reditibus
1619 1852 1866 1896 assignationes,

1120 1918 1392 1952 monasteriorum
1412 1915 1642 1960 pluralitatem,
1677 1911 1870 1954 dignitatum

132 1985 548 2047 ςῗεοιῖἑῇῑίἰξίῑέἑςιέςῑιὶἰοῐωη]
577 1993 705 2026 semper
728 1993 783 2015 eos
813 1981 992 2014 cardinales
1022 1980 1078 2012 ad-

135 2061 317 2083 summunmm
332 2038 466 2082 scriptos
486 2048 553 2070 esse
580 2037 635 2080 qui
661 2035 874 2078 infrascriptis
890 2034 1080 2067 muneribus

135 2089 231 2140 ,ζ’ζζζζέ
245 2087 317 2113 ‘¹²⁹⁰'
332 2098 362 2124 et
382 2092 493 2124 officiis·
514 2090 666 2134 praefecti
687 2095 793 2125 erunt:
807 2088 965 2127 videlicet,
980 2087 1083 2119 maier

1123 1976 1471 2021 incompatibilitatem,
1483 1971 1761 2017 praesentationes
1771 1975 1803 2002 et
1812 1979 1871 2001 no-

1124 2036 1327 2073 minationes,
1339 2033 1534 2067 electionum
1544 2031 1609 2063 sive
1618 2027 1872 2073 postulationum

334 2145 598 2190 1·›oeuit‹.fntiarius
615 2171 621 2183 ,
672 2145 854 2188 praefectus
895 2142 1084 2185 Signaturae

336 2200 472 2238 Gratiae,
500 2199 679 2242 praefectus
708 2197 898 2239 Signaturae
923 2195 1083 2233 Urci-ium,

338 2254 518 2296 praefectus
538 2252 727 2294 Signaturae
740 2249 894 2287 Iustitiae,
908 2254 938 2280 ct
955 2249 1009 2292 qui
1030 2247 1086 2280 da-

338 2306 410 2338 tarii
429 2316 561 2338 munere
577 2307 740 2347 fungetur,
754 2303 780 2336 si
796 2302 967 2335 cardinalis
979 2302 1086 2340 fuerit,

341 2359 396 2401 qui
423 2358 518 2390 simul
538 2364 632 2401 atque
651 2368 704 2390 eas
724 2357 941 2401 praefecturas
965 2362 994 2389 et
1018 2356 1088 2389 offi-

342 2411 391 2443 cla
411 2411 516 2454 adepti
536 2417 643 2451 erunt,
666 2410 771 2443 statim
792 2409 824 2442 in
850 2409 951 2452 ipsam
978 2409 1090 2451 Signa-

344 2470 448 2496 turam
470 2464 672 2497 adnumerati
692 2468 895 2497 censeantur.

385 2548 392 2572 Ι
412 2545 452 2571 Ad
468 2546 645 2579 Signaturam
660 2544 770 2571 Gratiae
786 2544 876 2571 videri
895 2545 987 2577 phtest
1002 2547 1092 2569 const.

349 2595 422 2616 mxu
436 2589 474 2614 i'ii
491 2595 528 2619 iv,
545 2588 612 2614 Cum
628 2596 722 2622 >arpen
740 2592 806 2615 toni.
836 2594 884 2619 iti,
911 2595 971 2621 pugi.
993 2589 1096 2621 ‘jz’liwt

351 2636 438 2660 const.
457 2638 541 2666 Lxxv,
562 2633 593 2661 In
610 2633 747 2667 ctiyemlrs,
773 2632 838 2665 ibid,
859 2640 911 2666 pag
938 2632 998 2659 ²230.

1124 2093 1386 2129 confirmationes
1402 2101 1458 2124 seu
1478 2088 1698 2126 admissiones,
1718 2086 1875 2127 suffraga-

1127 2163 1264 2187 neorum
1302 2150 1592 2190 coadiutorumque
1625 2143 1851 2188 deputationes
1865 2168 1874 2182 ,

1128 2223 1202 2246 cum
1225 2212 1332 2244 sutura
1352 2206 1568 2245 successione,
1595 2204 1658 2237 sire
1682 2203 1804 2245 absque
1827 2211 1878 2234 ea-

1130 2270 1203 2302 dem
1224 2266 1438 2305 successione,
1468 2272 1644 2305 curamque
1679 2259 1880 2293 adhibebunt

1130 2326 1279 2360 solertem
1300 2325 1386 2357 circa
1404 2327 1541 2355 aetatem
1561 2318 1788 2363 etqualitatem
1805 2326 1880 2361 pro-

1133 2383 1381 2422 movendorum3
1408 2372 1514 2424 eaque'
1545 2379 1686 2411 discussa
1705 2381 1737 2409 et
1759 2373 1882 2408 exami-

1133 2448 1208 2475 nata
1227 2441 1265 2474 ad
1286 2451 1345 2473 nos
1363 2447 1629 2480 successoresque
1649 2440 1774 2468 nostros
1798 2431 1881 2465 refe-

1137 2505 1219 2540 rant,
1245 2504 1280 2532 ut
1299 2509 1358 2542 pro
1377 2503 1488 2531 nostro
1508 2503 1659 2529 eorumve
1679 2490 1824 2529 arbitrio,
1850 2489 1882 2521 in

1137 2557 1328 2591 consistorio
1345 2561 1482 2595 secreto,
1505 2554 1589 2587 iuxta
1604 2552 1738 2584 formam
1756 2548 1884 2581 inliunc

1140 2626 1242 2660 usquc
1263 2614 1348 2647 diem
1369 2618 1522 2646 servatam
1551 2612 1783 2654 proponantur.
