2059 3228
136 232 188 260 An.
213 231 241 258 C.
261 233 328 260 1577
384 230 447 264 ‘172

651 291 760 324 vall.

337 397 541 439 Confirmatio
576 397 757 439 qratiurum
787 401 813 430 el
838 399 1078 441 pririleqiorum

377 450 615 492 urrhiltospitult'
639 449 668 482 S.
694 449 832 493 Spiritus
857 452 891 484 in
918 452 1016 484 Sassia
1045 452 1081 483 de

385 503 462 534 l'rbe
497 513 724 543 concessorum,
760 507 915 546 quatenus
951 505 1081 535 concilio

384 555 566 587 Tridentino
582 559 609 587 et
632 556 732 588 sacr-is
748 557 921 588 canonibus
938 567 999 589 non
1018 557 1079 589 siut

382 607 543 640 contraria
559 635 566 649 ,
605 608 797 652 illorumque
835 611 1080 643 communicatio

375 659 459 691 inter
481 661 590 693 omnia
613 661 679 694 loca
704 661 835 694 Ordinis
859 662 888 694 21.

337 722 476 757 Gregorius
491 723 561 759 Papa
575 724 635 757 xitt,
651 725 682 752 ad
699 728 848 760 perpetuam
864 726 902 753 rei
919 726 1077 754 memoriam.

379 777 410 811 Si
435 778 518 811 inter
533 779 721 823 praecipuas
737 780 879 820 virtutes,
898 791 976 823 quas
994 781 1080 812 theo-

335 831 452 874 logicas
477 832 621 873 dicimus,
638 833 753 865 caritas
777 834 953 877 principem
980 835 1080 866 locum

334 883 470 925 obtinet,
495 884 584 918 iactis
616 886 688 918 fidei
714 892 743 919 ct
768 887 832 930 spei
858 887 1080 927 fundamentis,

332 942 367 969 ut
403 937 498 970 huius
522 938 646 971 virtutis
676 940 804 971 effectus
822 967 829 980 ,
855 940 907 982 qui
940 940 1081 982 insignes

150 850 181 870 132<
192 849 275 868 milium.

333 990 423 1023 nobis
448 996 519 1024 ante
551 992 657 1024 oculos
685 993 904 1033 obversantur,
930 1004 966 1025 ac
991 1004 1082 1036 prae-

331 1043 440 1076 sertim
458 1043 490 1076 in
507 1044 746 1087 arcliihospitali
765 1050 872 1077 nostro
890 1046 994 1078 Sancti
1013 1046 1081 1088 Spi-

331 1095 412 1128 ritus
439 1096 472 1128 in
497 1096 588 1129 Saxia
617 1097 654 1129 de
683 1098 763 1130 Urbe
788 1099 921 1139 elucent,
947 1099 1022 1131 dum
1047 1099 1079 1131 in

331 1147 471 1181 cuiusvis
506 1150 633 1192 generis
669 1151 865 1193 languentes,
902 1153 1080 1185 vulneratos

330 1200 538 1245 infirmosque
562 1203 712 1243 curando,
731 1203 903 1236 infantibus
928 1205 1080 1246 expositis

331 1255 461 1295 alendis,
486 1255 596 1298 puellis
613 1255 776 1287 nubilibus
790 1256 821 1287 in
839 1257 1078 1289 matrimonium

330 1307 528 1348 collocandis,
566 1318 689 1340 summo
724 1308 917 1341 christianae
952 1309 1079 1352 pietatis

329 1359 435 1392 studio
461 1360 563 1393 officia
587 1368 783 1402 exercentur,
808 1362 859 1395 illa
891 1374 953 1395 non
977 1365 1076 1396 solnm

328 1421 366 1444 eo
397 1412 431 1444 in
463 1413 700 1457 archihospitali
737 1417 934 1457 conservari,
967 1428 1075 1450 verum

328 1464 426 1496 etiam
451 1464 483 1496 in
508 1465 574 1498 dics
598 1467 707 1509 augeri
732 1479 856 1501 summa
880 1480 939 1513 ope
963 1481 1076 1503 curan-

327 1518 403 1550 dum
427 1519 521 1552 nobis
545 1525 600 1561 cst,
626 1532 758 1565 eamque
783 1524 824 1555 ob
841 1535 967 1557 causam
985 1526 1073 1559 facile

326 1570 436 1604 induci
452 1572 593 1615 patimur
606 1579 639 1606 ut
653 1573 711 1615 his,
731 1586 811 1618 quac
824 1587 841 1608 a
858 1578 1081 1619 praedecess0-.

325 1624 414 1657 ribus
438 1625 554 1658 nostris
571 1626 721 1660 Romanis
738 1628 955 1672 Pontificibus,
987 1636 1017 1664 et
1033 1633 1072 1664 ad

325 1677 393 1710 eius
416 1678 680 1723 archihospital‘is,
705 1684 736 1713 et
759 1681 799 1713 ab
823 1682 874 1714 illo
899 1683 1071 1725 dipenden—

323 1730 404 1762 tium
427 1731 570 1764 locorum
600 1732 695 1765 decus
729 1739 760 1765 et
791 1742 1016 1768 ornamentum
1040 1743 1069 1769 et

322 1793 499 1827 pauperum
530 1784 771 1818 subventionem
803 1797 951 1820 concessa
986 1795 1068 1830 sunt,

323 1836 512 1878 apostolicae
552 1837 713 1870 firmitatis
744 1838 843 1871 robur
875 1841 1069 1883 adiiciamus,

323 1890 463 1933 aliasque
499 1891 633 1934 desuper
667 1891 882 1935 disponamus,
918 1900 1013 1937 prout
1037 1896 1070 1927 in

321 1943 455 1977 Domino
479 1944 691 1987 conspicimus
715 1945 872 1987 expedire.

369 1997 425 2040 §t
442 1997 565 2030 Dudum
579 1997 735 2041 siquidem
749 1998 949 2031 Innocentius
989 2001 1071 2043 Papa

158 2069 269 2089 „mocem-
285 2070 316 2090 m
326 2049 447 2090 tertius,
473 2049 527 2093 qui
552 2050 672 2083 dictum
689 2051 936 2095 archihospitale
960 2053 1072 2087 sunda-

122 2097 371 2147 ἶζξζζᾈξδξζξξῗκίῖ
394 2108 425 2135 et
450 2104 596 2145 instituit,
621 2115 657 2137 ac
682 2105 795 2138 deinde
812 2107 984 2140 successive
1007 2110 1072 2151 ple-

328 2155 418 2200 rique
449 2157 584 2190 Romani
608 2157 784 2200 'Pontifices
817 2159 1072 2201 praedecessores

124 2229 250 2248 „mmm
266 2209 436 2249 „ffinostrb
462 2209 546 2243 inter
581 2221 660 2253 quos
695 2210 798 2244 Sixtus
833 2212 917 2255 Papa
941 2220 1072 2256 quartus

121 2257 150 2274 Μ
165 2256 280 2276 mmmm·
326 2260 409 2293 idem
427 2262 672 2307 archiliospitale
686 2265 820 2298 maxime
833 2262 928 2308 auxit’,
942 2268 1072 2311 cupiens

325 2312 401 2345 illud
425 2324 460 2346 ac
483 2315 550 2348 eius
575 2317 656 2350 bona
680 2323 711 2350 et
734 2317 805 2351 iura
828 2324 981 2362 perpetuo
998 2331 1070 2353 con-

323 2366 452 2407 servari,
477 2368 600 2401 defendi
633 2375 662 2402 et
690 2371 826 2413 protegi,
858 2371 940 2405 idem
965 2374 1070 2406 archi-

322 2418 475 2461 hospitale
504 2421 651 2465 illiusque
685 2424 949 2468 praeceptoriam,
987 2437 1068 2469 quae

122 2150 176 2167 ritus
186 2163 191 2173 ‚
206 2153 227 2168 et
245 2150 316 2169 sixtus

121 2173 151 2192 JV
161 2176 216 2194 illud
227 2178 318 2200 amplia·

123 2203 157 2220 vit
167 2215 173 2226 ,
190 2207 214 2221 ut,
228 2203 250 2222 in
264 2210 274 2221 c

358 2494 371 2517 1
391 2492 540 2526 Privilegia
558 2495 620 2521 vide
639 2495 667 2521 in
686 2496 756 2522 sixti
776 2496 815 2522 IX
829 2499 915 2524 const.
935 2507 998 2524 xxvi
1018 2499 1067 2524 Re-

319 2537 436 2570 liyionfs,
455 2540 521 2563 tom.
540 2539 572 2571 V,
586 2548 648 2573 pag.
663 2542 722 2567 289.
736 2541 773 2567 Et
787 2544 878 2568 cetera
896 2550 964 2574 quae
977 2541 1066 2575 hospi-

322 2581 378 2606 tale
398 2582 556 2616 respiciunt,
583 2584 644 2609 vide
663 2585 691 2610 in
722 2585 813 2613 Innoc.
841 2586 891 2614 111.
919 2589 1006 2613 const.
1025 2596 1066 2621 n,

323 2625 405 2651 Inter.
425 2628 490 2652 toni.
512 2635 551 2659 111,
571 2635 634 2661 pag.
656 2630 714 2655 189.

917 239 1100 264 mmmmm!
1124 240 1278 264 Romarm

1866 235 1917 263 An.
1938 227 1983 265 οἱ

1109 292 1324 326 conventualis
1359 297 1413 326 aut
1447 299 1540 337 caput
1570 294 1703 328 aliarum
1726 305 1857 338 praece·
1964 286 1976 298 ²

1110 346 1285 388 ptoriarum
1311 346 1477 389 hospitalis
1493 353 1524 381 et
1537 347 1664 382 Ordinis
1679 349 1857 392 praedicto-

1110 409 1178 430 rum
1203 399 1316 439 existit,
1341 405 1371 433 et
1387 411 1404 432 a
1421 411 1481 444 qua
1499 411 1608 434 omnes
1623 402 1702 434 aliae
1725 412 1854 445 praeee-

1111 453 1229 494 ptoriae
1242 463 1299 494 per
1314 452 1426 485 fratres
1445 453 1584 486 eiusdem
1601 453 1864 497 archihospitalis'

1110 505 1210 536 teneri
1226 505 1334 537 solitae
1348 505 1538 548 dependent,
1555 516 1591 538 ac
1608 516 1768 549 personas,
1786 516 1865 549 quae·

1109 557 1176 590 cius
1201 568 1310 589 curam
1336 563 1460 600 gerunt,
1478 558 1518 590 ab
1530 559 1640 591 eodem
1658 559 1858 603 archihospi-

1109 611 1159 643 tali
1180 611 1393 654 dependentes
1409 611 1585 654 prae‘dictas
1609 611 1852 655 praeceptorias,

1110 664 1285 706 prioratus,
1311 663 1471 705 oratoria,
1496 663 1655 705 ecclesias,
1679 664 1862 708 cappellas,·

1111 717 1261 757 membra,
1287 717 1435 760 grangias
1459 726 1495 748 ac
1512 716 1545 748 in
1561 716 1606 749 eis
1620 717 1790 759 respective
1806 715 1856 748 in-

1110 771 1234 803 stitutas
1257 776 1288 802 et
1312 775 1412 803 rectas
1425 769 1699 802 confraternitates
1715 769 1857 802 illarum-

1111 836 1170 869 que
1195 825 1370 857 confratres
1396 824 1491 856 variis
1517 823 1734 865 indulgentiis,
1757 823 1856 856 etiam

1111 878 1270 921 plenariis,
1294 877 1506 916 facultatibus,
1530 875 1715 919 privilegii&
1740 875 1858 908 immu-

1110 931 1272 971 nitatibus,
1303 929 1565 972 exemptionibus,
1597 928 1795 961 libertatibus
1825 933 1856 961 et

1110 985 1229 1025 gratiis,
1254 990 1319 1017 tam
1344 983 1562 1027 spiritualibus
1586 986 1857 1025 quamtemp01·a-‘

1110 1037 1201 1076 libus,
1225 1037 1321 1069 etiam
1356 1047 1413 1080 per
1443 1036 1541 1068 solam
1577 1035 1774 1077 signaturam
1800 1038 1856 1066 aut

1110 1089 1195 1122 vivae
1212 1090 1294 1122 vocis
1311 1090 1448 1129 oraculo,
1468 1089 1501 1121 in
1517 1099 1632 1131 genere
1645 1088 1720 1120 etin
1739 1087 1855 1131 specie,

1109 1147 1173 1174 tam
1198 1153 1253 1185 per
1276 1142 1359 1175 viam
1388 1141 1687 1175 communicationis
1715 1141 1779 1174 sive
1803 1151 1854 1174 ex-

1110 1195 1260 1228 tensionis
1296 1195 1551 1238 privilegiorum‚
1588 1194 1853 1237 quibuscumque,
1899 1231 1906 1238 ι

1111 1253 1171 1280 tam
1197 1247 1443 1280 Mendieantium
1469 1258 1564 1291 quam
1588 1257 1652 1279 non
1675 1246 1855 1280 Mendican-

1109 1302 1198 1339 tium„
1230 1300 1401 1334 Ordinibus
1431 1310 1662 1340 concessorum,
1698 1303 1857 1337 ornarunt,
1895 1304 1898 1310 ¹

1107 1360 1135 1386 et
1161 1355 1352 1387 decorarunt
1387 1363 1422 1385 ac
1456 1353 1708 1395 locupletarunt;
1733 1351 1851 1393 illaque

1106 1413 1197 1440 antea
1221 1416 1367 1440 concessa
1391 1406 1620 1438 confirmarunt
1643 1408 1674 1453 et
1697 1403 1854 1447 approba-

1106 1465 1194 1498 runt,
1219 1460 1258 1491 ad
1282 1458 1389 1492 omnia
1424 1458 1491 1490 loca
1526 1456 1686 1500 praedicta
1721 1457 1762 1489 ab
1784 1455 1854 1499 ipso

1104 1512 1342 1555 archiliospitali
1365 1510 1576 1554 dependentia
1599 1509 1806 1554 extenderunt
1821 1514 1855 1543 et

1103 1565 1312 1607 ampliarunt,
1347 1569 1378 1597 et
1409 1564 1484 1596 alias
1520 1567 1613 1605 prout
1649 1562 1682 1594 in
1717 1561 1852 1605 singulis

1103 1617 1259 1649 dictorum
1285 1616 1562 1659 praedecessorum
1579 1615 1692 1648 litteris
1715 1615 1852 1659 desuper

1102 1669 1250 1701 consectis
1275 1669 1398 1711 plenius
1422 1668 1612 1701 continetur.
1730 1711 1732 1714 y

1144 1722 1158 1765 ᾗ
1182 1721 1210 1754 2.
1235 1722 1312 1754 Cum
1336 1727 1441 1754 autem
1469 1732 1506 1754 ea
1540 1721 1663 1755 firmius
1679 1721 1849 1756 subsistere
1883 1728 1943 1750 001·st
1962 1739 1972 1746 -«
1990 1730 2001 1743 ³
2017 1722 2048 1760 14?

1856 1755 1956 1776 Pontifex
1992 1765 1994 1772 ε
2000 1764 2001 1771 1
2027 1767 2028 1771 =

1100 1786 1135 1807 ae
1154 1775 1304 1807 maiorem
1322 1775 1386 1807 vim
1399 1779 1428 1808 et
1443 1775 1541 1807 robur
1553 1775 1697 1808 obtinere
1714 1783 1942 1833 1¹⁰⁵⁰²¹¹¹·5,¹-³,¹2}¹„³
1964 1777 1993 1833 οἱ
2021 1776 2031 1813 J?

1101 1832 1161 1868 tur,
1186 1838 1249 1871 quo
1273 1828 1386 1871 saepius
1412 1828 1530 1860 suerint
1551 1829 1722 1870 apostolica
1739 1834 1848 1862 aucto-
1858 1835 1993 1884 ξζξέῧξο

1102 1881 1416 1921 ritate-communita,
1434 1887 1600 1924 propterea
1613 1881 1746 1914 dilectus
1762 1881 1848 1915 fitius
1857 1887 1969 1934 Qua-“⁸3¹3
1989 1887 1999 1908 ἴ
2027 1908 2031 1917 ;

1101 1934 1239 1966 Theseus
1262 1933 1491 1973 Aldrovandns,
1516 1934 1687 1966 modernus
1711 1934 1778 1967 eiu's
1795 1941 1921 1987 tir-¹3:2¹3
1931 1940 1976 1988 ,ἐξ
1996 1937 2000 1964 ’ἶ
2025 1934 2031 1972 ’.Ῑ

1100 1987 1317 2030 chihospitalis
1341 1992 1537 2030 praeceptor,
1562 1986 1654 2019 nobis
1678 1987 1845 2020 humiliter
1855 1994 1938 2020 mmm
1993 1987 2003 1995 ““
2029 1994 2031 2004 ¹

1101 2040 1271 2083 supplicari
1297 2040 1370 2072 fecit
1393 2045 1428 2072 ut
1452 2040 1484 2072 in
1501 2040 1682 2083 praemissis
1705 2041 1848 2075 eiusdem

1101 2093 1210 2125 Thesei
1235 2093 1449 2135 praeceptoris
1472 2093 1606 2126 honesto
1630 2088 1787 2128 desiderio
1799 2106 1848 2129 sa-

1103 2145 1255 2185 tissacere,
1269 2145 1407 2188 aliasque
1420 2145 1454 2178 in
1470 2147 1654 2188 praemissis
1670 2153 1850 2191 opportune

1101 2197 1265 2240 providere
1278 2197 1316 2229 de
1332 2197 1529 2240 benignitate
1545 2199 1718 2242 apostoliea
1733 2200 1846 2244 digna-

1102 2262 1217 2283 remur.
1235 2251 1296 2283 Nos
1313 2250 1420 2293 igitur,
1440 2252 1585 2294 gravium
1601 2263 1747 2294 onerum,
1763 2263 1846 2296 quae

1100 2304 1182 2337 dieto
1206 2304 1443 2347 archiliospitali
1468 2305 1666 2346 incumbunt,
1699 2306 1775 2339 dum
1798 2306 1845 2339 fa-

1099 2358 1196 2390 cultas
1232 2357 1436 2400 redditusque
1471 2368 1579 2391 omnes
1614 2358 1647 2390 in
1670 2368 1847 2402 pauperum

1098 2409 1390 2452 miserabiliumque
1408 2410 1646 2444 subventionem
1660 2415 1845 2454 erogantur,

1097 2463 1253 2496 rationem
1291 2463 1471 2496 habendam
1506 2474 1573 2497 esse
1607 2469 1780 2503 censentes,
1812 2458 1845 2496 e‘t

1096 2523 1263 2560 propterea
1287 2517 1404 2550 nedum
1428 2516 1593 2560 privilegia
1621 2522 1653 2549 et
1680 2516 1843 2549 facultates
1884 2556 1887 2559 .

1095 2574 1124 2602 et
1148 2569 1207 2602 alia
1232 2569 1332 2602 eidem
1358 2569 1595 2613 arehihospiuali
1613 2574 1643 2602 et
1667 2569 1707 2601 ab
1731 2580 1768 2602 eo
1785 2570 1839 2602 de-

1093 2621 1303 2666 pendentibus
1339 2623 1428 2663 locis,
1465 2622 1652 2668 illorumque
1690 2622 1840 2665 personis

1089 1103 1101 1341 Ι
