2059 3228
861 170 965 195 stst
983 170 1002 193 V
1025 169 1073 193 ΓΡ.

198 228 235 258 ut
262 233 359 268 supra
395 224 573 269 supposita,
610 231 773 258 seniorum
801 225 889 258 mille
919 231 949 258 et

198 277 415 311 ducentorum
436 279 601 311 annuatim
625 279 758 319 integi-e,
781 284 809 311 et
831 277 947 319 singuli

197 330 358 364 bimestris
378 331 411 364 in
442 331 517 372 fine,
540 332 725 375 incipiendo
758 342 776 364 a
806 330 950 364 kalendis

198 384 318 418 mensis
338 385 418 417 iunii
440 385 597 428 proxime,
617 392 648 417 ut
670 395 778 428 supra,
799 395 857 427 pro
871 389 948 422 rata,

197 437 318 481 absque
339 438 404 471 ulla
424 449 556 481 prorsus
581 439 761 471 retentione
777 448 832 471 seu
853 437 948 470 ‹limi-

196 491 350 527 nutione,
382 491 525 524 eiusdem
562 491 679 524 montis
709 502 768 535 pro
804 497 949 534 tempore

197 544 413 578 creditoribus
438 551 466 577 et
490 545 618 577 illorum
651 544 783 577 cuilibet
803 555 861 587 pro
882 549 949 576 rata

1632 156 1695 191 845

991 224 1063 257 liter
1075 228 1105 256 et
1123 222 1317 265 generaliter
1332 221 1513 263 obligamus
1530 226 1624 265 atquc
1640 221 1740 265 hypo-

990 276 1166 315 timeamus,
1188 287 1224 309 ac
1253 276 1292 309 ad
1325 275 1580 308 conservandum
1609 274 1739 308 eosdem

991 330 1158 362 indemnes
1179 339 1306 372 semper
1330 329 1445 370 teneri,
1467 340 1504 361 ac
1528 328 1671 361 eiusdem
1685 326 1741 360 Ca-

992 392 1098 416 merae
1113 382 1276 414 ministros
1292 387 1322 415 et
1333 387 1463 425 agentes
1477 381 1514 414 ad
1536 380 1739 414 eximendum

991 446 1144 480 personas
1161 435 1341 479 praedictas
1365 435 1404 467 ab
1431 435 1519 467 omni
1545 433 1691 467 molestia
1710 438 1741 466 et

991 489 1184 521 detrimento
1209 488 1367 530 obligatos
1387 498 1517 531 quoque
1533 488 1693 520 volumus.

1033 540 1102 583 §st
1126 541 1163 574 Et
1192 541 1324 584 insuper
1354 541 1473 574 eisdem
1502 540 1659 574 montistis
1688 551 1740 573 eo-

1755 164 1807 193 Λη,
1824 164 1852 191 C.
1872 163 1938 193 1587

1815 549 1937 571 Huiusmodi

1755 583 1860 601 montistia
1876 586 1936 601 vrit·-

991 604 1128 637 rumque
1149 594 1342 626 haeredibus
1361 599 1391 626 et
1411 593 1650 626 successoribus
1671 593 1740 636 qui-
1755 618 1824 632 mm„
1853 613 1934 632 mmm-

990 648 1206 690 buscumque,
1247 653 1310 679 tam
1349 653 1496 690 respectu
1527 643 1937 699 ροι·εοιι;ιι“ιιιιιἑξῇωέὲηξᾞζζξξζ

990 712 1086 745 quam
1111 700 1213 745 ipsius
1236 699 1355 733 montis
1383 710 1419 732 ac
1448 699 1546 732 annui
1581 699 1796 737 ι·οι1ι1ἰιιιε,οι“;

197 597 345 631 locorum
369 608 427 631 seu
447 598 643 631 creditorum
665 598 704 630 ad
730 608 949 640 unumquem-

197 662 262 696 que
282 651 428 695 ipsorum
448 652 676 695 spectantium,
699 651 745 683 vel
760 661 872 683 eorum
890 661 949 683 no-

197 704 285 738 mine
304 704 336 736 in
357 705 507 737 manibus
528 704 716 737 mercatoris
736 704 768 736 in
789 703 949 747 deposita-

27 527 55 803 g

27 806 49 942 Ξ

26 1010 57 1332 l

103 1347 185 1369 cantio-

80 1378 186 1399 monuistis

50 1407 121 1430 ‘dictis
128 1409 185 1430 assi-

197 758 283 792 rium
303 757 380 791 dicti
394 758 511 791 montis
531 769 589 802 per
608 758 729 791 dictum
746 757 947 790 Dominicum

194 812 320 852 «Basam,
340 823 400 856 pro
420 812 526 856 prima
545 812 624 852 viee,
647 817 677 844 et
688 817 798 855 postea
813 822 870 854 per
885 811 949 844 col-

191 865 317 913 ¹legium
332 871 363 899 et
376 866 542 899 montistas
554 865 725 910 praedictos
736 865 950 898 nominandos

197 925 229 953 et
243 919 420 962 eligendos,
444 925 539 963 prout
565 929 602 952 ex
622 929 710 952 nunc
730 918 898 951 Dominieo
919 925 949 951 et

197 973 334 1016 collegio
354 973 528 1016 praedictis
548 979 579 1005 et
599 972 730 1005 cuilibet
750 972 879 1005 illorum
901 983 950 1005 re-

196 1025 335 1070 spective
367 1026 552 1059 facultatem
588 1025 814 1066 concedimus,
850 1025 948 1058 libere

197 1079 422 1124 persolvenda,
444 1080 477 1112 in
497 1080 601 1112 forma
625 1079 729 1112 dictae
749 1078 901 1112 Gamerae
919 1085 949 1111 ct

196 1133 268 1166 aliis
282 1133 379 1166 arctis
398 1132 632 1176 obligationum
652 1132 787 1165 vinculis
806 1132 949 1175 obligare

197 1180 380 1227 teneantur,
403 1186 572 1219 statuimus
592 1186 720 1229 illisque
744 1186 776 1218 id
800 1196 949 1229 expresse

197 1239 398 1284 iniungimus
417 1250 477 1284 per
499 1245 696 1283 praesentes.

241 1293 305 1338 §8-
331 1293 464 1327 Necnon
483 1304 554 1326 eam
581 1303 753 1333 summam,
785 1303 867 1336 quae
892 1303 948 1326 ne-

198 1347 278 1380 mini
298 1347 405 1380 adhuc
415 1346 585 1390 assignata,
608 1351 638 1379 et
648 1346 688 1379 ab
708 1347 858 1379 omnibus
875 1357 950 1379 one—

198 1401 289 1435 ribus
313 1400 414 1434 libera
434 1411 471 1433 ex
495 1400 581 1434 dicto
602 1400 733 1444 appaltu
754 1406 899 1433 remanet
919 1407 951 1434 et

198 1459 356 1499 superest,
369 1455 454 1488 ultra
466 1454 551 1487 dicta
561 1459 651 1487 scuta
664 1454 751 1487 mille
767 1459 795 1487 et
809 1453 950 1487 ducenta

198 1508 276 1542 huic
295 1507 397 1541 monti
425 1508 597 1551 assignata,
628 1518 665 1540 ac
693 1507 788 1540 etiam
814 1507 950 1540 ulterius

199 1566 408 1596 annuascuta
418 1561 602 1605 octingenta
614 1566 762 1594 monetae
776 1561 950 1604 redigenda

199 1626 238 1650 ex
255 1625 337 1648 novo
356 1615 487 1659 appaltu
508 1614 696 1659 propediem
715 1614 862 1647 faciendo
881 1626 951 1648 vec-

199 1669 306 1713 tigalis
324 1675 432 1703 cartae
443 1669 658 1702 extrahendae
676 1679 713 1701 ex
730 1668 817 1701 Statu
840 1669 949 1701 Eccle-

199 1723 340 1762 siastico,
368 1729 400 1756 et
426 1723 560 1767 insuper
584 1722 669 1755 dieta
694 1728 783 1755 scuta
808 1722 895 1755 mille
920 1727 951 1755 et

199 1776 352 1817 ducenta,
380 1776 549 1809 annuatim
577 1786 636 1820 per
654 1775 858 1819 praedictum
891 1775 951 1808 Do-

198 1830 355 1863 minicum
371 1830 484 1863 Basam
495 1830 580 1863 dicto
594 1828 791 1872 depositario
806 1828 949 1872 generali

199 1883 363 1925 solvenda,
384 1888 415 1916 et
438 1883 541 1916 dictae
570 1882 723 1916 Gamerae
749 1882 950 1926 Apostolieae

200 1947 258 1980 per
285 1947 343 1970 nos
376 1942 411 1970 ut
441 1947 538 1980 supra
573 1936 735 1980 applicata
768 1935 951 1978 specialiter

200 1999 277 2034 prae
294 1990 422 2030 ceteris,
444 1995 474 2023 et
491 1995 657 2033 praeterea
675 1989 769 2021 etiam
791 1988 899 2021 onmia
920 1994 951 2022 et

199 2053 426 2086 quaecumque
447 2043 668 2076 emolumenta
687 2042 789 2075 dictae
815 2042 950 2074 officinae

199 2106 257 2130 seu
274 2096 465 2140 stamperiae
480 2096 660 2135 Vaticanae,
677 2101 706 2128 et
726 2106 950 2139 quaet-umque

201 2148 347 2182 eiusdem
359 2155 532 2193 augmenta
546 2149 620 2181 inde
638 2148 881 2192 quomodolibet
893 2160 951 2192 pro

202 2208 348 2245 tempore
367 2202 567 2242 resultantia,
586 2212 623 2234 ac
647 2202 787 2244 denique
803 2202 950 2235 emniaet

202 2256 330 2298 singula
344 2247 493 2288 'eiusdem
509 2255 662 2289 Gamerae
683 2255 815 2287 mobilia
841 2260 871 2287 et
895 2255 952 2288 im-

202 2304 337 2339 mobilia
355 2309 387 2338 et
410 2304 606 2337 semoventia
625 2305 710 2337 bona
730 2303 876 2346 iuraque,
904 2315 952 2337 res

202 2363 234 2392 ct
257 2358 411 2397 actiones,
437 2357 617 2401 praesentia
639 2362 667 2389 et
695 2358 812 2396 sutura,
835 2357 952 2401 ubique

202 2407 353 2440 locorum
374 2411 404 2438 et
418 2406 561 2448 gentium
586 2405 765 2440 existentia,
789 2406 953 2448 praedicto

204 2455 306 2489 monti
326 2455 479 2498 illiusque
503 2455 639 2498 collegio
659 2459 690 2487 et
715 2455 873 2498 personis,
906 2456 952 2489 uti

205 2504 339 2544 sing-ulis
358 2510 387 2537 et
417 2503 585 2545 universis,
618 2514 678 2548 pro
702 2503 953 2547 praemissorum

205 2553 352 2588 omnium
378 2552 611 2595 observatione,
633 2552 806 2587 insolidum
829 2553 953 2598 specia-

991 762 1023 787 ιιι
1044 765 1142 798 supra
1162 753 1331 797 assignati,
1358 763 1484 786 necnon
1515 753 1635 786 liberae
1665 764 1738 796 per-

990 807 1147 852 ceptionis
1167 814 1198 840 et
1218 806 1435 851 dispositionis
1460 811 1523 839 tam
1549 806 1632 839 iuter
1655 806 1739 839 vivos

990 872 1087 906 quam
1108 862 1141 894 in
1153 862 1267 894 ultima
1282 861 1444 894 voluntate
1456 866 1487 893 ct
1506 860 1643 893 aliorum
1657 870 1738 903 quo-

990 925 1206 958 rumcumque
1219 914 1387 947 montistas
1398 919 1429 946 et
1447 924 1649 947 successores
1660 924 1741 957 prie-

990 969 1091 1002 dietos
1121 967 1367 1011 quomodolibet
1399 967 1675 1005 concernentium,
1706 973 1741 999 ut

990 1022 1139 1055 omnibus
1159 1027 1187 1055 et
1209 1021 1342 1064 singulis
1357 1019 1627 1059 immunitatibus,
1645 1019 1739 1052 liber-

990 1076 1119 1116 tatibus,
1143 1074 1384 1119 praerogativis,
1406 1072 1589 1116 privilegiis,
1616 1072 1737 1115 gratiis,

990 1129 1161 1169 favoribus,
1188 1128 1378 1168 honoribus,
1401 1126 1670 1170 exemptionibus,
1692 1126 1739 1158 sa-

991 1182 1165 1215 cultatibus
1185 1188 1215 1215 et
1237 1181 1382 1221 indultis,
1404 1180 1523 1224 quibus
1534 1179 1634 1220 Fidei,
1664 1179 1739 1212 Alu-

991 1236 1180 1275 meriarum,
1219 1234 1395 1278 Religionis
1430 1240 1462 1267 et
1494 1233 1583 1266 Pacis
1616 1237 1739 1266 montes

990 1289 1023 1322 in
1048 1289 1132 1323 Urbe
1156 1289 1280 1333 pridem
1308 1287 1458 1327 instituti,
1479 1286 1740 1331 quibuscumque

991 1344 1045 1376 illa
1069 1343 1132 1376 sint
1151 1348 1307 1386 concepta
1326 1342 1504 1382 tenoribus,
1525 1340 1673 1374 formulis
1687 1346 1741 1372 aut

991 1396 1291 1430 confirmationibus
1325 1401 1355 1429 et
1384 1395 1644 1428 innovationibus
1674 1394 1739 1426 val-

991 1452 1065 1492 lata,
1087 1461 1182 1494 quae,
1205 1461 1241 1483 ac
1261 1450 1286 1482 si
1307 1450 1346 1482 de
1361 1450 1458 1482 verbo
1475 1449 1515 1481 ad
1540 1448 1672 1481 verbum
1694 1447 1742 1479 in-

991 1510 1177 1537 sererentur
1200 1503 1436 1548 praesentibus‚
1463 1501 1573 1535 haberi
1592 1502 1742 1534 volumus

991 1569 1050 1602 pro
1062 1558 1231 1602 expressis,
1243 1557 1427 1601 quibusque
1443 1556 1633 1589 eorumdem
1646 1565 1739 1587 mon-

991 1612 1071 1645 tium
1087 1612 1239 1655 descripti
1253 1611 1430 1644 creditores
1446 1615 1594 1647 utuntur,
1614 1608 1741 1652 potiun-

993 1672 1043 1699 tur
1064 1671 1093 1698 et
1107 1666 1259 1709 gaudent,
1287 1675 1322 1697 ac
1347 1664 1618 1708 quandocumque
1641 1663 1671 1694 in
1694 1664 1739 1695 fu-

993 1726 1101 1752 turum
1126 1724 1270 1758 utentur,
1291 1719 1456 1762 potientur
1481 1723 1510 1750 et
1541 1710 1737 1760 gaudebunt,

991 1772 1115 1805 etiamsi
1135 1778 1242 1805 notam
1265 1771 1364 1815 magis
1393 1770 1565 1814 specialem
1597 1763 1741 1813 require-

993 1831 1075 1865 rent,
1097 1836 1193 1869 quam
1214 1824 1438 1869 praesentibus
1450 1824 1488 1857 sit
1503 1834 1664 1867 expressa,
1680 1823 1738 1859 uti„

993 1880 1088 1924 potiri
1110 1885 1138 1913 et
1157 1880 1298 1922 gaudere
1332 1878 1432 1911 libere
1457 1884 1487 1911 ct
1511 1878 1596 1910 licite
1623 1876 1742 1920 possint

992 1940 1022 1967 et
1042 1934 1176 1974 valeant,
1193 1933 1402 1966 concedimus
1422 1938 1451 1965 et
1473 1932 1690 1973 indulgemus;
1706 1942 1742 1963 ac

992 1993 1132 2021 montem
1147 1987 1361 2031 praedictum,
1376 1986 1526 2029 illiusque
1539 1986 1608 2018 loca
1626 1990 1652 2017 et
1670 1995 1743 2027 por-

993 2041 1096 2074 tiones
1128 2046 1277 2084 respectu
1308 2050 1452 2072 summae
1476 2038 1538 2071 illis
1566 2038 1742 2081 assignatae

993 2094 1126 2128 omnino
1141 2093 1395 2132 reductionibus,
1408 2091 1676 2124 diminutionibus
1688 2095 1744 2122 aut

993 2148 1062 2181 aliis
1074 2147 1242 2180 contrariis
1255 2145 1529 2189 dispositionibus,
1543 2144 1636 2177 etiam
1658 2154 1742 2188 prse-

995 2207 1078 2234 textu
1091 2200 1334 2234 enormissimae
1350 2198 1509 2239 laesionis,
1531 2198 1675 2240 urgentis
1686 2207 1742 2230 ne-

994 2255 1147 2287 cessitatis
1167 2264 1223 2286 seu
1247 2252 1403 2286 evidentis
1422 2251 1580 2291 utilitatis,
1607 2257 1660 2283 aut
1681 2250 1743 2283 alia

994 2317 1200 2351 quacumque
1221 2316 1329 2344 causa,
1351 2305 1415 2337 sive
1436 2304 1467 2336 in
1494 2314 1610 2346 genere
1631 2303 1743 2336 sivein

994 2356 1101 2400 speeie
1126 2354 1293 2394 faciendis,
1312 2354 1462 2393 obnoxia,
1484 2354 1539 2386 sed
1560 2354 1652 2385 tirma
1673 2363 1743 2396 per-

995 2411 1091 2448 petuo
1112 2411 1140 2437 et
1165 2403 1315 2436 inviolata
1335 2403 1516 2447 persistere,
1550 2413 1609 2436 nec
1628 2413 1743 2445 quem-

995 2464 1092 2497 quam
1112 2464 1148 2486 ex
1170 2453 1270 2496 ipsius
1290 2452 1407 2485 montis
1427 2451 1578 2495 deinceps
1603 2451 1744 2484 credito-

997 2504 1096 2544 ribus,
1119 2509 1169 2535 aut
1187 2504 1227 2535 ab
1247 2503 1292 2536 eis
1304 2513 1431 2536 causam
1443 2508 1473 2535 et
1486 2502 1535 2535 ius
1554 2501 1745 2534 habentibus

996 2563 1094 2597 super
1120 2551 1253 2596 integris
1276 2552 1433 2585 fructibus
1461 2557 1492 2585 ct
1519 2549 1746 2585 emolumentis
