2059 3228
120 1145 209 1164 iudicem
218 1143 257 1163 sibi
266 1147 303 1162 as-

118 1272 188 1294 ΡΟθΙὶίἱ

361 207 426 243 79⁶2.

317 282 354 304 ac
379 271 488 313 iugum
514 267 571 302 viri
589 268 639 302 sui
660 274 809 303 excutere
828 280 926 314 seque
945 271 983 303 ab
1008 270 1063 302 illo
1082 292 1085 343 Ι

317 323 457 356 eximere
491 322 724 366 procuraverit,
763 328 819 355 aut.
845 329 932 357 certe
967 323 1063 366 culpa

316 386 373 408 sua
393 375 508 408 marito
527 375 683 419 petendae
701 376 912 419 separationis
933 387 1061 409 causam

316 428 514 472 praebuerit,
541 434 572 462 et
590 434 703 472 postea
722 439 818 472 quam
839 440 856 462 a
877 429 1063 462 connubiali
1082 437 1086 706 ι

1083 709 1086 733 t

1084 735 1086 748 l

121 215 173 244 An.
190 215 220 245 C.
234 216 303 245 1586

316 488 386 514 toro
415 481 536 514 iudicio
567 481 727 515 Ecclesiae
748 487 891 526 separata
913 482 1061 518 extiterit,

315 534 405 577 quasi
439 534 630 568 auctoritate
664 535 771 577 legum
804 542 835 568 et
867 535 1062 568 iudiciorum

315 598 391 620 suae
411 587 555 621 luxuriae
577 588 752 632 explendae
782 589 984 622 occasionem
1007 598 1063 620 na-

315 646 376 681 cta,
395 651 427 673 se
447 641 655 674 seandatosae
676 641 900 685 etimpudicae
912 642 992 674 vitae
1008 642 1062 674 de-

315 693 406 733 derit,
423 699 453 726 et
468 695 637 738 complura
653 705 690 727 ae
711 705 785 728 eum
805 694 937 728 diversis
956 705 1065 738 perso-

316 746 364 779 nis
379 747 538 780 adulteria
560 748 802 791 perpetraverit,
816 753 871 781 aut
882 759 914 781 se
932 749 964 781 in
976 759 1065 791 prae-

315 800 387 833 dam
417 801 639 834 adulterorum
669 802 806 845 turpiter
826 802 1065 835 commaculan-

315 853 388 885 dam
408 854 537 897 publice
559 855 754 898 exposuerit,
771 856 835 888 sive
851 856 955 899 palam
968 866 1065 899 quae-

315 912 398 939 stum
420 907 541 948 fecerit,
559 908 671 941 eadem
687 919 792 952 poena
812 909 917 941 ultimi
943 907 1065 952 suppli·
1084 918 1086 927 ’

315 960 354 993 cii
376 961 485 1004 puniri
505 962 666 994 volumus.

360 1014 375 1057 ξ
399 1014 430 1047 5.
458 1014 548 1053 Quod
573 1014 609 1055 si,
634 1015 851 1058 pendentibus
877 1015 1063 1048 huiusmodi

316 1067 427 1100 litibus
448 1074 478 1101 et
499 1069 726 1101 controversiis
746 1080 844 1112 super
863 1068 1065 1112 separatione

317 1121 365 1153 vel
389 1121 536 1162 divortio,
559 1127 612 1155 aut
626 1122 809 1159 subsecuta,
832 1128 866 1155 ut
886 1121 1065 1166 praemitti-

318 1180 383 1214 tur,
410 1175 471 1207 tori
493 1175 708 1218 separatione,
734 1186 815 1208 uxor
843 1176 911 1220 ipsa
932 1175 1065 1208 arbitrio

320 1228 447 1268 iudicis,
459 1228 498 1260 ad
512 1239 608 1271 quem
630 1229 832 1272 spectaverit,
855 1229 887 1262 in
905 1234 1065 1262 monaste·
1086 1236 1087 1239 ’

319 1281 366 1314 rio
388 1282 496 1325 aliquo
517 1282 706 1315 monialium
728 1289 782 1316 aut
802 1288 886 1316 certe
907 1283 938 1315 in
956 1283 1065 1326 aliquo

319 1341 387 1368 tuto
415 1341 446 1369 et
474 1336 609 1369 honesto
632 1337 716 1378 loco,
744 1337 809 1370 sive
835 1337 922 1381 apud
942 1337 1067 1381 aliquas

319 1390 446 1433 probas,
467 1389 616 1423 honestas
637 1395 668 1423 et
688 1401 753 1423 non
774 1396 937 1434 suspectas
954 1402 1066 1434 perso-

310 1454 375 1484 nas
391 1443 536 1486 deposita
556 1449 587 1476 et
607 1444 764 1477 collocata
773 1444 992 1488 t'uerit(super
1002 1455 1067 1487 quo

319 1497 428 1537 etiam,
450 1504 485 1531 ut
506 1498 537 1531 id
557 1509 673 1541 magna
697 1499 840 1532 adhibita
869 1499 1017 1533 cautione
1038 1505 1068 1532 et

319 1551 386 1584 sine
410 1552 520 1595 aliquo
540 1552 687 1596 periculo
718 1558 774 1585 aut
798 1553 982 1596 suspicione
1004 1564 1066 1586 eir·
1087 1558 1090 1593 t

320 1610 504 1648 etunspecte
530 1604 594 1645 fiat,
626 1605 743 1639 iudicis
771 1605 872 1650 ipsius
902 1607 1068 1640 conscien-

320 1658 395 1689 tiam
422 1659 620 1701 oneramus),
642 1659 812 1692 statuimus
842 1664 878 1692 ut
901 1660 969 1704 ipsa
990 1671 1070 1693 uxor
1088 1663 1091 1702 Ι

319 1710 364 1743 sic
384 1710 530 1755 deposita
551 1718 582 1744 et
602 1712 770 1754 collocata,
793 1712 1066 1755 siemonasterio,

321 1765 388 1797 fine
410 1764 540 1798 licentia
560 1765 609 1798 sui
630 1765 757 1806 iudicis,
779 1766 1066 1808 violataelausura‚

322 1818 461 1859 exiverit,
487 1819 550 1851 sive
581 1830 598 1851 a
618 1820 764 1852 custodia
784 1826 815 1852 et
838 1831 916 1853 cura
939 1821 987 1853 vel
1008 1821 1070 1853 alio

321 1872 456 1904 honesto
481 1873 553 1905 loco
573 1873 633 1905 sibi
658 1883 716 1916 per
735 1873 875 1906 iudicem
897 1874 1069 1917 assignato,

321 1925 494 1958 temerario
516 1936 596 1959 ausu
616 1926 788 1969 aufugerit,
811 1934 842 1959 et.
863 1927 956 1960 vitam
970 1928 1073 1971 impu-

144 1079 200 1101 Uxor
214 1084 267 1106 quae
276 1083 301 1099 ex

119 1113 187 1139 aliquo
203 1113 250 1132 loco
265 1116 302 1137 per

119 1176 202 1199 signato
216 1173 305 1198 auffuge-

120 1206 154 1228 rit.
171 1205 304 1231 etimpudice

119 1236 204 1260 vixerit,
232 1236 304 1256 eadem

229 1266 305 1293 capitis

119 1299 225 1325 puniatur.

322 1979 427 2012 dicam
441 1979 685 2013 etinlionestam
696 1980 834 2021 duxerit,
848 1981 959 2014 eadem
976 1981 1071 2014 etiam
1092 1961 1096 2033 ἱ
1116 1979 1222 2012 redire
1251 1980 1290 2012 ad
1311 1989 1379 2019 cor,
1401 1979 1617 2012 venerabilem
1646 1981 1776 2013 fratrem
1803 1991 1861 2014 uo-

922 215 1102 242 BULLARIUM
1126 215 1279 240 ROMANUM

323 2043 428 2076 poena
448 2033 620 2076 plectatur.

368 2087 383 2129 ξ
407 2086 437 2118 ti.
466 2086 634 2120 Praeterea
661 2097 748 2128 eum,
777 2087 833 2131 qui
858 2094 894 2120 ut
916 2088 1073 2131 virginem

155 2152 194 2177 on
209 2155 229 2171 ιιι
247 2149 313 2175 virgi·
326 2140 466 2183 aliquam
485 2146 539 2173 aut
563 2140 701 2174 alienam
721 2152 854 2174 uxorem
881 2148 991 2186 stupro
1012 2142 1075 2175 sive

130 2189 176 2203 nri-n
191 2182 225 2202 vel
240 2182 314 2201 coniu-

130 2218 197 2240 ψῃ,
233 2218 314 2237 cmo-
327 2193 486 2226 adulterio
498 2199 687 2238 corrumpat
700 2200 755 2227 aut
774 2195 908 2238 polluat,
931 2196 1000 2228 eius
1018 2207 1074 2239 pa-

131 2248 209 2267 sceret,
232 2247 314 2271 patrem

130 2279 166 2295 aut
181 2278 267 2295 matrem
282 2274 314 2294 vel

131 2310 238 2358 {222ss
254 2306 381 2356 ,32³1st
404 2301 553 2333 maritum
580 2301 712 2335 aliamve
734 2313 917 2345 personam,
939 2303 998 2336 sub
1019 2314 1076 2335 eu-

134 2368 308 2394 fa,÷11.=mquesm
331 2364 380 2385 ius
397 2365 484 2394 eura,
500 2355 609 2395 tutela,
626 2356 771 2389 custodia
790 2357 836 2389 vel
857 2361 1011 2400 potestate
1024 2357 1077 2389 illa

133 2398 319 2451 ξὶῗῖξῐζζζωῖιξῑοζζ
332 2403 446 2440 existit,
470 2409 635 2446 praetextu
657 2405 795 2438 cuiusvis
822 2415 937 2438 causae
963 2405 1076 2445 civilis,

134 2463 180 2481 aem
192 2446 318 2487 {memine-
333 2450 508 2483 criminalis
525 2457 579 2484 aut
597 2453 723 2493 mixtae,
750 2453 846 2486 etiam
864 2453 902 2486 ad
923 2464 1077 2497 procura·v

134 2494 210 2514 “flu“
334 2499 410 2529 toris
432 2500 497 2530 fise-i
521 2499 714 2542 instantiam,
734 2501 766 2534 in
778 2512 942 2535 carcerem
953 2501 1078 2535 detrudi

334 2546 454 2579 directe
472 2548 518 2579 ve!
542 2548 698 2582 indirecte
726 2551 959 2593 procuraverit,
986 2556 1016 2583 et
1043 2560 1080 2582 ea

335 2596 502 2630 occasione
523 2597 636 2631 deinde
656 2599 811 2643 virginem
832 2599 921 2634 illam
930 2599 994 2634 sive
1005 2609 1080 2634 uxo-

328 2254 407 2279 trem
436 2253 489 2280 aut
518 2255 664 2288 matrem,
692 2249 821 2282 fratrem
843 2249 906 2282 sive
931 2234 1098 2283 sororem¹

1865 209 1961 246 Kac.
1977 211 2011 247 13

1105 279 1173 302 rem
1190 268 1326 302 alienam
1344 269 1535 312 stupraverit
1549 274 1604 303 aut
1612 259 1851 317 adulteraverit,

1105 331 1178 353 cum
1201 325 1231 353 et
1258 321 1284 354 is
1309 331 1452 365 quoque,
1474 331 1554 357 suae,
1566 333 1680 366 pravae
1700 328 1853 372 concupi-

1105 373 1245 406 scentiae
1266 375 1441 417 explendae
1462 385 1570 415 eausa,
1593 377 1722 420 publica
1742 381 1851 424 legum

1105 431 1137 459 et
1165 426 1410 469 magistratuum
1445 433 1599 470 potestate
1648 429 1852 474 impudenter

1106 479 1267 520 abutatur,
1288 485 1318 512 et
1339 481 1398 513 sub
1419 482 1528 513 colore
1549 481 1671 523 iudicii,
1701 483 1854 519 innocen-

1106 538 1152 564 tes
1169 539 1266 576 atque
1295 534 1441 566 incautos
1467 535 1639 577 opprimat,
1662 536 1746 570 dieta
1771 549 1853 582 quo-
1873 538 1879 546 “

1105 596 1168 628 que
1189 597 1292 629 poena
1313 587 1482 620 statuimus
1497 589 1713 631 puniendum.
1890 628 1892 630 ,
1991 627 2007 636 Ἴ

1150 639 1164 681 ξ
1189 639 1219 672 7.
1247 640 1290 673 Ac
1310 645 1473 684 postremo
1485 641 1624 674 etiamin
1637 648 1853 686 patrem,1na-
1895 650 2021 681 Ριιιοιιιπῑ·

1105 697 1186 725 trem
1207 699 1262 725 aut,
1282 694 1396 734 virum,
1417 695 1470 737 qui
1501 705 1622 738 quaeve
1657 707 1732 729 suae
1768 697 1854 730 filiae
1869 691 2024 747 ᾙΓῗζιωζξῇῗ

1105 745 1235 788 virginis
1264 747 1421 788 pudorem
1451 753 1506 780 aut
1531 749 1696 792 propriam
1721 751 1854 784 uxorem
1869 753 1894 788 ³5¹
1909 750 2021 788 pamfili*

1106 799 1137 830 in
1158 800 1311 842 praedam
1330 800 1454 834 alienae
1475 801 1808 845 libidinistradiderit,
1825 808 1856 837 et
1869 783 2026 842 Ῐῖιῗιῗιῖἔιᾞέᾱι

1106 863 1140 884 re
1160 852 1228 895 ipsa
1246 853 1443 896 prostituerit
1463 860 1517 887 aut
1527 854 1733 889 induxeritut
1744 849 1857 890 ‘contra
1869 847 2021 898 affigentium

1106 905 1155 938 ius
1176 912 1207 938 et
1234 906 1292 946 fas,
1323 912 1432 950 stupra
1460 913 1490 940 et
1509 908 1679 949 adulteria,
1706 915 1875 953 quaestus

1106 964 1161 991 aut
1190 959 1254 992 alia
1287 961 1398 1002 quavis
1419 971 1532 1002 eausa,
1559 961 1855 1006 palamexereeat,

1107 1022 1212 1056 poena
1232 1013 1343 1046 eadem
1364 1014 1515 1047 volumus
1535 1014 1758 1049 animadverti.

1150 1067 1165 1110 ἕ
1190 1066 1220 1099 8.
1248 1067 1394 1110 Antiquis
1409 1074 1516 1101 tamen
1537 1068 1663 1102 iuribus
1683 1075 1795 1104 eontra
1806 1081 1856 1104 ce·
1895 1091 1972 1112 com„
1995 1083 2023 1120 ’,μ

1107 1125 1193 1152 teros
1209 1120 1372 1153 adulteros
1389 1126 1419 1153 et
1436 1122 1609 1162 adulteras,
1623 1123 1757 1156 lenones
1771 1129 1802 1157 et
1812 1124 1858 1157 le-
1868 1121 2021 1176 ᾗζζῐξῑιζξίζ

1107 1183 1163 1205 nas
1183 1184 1220 1206 ae
1240 1178 1350 1217 stupra
1370 1179 1402 1207 et
1418 1175 1605 1208 huiusmodi
1625 1176 1769 1210 facinora
1786 1188 1859 1221 per·
1870 1185 1982 1238 ἓιειέωίῐυη
1998 1178 2024 1232 {a

1107 1232 1272 1270 petrantes
1292 1228 1517 1270 promulgatis,
1535 1229 1614 1262 alias
1626 1229 1658 1262 in
1670 1240 1728 1263 suo
1742 1230 1859 1264 robore
1996 1233 2017 1265 ἐξ

1107 1280 1338 1324 permansuris.
2002 1268 2016 1330 ξ

2005 1335 2017 1349 ἱ

1153 1333 1166 1376 ᾗ
1192 1334 1223 1366 9.
1250 1333 1409 1375 Ceterum,
1429 1336 1704 1378 quemadmodum
1724 1336 1785 1370 hac
1800 1347 1857 1371 no·
1925 1353 2015 1384 (ιιιιιῑιιἱ

1867 1384 1936 1412 palam
1948 1383 2022 1419 impussl

1107 1392 1171 1419 stra
1192 1388 1418 1421 constitutione
1430 1389 1463 1420 in
1474 1389 1567 1422 nobis
1584 1394 1785 1434 propositum
1795 1397 1854 1433 est,
1868 1419 1967 1438 viventes

1109 1446 1144 1472 ut
1163 1441 1273 1484 siquos
1296 1441 1444 1474 homines
1463 1443 1496 1475 in
1516 1449 1681 1486 posterum
1705 1444 1855 1478 honesta·
1866 1417 2026 1482 rimam-¹⁵3

1109 1494 1149 1527 tis
1165 1505 1201 1527 ae
1221 1494 1348 1528 divinae
1368 1495 1447 1538 legis
1466 1496 1630 1529 interdum
1651 1497 1772 1531 oblivio
1785 1509 1858 1532 coe·
1867 1478 2027 1532 ἓῗιιεεῃῆιῗιεῗιὶψ

1109 1548 1203 1592 perit,
1234 1559 1288 1587 eos
1308 1550 1418 1582 saltem
1439 1550 1590 1594 supplicii
1610 1556 1715 1584 metus
1734 1562 1752 1584 a
1770 1552 1859 1596 flagi-
2002 1562 2016 1578 ⁸

1110 1602 1163 1634 tiis
1180 1602 1424 1646 sceleribusque
1443 1603 1618 1645 deterreat,
1637 1605 1681 1637 ita
1699 1605 1796 1639 hodie
1815 1611 1860 1639 ta-

1110 1657 1156 1689 les
1175 1657 1282 1689 nullos
1294 1667 1362 1689 esse
1375 1657 1582 1690 vehementer
1594 1664 1754 1702 optamus.
1768 1659 1858 1699 Quod

1111 1710 1222 1754 siquae
1243 1710 1323 1743 forte
1343 1711 1406 1743 sint
1425 1702 1628 1754 eoniugatae,
1650 1723 1732 1755 quae
1752 1713 1859 1757 palam

1112 1764 1276 1808 impudice
1304 1775 1341 1797 ac
1372 1764 1510 1808 turpiter
1542 1765 1656 1806 vivant,
1685 1766 1724 1800 iis
1746 1777 1860 1800 novem

1113 1818 1278 1850 dumtaxat
1297 1817 1422 1851 dierum
1435 1818 1570 1861 spatium
1585 1826 1657 1863 post
1670 1819 1768 1853 huius
1783 1831 1860 1854 eon-

1115 1870 1289 1904 stitutionis
1321 1872 1572 1915 publicationem
1601 1873 1638 1905 ad
1668 1873 1861 1917 resipiscen-

1116 1925 1191 1957 dum
1212 1925 1337 1967 damus,
1361 1925 1443 1958 intra
1463 1926 1549 1969 quod
1570 1931 1708 1970 tenipuS,
1727 1927 1752 1959 si
1764 1927 1862 1960 velint

1116 2039 1217 2066 strum
1248 2033 1399 2066 Iacobum
1431 2035 1619 2077 episcopum
1653 2034 1861 2068 Portuensem
2010 2078 2018 2083 δ

1117 2086 1313 2120 cardinalem
1335 2086 1510 2127 Sabellum,
1533 2093 1679 2120 nostrum
1707 2088 1739 2120 in
1767 2099 1862 2132 prae·
1938 2109 1940 2113 ι
2003 2085 2022 2135 ¹}

1117 2140 1199 2173 dicta
1221 2140 1303 2173 Urbe
1323 2140 1476 2173 vicarium
1495 2141 1543 2173 vel
1568 2141 1637 2174 eius
1660 2141 1862 2185 vieesgeren-

1118 2199 1183 2226 tem
1200 2193 1288 2226 adire.
1302 2193 1862 2238 debeant,eisquepollicerisedeiss-

1120 2257 1195 2291 ceps
1216 2247 1363 2290 pudicam
1385 2247 1479 2280 vitam
1500 2253 1638 2288 acturas,
1661 2253 1692 2281 et
1714 2253 1770 2281 aut
1789 2259 1862 2281 eum
1886 2282 1889 2283 ⁷

1102 2301 1185 2337 suis
1214 2300 1289 2333 viris
1313 2301 1562 2342 cohabitaturas,
1594 2306 1650 2333 aut
1676 2302 1863 2334 honestem

1120 2355 1203 2395 loco,
1228 2355 1282 2387 ubi
1299 2354 1339 2386 ab
1359 2354 1435 2397 ipsis
1454 2354 1630 2395 iudicibus,
1648 2360 1683 2387 ut
1702 2365 1800 2398 supra
1816 2355 1849 2388 di

1120 2409 1206 2436 ctum
1223 2409 1280 2444 est,
1293 2404 1467 2436 collocatae
1482 2414 1538 2436 seu
1555 2404 1718 2446 depositae
1732 2403 1863 2442 suerint,

1119 2462 1358 2495 permansuras.
1381 2451 1448 2491 Quo
1460 2452 1596 2485 termino
1613 2453 1733 2496 elapso,
1753 2457 1863 2485 contra

1120 2502 1165 2533 sie
1182 2507 1216 2533 ut
1235 2511 1332 2544 supra
1347 2501 1584 2544 delinquentes,
1599 2501 1638 2533 ad
1648 2511 1767 2545 paenas
1775 2510 1864 2543 prae-

1121 2550 1222 2583 dictas
1241 2550 1372 2583 omnino
1387 2550 1519 2594 procedi
1540 2550 1741 2583 mandamus.

1165 2600 1180 2643 ς
1203 2599 1258 2633 10.
1284 2600 1496 2633 Decernentes
1513 2598 1558 2632 sie
1571 2609 1629 2643 per
1643 2607 1862 2643 quoscumque
