2059 3228
111 192 163 218 An.
180 190 209 218 C.
228 191 291 218 1537

117 623 142 641 Ea
158 624 227 646 itaque
236 628 286 643 enn-

103 657 169 674 lttmdl
184 656 258 674 Mnus.

123 1429 202 1450 Prin-ts
234 1429 280 1449 ele-

96 1463 187 1481 ctionem
224 1462 280 1481 iuna

97 1498 122 1512 ea
146 1493 191 1513 fieti
213 1500 278 1514 man—

96 1525 138 1543 dat.

122 1755 233 1776 clausulae
243 1763 279 1781 pra

98 1788 239 1812 praesentium
248 1787 281 1807 lit·

96 1823 188 1837 lrt‘fltttm
202 1825 279 1844 “Pl'‘te·

98 1853 131 1870 tua
147 1853 251 1871 unalitate,

353 185 415 217 ‘Aba

307 250 475 292 Philippus
499 258 565 287 rex,
589 246 776 279 monasterii
804 247 956 290 praedicti
989 249 1056 281 sun-

306 303 399 335 (lator
415 307 444 333 et
459 306 625 344 patronus,
640 298 731 331 nobis
751 299 918 333 humiliter
934 301 1056 345 suppli-

305 355 381 387 cavit
411 360 457 394 ut,
484 353 547 385 illis
576 352 833 386 confirmationis
857 355 1055 398 apostolicae

305 410 403 439 robm·
432 407 585 446 adiicere,
613 406 755 450 aliasque
776 413 958 451 opportune
978 420 1053 453 pro-

303 462 410 494 xidere
440 462 478 494 de
504 461 702 504 benignitate
733 462 911 506 apostolica
939 462 1053 506 digna-

303 526 425 547 rentur:

345 567 359 609 ἓ
390 568 436 600 tt.
461 568 523 601 Nos
544 567 664 611 itaque,
688 568 789 611 ipsius
809 568 947 612 Philippi
970 569 1053 612 regis

300 621 453 663 precibus
465 621 764 665 inclinati,capitula
777 627 804 654 et
817 622 1049 662 ordinationes,

300 674 466 716 praedicta
499 674 691 707 auctoritate
729 675 915 719 apostolis-a,
941 682 1051 709 tenore

300 728 532 771 praesentium,
569 733 727 772 perpetuo
764 729 982 773 approbamus
1021 735 1052 762 et

299 782 543 823 confirmamus,
572 781 692 825 illaque
726 783 905 826 praesentis
939 783 1050 827 scripti

298 836 479 879 patrocinio
495 835 748 876 communimus,
761 847 887 869 necnon
904 837 953 870 'eis
975 848 1049 880 per-

298 894 414 932 petuae
453 894 483 922 et.
518 889 712 922 inviolabilis
750 890 912 923 firmitatis
950 891 1050 923 robur

297 941 482 982 adiiciunt&
504 953 541 976 ac
561 942 736 986 praemissa
753 943 860 975 onutia
877 949 905 975 et
924 942 1050 987 singula

300 1002 395 1039 prout
414 1008 512 1041 snpra
532 1007 680 1040 expressa
702 1002 787 1033 sunt,
809 1002 967 1041 perpetuo
993 998 1048 1030 fir-

300 1051 393 1084 miter
426 1057 454 1084 et
487 1051 712 1084 inviolabiliter
736 1052 895 1084 observari
931 1052 1049 1086 debere

297 1104 445 1137 volumus
464 1110 495 1137 et
511 1105 715 1144 mandamus,
734 1111 951 1148 omnesqueet
966 1116 1047 1148 quo-

297 1168 454 1201 scumque
475 1158 554 1190 iuris
581 1163 611 1190 et
638 1157 711 1190 sacti
742 1163 771 1190 et
793 1157 1045 1199 solemnitatum,

296 1211 391 1243 etiam
410 1211 682 1251 substantialium,
696 1216 727 1244 et
743 1211 775 1243 in
796 1211 841 1244 eis
866 1210 1047 1244 necessario

297 1265 537 1308 requisiturum,
560 1265 714 1305 defectus,
741 1264 766 1298 si
791 1266 846 1310 qui
869 1265 1048 1299 intervene-

296 1319 357 1351 rint
383 1318 414 1351 in
440 1319 573 1358 eisdem,
596 1319 796 1363 supplemus.

339 1373 354 1415 ξ
376 1372 427 1405 15.
451 1373 665 1406 Decernentes
690 1373 772 1406 banc
800 1373 936 1406 sormam
961 1373 1046 1406 elec-

298 1425 573 1458 tionisimmutare
585 1426 787 1459 autalterare
800 1426 920 1459 nemini
934 1426 1044 1466 licere,

296 1485 326 1512 et
356 1490 579 1523 quascumque
599 1481 771 1513 electiones
792 1486 905 1513 ‹·0ntra
926 1480 1046 1512 diffini-

296 1533 416 1566 tionem
437 1533 617 1566 litterarum
629 1539 811 1566 nostrarum
828 1534 1044 1577 praesentium

294 1598 353 1630 pro
374 1593 520 1631 tempore
544 1589 641 1621 saetas
660 1599 696 1620 ae
724 1589 796 1621 inde
817 1594 924 1621 secuta
945 1599 1046 1631 quae-

295 1651 435 1684 cumque
452 1641 573 1673 nullius
593 1641 718 1674 roboris
730 1642 777 1673 vel
794 1641 948 1674 momenti
963 1652 1042 1674 esse.

338 1695 352 1737 ἓ
381 1694 434 1727 16.
466 1695 597 1727 Necnon
631 1700 817 1738 praesentes
847 1695 969 1727 litteras
1006 1694 1045 1727 de

293 1748 511 1792 subreptionis
531 1749 578 1781 vel
600 1747 801 1791 obreptionis
821 1747 1046 1781 autnullitatis

293 1803 369 1835 vitio
407 1802 510 1835 notari
549 1803 597 1835 vel
622 1802 819 1844 impugnari,
856 1807 912 1834 aut
936 1812 974 1834 ex
1006 1811 1045 1835 eo

291 1856 377 1900 quod
404 1857 443 1889 de
472 1867 631 1889 consensu
656 1856 817 1889 dictorum
838 1855 1044 1899 superiorum

291 1916 321 1943 et
355 1910 490 1943 fratrum
529 1910 607 1943 alias
640 1920 737 1953 quam
776 1919 835 1953 per
864 1908 1045 1952 simplicem

292 1964 510 2006 praesentium
532 1964 724 1996 narrativam
743 1963 937 2006 illarumque
954 1963 1044 1995 exbi-

291 2016 444 2050 bitionem
467 2027 530 2050 non
552 2022 688 2056 constet,
711 2016 743 2048 in
771 2016 821 2049 ius
840 2016 888 2049 vel
917 2022 1046 2049 contro-

293 2070 424 2102 xersiam
452 2071 606 2108 revocari,
642 2076 693 2102 aut
717 2070 754 2102 ad
783 2070 938 2103 terminos
965 2069 1045 2103 iuris

293 2124 403 2155 reduci
428 2134 490 2156 non
512 2134 617 2166 posse,
633 2133 737 2166 neque
750 2123 819 2155 illas
832 2123 891 2156 sub
911 2123 1045 2169 quibus-

292 2176 337 2207 vis
357 2176 510 2208 similium
533 2177 578 2209 vel
612 2176 816 2209 dissimilium
847 2182 1043 2209 statutorum

292 2236 319 2261 οι
345 2230 586 2262 ordinationum
615 2230 819 2273 generalibus
848 2231 895 2263 vel
922 2229 1045 2273 specia-

295 2283 377 2315 libus
397 2283 665 2323 revocationibus
687 2283 966 2327 suspensionibus,
989 2293 1045 2315 an-

295 2337 524 2369 uullationibus
545 2343 598 2369 aut
615 2337 878 2379 derogationibus
899 2347 1044 2380 compre-

295 2385 401 2423 hendi,
440 2386 493 2417 sed
527 2396 656 2429 semper
676 2385 792 2418 abillis
827 2391 987 2429 exceptas,
1014 2390 1045 2418 et

294 2434 418 2476 quoties
439 2434 511 2466 illae
528 2435 738 2474 emanabant,
755 2435 847 2468 toties
860 2439 1044 2478 praesentes

297 2482 415 2514 litteras
441 2481 471 2514 in
503 2482 672 2525 pristinum
703 2489 733 2516 et
763 2483 903 2516 validum
924 2489 1042 2516 statum

297 2529 467 2569 restitutas,
491 2531 647 2574 repositas
659 2538 688 2564 et
709 2532 852 2575 plenarie
865 2533 1043 2577 reintegra-

297 2585 341 2610 ta>
354 2590 433 2620 esse,
447 2580 527 2613 etde
542 2591 622 2613 novo
642 2581 701 2614 sub
712 2582 909 2625 possessorio
926 2587 956 2616 et
970 2582 1043 2616 data

902 194 1079 219 nutttxnlttt
1101 197 1204 220 ROMA&
1211 198 1251 221 tut

1098 259 1156 293 per
1175 260 1241 291 eos,
1264 261 1403 295 quorum
1424 253 1580 296 intererit,
1600 254 1758 298 eligenda,
1771 264 1848 289 con-

1097 313 1201 337 cessas
1230 305 1366 346 censeri3
1402 311 1433 339 et
1467 307 1550 341 solas
1584 314 1771 351 praesentes
1806 309 1847 342 ad

1096 358 1299 401 probandum
1330 365 1362 393 et
1384 360 1629 402 verificandum,
1657 362 1689 395 in
1724 362 1846 396 iudicio

1096 412 1224 441 etextra
1245 408 1453 449 illud‚omnia
1470 416 1498 443 et
1521 410 1649 453 singuta
1661 412 1848 457 supradicta

1094 462 1254 502 sufficere,
1271 463 1465 507 plenamque
1486 463 1582 497 fidem
1605 464 1720 504 facere,
1734 475 1794 498 nec
1806 461 1846 499 ad

1096 515 1126 547 id
1147 516 1348 559 probationis
1376 517 1507 550 alterius
1527 516 1762 551 adminiculum
1792 530 1845 552 re-

1093 568 1192 613 quiri,
1218 580 1256 602 ac
1272 570 1376 603 valere
1397 575 1427 603 et
1455 575 1576 610 tenere,
1607 571 1743 614 perinde
1762 582 1800 605 ae
1819 572 1846 605 si

1094 622 1126 654 in
1147 623 1289 667 capitulo
1309 623 1451 667 generali
1474 623 1572 657 totius
1602 623 1731 658 Ordinis
1758 635 1847 658 com-

1093 676 1184 709 muni
1209 677 1357 710 omnium
1380 688 1540 711 consensu
1566 683 1685 712 statuta
1704 683 1736 712 et
1757 678 1846 712 ordi-

1093 734 1165 762 nata
1191 730 1335 763 fuissent.
1999 768 2002 769 ⁷

1136 783 1151 826 ἓ
1177 783 1228 816 17.
1247 783 1366 827 Sicque
1389 795 1448 828 per
1467 794 1692 828 quoscumque
1711 784 1846 826 iudices,
1883 790 1909 812 Ε*
1926 791 1958 814 <io
1992 808 2003 828 ν,

1091 836 1275 870 ordinarios
1316 843 1347 870 et
1382 838 1568 881 delegatos,
1608 838 1703 871 etiam
1733 838 1844 871 Palatii
1857 827 1985 878 &4¹32ssssst
1999 837 2011 870 .“

1090 889 1266 933 Apostolici
1288 902 1460 924 causarum
1478 891 1654 932 auditores,
1669 891 1741 925 etS.
1755 892 1792 925 R.
1806 891 1842 925 E.

1091 943 1286 984 cardinales,
1308 945 1433 977 sublata
1454 945 1499 977 eis
1520 950 1550 978 et
1573 955 1685 978 eorum
1713 944 1846 978 cuilibet

1090 997 1201 1040 quavis
1229 998 1325 1031 aliter
1355 998 1519 1031 iudicandi
1552 1004 1582 1031 et
1612 998 1844 1041 interpretandi

1091 1051 1242 1084 facultate
1265 1057 1295 1084 et
1311 1052 1515 1089 auctoritate,
1539 1051 1675 1084 iudicari
1704 1056 1735 1084 et
1762 1052 1843 1085 defi-

1092 1104 1152 1137 niri
1179 1105 1296 1138 debere
1328 1105 1546 1145 decernimus,
1582 1117 1618 1138 ac
1657 1105 1784 1139 irritum
1809 1111 1842 1139 et

1091 1158 1189 1191 inane
1210 1159 1233 1191 si
1257 1170 1350 1192 secus
1362 1170 1460 1202 super
1476 1159 1526 1192 bis
1545 1170 1561 1191 a
1575 1169 1752 1202 quoquam,
1765 1169 1843 1202 qua-

1089 1212 1133 1244 vis
1159 1213 1362 1252 auctoritate,
1392 1212 1532 1245 scienter
1559 1213 1607 1245 vel
1640 1212 1839 1255 ignoranter,

1089 1264 1260 1307 contigerit
1279 1265 1439 1298 attentari.

1132 1318 1219 1361 §18
1243 1319 1401 1358 Quocirca
1435 1318 1611 1352 venerabili
1642 1318 1732 1352 fratri
1767 1317 1837 1362 epi-

1089 1383 1187 1416 scopo
1213 1372 1398 1415 Segobien„
1421 1378 1452 1405 et
1473 1372 1600 1406 dilectis
1624 1372 1699 1405 filiis
1723 1383 1838 1405 causa-

1089 1436 1160 1458 rum
1181 1425 1295 1459 Curiae
1315 1426 1467 1461 Gamerae
1484 1425 1684 1470 Apostolicae
1695 1424 1838 1468 generali

1089 1479 1226 1512 auditori
1240 1485 1267 1512 et
1277 1479 1505 1513 archidiacono
1518 1479 1837 1513 EcclesiaeToletanae

1088 1544 1146 1577 per
1165 1533 1342 1577 apostolica
1362 1533 1481 1577 scripta
1511 1533 1701 1566 mandamus
1726 1538 1838 1576 quate-

1088 1598 1149 1620 nus
1169 1586 1240 1631 ipsi,
1260 1588 1307 1620 vel
1329 1587 1392 1619 duo
1409 1592 1460 1619 aut
1483 1597 1566 1619 unus
1583 1597 1710 1627 eorum,
1726 1596 1785 1630 per
1803 1596 1837 1619 se

1088 1641 1135 1674 vel
1157 1641 1255 1673 alium
1277 1652 1332 1674 seu
1356 1641 1448 1678 alios,
1470 1640 1523 1672 ubi
1549 1645 1579 1673 et
1600 1640 1730 1684 quando
1754 1650 1837 1684 opus

1088 1695 1196 1733 suerit,
1224 1700 1251 1727 et
1280 1694 1406 1737 quoties
1429 1705 1486 1738 pro
1515 1699 1604 1736 parte
1627 1693 1766 1726 alieuius
1784 1704 1835 1727 re-

1088 1748 1194 1791 ligiosi
1235 1748 1310 1780 dicti
1342 1747 1470 1781 Ordinis
1508 1747 1627 1780 suerint
1665 1747 1832 1791 requisiti,

1088 1807 1273 1846 praesentes
1310 1802 1432 1835 litteras
1473 1807 1503 1834 et.
1541 1801 1572 1834 in
1607 1800 1652 1834 eis
1685 1805 1836 1833 contenta

1087 1867 1313 1901 quaecumque
1333 1857 1521 1890 solemniter
1549 1856 1766 1901 publicantes,
1788 1856 1835 1888 sa-

1088 1911 1174 1944 ciant
1194 1910 1335 1955 capitula
1360 1916 1388 1944 et
1414 1910 1633 1944 ordinationes
1656 1908 1833 1954 praedicta;

1086 1975 1213 1998 necnon
1235 1964 1530 2003 confirmationem,
1553 1962 1832 2007 approbationem,

1086 2018 1282 2051 voluntatem
1314 2024 1343 2051 et
1376 2018 1502 2051 decreta
1527 2024 1635 2050 nostra
1665 2023 1835 2059 ceteraque

1087 2072 1196 2105 omnia
1221 2078 1251 2104 et
1279 2071 1406 2114 singula
1427 2070 1590 2115 praedicta
1610 2069 1737 2103 debitae
1761 2079 1834 2102 exe-

1087 2124 1210 2158 cutioni
1232 2124 1433 2164 demandari,
1451 2130 1582 2167 eosque,
1602 2133 1684 2166 quos
1704 2132 1836 2156 concer-

1086 2184 1178 2218 nunt,
1199 2178 1262 2210 iltis
1289 2178 1422 2221 pacifice
1455 2177 1518 2210 srui
1549 2182 1579 2209 et
1603 2177 1754 2220 gaudere,
1775 2186 1835 2209 nee

1086 2232 1271 2275 permittant
1298 2231 1473 2274 quiequam
1503 2236 1612 2264 contra
1640 2229 1834 2274 prohibitio-

1086 2295 1143 2318 nes
1153 2284 1355 2329 supradictas
1367 2295 1423 2328 pet·
1434 2279 1659 2327 quoscumque
1671 2283 1832 2323 attentari;

1086 2338 1339 2371 contradirtores
1362 2337 1522 2381 quoslibet
1554 2342 1584 2370 et
1612 2337 1749 2369 rebelles
1778 2346 1835 2379 per

1086 2397 1238 2420 censuras
1263 2393 1293 2419 et
1322 2396 1440 2430 poenas
1465 2385 1705 2424 ecclesiasticas,
1726 2385 1834 2429 appel-

1087 2435 1204 2468 latione
1225 2434 1398 2479 posposita,
1417 2433 1664 2479 compeseendo,
1687 2433 1832 2466 invocato

1086 2484 1183 2517 etiam
1204 2484 1243 2517 ad
1259 2484 1332 2523 boc,
1355 2483 1380 2516 si
1400 2494 1482 2528 opus
1499 2482 1606 2523 suerit,
1629 2482 1748 2515 auxilio
1761 2481 1832 2514 bra-

1085 2533 1149 2566 cliii
1169 2531 1352 2565 saecularis.

1128 2581 1213 2626 519.
1236 2581 1305 2614 Non
1340 2580 1542 2613 obstantibus
1574 2578 1828 2619 fundationibus,

1905 1324 1975 1348 meon
1996 1330 1998 1333 ’
2014 1333 2021 1343 1

1849 1355 1952 1384 deputati.
