2059 3228
134 218 185 244 An·
205 217 233 245 C·
253 218 320 244 157⁷
378 217 440 250 168
907 227 1090 252 ΒυιιΑΜυΜ
1114 226 1269 251 ROMANUM

335 290 407 321 ceps
431 279 622 316 obtinenda,
647 278 779 321 aliisque
802 278 1001 322 gravioribus
1025 289 1075 310 ar·
1104 283 1131 310 et
1157 278 1290 311 aliorum
1316 277 1497 321 principum
1521 279 1674 313 instantia
1698 284 1729 313 et
1745 279 1849 313 consi-

337 333 431 364 bitrio
467 338 573 364 nostro
608 337 638 364 et
661 332 794 364 Romani
823 331 983 364 Pontificis
1019 341 1075 374 pro
1105 330 1269 363 deratione
1287 358 1294 371 ‚
1318 341 1376 374 pro
1401 336 1542 375 tempore
1565 333 1739 374 emanatis,
1763 344 1851 366 corn-

337 390 478 423 tempore
502 384 664 416 existentis
688 384 870 428 infligendis
894 385 1025 429 poeuis,
1051 383 1075 416 si
1106 384 1276 427 prebendi;
1294 385 1418 428 illisque
1434 396 1491 428 per
1503 396 1719 429 quascumque
1732 386 1852 419 litteras

164 917 238 937 Contra
243 923 267 935 vo
273 917 332 936 nTeii.

138 945 193 966 tium
208 950 221 969 p
232 950 300 964 cuae.

173 2300 286 2320 Clausulae
296 2305 356 2325 prae-

162 2328 293 2347 serv-tine.

337 437 457 479 aliquos
481 447 516 468 cx
540 438 812 471 conservatoribus
845 438 994 482 praefatis
1029 437 1076 469 sui

339 488 476 520 muneris
494 489 607 522 oblitos
623 491 870 533 praemissorum
887 490 1079 524 observatio-

339 549 410 571 nem
429 540 587 583 negligere
611 543 659 574 vel
681 543 856 576 executioni
875 543 998 576 debitae
1015 552 1079 575 non

340 592 530 626 demandare
555 594 827 636 animadverterit,
852 606 922 636 eos,
947 599 1079 638 quanto-

339 644 407 677 cius
430 645 499 678 fieri
523 648 648 690 poterit,
666 648 758 681 nobis
775 659 830 681 seu
847 649 989 682 Romano
1001 649 1082 681 Pon-

339 696 416 730 tifici
450 709 508 741 pro
544 705 685 744 tempore
718 691 878 741 existent‘i,
913 703 961 734 vel
985 701 1082 745 ipsius

340 753 596 794 congregationis
613 755 766 788 cardinali
780 755 950 799 protectori
964 755 1082 788 denun-

337 803 422 853 ciare
445 806 576 840 omnino
600 812 744 841 teneatur
766 814 797 841 et
821 809 941 842 debeat.

383 858 398 901 ἓ
435 859 484 893 13.
520 860 696 894 Districtius
735 862 916 894 inhibentes
954 860 1085 903 singulis

343 911 524 953 abbatibus,
571 914 810 954 diffinitoribus,
856 913 1085 952 visitatoribus,

342 966 627 1007 conservatoribus,
662 966 936 1010 procuratoribus,
973 964 1086 1008 priori-

340 1017 410 1059 bus,
427 1018 553 1051 decanis
569 1029 605 1052 ac
622 1019 691 1051 aliis
708 1019 962 1062 quibuscumque
987 1017 1087 1060 ipsius

340 1072 594 1115 congregationis
619 1073 800 1113 monachis,
818 1082 1017 1115 quacumque
1041 1071 1088 1104 di-

340 1124 470 1168 gnitate,
488 1125 589 1166 gradu
609 1126 656 1157 vel
673 1125 913 1168 praeeminentia
930 1123 1088 1166 fungenti-

340 1178 409 1217 bus,
427 1187 475 1215 ne,
493 1177 551 1209 sub
568 1177 795 1219 indignationis
813 1182 949 1217 nostrae,
966 1186 1088 1208 necnon

342 1230 677 1263 excommunicationis
690 1232 769 1263 latae
787 1231 974 1265 sententiae.
995 1239 1089 1272 quam

345 1283 603 1316 contrafacientes
627 1294 664 1316 eo
682 1284 749 1326 ipso
767 1285 930 1316 incurrere
948 1283 1091 1315 volumus

346 1345 382 1366 ac
406 1335 574 1377 praedictis
597 1336 783 1378 privationis
795 1342 823 1369 et
840 1336 1049 1368 inhabilitatis
1062 1341 1089 1367 et

348 1386 426 1426 aliis,
451 1387 545 1420 etiam
571 1389 779 1431 gravioribus,
794 1394 902 1422 nostro
915 1395 944 1421 et
960 1389 1090 1422 Romani

348 1440 508 1473 Pontificis
539 1442 674 1474 arbitrio
707 1442 889 1475 huiusmodi
914 1442 1095 1484 infligendis

349 1492 468 1536 poenis,
493 1494 629 1526 audeant
654 1495 718 1527 sive
745 1501 959 1538 praesumant,
985 1495 1096 1538 quovis

1106 438 1312 480 apostolicas,
1337 449 1373 471 ac
1408 439 1504 471 etiam
1528 440 1653 482 quasvis
1676 439 1851 479 clausulas,

1107 491 1268 532 generales
1292 491 1341 523 vel
1363 491 1535 534 speciales,
1559 491 1654 525 etiarn
1685 492 1852 534 derogato·

1109 545 1228 576 riarum
1273 543 1491 587 derogatorias
1532 544 1786 588 efficacioresque
1823 548 1855 576 et

1110 595 1250 629 insolitas
1273 597 1436 637 clausulas,
1461 608 1497 630 ae
1513 597 1610 630 etiam
1627 597 1786 631 irritantia
1801 597 1856 630 de-

1110 654 1195 681 creta
1218 649 1276 682 sub
1299 660 1497 693 quacumque
1531 651 1699 684 verborum
1730 661 1856 695 expres-

1111 702 1198 735 sione
1237 703 1270 735 in
1305 713 1338 736 se
1376 703 1582 744 continentes,
1621 703 1767 746 derogari
1802 707 1858 736 aut

1112 755 1297 798 derogatum
1335 766 1402 789 esse
1440 756 1488 789 vel
1521 756 1643 789 censeri
1678 757 1858 789 nullatenus

1113 817 1202 849 posse
1236 819 1291 841 seu
1314 808 1428 842 debere
1442 836 1450 850 ,
1474 809 1536 841 nisi
1560 809 1743 842 earumdem
1767 819 1860 853 prae-

1114 860 1250 893 sentium
1274 867 1365 894 tenor
1389 862 1427 895 de
1450 862 1547 895 verbo
1571 862 1610 894 ad
1623 861 1860 902 verbum,nihil

1116 913 1242 955 penitus
1266 913 1393 954 omisso,
1418 914 1566 954 insertus,
1590 920 1621 947 et
1636 924 1731 947 causa
1743 923 1861 956 urgens

1115 976 1151 999 ac
1175 966 1334 999 sufficiens
1357 977 1517 1010 expressa,
1542 972 1573 1000 et
1596 978 1653 1011 per
1676 967 1777 1000 trinas
1799 966 1863 1000 diso

1117 1018 1228 1051 tinctas
1246 1019 1366 1052 litteras
1382 1021 1528 1053 eumdem
1544 1026 1685 1053 tenorem
1697 1021 1864 1054 continen-

1118 1071 1283 1120 testi-ihus
1298 1072 1443 1106 similiter
1455 1073 1613 1106 distinctis
1625 1073 1746 1106 vic-ibus
1762 1073 1865 1106 dictae

1117 1125 1373 1167 congregationis
1389 1125 1533 1169 capitulo
1551 1126 1701 1168 generali,
1718 1125 1866 1169 illiusque

1118 1176 1355 1218 diffinitoribus,
1384 1178 1612 1219 visitatoribus,
1637 1179 1868 1212 conservatori—

1121 1231 1178 1263 bus
1201 1236 1232 1262 et
1255 1230 1325 1263 aliis
1348 1232 1515 1264 monachis
1539 1232 1678 1274 legitime
1703 1232 1867 1266 intimatae

1122 1283 1248 1323 suerint,
1284 1293 1320 1315 ac
1360 1283 1476 1316 exinde
1517 1290 1667 1327 appareat
1690 1285 1872 1318 Romanum·

1122 1335 1308 1368 Pontificem
1349 1336 1410 1368 illis
1433 1347 1578 1379 expresse
1602 1338 1755 1380 derogare
1778 1339 1866 1379 velle;

1122 1395 1152 1422 ct
1165 1389 1256 1421 aliter
1269 1389 1367 1422 sactae
1391 1390 1614 1430 revocationes,
1639 1391 1870 1433 derogationes,

1125 1442 1343 1485 suspensiones
1366 1443 1414 1475 vel
1437 1443 1639 1476 alterationes
1664 1443 1784 1476 nemini
1808 1443 1872 1476 sut*-

1126 1495 1253 1537 sragari;
1278 1506 1312 1527 ac
1353 1495 1551 1535 diffinitores,
1587 1495 1779 1536 visitatores,
1797 1505 1872 1528 eon—

349 1550 511 1587 praetextu
535 1558 589 1579 seu
612 1549 715 1581 colore
739 1549 786 1581 vel
809 1549 955 1591 ingenio,
980 1549 1096 1581 directe
1127 1553 1310 1585 servatores,
1334 1546 1465 1579 abbates
1487 1551 1516 1579 et
1542 1546 1592 1579 alii
1617 1545 1873 1589 congregationis

350 1599 398 1630 vel
421 1598 586 1640 indirecte,
609 1611 667 1644 pel·
690 1612 722 1634 se
746 1603 793 1634 vel
817 1603 914 1634 alium
939 1613 993 1635 seu
1012 1602 1098 1641 alios,
1129 1599 1274 1631 monachi
1300 1598 1482 1630 huiusmodi
1506 1597 1624 1631 eisdem
1648 1597 1762 1631 litteris
1781 1598 1873 1631 dero·

351 1651 525 1691 voluntati,
550 1653 807 1687 ordinationibus
838 1660 868 1687 et
896 1655 1020 1687 statutis
1045 1666 1100 1697 per
1130 1652 1269 1692 gatoriis.
1285 1651 1490 1684 revocatoriis
1512 1662 1549 1684 ac
1572 1650 1811 1694 suspensionem
1826 1650 1876 1683 vel

351 1710 533 1746 praesentes
557 1705 657 1745 saetis
683 1706 714 1738 in
740 1707 855 1750 aliqua,
881 1707 976 1739 etiam
1002 1706 1347 1775 quan-'alterationem
1379 1705 1604 1737 inducentibus
1620 1731 1629 1745 ‚
1667 1710 1698 1737 et
1737 1702 1873 1738 decretis

353 1758 470 1791 tumvis
483 1758 686 1799 minima,sui
700 1765 789 1802 parte
802 1760 1032 1799 contravenire,
1047 1765 1098 1791 aut
1130 1769 1224 1801 super
1267 1758 1392 1790 illarum
1420 1757 1629 1799 processibus,
1654 1766 1777 1789 necnon
1801 1766 1872 1789 exe·

354 1812 480 1845 illorum
503 1812 753 1846 observationem
778 1812 926 1852 differre,
944 1822 1099 1845 seuram<
1129 1812 1291 1846 tutoribus
1320 1816 1350 1843 et
1389 1809 1681 1848 subexecutoribus,
1697 1818 1874 1852 eorumque

355 1863 511 1897 cationem
537 1866 581 1898 vel
605 1865 855 1898 annullationem
879 1871 931 1898 aut
957 1866 1099 1898 modern·
1131 1864 1287 1898 mandatis
1303 1870 1333 1896 et
1351 1862 1580 1895 monitionibus
1604 1872 1715 1904 parere
1739 1861 1873 1894 minime

355 1920 474 1953 tionem
488 1921 592 1963 aliquo
606 1931 747 1964 unquam
767 1926 906 1963 tempore
921 1932 1098 1963 procurare.
1131 1917 1241 1953 teneri,
1254 1909 1309 1949 ‘sed
1325 1916 1370 1948 cis
1387 1915 1522 1947 firmiter
1546 1915 1702 1953 resistere,
1719 1919 1748 1947 et
1764 1913 1873 1947 buius-

357 1972 506 2011 Quinitno
524 1973 665 2006 districte
677 1973 900 2016 praecipiendo
915 1974 1101 2005 mandamus

356 2026 474 2058 eisdem
499 2031 656 2068 quatenus
679 2026 748 2066 illa,
772 2025 817 2058 uti
843 2026 980 2057 salubria
1005 2037 1039 2057 ac
1064 2026 1102 2057 ad

358 2077 478 2110 felicem
495 2088 746 2122 prosperumque
763 2089 837 2112 suae
850 2079 1104 2121 congregationis

360 2136 475 2164 statum
502 2131 673 2172 tendentia,
697 2131 862 2175 recipiant,
887 2132 1050 2164 observent
1076 2138 1102 2164 ei

361 2185 485 2227 penitus
509 2185 684 2219 executioni
709 2185 834 2218 debitae
861 2185 1062 2218 demandent.

409 2239 496 2281 §114
526 2239 734 2272 Decernentes
767 2244 883 2272 statuta
916 2244 948 2271 et.
982 2239 1106 2271 ordina-

367 2291 466 2324 tiones
483 2302 539 2334 per
552 2303 617 2331 nos,
635 2297 671 2324 ut
686 2292 873 2335 praefertur,
890 2292 970 2324 sacta
989 2298 1018 2324 et
1034 2303 1108 2323 con-

366 2344 440 2384 dita,
465 2351 706 2387 praesentesque
730 2345 861 2384 litteras,
877 2344 935 2376 sub
948 2344 1109 2386 quibusvis

365 2398 627 2437 revocationibus
679 2397 961 2441 suspensionibus„
995 2396 1111 2429 limita-

365 2451 504 2484 tionibus
517 2456 569 2483 aut
583 2451 651 2484 aliis
661 2451 831 2484 contrariis
839 2443 1118 2492 dispositionibus,'

365 2515 384 2537 a
407 2504 498 2536 nobis
521 2509 549 2536 et
575 2505 725 2537 Romanis
736 2503 941 2537 Pontificibus
954 2513 1110 2535 successo-

365 2555 453 2588 ribus
477 2556 601 2595 nostris,
626 2567 824 2600 quacumque
847 2555 969 2589 ratione
987 2582 994 2595 ‚
1018 2566 1111 2588 causa

366 2609 414 2641 vel
438 2608 555 2648 intuiti,
579 2619 614 2640 ac
639 2609 733 2642 etiam
758 2608 974 2652 imperatoris,
999 2618 1110 2650 regum

1132 1971 1214 2005 modi
1234 1971 1409 2003 litterarum
1428 1967 1694 2001 rerocatoriarum
1713 1978 1768 2000 seu
1785 1967 1878 2000 dei-o-

1133 2024 1326 2066 gatoriarum
1369 2021 1584 2053 executionem
1624 2021 1787 2064 impedire,
1822 2030 1880 2053 nec

1135 2077 1258 2110 ratione
1294 2074 1491 2107 resistendas
1516 2074 1698 2107 huiusmodi
1736 2075 1880 2107 censuris

1135 2128 1349 2163 ecclesiasticis
1388 2138 1444 2170 per
1467 2128 1593 2160 eosdem
1628 2133 1808 2161 executores
1845 2131 1878 2160 et

1136 2183 1375 2215 snbexecutores
1400 2180 1543 2212 innodari
1568 2192 1668 2224 pesse.

1179 2238 1193 2277 ᾗ
1218 2234 1268 2267 15.
1287 2234 1319 2266 ΕΙ
1338 2233 1392 2272 sic,
1410 2235 1441 2265 in
1466 2234 1648 2276 praemissis
1686 2233 1834 2266 omnibus
1848 2235 1989 2284 εῐιξξῖω
2008 2239 2012 2241 “
2039 2263 2041 2277 ;

1138 2288 1277 2331 singulis,
1304 2298 1358 2330 per
1371 2297 1585 2330 quoscumque
1610 2286 1730 2320 iudices
1754 2286 1881 2320 ordina-

1139 2342 1202 2374 rios
1225 2347 1256 2373 et
1283 2340 1530 2380 commissarios,
1557 2340 1668 2383 quavis
1693 2341 1884 2374 auctoritate

1140 2396 1314 2436 fungentes,
1331 2399 1360 2426 et
1386 2405 1553 2426 causarum
1578 2394 1687 2426 Palatii
1713 2395 1883 2437 Apostolici

1140 2448 1299 2480 auditores
1328 2457 1382 2479 seu
1422 2457 1532 2479 eorum
1558 2446 1805 2479 locumtenentes
1823 2474 1830 2486 ,
1853 2452 1884 2480 et

1140 2502 1168 2533 S.
1195 2501 1228 2532 R.
1246 2500 1278 2532 E.
1297 2499 1484 2538 cardinales,
1509 2500 1634 2532 sublata
1666 2498 1711 2531 eis
1726 2504 1755 2530 et
1773 2509 1884 2531 eorum

1142 2553 1274 2585 cuilibet
1307 2552 1417 2595 quavis
1448 2552 1539 2585 aliter
1566 2551 1724 2584 iudicandi
1743 2557 1773 2583 et
1792 2551 1887 2583 inter-

1140 2607 1284 2650 pretandi
1313 2606 1456 2639 facultate
1481 2611 1510 2638 et
1538 2603 1885 2644 auctoi·itate,iudicari
