2059 3228
30 247 58 270 n.
73 240 103 269 C.
121 241 187 271 1588

40 885 180 912 engi-eguin-

36 922 62 938 ιιι,
76 917 179 937 cardina-

30 953 48 968 m
61 953 99 975 pei·
112 948 179 975 ipsun·

29 979 121 1000 nitur-em
137 985 179 999 su—

27 1017 36 1032 ι-
83 1010 179 1030 ubertate

26 1046 94 1061 nonna
113 1046 179 1067 nuper

32 1071 116 1095 itunae,
135 1071 179 1091 sul—

27 1103 67 1123 itus
108 1108 179 1123 secum

35 1133 129 1153 samario
138 1133 180 1153 elc-

29 1169 40 1185 ⁰
80 1169 177 1185 ΙΙΙΙΙΙΟΙΗΙΒ

35 1194 104 1216 eleeto
156 1198 177 1215 et

43 1226 178 1246 missariottn-

32 1262 68 1277 rae
84 1257 178 1283 Aposto-

28 1292 58 1312 w,
81 1287 177 1307 admini-

29 1319 120 1339 etionem
137 1318 178 1338 liu—

31 1349 83 1369 modi
104 1354 176 1376 pecui-

31 1385 75 1400 rum
84 1380 178 1400 commit-

857 243 961 268 stxrus
981 244 998 267 v
1018 243 1066 267 rr.
1603 231 1683 267 4021

199 293 385 326 adiumenta
405 294 556 327 adversus
575 295 689 328 samem
712 295 863 339 illiusque
895 296 940 328 in·
960 315 964 339 t
985 294 1089 338 promi
1105 299 1135 327 et
1149 292 1271 327 extrahi
1294 305 1406 328 corum
1424 294 1558 327 arbitrio
1578 293 1729 327 faciendi.

198 346 366 379 commoda
396 357 463 379 esse
494 349 625 388 laturos,
647 361 684 381 ac
710 359 767 392 pro
788 360 825 381 eo
845 360 940 392 quem
960 345 964 380 l
984 348 1027 380 lta
1048 354 1153 380 tamen
1175 354 1209 380 ut
1229 348 1376 380 datorum
1400 353 1430 380 et
1449 352 1656 392 acceptorum
1677 357 1729 379 ra-

196 409 270 442 erga
291 399 404 433 Christi
426 412 584 444 pauperes
605 401 742 435 universi
763 403 868 435 Status
885 402 941 434 Ec·
984 401 1084 433 tiones
1104 408 1136 433 et
1154 407 1318 443 computa,
1342 401 1371 433 in
1394 401 1528 433 Camera
1549 399 1738 443 Apostolica'

196 452 376 493 clesiastici‚
400 465 436 487 ac
466 455 640 499 praecipue
660 456 890 488 sacerdotalem
912 461 942 488 et
982 453 1282 494 singulotrimestri,
1300 454 1329 486 in
1346 454 1412 497 ipsa
1424 464 1498 487 vero
1512 453 1728 486 cardinalium

196 505 316 546 regiam
343 507 424 540 lianc
446 507 574 547 Urbem,
599 508 792 541 christianae
812 508 940 550 religio·
983 505 1230 548 congregatione
1250 506 1384 547 singulis
1403 507 1495 539 annis
1515 506 1637 547 integre
1657 506 1730 538 red-

1746 219 1796 268 Au.
1813 239 1842 267 c.
1861 238 1927 266 1588

196 558 245 591 nis
262 559 475 599 domicilium,
498 561 756 594 beatissimorum
779 562 940 604 apostolo-

195 622 266 644 rum
286 612 368 645 Petri
389 619 419 646 et
437 613 524 646 Pauli
539 615 677 656 pretioso
696 613 847 657 martyrio
864 624 940 646 con-

194 671 364 705 secratam,
390 676 503 708 gerere
528 666 645 698 dehent
666 666 783 709 insigni
809 666 938 706 affectu,

194 718 256 751 alia
276 718 308 751 in
328 719 396 752 dies
422 720 547 752 maiora
564 719 706 752 subsidia
732 725 941 763 praeparatu-

194 780 248 803 ros
267 781 347 804 csse.
388 780 390 784 ’

237 823 252 865 5
276 823 306 855 4.
335 825 377 856 Ac
399 831 562 867 praeterea
583 824 823 869 congregationi
844 835 940 857 vene-

195 876 345 909 rabilium
367 878 500 910 fratrum
521 884 705 911 nostrorum
726 878 804 911 SR.
819 878 855 912 Ε.
870 889 940 910 car-

194 929 363 970 dinalium,
392 941 489 974 super
509 931 656 964 ubertate
676 941 822 964 annonae
854 942 940 964 nunc

194 987 222 1015 et
241 994 300 1026 pro
321 988 464 1026 tempore
486 977 712 1027 deputatorum
730 996 787 1028 per
806 995 864 1017 nos
884 995 940 1016 nu-

195 1046 251 1079 per
267 1035 444 1076 institutae,
466 1038 653 1070 earumdem
676 1037 887 1080 pecuniarum
900 1038 938 1069 ad

194 1088 240 1121 rei
261 1089 490 1123 frumentariae
519 1096 615 1133 atque
644 1091 780 1123 aliarum
801 1091 940 1123 cuiusvis

959 738 963 765 l

959 772 964 823 l

983 559 1110 598 dantur,
1135 560 1262 602 plenam
1285 571 1321 592 ac
1344 559 1462 602 pariter
1488 559 1621 592 liberam
1640 563 1672 591 et
1695 570 1729 591 o-

984 612 1180 644 mnimodam
1211 613 1420 645 concedimus
1452 613 1634 645 facultatem
1669 612 1728 644 Vo-

983 666 1082 697 lentes
1102 666 1251 698 eumdem
1282 666 1432 698 loannem
1458 665 1671 707 Augus-tinum
1697 669 1728 697 et

982 728 1040 760 pro
1054 722 1199 761 tempore
1217 717 1403 751 existentem
1425 717 1656 761 depositarium
1689 717 1727 749 ti-

982 775 1050 802 ctae
1066 771 1222 813 pecuniae
1234 771 1272 803 ad
1294 781 1454 803 annonam
1474 771 1668 814 pertinentis
1697 768 1728 802 in

981 823 1151 863 erogandis
1174 828 1229 855 {tut
1247 823 1410 866 exigendis
1428 824 1476 856 vel
1498 824 1530 855 in
1550 834 1651 856 unum
1690 835 1724 855 1:-

981 876 1128 917 digendis
1147 876 1292 920 pecuniis
1314 876 1484 919 praedictis
1504 887 1572 909 eam
1594 876 1634 909 ob
1654 886 1725 908 cau-

980 940 1046 961 sam
1067 929 1273 972 exponendis,
1293 930 1428 962 aliorum
1446 941 1542 973 quam
1555 930 1656 962 dictae
1667 939 1724 961 an-

980 992 1083 1014 nonae
1104 983 1257 1025 praefecti
1280 983 1453 1023 mandato;
1474 983 1506 1015 in
1529 983 1590 1016 illis
1607 982 1724 1015 veroin

979 1035 1099 1067 dictum
1120 1035 1279 1069 aerarium
1294 1036 1489 1079 redigendis,
1508 1036 1657 1069 seulinde
1671 1047 1724 1068 ex-

978 1088 1153 1128 trahendis,
1178 1089 1316 1122 aliorum
1337 1100 1433 1133 quam
1463 1089 1567 1122 dictae
1591 1099 1725 1131 congre-

193 1141 319 1184 generis
346 1143 486 1185 frugum,
519 1143 637 1186 quibus
665 1144 702 1176 ad
723 1144 802 1176 vitae
823 1144 938 1175 liuma-
958 1141 1114 1184 ¹gationis
1137 1142 1350 1175 cardinalium
1375 1148 1430 1175 aut
1458 1152 1569 1175 eorum
1594 1141 1723 1174 maioris

191 1205 250 1227 nae
270 1195 533 1228 sustentationem
556 1196 745 1238 indigemus,
763 1196 888 1240 copiam
909 1201 940 1228 et
956 1213 961 1245 3
978 1194 1077 1238 partis
1093 1194 1350 1229 ordinationibus
1363 1201 1393 1228 et.
1406 1195 1574 1234 mandatis,
1597 1194 1722 1228 etiamsi

191 1247 388 1288 ubertatem,
410 1254 474 1281 tam
495 1249 527 1282 in
553 1250 636 1282 Urbe
656 1256 763 1282 nostra
789 1260 884 1292 quam
906 1250 937 1281 in
961 1249 1199 1290 'quascumque
1227 1258 1348 1292 poenas
1379 1254 1434 1282 aut
1465 1258 1614 1281 censuras
1638 1247 1670 1279 in
1690 1257 1723 1280 se

191 1300 341 1334 universo
358 1301 447 1335 Statu
468 1302 690 1335 Ecclesiastico
702 1302 870 1345 temporali
886 1313 939 1345 pa·
959 1306 961 1316 ¹
978 1300 1191 1341 continerent,
1205 1312 1320 1345 parere
1332 1301 1464 1334 minime
1476 1300 1588 1341 teneri,
1603 1306 1634 1333 et
1645 1310 1724 1343 quo-

191 1354 325 1387 randam
346 1359 377 1387 et
400 1354 643 1398 providendam,
661 1354 812 1387 adhibitis
829 1365 936 1388 secum
958 1348 1096 1386 lrumvis
1116 1354 1212 1387 etiam
1236 1355 1374 1388 aliorum
1405 1360 1531 1388 sanetae
1560 1354 1722 1387 Romanae

190 1406 317 1440 dilectis
337 1406 412 1440 filiis
428 1407 578 1440 Gamerae
600 1408 800 1451 Apostolicae
813 1409 937 1441 thesau-

191 1459 276 1492 rario
294 1460 437 1503 generali
465 1463 583 1494 clerico
609 1471 755 1494 annonae
777 1461 938 1504 praesecto

191 1518 223 1545 et
242 1513 466 1547 commissario
481 1514 577 1546 etiam
598 1514 810 1557 generali.lta
831 1519 937 1547 tamen

191 1566 279 1609 quod
289 1566 375 1611 ipsae
387 1567 543 1611 pecuniae
554 1567 584 1599 in
597 1567 782 1600 huiusmodi
791 1577 938 1600 annonae

194 1629 292 1659 usus,
321 1619 358 1652 ad
391 1625 505 1652 nutum
534 1627 563 1652 et
593 1619 765 1652 iussionem
795 1619 938 1652 eiusdem

192 1673 461 1715 congregationis,
473 1684 546 1705 cum
561 1673 709 1705 mandato
721 1684 737 1705 a
753 1672 837 1705 dicto
850 1683 941 1715 prae-

193 1726 393 1769 secto,prout
406 1726 511 1759 adhuc
526 1731 682 1759 servatum
700 1732 759 1762 est,
777 1726 937 1769 expedito,
957 1727 960 1734 '

193 1789 252 1812 nec
259 1779 337 1812 alias
347 1785 522 1822 erogentur
531 1779 578 1811 vel
588 1779 860 1822 expendantur,ac
870 1790 939 1811 rur·
956 1801 957 1804 =

192 1841 245 1864 sus
265 1831 312 1865 sic
337 1838 485 1876 erogatae
510 1833 558 1864 rel
589 1842 744 1875 expensae
773 1842 832 1864 suo
860 1824 962 1864 tem-l

193 1895 270 1928 pore
289 1890 535 1929 recuperentur,
549 1885 681 1918 liberam
694 1885 939 1928 absolutamque
957 1883 959 1888 ’

194 1938 518 1979 administrationem,
541 1939 707 1982 dictasque
727 1938 893 1981 pecunias,
914 1938 940 1970 si

193 1991 337 2034 quando,
366 1992 506 2034 peccatis
532 1992 641 2035 populi
668 1991 698 2023 id
725 1992 938 2034 promerenti-

193 2043 267 2083 hus,
294 2050 397 2078 terrae
417 2045 578 2085 sterilitas,
600 2044 685 2088 quod
703 2044 785 2077 Deus
810 2050 939 2084 avertat,

173 2097 417 2141 ‘intemporali
448 2098 661 2131 ecclesiastica
691 2097 810 2130 ditione
841 2092 968 2130 conti-‘¹'

193 2150 288 2193 gerit,
310 2151 347 2183 ad
369 2151 613 2184 convellendum
630 2150 759 2183 aliunde
777 2161 940 2183 commea·
957 2152 959 2187 ἑ

195 2208 275 2244 tum,
298 2203 330 2236 in
352 2209 418 2237 toto
438 2204 486 2237 vel
506 2204 538 2236 in
554 2209 653 2247 parte,
668 2214 725 2246 per
736 2197 958 2236 eosdemne-¹

194 2257 388 2296 saur-arium,
417 2268 563 2290 annonae
584 2258 780 2300 praesectum
801 2262 831 2288 et
851 2267 939 2289 com-

196 2309 376 2342 missarium
393 2310 518 2352 erogari
529 2321 536 2350 ;
549 2321 585 2342 ac
601 2320 712 2342 rursus
731 2309 756 2341 si
773 2309 850 2352 quid
864 2314 940 2341 tem-

196 2373 274 2406 pore
291 2362 381 2395 samis
396 2374 433 2396 ex
453 2363 537 2396 dicta
548 2373 673 2395 summa
684 2361 866 2401 decesserit,
880 2372 938 2404 po-

195 2421 273 2455 stea,
306 2415 361 2448 ubi
389 2416 543 2459 temporis
572 2415 795 2459 opportunitas
814 2414 936 2454 tulerit,

196 2462 282 2496 illam
304 2462 527 2507 redintegrari,
549 2469 643 2507 atque
664 2464 717 2495 ubi
738 2462 885 2506 expedire
897 2452 961 2494 vi-l

195 2511 335 2551 debitur,
362 2512 393 2545 in
417 2513 578 2546 aerarium
600 2511 811 2555 apostolicum
838 2510 962 2543 Castri'.

978 1406 1137 1440 Ecclesiae
1167 1407 1390 1448 cardinalium,
1420 1407 1568 1449 illiusque
1594 1406 1721 1448 collegii

977 1471 1013 1493 ac
1033 1459 1184 1493 Gamerae
1201 1460 1400 1503 Apostolicae
1413 1460 1497 1494 iussa
1508 1465 1538 1493 et
1550 1459 1720 1503 imperium

978 1513 1110 1556 impune
1140 1524 1176 1546 ea
1201 1513 1234 1546 in
1259 1524 1293 1547 re
1322 1514 1499 1546 detrectare
1519 1523 1625 1557 posse,
1651 1512 1722 1555 qui-

977 1567 1099 1600 nimmo
1115 1567 1219 1611 ipsum
1235 1567 1385 1600 Ioannem
1397 1567 1610 1610 Augustinum
1622 1571 1653 1598 et
1664 1576 1721 1609 pro

977 1626 1122 1664 tempore
1150 1620 1336 1653 existentem
1356 1619 1599 1663 depositarium,
1625 1619 1664 1651 ali
1689 1630 1722 1649 o-

978 1673 1041 1705 mni
1063 1673 1297 1715 cuiuscumque
1317 1672 1448 1705 alterius
1467 1671 1582 1705 iudicis
1594 1676 1723 1704 autma-

977 1726 1140 1766 gis-iratus,
1161 1726 1271 1770 quavis
1294 1725 1448 1768 dignitate
1473 1731 1504 1758 et
1532 1725 1722 1759 auctoritate

978 1780 1150 1822 t'ungentiS,
1172 1779 1398 1822 superioritatc
1426 1784 1457 1811 ct
1486 1777 1718 1815 iurisdictione.

977 1833 1082 1876 <moad
1094 1832 1227 1875 negocia
1238 1832 1339 1875 ipsam
1353 1842 1514 1864 annonam
1526 1842 1721 1865 concernen-

979 1888 1029 1926 tia,
1051 1897 1183 1929 prorsus
1202 1885 1372 1918 eximimus
1390 1890 1421 1918 ct
1437 1885 1613 1917 liberamus
1628 1890 1722 1927 atque

979 1940 1153 1972 immunem
1174 1938 1412 1971 constituimus.
1439 1937 1623 1970 Inhibentes
1649 1938 1721 1982 qui-

979 1992 1083 2024 busvis
1102 1990 1275 2031 iudicibus,
1291 1990 1545 2034 praesidentibus
1565 1991 1724 2024 etossicia-

979 2046 1061 2078 libus
1085 2055 1125 2077 ne
1145 2045 1231 2077 circa
1250 2043 1425 2087 praemissa
1450 2054 1482 2076 se
1506 2043 1723 2077 intromittere

979 2099 1023 2130 vel
1041 2098 1265 2139 ingerere,aut
1279 2097 1430 2130 Ioannem
1450 2096 1660 2139 Augustinurn
1672 2097 1721 2129 vel

977 2151 1206 2195 depositarium
1246 2160 1304 2194 pro
1344 2155 1489 2193 tempore
1535 2149 1721 2183 existentem

978 2204 1157 2248 praedictos
1178 2203 1422 2247 quomodolibet
1441 2203 1622 2243 molestare,
1647 2213 1722 2246 pcr-

978 2259 1107 2290 turbare
1127 2263 1181 2290 aut
1206 2256 1384 2300 inquietare
1403 2256 1543 2288 audeant
1561 2256 1607 2288 vel
1628 2265 1721 2299 prae-

979 2316 1118 2343 sumant.

1022 2364 1036 2404 ,ξ
1061 2364 1090 2395 5.
1118 2362 1274 2402 Quocirca
1293 2362 1394 2395 dictos
1426 2361 1605 2394 cardinales
1635 2370 1919 2427 nun⁰;,.fil³0'.i.⁵22¹.fg⁵f{'

979 2419 1008 2445 et
1034 2423 1091 2456 pro
1112 2418 1256 2455 tempore
1276 2411 1308 2444 in
1338 2411 1448 2444 eadem
1474 2410 1721 2453 congregatione

1736 2432 1828 2458 gationis
1860 2438 1917 2452 exe-

977 2462 1158 2505 deputatos,
1189 2460 1330 2493 ciusdem
1362 2459 1484 2502 negocii
1523 2465 1721 2502 protectores
1735 2464 1837 2515 23:232*
1857 2462 1917 2514 hau-⁵

977 2516 1071 2553 atque
1092 2510 1286 2548 defensores,
1318 2509 1356 2541 ad
1380 2508 1442 2541 lioc
1466 2514 1500 2541 ut
1519 2509 1551 2540 in
1571 2508 1720 2541 omnibus
1735 2527 1802 2551 pm..

197 2560 228 2593 S.
252 2561 362 2603 Augeli
383 2561 494 2594 referri
514 2567 544 2594 et
559 2560 834 2603 asservari,atque
852 2559 935 2598 inde,
954 2546 959 2605 ἑ
978 2569 1059 2601 quae
1090 2558 1140 2590 his
1173 2557 1286 2590 litteris
1321 2557 1547 2596 continentur,
1580 2556 1718 2590 auctori-

196 2609 322 2651 quoties
352 2610 477 2644 occasio
511 2608 728 2653 postulaverit,
759 2608 858 2641 libere
887 2608 959 2656 ἀεῖ-Ι
979 2613 1074 2640 tatem
1087 2618 1184 2658 *suam
1202 2606 1419 2658 interponant,
1444 2616 1481 2639 ac
1501 2605 1716 2660 difficultates,
