2059 3228
95 205 149 233 An.
166 205 195 234 C.
212 205 281 234 1579

117 2561 142 2583 Βι
156 2559 274 2583 auetorita-

338 196 401 229 562

294 261 449 300 futurum,
473 258 692 303 paritormiter
712 263 742 291 et
757 268 859 302 aeque
878 258 1043 303 principa-

292 315 365 348 liter
385 314 440 353 uti,
466 313 560 357 potiri
583 319 612 345 et
631 313 773 356 gaudere
792 313 927 346 valeant.
953 312 1044 352 Quod

292 368 338 400 illi
358 367 413 411 qui
434 367 465 400 in
495 366 606 410 quavis
630 366 767 399 aliarum
795 366 1043 400 Universitatum

291 420 480 464 disciplinis,
503 420 710 453 facultatibus
729 425 760 452 et
780 420 903 453 artibus
924 420 1043 463 praesa-

291 475 331 506 tis
347 473 475 507 studere
498 472 712 517 incoeperint,
735 473 877 506 studium
895 484 988 506 suum
1011 472 1042 504 in

290 537 326 559 ea
337 526 540 566 continuare,
550 531 654 559 ettam
668 525 738 570 ipsi,
748 537 845 570 quam
857 527 912 570 qui
922 526 1042 559 indicta

289 579 336 612 vel
356 579 419 612 alia
439 579 652 613 Unive'rsitate
670 590 726 623 per
747 584 874 624 tempus
897 579 1041 612 debitum

289 632 459 673 studuisse,
488 643 526 666 ae
551 632 684 666 seientia
708 638 739 665 et
763 632 909 665 moribus
933 631 1042 665 idonei

289 685 446 728 comperti
473 684 602 725 fuerint,
631 685 664 718 in
684 685 817 726 artibus,
839 684 1042 728 philosophia

287 750 323 771 ae
344 739 503 782 theologia
516 749 642 772 necnon
657 738 861 772 facultatibus
877 738 1039 782 praefatis,

288 791 562 833 baeealaureatus,
584 792 678 825 etiam
691 791 845 833 formalis,
862 792 1042 825 licentiatu-

287 855 330 878 rae
341 856 378 878 ac
387 846 506 879 laurete
518 856 645 879 necnon
656 845 840 878 doctoratus
851 856 887 878 ae
898 845 1042 888 magiste-

289 898 326 930 rii
347 909 383 932 ae
403 910 629 943 quoscumque
650 899 729 931 alios
750 899 860 932 solitos
876 898 1041 942 gradusab

283 951 386 995 ipsius
406 952 626 985 Universitatis
646 958 771 985 rectore
791 963 848 986 seu
879 953 1040 985 cancella-

283 1005 333 1038 rio
344 1011 399 1038 aut
415 1006 615 1046 doctoribus,
634 1005 811 1039 lectoribus
822 1006 872 1039 vel
883 1005 954 1039 aliis
965 1016 1040 1050 per-

283 1059 370 1092 sonis
397 1070 456 1103 per
484 1060 586 1093 dietae
616 1060 788 1093 Societatis
816 1060 1039 1103 praepositum

282 1113 488 1155 generalem,
522 1118 577 1146 aut
591 1140 598 1154 ‚
631 1114 670 1146 de
705 1113 775 1146 eius
806 1112 954 1154 licentia,
983 1123 1041 1157 per

284 1165 372 1199 illius
409 1167 594 1210 provinciae
642 1166 863 1210 praepositum
910 1166 1038 1210 provin-

285 1219 399 1253 cialem
434 1220 628 1263 deputandis
644 1247 651 1260 ,
687 1219 818 1263 praevio
843 1220 989 1263 rigoroso
1006 1230 1040 1253 e-

281 1273 428 1314 xamine,
452 1275 499 1306 vel
539 1273 814 1318 disputationibus
840 1273 1037 1317 peragimus,

284 1327 369 1359 iuxta
396 1327 526 1360 concilii
554 1327 687 1371 praefati
709 1327 848 1367 decreta,
875 1318 1039 1371 ipsirisque

281 1380 449 1413 Societatis
478 1387 508 1413 et
528 1381 667 1413 aliarum
690 1380 939 1414 Universitatum
964 1391 1040 1414 eon-

282 1433 475 1474 stitutiones,
494 1434 744 1467 eonsuetudines
765 1440 796 1467 et
816 1439 945 1474 statuta,
963 1445 1038 1467 nec-

282 1497 346 1520 non
366 1487 456 1527 alias,
482 1493 514 1520 ut
533 1487 727 1530 praefertur,
739 1487 898 1531 recipere,
914 1499 950 1520 ac
966 1499 1038 1531 gra-

282 1541 382 1573 duum
404 1541 561 1573 eiusmodi
582 1541 673 1573 solita
698 1541 835 1583 insignia
860 1541 921 1574 sibi
947 1542 1038 1574 exhi-

283 1593 351 1626 beri
373 1594 496 1634 sacere;
519 1600 548 1627 et
564 1600 735 1637 postquam
757 1594 788 1626 in
809 1594 887 1638 ipsis
907 1595 1041 1628 faculta-

285 1646 369 1679 tibus
394 1648 532 1691 promoti
562 1648 702 1688 suerint,
725 1648 796 1681 illas
824 1649 990 1692 perlegere
1011 1658 1038 1684 et

284 1701 500 1745 interpretari,
530 1713 566 1734 ae
592 1702 622 1734 in
644 1702 689 1735 eis
709 1702 879 1745 disputari,
909 1713 1035 1735 necnon

282 1759 505 1798 quoscumque
521 1761 612 1788 aetus
623 1755 802 1797 graduiseu
813 1757 911 1798 gradi
942 1768 964 1787 is
980 1767 1036 1800 per

283 1818 337 1840 ros
357 1808 494 1851 receptis
505 1808 732 1840 convenientes
744 1814 947 1848 exe1·eere,et
961 1809 1038 1841 alias

284 1861 433 1895 omnibus
460 1867 492 1895 et
525 1862 662 1904 singulis
695 1861 883 1905 privilegiis,
914 1862 1037 1904 gratiis,

284 1915 458 1956 favoribus,
478 1915 707 1959 praerogativis
720 1921 750 1948 et
764 1915 908 1956 indultis,
922 1915 1040 1958 quibus

285 1969 338 2001 alii
360 1969 391 2002 in
406 1969 522 2002 ceteris
533 1968 898 2001 Universitatibusiuxta
908 1969 1037 2001 illarum
1082 1974 1200 2008 rariter,
1225 1967 1395 2011 contigerit
1414 1967 1563 2001 attentari
1584 1968 1802 2004 decernimus.

287 2022 365 2055 ritus
385 2028 415 2055 et
436 2033 542 2056 mores
559 2022 597 2054 ad
618 2022 736 2064 gradus
750 2022 835 2065 ipsos
846 2022 986 2065 promoti
1001 2023 1038 2055 de
1057 2033 1061 2063 ι

287 2076 356 2108 iure
378 2077 427 2109 vel.
453 2076 687 2109 consuetudine
708 2081 760 2108 aut
787 2075 865 2108 alias
890 2081 1036 2114 utuntur,

286 2129 453 2172 potiuntur
485 2135 517 2163 et
548 2129 701 2173 gaudent,
731 2140 768 2162 ae
801 2129 860 2169 uti,
892 2128 988 2173 potiri
1010 2134 1036 2161 et

286 2183 426 2225 gaudere
458 2188 611 2227 poterunt
635 2182 874 2226 quomodolibet
899 2182 928 2214 in
952 2183 1039 2215 sutu-
1082 2181 1258 2224 apostoliea
1283 2181 1331 2214 vel
1351 2180 1464 2224 quavis
1484 2181 1634 2214 firmitate
1654 2181 1717 2216 alia
1737 2183 1833 2216 robo-

286 2246 370 2277 rum,
389 2247 492 2280 aeque
510 2236 734 2280 principaliter
753 2236 1040 2279 uti,potss.·ietgau-

288 2289 476 2323 derelibere
497 2295 527 2323 et
547 2289 632 2322 licite
653 2289 777 2333 possint
796 2295 827 2322 et
845 2289 980 2328 valeant,
1007 2289 1037 2320 in

288 2343 436 2376 omnibus
458 2349 489 2376 et
515 2354 571 2386 per
590 2343 709 2382 omnia,
732 2343 865 2386 perinde
885 2353 921 2376 ae
934 2341 958 2375 si
969 2352 1040 2385 gra-

287 2391 346 2424 dus
367 2392 552 2425 huiusmodi
574 2391 606 2424 in
622 2392 730 2435 aliqua
747 2403 784 2424 ex
801 2391 951 2436 praefatis
963 2390 1038 2423 Uni-

287 2439 487 2473 versitatibus
507 2440 732 2484 suscepissent.

332 2488 348 2531 ἓ
371 2488 402 2520 [ι.
429 2488 583 2532 Quodque
611 2500 670 2533 pro
700 2489 784 2522 l'eliei
823 2486 1040 2521 Universitatis

287 2536 472 2570 huiusmodi
493 2538 680 2579 directione,
710 2537 867 2580 regimine
895 2547 932 2570 ae
959 2535 1039 2569 litte-

196 2594 275 2614 ειιωῑο
289 2585 392 2619 rai-iae
416 2585 548 2630 politiae
569 2588 683 2627 forma,
706 2587 797 2620 liceat
819 2597 877 2630 pre
894 2591 1038 2631 tempore

887 202 1064 226 BULLARIUM
1086 201 1235 225 ROMANUM

1923 168 1943 186 ,ἱ
2045 179 2047 186 ,ι

1846 200 1899 232 An.
1914 198 1945 233 C».
1960 207 1972 227 ’ν’
2012 213 2024 221 ·⁴
2045 196 2046 205 ³

1085 256 1231 289 existenti
1251 256 1394 290 eiusdem
1414 256 1581 291 Societatis
1590 257 1771 301 praeposito
1780 268 1834 301 ge-
1846 263 1946 300 conflagrat
1964 242 1972 253 '

1086 309 1200 351 nerali,
1222 310 1307 343 salvo
1328 320 1454 354 semper
1474 316 1623 344 manente
1650 312 1749 355 ipsius
1777 311 1833 344 So·
1847 294 1971 354 Ξιοηῗῖηζξι,
2010 306 2022 315 ⁵

1086 363 1208 396 eietatis
1229 363 1309 404 iure,
1331 374 1388 406 per
1415 374 1448 396 se
1469 364 1517 396 vel
1544 363 1642 397 alium
1662 375 1718 398 seu
1738 365 1830 405 aliOS,

1085 426 1311 459 quaecumque
1332 421 1448 450 statuta
1468 417 1735 458 etordinationes,
1746 417 1833 450 licita

1087 475 1192 502 tamen
1214 476 1245 502 et
1264 470 1411 510 honesta,
1439 481 1475 503 ac
1495 470 1777 503 sacriseanonibus
1787 471 1833 504 di-

1085 523 1210 566 ctisque
1232 523 1360 556 concilii
1381 523 1517 557 decretis
1537 534 1602 557 non
1623 524 1831 563 adversantia,

1085 576 1189 609 faeere
1210 581 1241 609 et
1257 577 1364 618 edere,
1386 577 1516 620 illaque,
1539 587 1597 622 pro
1615 587 1735 617 rerum,
1756 582 1834 610 tem-

1084 639 1201 672 porum
1222 635 1253 662 et
1272 641 1484 673 personarum
1506 630 1677 674 qualitate,
1699 630 1834 663 alterare

1086 683 1257 716 immutare
1277 688 1308 716 et
1327 684 1495 727 abrogare,
1518 689 1548 717 et
1568 683 1640 725 alia,
1654 683 1747 717 toties
1757 693 1835 726 quo-

1086 737 1143 770 ties
1167 747 1249 781 opus
1268 737 1375 779 fuerit,
1402 738 1441 771 de
1459 748 1552 778 novo,
1573 738 1668 771 etiam
1688 737 1834 771 cumim-

1086 791 1244 833 positione
1255 802 1446 835 poenarum,
1457 791 1608 833 condere,
1617 802 1654 825 ac
1666 797 1834 825 contuma-

1084 855 1136 877 ees
1155 849 1186 878 et
1210 845 1358 887 rebelles,
1385 845 1482 879 etiam
1506 845 1834 889 quantumvisexem-

1085 902 1166 941 ptos,
1189 897 1293 931 debite
1311 899 1487 942 corrigere,
1509 898 1698 932 auctoritate
1709 903 1830 942 aposto-

1084 951 1144 984 liea
1165 952 1387 986 concedimus.
1959 991 1962 997 ,

1126 1005 1141 1047 ἓ
1166 1005 1195 1039 5.
1219 1006 1263 1039 Ae
1279 1007 1541 1050 quibuscumque
1555 1006 1692 1040 aliarum
1703 1005 1835 1039 Univer-
1854 1041 1857 1044 ,
1874 1015 1957 1052 uoto-u
1973 1008 1984 1052 33ss
2006 1016 2017 1039 τί
2037 997 2039 1006 ’

1083 1057 1210 1091 sitatum
1222 1060 1289 1092 ludi
1306 1059 1563 1093 moderatoribus
1578 1065 1609 1093 et
1622 1058 1833 1103 praesidenti·
1847 1047 1982 1102 ἓᾝζῐῗ

1083 1111 1154 1152 bus,
1177 1113 1368 1153 rectoribus,
1390 1112 1833 1157 cancellariis,praeceptori-
1848 1109 1894 1138 πὶ·

1081 1165 1142 1197 bus
1161 1171 1193 1199 et
1216 1167 1388 1210 magistris,
1411 1178 1448 1200 ae
1470 1167 1730 1210 quibuscumque
1750 1165 1833 1207 aliis,

1082 1218 1177 1250 etiam
1200 1219 1362 1252 civitatum
1382 1225 1413 1253 et
1432 1220 1570 1253 aliorum
1603 1220 1765 1260 locorum,
1801 1219 1835 1252 in

1081 1271 1302 1315 spiritualibus
1316 1273 1365 1306 vel
1385 1273 1618 1317 temporalibus
1637 1279 1692 1307 aut
1713 1273 1835 1307 mixtim

1081 1326 1365 1367 gubernatoribus,
1387 1337 1427 1359 ne
1447 1333 1606 1360 rectorem
1626 1333 1682 1360 aut
1700 1326 1834 1361 Univer-

1082 1378 1182 1411 >itatis
1201 1379 1389 1413 huiusmodi
1407 1391 1561 1424 personas
1580 1385 1611 1413 et
1625 1381 1790 1414 scholares
1802 1380 1834 1414 in

1081 1432 1190 1476 aliquo
1225 1433 1489 1476 praemissorum,
1511 1433 1624 1477 quovis
1649 1439 1832 1479 praetextu,

1084 1496 1139 1529 per
1158 1497 1191 1519 se
1211 1488 1258 1520 vel
1271 1487 1383 1528 alium,
1399 1488 1572 1520 molestare
1590 1487 1639 1521 vel
1653 1487 1834 1531 inquietare

1081 1540 1221 1573 audeant
1240 1551 1295 1573 seu
1312 1546 1528 1584 praesumant,
1544 1540 1740 1574 inhibemus.
1754 1541 1833 1575 Nul-

1082 1593 1214 1637 lumque
1234 1593 1297 1627 loci
1316 1594 1515 1627 ordinarium
1534 1594 1584 1628 vel
1611 1594 1834 1640 metropolita-

1082 1658 1173 1688 num,
1199 1647 1311 1690 quovis
1330 1648 1488 1691 quaesito,
1502 1648 1598 1681 etiam
1618 1648 1833 1683 conservatio-

1082 1701 1131 1734 nis
1142 1712 1178 1734 ae
1191 1700 1437 1745 superioritatis,
1451 1702 1560 1734 colore
1574 1701 1622 1735 vel
1637 1701 1765 1745 ingenio
1776 1713 1834 1736 seu

1084 1755 1186 1795 titulo,
1203 1754 1389 1798 praemissis
1409 1765 1441 1788 se
1467 1755 1615 1798 ingerere
1634 1760 1689 1788 aut
1707 1761 1834 1790 contra-

1081 1808 1190 1841 venire
1210 1819 1304 1852 posse
1324 1815 1383 1841 nec
1403 1808 1543 1849 debere;
1564 1808 1692 1841 irritum
1703 1819 1834 1854 quoque

1081 1866 1112 1894 et
1131 1861 1225 1894 inane
1241 1860 1396 1905 quiequid
1418 1871 1510 1894 secus
1529 1872 1628 1906 super
1645 1861 1694 1895 his
1713 1873 1731 1896 a
1750 1873 1834 1907 quo-

1081 1926 1190 1958 quam,
1204 1915 1314 1958 quavis
1325 1914 1528 1955 auctoritate,
1539 1914 1678 1948 scienter
1686 1916 1734 1949 vel
1741 1915 1834 1960 igno-

1125 2022 1186 2064 §st
1204 2022 1273 2054 Nun
1288 2021 1487 2054 obstantibus
1499 2021 1666 2064 quibusvis
1681 2022 1836 2057 eonstitu-
1859 2030 1966 2067 contr-n
1996 2033 2005 2064 ἦ

1084 2075 1224 2107 tionibus
1237 2080 1268 2107 et
1279 2074 1535 2107 ordinationibus
1546 2085 1614 2119 ap.;
1626 2086 1663 2108 ac
1674 2075 1832 2109 dictarum
1845 2065 1975 2124 ξξξξζωῗ

1084 2128 1342 2169 Universitatum,
1366 2128 1560 2168 iuramento,
1587 2128 1834 2164 confirmatione

1084 2234 1168 2275 ratis,
1185 2233 1309 2267 statutis
1322 2238 1352 2267 et
1372 2234 1680 2276 consuetudinibus3
1702 2235 1833 2280 privile-

1081 2288 1142 2331 giis
1163 2298 1305 2331 quoque,
1329 2286 1629 2322 indultisetlitteris
1649 2287 1833 2332 apostolicis

1082 2342 1203 2374 eisdem
1229 2340 1494 2374 Universitatibus
1517 2352 1554 2375 ac
1573 2341 1736 2383 quibusvis
1759 2351 1832 2386 per·

1081 2391 1168 2423 senis
1179 2392 1226 2424 vel
1239 2391 1318 2424 loeis
1332 2390 1418 2427 aliis,
1433 2391 1491 2424 sub
1502 2390 1731 2435 quiliuseumq.
1743 2396 1832 2424 teno-

1082 2440 1171 2473 ribus
1192 2446 1221 2473 et
1246 2440 1368 2480 formis,
1392 2450 1428 2472 ac
1453 2450 1526 2472 cum
1541 2439 1716 2483 quibusvis,
1734 2439 1829 2472 etiam

1081 2489 1358 2531 derogatoriarum
1385 2489 1595 2532 derogatoriis
1618 2488 1750 2532 aliisque
1760 2488 1828 2521 effi-

1081 2537 1261 2571 cacioribus
1281 2543 1308 2570 et
1332 2537 1476 2577 insolitis,
1497 2537 1659 2578 clausulis,
1674 2535 1827 2570 irritanti-

1081 2588 1203 2631 busque
1224 2593 1253 2620 et
1272 2586 1529 2619 aliisdecretisin
1541 2585 1736 2619 contrarium
1749 2595 1828 2629 quo-
