2059 3228
33 196 36 198 ,
50 177 61 214 χ
89 174 118 205 a.
133 173 200 203 15⁸7

87 1310 194 1331 erutorum

31 1343 38 1358 i*
52 1342 68 1366 ι·
85 1340 194 1361 huttaede-

20 1360 37 1384 Ψ
75 1371 102 1397 to,
115 1374 136 1392 οι
157 1377 194 1392 :iu-

871 174 973 196 stX't't'R
994 174 1010 195 Υ
1030 173 1076 196 ΙΨ.

1641 161 1705 196 887

213 226 325 270 quovis
343 227 489 270 quaesito
523 228 630 260 colore
663 228 710 260 vel
747 227 885 269 ingenio,
909 227 956 260 di-
999 227 1060 259 trio
1087 226 1297 269 imponendas
1317 231 1344 257 et
1372 224 1596 265 moderandas,
1620 225 1749 268 aliaque

212 285 298 313 recte
314 280 362 313 vel
378 280 546 322 indirecte,
569 282 750 319 molestare,
770 281 957 325 poi-turbare
998 284 1180 323 opportuna
1204 279 1280 311 iuris
1305 285 1331 311 et
1357 279 1427 311 facti
1456 278 1608 317 remedia,
1637 279 1747 322 appel-

211 338 267 366 ant
287 332 468 377 inquietare
494 335 629 367 audeant
664 335 710 366 vel
739 339 955 378 praesumant.

210 385 249 419 Et
272 386 367 420 etiam
402 388 612 420 decernentes
637 388 745 420 omnia
775 394 802 421 ct
833 388 956 429 singula

210 440 398 484 praemissa,
432 452 468 474 ac
503 441 575 474 iude
609 447 717 474 secuta
747 447 776 474 ct
806 441 878 474 inde
909 454 956 472 se-

210 493 339 536 quenda
363 504 604 537 quaecumque,
632 495 734 527 valida
765 500 792 527 ct
815 493 955 526 efficacia

209 545 289 587 fore,
307 557 343 580 ac
364 558 439 580 suos
458 547 620 591 plenarios
641 553 671 580 et,
692 548 831 589 integros
861 548 956 580 elfer-

210 604 263 633 tus
282 601 400 644 ‘sortiri
436 607 465 634 et
502 601 728 634 inviolabiliter
747 602 786 633 ab
807 600 957 633 omnibus<

209 652 370 686 observari
391 654 521 687 debere.

253 706 268 750 ἓ
292 706 345 740 13.
374 708 411 740 Et
434 708 479 741 sic
504 719 562 752 per
586 718 810 750 quoscumque
835 707 956 740 iudices

209 765 240 794 et
259 760 510 801 commissarios,
532 761 626 794 etiam
645 766 773 793 sanctae
795 761 955 793 Romanae

208 813 369 847 Ecclesiae
390 814 568 847 cardinales
588 825 625 846 ac
646 824 814 847 causarum
846 814 953 846 Palatii

208 861 381 910 Apostolici
417 868 592 908 auditores,
630 867 756 900 sublata
776 868 820 899 eis
841 874 871 900 et
900 873 955 899 eo·-

207 931 281 953 rum
311 921 444 954 cuilibet
467 921 578 965 quavis
611 921 703 955 aliter
727 921 890 954 iudicandi
925 927 955 955 et,

207 974 440 1017 interpretandi
463 975 613 1008 facultate
631 979 661 1008 et
681 975 884 1015 auctoritate,
906 975 954 1008 iu-
973 985 977 992 ’

207 1027 307 1060 dicari
338 1033 369 1061 ct
393 1028 521 1061 definiri
542 1029 672 1061 debere.
698 1028 830 1061 Necnon
863 1029 954 1071 quid-

207 1081 284 1125 quid
303 1091 398 1115 secus
417 1093 514 1125 super
542 1081 592 1115 his
611 1093 629 1114 a
649 1092 825 1126 quoquam,
845 1082 955 1125 quavis

207 1134 410 1176 auctoritate,
429 1135 568 1169 scienter
590 1136 639 1168 vel
660 1136 855 1179 ignoranter,
877 1147 953 1169 con-

209 1187 315 1231 tigerit
333 1189 495 1223 attentari.

251 1241 266 1285 5
298 1241 352 1274 14.
368 1241 527 1281 Quocirca
545 1243 783 1276 venerabilibus
803 1243 955 1276 fratribus

207 1294 325 1328 nostris
352 1296 555 1339 patriarchae
579 1297 805 1338 Alexandrino,
824 1308 861 1330 ac
878 1298 955 1330 Mar-

207 1351 370 1382 turanensi
392 1354 423 1382 et
441 1349 604 1383 Venusino
622 1350 780 1394 episcopis
802 1361 860 1393 per
876 1361 954 1394 apo-

207 1401 320 1436 stolica
355 1403 475 1447 scripta
510 1409 598 1437 motu
634 1404 730 1436 simili
766 1404 955 1437 mandamus

208 1461 368 1500 quatenus
392 1457 465 1501 ipsi,
487 1457 536 1490 vel
556 1457 620 1490 duo
640 1463 695 1490 aut
715 1468 799 1490 unus
826 1468 952 1498 eorum,

209 1521 267 1554 per
285 1521 318 1544 se
337 1511 385 1544 vel
405 1511 504 1544 alium
523 1522 578 1544 seu
593 1511 683 1551 alios,
706 1517 891 1555 praesentes
906 1512 956 1544 lit-

210 1570 293 1597 teras
310 1569 341 1598 et
359 1564 393 1597 in
409 1565 454 1598 eis
471 1570 620 1598 contenta
642 1575 881 1609 quaecumque,
900 1566 955 1599 ubi

209 1623 240 1650 et
259 1617 388 1662 quando
408 1628 490 1661 opus
524 1618 633 1659 fuerit,
671 1629 707 1651 ac
741 1618 867 1662 quoties
897 1630 956 1663 pro

210 1676 300 1714 parte
326 1670 456 1715 prioris,
484 1672 653 1704 custodum
687 1683 724 1705 ac
757 1672 955 1706 confratrum

209 1725 429 1768 praefatorum
450 1736 505 1759 seu
534 1725 670 1758 alicuius
701 1736 813 1758 eorum
839 1726 955 1760 fuerint

178 1821 181 1823 -
210 1778 368 1821 requisiti,
390 1779 579 1812 solemniter
614 1778 824 1822 publicantes,
848 1781 956 1823 eisque

210 1831 241 1863 in
261 1831 446 1875 praemissis
479 1832 618 1865 efficacis
646 1832 839 1865 defensionis
864 1844 956 1876 prae-

209 1884 291 1918 sidio
315 1885 510 1926 assistentes,
532 1885 650 1918 faciant
684 1886 873 1919 auctoritate
898 1897 957 1920 no-

209 1943 273 1971 stra
292 1938 448 1982 priorem,
472 1939 620 1972 custodes
635 1944 663 1972 et
677 1940 853 1972 confratres
868 1951 959 1983 prae-

211 1991 290 2025 fatos
323 2002 360 2025 ac
389 2002 503 2025 eorum
535 1992 676 2035 singulos
711 1993 831 2026 eisdem
864 2004 959 2037 prae-

210 2045 353 2079 sentibus
378 2051 410 2079 et
434 2045 465 2078 in
489 2045 534 2079 eis
561 2045 717 2078 contentis
747 2046 958 2089 quibuscum-

210 2109 273 2142 que
292 2099 426 2143 pacifice
447 2099 509 2132 frui
525 2104 556 2132 et
570 2100 727 2141 gaudere,
750 2111 787 2133 ac
807 2111 958 2144 praesen-

211 2157 258 2186 tes
276 2151 400 2186 litteras
411 2159 439 2186 et
453 2153 484 2185 in
497 2153 542 2186 eis
554 2159 703 2186 contenta
719 2153 904 2187 huiusmodi
921 2155 960 2187 ab

211 2205 372 2246 omnibus,
396 2216 477 2249 quos
494 2206 549 2239 illa
569 2212 765 2239 concernunt
782 2213 811 2239 et
823 2218 959 2250 quomo-

212 2259 334 2292 dolibet
364 2265 561 2292 concernent
580 2259 611 2291 in
633 2260 792 2301 futurum,
828 2260 960 2294 inviola-

212 2311 322 2345 biliter
353 2312 526 2345 observari.
562 2313 630 2345 Non
660 2313 882 2356 permittentes
907 2325 962 2347 eos

213 2361 261 2394 vel
296 2371 410 2394 corum
442 2362 583 2405 aliquem
618 2362 756 2405 desuper
785 2373 842 2405 per
866 2374 961 2406 quos-

214 2421 354 2453 cumque
373 2411 615 2454 quomodolibet
630 2411 770 2444 indebite
785 2412 958 2446 molestari.

213 2458 471 2493 Contradictores
503 2459 663 2502 quoslibet
693 2465 721 2492 et
747 2460 881 2492 rebelles
905 2471 963 2503 per

214 2507 388 2540 sententias
422 2513 452 2541 οἱ
475 2518 628 2541 censuras
661 2507 891 2541 ecclesiasticas
925 2520 961 2541 ac

214 2557 307 2589 etiam
345 2556 546 2601 pecuniarias
567 2566 703 2601 poenas,
729 2567 841 2590 eorum
875 2557 961 2590 arbi-

999 332 1115 365 latioue
1151 332 1338 375 postposita,
1371 332 1615 376 compescendo,
1635 343 1672 364 ae
1702 332 1747 365 le-

996 385 1115 429 gitimis
1135 396 1233 428 super
1267 386 1314 417 bis
1340 385 1495 418 habendis
1515 386 1646 419 servatis
1670 397 1746 430 pro-

998 439 1152 477 cessibus,
1176 439 1360 477 sententias,
1395 450 1547 472 censuras
1572 445 1603 472 ct.
1626 449 1747 484 poenas

998 492 1082 535 ipsas
1111 492 1206 524 etiam
1233 492 1353 525 iteratis
1381 492 1503 525 vicibus
1531 493 1744 536 aggravando,

998 544 1141 578 invocato
1176 545 1270 578 etiam
1302 547 1340 578 ad
1366 546 1438 586 boc,
1463 546 1488 578 si
1521 556 1603 589 opus
1638 545 1744 585 fucrit,

996 598 1115 631 auxilio
1136 599 1258 631 brachii
1284 599 1469 632 saecularis.

1040 654 1054 692 ,ξ’
1081 652 1127 685 15.
1151 652 1219 699 Non
1241 653 1440 686 obstantibus
1460 654 1499 686 dc
1520 663 1584 686 non
1602 653 1745 686 tollendo

997 705 1065 738 iure
1086 706 1232 748 quaesito
1253 719 1290 739 ac
1310 707 1348 739 de
1370 717 1434 740 non
1460 707 1668 740 concedendo
1698 707 1745 739 in—

996 759 1176 799 dulgentias
1196 765 1225 793 et
1246 760 1409 804 privilegia
1427 762 1469 793 (ιᾶ
1484 762 1605 800 instan-
1618 771 1744 794 necnon

995 813 1160 855 quibusvis
1193 814 1274 854 aliis,
1308 815 1403 847 etiam
1436 815 1526 847 Pauli
1556 814 1688 848 secundi
1714 820 1746 848 et

996 867 1082 899 l‘auli
1105 869 1211 910 quarti
1241 879 1277 901 ac
1301 868 1347 901 Pii
1368 868 1473 911 quinti
1503 868 1542 901 dc
1573 868 1670 901 rebus
1690 879 1744 901 ec-

995 920 1181 953 clesiasticis
1211 932 1274 954 non
1303 921 1490 961 alienandis,
1513 927 1544 954 et
1563 921 1646 954 male
1666 921 1743 954 alie-

995 973 1075 1005 natis
1096 975 1340 1019 recuperandis
1372 986 1409 1008 ac
1432 975 1598 1019 quibusvis
1623 975 1743 1008 consti-

995 1027 1172 1061 tutionibus
1197 1034 1226 1061 et
1259 1028 1518 1061 ordinationibus
1545 1028 1741 1071 apostolicis,

993 1080 1277 1125 Cancellariaeque
1312 1082 1514 1126 Apostolicae
1538 1082 1670 1125 regulis,
1707 1092 1743 1114 ac

994 1134 1193 1175 monasterii,
1206 1136 1333 1178 collegii
1351 1135 1570 1169 Cistcrciensis
1585 1141 1617 1168 et
1636 1134 1742 1168 Sancti

993 1187 1157 1221 Benedicti
1177 1187 1333 1221 Ordinum
1351 1188 1538 1222 huiusmodi
1559 1189 1695 1229 statutis,
1713 1194 1744 1221 et

994 1240 1188 1281 iuramento,
1219 1242 1463 1275 confirmatione
1494 1242 1671 1286 apostolica
1693 1242 1742 1274 vel

994 1295 1104 1337 quavis
1138 1295 1289 1328 firmitate
1313 1296 1374 1328 alia
1409 1296 1586 1337 roboratis,
1616 1295 1743 1329 statutis

994 1355 1024 1382 et
1055 1349 1362 1390 consuetudinibus,
1389 1349 1564 1394 privilegiis
1596 1360 1739 1394 quoque,

994 1402 1127 1435 indultis
1148 1408 1178 1436 et
1194 1403 1310 1436 litteris
1329 1403 1525 1447 apostolicis,
1548 1409 1612 1436 tam
1633 1413 1743 1436 mona-

995 1456 1091 1489 sterio
1126 1456 1327 1490 Cisterciensi
1361 1462 1392 1490 et
1428 1457 1534 1490 Sancti
1569 1456 1741 1497 Benedicti,

995 1520 1092 1554 quam
1113 1510 1278 1553 quibusvis
1298 1510 1368 1556 aliis
1385 1510 1480 1543 etiam
1501 1510 1653 1554 praefatis
1673 1510 1740 1543 dic-

995 1570 1045 1597 tae
1078 1564 1171 1597 Urbis
1196 1564 1398 1597 monasteriis
1430 1570 1457 1596 et
1490 1564 1620 1597 illorum
1650 1563 1742 1597 Ordi-

995 1628 1086 1659 num,
1109 1617 1342 1662 superioribus,
1355 1617 1564 1651 conventibus
1581 1623 1612 1650 et
1630 1628 1742 1661 perso-

996 1672 1057 1712 nis,
1080 1682 1206 1705 necnon
1226 1670 1420 1715 praesidenti
1442 1677 1469 1704 et
1493 1670 1651 1714 deputatis
1675 1671 1742 1703 (lic-

996 1731 1046 1758 tae
1067 1725 1219 1765 fabricae,
1242 1724 1377 1767 aliisque
1398 1724 1549 1757 omnibus
1568 1729 1598 1757 et
1609 1724 1743 1767 singulis

998 1777 1153 1821 collegiis,
1186 1777 1327 1818 fabricis,
1361 1777 1564 1810 monasteriis
1599 1782 1629 1809 et
1664 1777 1743 1810 locis

997 1831 1069 1876 piis,
1096 1832 1155 1865 sub
1171 1830 1431 1874 quibuscumque
1452 1830 1617 1864 tenoribus
1636 1835 1667 1864 et
1681 1830 1744 1863 for-

997 1885 1069 1925 mis,
1096 1896 1132 1918 ac
1158 1896 1231 1918 cum
1265 1884 1428 1928 quibusvis
1456 1884 1551 1917 etiam
1573 1884 1743 1927 derogato-

998 1938 1119 1971 riarum
1136 1937 1347 1981 derogatoriis
1362 1937 1495 1980 aliisque
1508 1937 1744 1970 efficacioribus

999 1997 1029 2025 et
1048 1991 1185 2024 insolitis
1215 1991 1378 2031 clausulis,
1401 1990 1666 2034 irritantibusque
1691 1992 1745 2024 de-

999 2045 1105 2085 cretis,
1134 2044 1164 2076 in
1185 2055 1301 2087 genere
1330 2045 1377 2077 vel
1407 2044 1438 2076 in
1471 2045 1588 2087 specie,
1610 2054 1744 2088 quomo-

1000 2098 1120 2131 dolibet
1140 2098 1312 2137 concessis,
1335 2097 1458 2130 etiamsi
1481 2098 1512 2129 in
1530 2097 1574 2130 eis
1598 2108 1744 2140 expresse

1000 2157 1150 2184 caveatur
1169 2151 1254 2194 quod
1276 2151 1337 2183 illis
1358 2151 1503 2193 derogari
1522 2156 1671 2193 nequeat,
1684 2151 1742 2183 nisi

1001 2205 1223 2247 derogationes
1242 2204 1427 2238 huiusmodi
1449 2209 1478 2237 et
1498 2215 1612 2237 causae
1643 2205 1674 2237 in
1699 2204 1745 2237 eis

1001 2259 1107 2291 forsan
1135 2269 1281 2302 expresse
1306 2264 1336 2291 et
1360 2258 1541 2302 specialiter
1566 2258 1745 2291 insereren-

1001 2318 1066 2352 tur,
1088 2323 1124 2345 ac
1145 2312 1183 2345 de
1209 2322 1366 2345 consensu
1389 2312 1604 2355 superiorum,
1633 2322 1744 2345 inona-
1791 2309 1793 2311 ¹

1001 2361 1185 2400 stcriorum,
1208 2361 1375 2401 Ordinum,
1399 2361 1619 2404 cellegiorum,
1649 2360 1744 2393 fabri-

1003 2420 1111 2441 carum
1134 2415 1162 2441 et
1183 2409 1320 2442 aliorum
1355 2409 1481 2453 piorum
1519 2411 1662 2443 locorum
1684 2410 1745 2442 bu-

1004 2459 1139 2491 iusmodi
1173 2459 1298 2498 fierent,
1320 2464 1348 2491 ct
1370 2459 1448 2492 alias
1476 2460 1576 2492 factae
1609 2460 1743 2503 deroga-

1004 2508 1107 2540 tiones
1140 2507 1325 2540 buiusmodi
1360 2508 1479 2541 nemini
1516 2509 1741 2551 suffragentur.

1001 2556 1124 2596 Quibus
1143 2556 1294 2590 omnibus
1315 2563 1343 2590 ct
1364 2558 1508 2601 singulis,
1531 2559 1666 2601 etiamsi,
1687 2572 1745 2604 pro

1765 170 1817 198 An.
1834 169 1864 198 C.
1878 170 1944 198 ¹587

1786 662 1897 683 clausulne
1908 664 1943 685 de-

1760 697 1887 720 rogatorum.
