2059 3228
62 112 67 121 .

31 279 128 322 ,ις-η
721 281 897 311 caecemus
915 279 970 309 xm
989 284 1038 310 nr.
1557 273 1616 307 221
1680 278 1734 308 An.
1751 278 1780 307 c.
1798 278 1864 307 1578

119 345 197 375 ‘non
219 338 259 374 ad
278 339 486 373 commodum
507 336 723 383 reipublicae,
743 337 798 371 sed
818 338 874 370 de·
921 335 1069 368 incidisse
1104 335 1309 377 det-latrandi,
1332 347 1369 370 ac
1393 335 1566 370 sententias
1590 344 1668 369 con-

132 393 281 428 trlmenta
304 392 477 436 pertinent,
499 392 700 436 reprobanda
731 390 872 434 penitus,

130 455 191 481 noc
209 445 440 490 quoquomodo
471 445 637 478 toleranda
670 454 738 477 esse
764 453 875 476 cense-

130 506 212 540 mus;
225 497 374 543 prudenti
388 498 485 540 igitur
498 498 644 538 consilio,
657 496 757 530 felicis
768 505 874 529 recor-

128 550 266 586 dationis
278 550 459 583 Hadrianus
481 550 565 594 Papa
580 550 628 589 VI,
648 549 876 593 praedecessor

128 609 246 645 noster,
261 603 338 637 dum
358 613 418 647 per
443 603 576 636 dilectos
596 603 679 635 filios
702 610 874 646 proregem

126 655 307 700 Aragoniae
341 666 378 689 ac
416 666 575 699 pauperes
607 660 638 688 et
675 653 875 687 miserabiles

127 718 280 754 personas
293 708 431 742 civitatis
441 706 805 750 Caesaraugustanensis
814 706 873 739 sibi

127 761 308 806 expositum
328 761 387 794 suit
419 761 505 805 quod
525 787 532 801 ,
558 760 617 794 etsi
642 760 728 793 iuxta
757 764 873 792 statuta

128 813 270 848 eiusdem
295 813 428 848 civitatis
460 814 569 847 nullus
593 813 625 845 in
649 812 717 856 ipsa
748 812 873 845 civitate

126 867 339 907 frumentum,
357 877 453 900 causa
467 865 660 899 revendendi
672 865 704 897 in
725 865 810 897 dicto
824 875 873 897 re-

125 925 201 964 gno,
227 930 265 954 ex
284 919 396 963 quavis
420 929 516 952 causa
544 929 618 952 cum
642 917 873 962 anticipatione

124 972 297 1007 solutionis
319 972 429 1016 pretii,
455 971 597 1005 retinere
616 976 735 1015 posset;
754 970 874 1003 nihilo-

125 1025 234 1059 minus
256 1025 403 1059 nonnulli
422 1030 618 1058 mercatores
642 1017 744 1057 dictae
764 1023 874 1057 civita-

125 1077 165 1112 tis
177 1083 208 1112 et
222 1078 327 1121 regni,
349 1077 535 1122 cupiditatis
553 1077 704 1121 voragine
724 1076 824 1116 ducti,
840 1081 875 1109 ut

124 1131 244 1165 famem
273 1130 306 1164 in
329 1126 465 1164 civitate
481 1134 512 1164 et
548 1140 648 1174 regno
687 1130 871 1174 praedietis,

123 1189 185 1228 pro
207 1193 320 1217 eorum
339 1183 444 1223 libito,
463 1183 665 1224 inducerent,
687 1194 724 1216 ac
749 1182 875 1215 christi-

70 1281 76 1289 .
125 1237 275 1271 fidelibus
304 1236 503 1280 pauperibus
527 1237 726 1270 frumentum
760 1236 874 1269 huius-

125 1290 213 1325 modi
251 1300 290 1323 eo
322 1300 388 1333 quo
419 1290 594 1323 voluissent
612 1290 715 1333 pretio
734 1289 874 1322 vendere

89 1386 94 1391 ι
124 1347 269 1388 possent,
290 1342 422 1376 diversis
441 1343 501 1375 suh
521 1342 738 1386 praetextibus
758 1346 788 1374 et
803 1352 876 1374 cau-

125 1395 199 1430 telis
221 1395 255 1428 in
284 1395 471 1429 huiusmodi
496 1395 660 1439 emptione
685 1394 824 1428 inductis
845 1399 875 1427 et

127 1444 340 1492 excogitatis,
375 1449 408 1481 in
433 1448 593 1482 dictorum
619 1452 813 1481 statutorum
845 1452 875 1480 et

127 1498 206 1535 iuris
230 1504 411 1535 communis
435 1501 593 1539 fraudem,
626 1510 691 1544 quo
715 1510 874 1533 annonam

129 1555 287 1588 cariorem
326 1555 469 1588 facerent
484 1580 492 1595 ‚
529 1554 658 1588 easdem
693 1554 875 1598 emptiones

129 1613 308 1649 exerceant,
321 1608 487 1651 exquibus
504 1614 559 1641 aut
575 1618 733 1651 pauperes
753 1608 785 1640 in
809 1607 876 1640 dies

70 1658 104 1699 ,’””
128 1661 213 1695 fame
232 1661 338 1705 perire
357 1661 672 1705 constringebantur,
691 1666 747 1693 aut
768 1659 876 1693 omnia

129 1712 215 1748 hona
233 1724 291 1747 sua
308 1724 373 1747 una
386 1715 450 1755 die,
472 1725 538 1758 quo
551 1714 670 1747 victum
690 1713 750 1747 sibi
762 1723 877 1757 parare

83 1780 85 1782 ·
130 1771 272 1812 possent,
292 1767 432 1801 vendere
460 1768 661 1811 cogebantur
684 1767 779 1800 certis
801 1762 876 1810 per-

131 1820 230 1854 sonis:
251 1821 351 1864 quod,
377 1820 455 1853 dum
483 1831 544 1864 pro
566 1826 657 1864 parte
688 1819 877 1852 eorumdem

133 1872 360 1917 exponentium
376 1872 522 1916 requisiti
532 1872 679 1912 fuissent,
692 1872 785 1904 dictis
797 1882 878 1904 mer-

134 1925 295 1960 catonibus
318 1933 359 1959 ne
383 1926 424 1959 de
452 1931 559 1959 cetero
593 1936 691 1969 super
715 1925 878 1958 frumento

919 394 1024 422 suetas
1044 395 1074 421 et
1093 399 1213 432 poenas
1232 390 1463 423 ecclesiasticas
1484 389 1665 434 praedictas

918 442 1110 485 aggravandi
1125 469 1132 482 ,
1169 442 1375 476 interdictum
1415 442 1599 487 apponendi
1634 447 1666 475 et

918 494 980 527 alia
997 495 1136 528 faciendi
1161 500 1192 527 et
1211 496 1392 536 exercendi,
1411 506 1494 538 quae
1516 495 1549 528 in
1570 505 1666 539 prae—

918 548 1022 581 missis
1045 554 1077 581 et
1093 548 1177 581 circa
1201 558 1238 581 ea
1254 549 1431 581 necessaria
1454 549 1587 582 fuissent
1608 559 1665 581 seu

918 601 1163 644 quomodolibet
1178 607 1373 644 opportuna,
1391 602 1574 635 facultatem
1589 611 1667 634 con-

915 654 1019 694 cessit,
1036 655 1145 687 volens
1164 655 1252 697 quod
1272 654 1368 687 iidem
1395 658 1424 687 ct
1445 665 1558 687 eorum
1591 653 1666 698 qui-

914 707 995 739 libet
1013 707 1113 740 dietos
1138 713 1347 747 mercatores,
1365 707 1404 740 de
1429 717 1587 740 consensu
1612 717 1665 740 re-

914 759 962 803 gis
986 770 1043 793 seu
1063 759 1314 793 locumtenentis
1333 764 1374 798 et,
1395 760 1427 792 in
1448 760 1590 804 ipsorum
1611 759 1666 794 ab·

914 813 1027 853 sentia,
1060 813 1313 856 gubernatorum
1352 813 1552 856 generalium
1587 813 1664 846 dicti

914 865 1005 909 regni
1022 876 1081 909 pro
1099 870 1244 909 tempore
1262 865 1477 905 existentium,
1494 866 1667 899 contracti-

913 918 974 951 bus
993 918 1113 952 illicitis
1132 918 1317 951 huiusmodi
1332 918 1487 951 revocatis
1507 924 1535 951 et
1553 919 1665 951 annul-

914 971 996 1011 latis,
1024 977 1055 1004 et
1080 981 1144 1005 non
1172 972 1282 1011 aliter,
1311 971 1365 1015 qui
1392 971 1423 1003 in
1455 982 1605 1004 censuras
1633 977 1664 1005 ct

914 1035 1034 1068 poenas
1053 1025 1238 1058 huiusmodi
1253 1024 1481 1064 incurrissent,
1501 1025 1663 1058 absolvere

915 1082 1057 1121 possent.

957 1130 972 1174 ἓ
995 1130 1025 1163 ⁶2.
1048 1130 1166 1164 Verum
1184 1130 1504 1170 avaritia,malorum
1516 1130 1661 1163 omnium

1740 1128 1861 1157 monopolio

1677 1161 1731 1181 civili
1750 1167 1773 1181 ac
1789 1163 1860 1188 pontis

915 1183 1016 1224 radix,
1038 1184 1084 1217 sic
1100 1190 1223 1217 mentes
1243 1184 1412 1217 hominum
1434 1188 1592 1223 excaecat,
1615 1189 1660 1223 nt,
1677 1193 1723 1212 sirio
1746 1192 1793 1213 ture
1808 1197 1861 1219 pro-

914 1237 1064 1280 propriae
1084 1237 1194 1270 salutis
1213 1237 1429 1276 immemores,
1457 1246 1537 1269 nova
1556 1236 1663 1279 quoti-

915 1290 968 1323 die
991 1290 1176 1324 adinvenire
1200 1290 1359 1329 studcant,
1387 1300 1450 1332 quo
1468 1299 1518 1329 ea,
1543 1299 1628 1332 quae
1646 1300 1663 1321 a

915 1343 1001 1377 dicto
1024 1343 1271 1387 praedecessore
1292 1348 1399 1375 sancte
1420 1341 1540 1375 sancita
1555 1347 1586 1375 et
1609 1353 1663 1375 or-

915 1395 1022 1428 dinata
1042 1401 1128 1436 sunt,
1151 1396 1293 1435 cludant,
1321 1406 1357 1428 ac
1372 1405 1532 1439 pauperes
1555 1395 1664 1438 oppri-

916 1459 1003 1482 mere
1027 1453 1159 1492 qucant;
1183 1449 1236 1481 alii
1256 1459 1349 1487 vero,
1379 1453 1490 1481 contra
1520 1447 1662 1481 eiusdem

916 1502 1173 1546 praedecessoris
1193 1506 1344 1541 mentem,
1366 1501 1564 1544 monopolia,
1581 1511 1664 1544 quae

916 1555 999 1588 civili
1033 1566 1069 1588 ac
1104 1555 1270 1598 pontificio
1299 1555 1370 1588 iure
1395 1554 1557 1598 prohibita
1576 1559 1661 1593 sunt,

916 1614 1097 1648 exerceant,
1123 1608 1290 1641 sententiis
1314 1607 1525 1650 censurisque
1549 1607 1663 1640 huius-

917 1662 1003 1694 modi
1033 1661 1134 1704 ligati,
1170 1662 1218 1694 vel
1253 1661 1373 1693 inillis
1406 1661 1482 1693 dum
1517 1660 1663 1693 insorde-

917 1719 1023 1754 scunt,
1048 1714 1081 1746 in
1099 1713 1300 1758 profundum
1339 1713 1498 1746 malorum
1536 1712 1665 1757 penitus

918 1772 1096 1800 versentur.

962 1821 976 1864 ἓ
995 1819 1026 1854 3.
1049 1819 1130 1853 Hinc
1150 1820 1246 1853 etiam
1261 1824 1457 1859 contractus,
1472 1819 1566 1862 vulgo
1579 1819 1666 1862 quie-

919 1873 1092 1906 tantiarum
1106 1877 1327 1916 nuncupatus,
1345 1883 1382 1905 eo
1396 1873 1427 1904 in
1445 1882 1665 1914 regnoamer-

919 1926 1081 1959 catoribus
1101 1926 1134 1958 in
1151 1936 1245 1959 usum
1270 1925 1473 1958 introductus
1493 1924 1562 1963 suit,
1589 1924 1664 1956 dum

134 1977 321 2012 huiusmodi
357 1978 498 2022 aliquem
535 1983 735 2011 contractum
769 1979 1166 2021 contra1c0mmunitates
1198 1979 1248 2011 rel
1272 1978 1495 2011 universitates
1529 1977 1666 2020 oppido-

135 2034 328 2065 statutorum
351 2042 388 2064 ae
417 2031 496 2064 iuris
531 2031 711 2064 communis
744 2030 879 2074 disposi-
898 2024 901 2056 Ι
922 2043 1006 2074 rum,
1028 2033 1176 2066 locorum
1196 2042 1253 2065 seu
1272 2032 1419 2064 villarum
1447 2030 1589 2063 ciusdem
1614 2041 1666 2064 re-

135 2083 259 2117 tionem
276 2084 395 2117 inirent
423 2094 481 2117 seu
505 2084 719 2124 celebrarent,
746 2083 806 2116 sub
826 2094 880 2116 ex·
898 2062 902 2129 Ι
923 2086 976 2129 gni
1009 2095 1082 2120 aere
1115 2086 1220 2119 alieno
1240 2090 1383 2129 gravatae
1404 2084 1483 2116 illud
1508 2084 1668 2117 exsolvere

137 2136 436 2170 communicationis
456 2147 492 2169 ac
516 2136 695 2169 amissionis
713 2136 790 2169 dicti
814 2136 880 2169 fru-
899 2133 903 2156 ¹
923 2144 1096 2183 quaerunt,
1114 2144 1145 2171 et
1160 2143 1353 2171 mercatores
1373 2137 1411 2169 ad
1427 2146 1500 2169 eum
1517 2135 1667 2169 effectum

137 2189 249 2230 menti,
271 2200 330 2233 pro
353 2200 418 2238 una
435 2189 583 2222 videlicet
620 2199 720 2232 regno
753 2195 784 2222 et
820 2190 882 2222 alia
900 2159 904 2226 ι
924 2192 1094 2236 pecuniam
1128 2188 1280 2231 offerunt,
1313 2201 1362 2231 ac,
1388 2190 1460 2222 loco
1498 2189 1666 2231 pecuniae,

140 2241 314 2281 executori,
335 2241 460 2285 reliqua
479 2252 554 2275 vero
588 2242 732 2285 partibus
756 2241 882 2274 denun-
901 2236 906 2292 ξ
926 2244 1096 2285 frumenti,
1125 2244 1189 2276 vini
1215 2243 1314 2276 oleive
1338 2242 1478 2285 aliquam
1506 2242 1667 2285 quantita-

138 2294 230 2328 tianti
255 2294 452 2338 applicandis
462 2294 574 2339 poenis
593 2295 663 2338 ipso
679 2295 760 2328 sacto
776 2294 885 2328 incur·
902 2294 906 2334 ἱ
926 2303 989 2330 tem
1016 2298 1099 2330 infra
1131 2301 1254 2329 certum
1279 2295 1432 2338 temporis
1456 2295 1505 2328 vel
1524 2295 1668 2339 plurium

140 2347 262 2388 ΥΘΤΝῘῨΞ,
291 2347 517 2391 ΡΤΟΫῙῙῘθΘΓθΠῗ;
547 2354 578 2380 et
615 2348 640 2380 Si
673 2347 885 2391 PPOllibifiOssi
903 2337 907 2358 ἶ
926 2350 1022 2384 etiam
1046 2360 1205 2383 annorum
1225 2347 1670 2392 spatium,proutinteripsos

141 2399 330 2433 huiusmodi*
346 2399 510 2433 faciendae
522 2401 660 2444 paritum
678 2411 743 2433 non
762 2401 884 2440 fuisset,
904 2416 908 2449 ς
928 2409 1119 2437 conventum
1154 2408 1211 2442 est,
1233 2402 1272 2434 ab
1296 2401 1416 2434 eisdem
1441 2400 1582 2443 exigunt,
1605 2401 1670 2435 sive

145 2456 256 2486 contra
287 2462 343 2486 eos
379 2452 419 2485 ad
452 2452 702 2485 declarationem
740 2452 888 2485 incursus
929 2466 947 2488 a
975 2454 1260 2489 communitatibus
1281 2459 1312 2487 et
1335 2453 1596 2487 universitatibus
1619 2465 1670 2487 re-

146 2512 355 2539 censufarum
375 2510 406 2538 et
418 2515 595 2548 poenarum
614 2504 800 2538 huiusmodi
814 2515 890 2549 pro·
929 2508 1098 2552 colligatur
1113 2508 1177 2540 sive
1200 2517 1266 2539 non
1289 2506 1508 2549 recolligatur,
1529 2512 1670 2540 exactas-

95 2560 98 2567 “
126 2555 218 2592 'cedi
248 2558 360 2598 voluit;
396 2558 592 2600 eosdemque
614 2556 890 2590 contravenientes
930 2567 994 2600 que
1030 2556 1223 2600 quantitates
1255 2555 1341 2594 vini,
1376 2554 1529 2588 frumenti
1555 2561 1585 2588 et
1608 2555 1671 2588 olei

148 2611 180 2639 et
201 2605 420 2640 inobedientes
431 2604 619 2639 huiusmodi·
635 2605 890 2638 excommunica·
907 2624 912 2661 l
930 2604 1116 2638 huiusmodi
1140 2609 1319 2646 congerunt
1349 2608 1379 2636 et
1402 2610 1602 2643 coacervant,
1637 2610 1673 2636 ut

148 2654 243 2688 tionis
261 2655 450 2690 sentientiam
476 2665 514 2688 ae
538 2653 717 2688 amissionis
739 2654 890 2688 frumenti
907 2667 913 2697 ξ
931 2663 1047 2697 magno
1067 2652 1170 2696 pretio
1194 2662 1252 2684 suo
1271 2656 1414 2694 tempore
1438 2651 1492 2684 illa
1523 2653 1671 2692 vendant,

1677 1223 1749 1244 hil-tta.
