2059 3228
182 273 220 299 An
251 272 279 299 C.
309 272 371 300 1579

190 1255 306 1277 Det-ozano
315 1260 356 1275 eon
361 1265 371 1270 -

171 1283 297 1302 tran-iorum.

175 1972 211 1993 pto

203 1941 265 1961 Fides
276 1945 368 1963 trasum-

214 1975 269 1988 ruuh

430 286 491 319 „292
963 301 1149 325 BELLARtmt

385 351 443 383 bus
468 350 648 383 huiusmodi
674 356 832 385 correctas
869 358 898 386 et
933 354 1144 394 reformatas,⁸

384 413 419 435 ac
443 403 483 435 ab
507 402 617 435 eodem
642 403 719 436 Iulio
743 404 880 438 Antonio
904 406 1055 439 sardinali
1080 398 1144 439 re-i

384 456 466 488 visas
489 461 516 488 et
543 456 748 498 examinatas,
782 463 935 501 perpetuo
959 459 1077 491 validas
1099 464 1128 491 et

384 508 526 541 efficaces
551 509 617 542 fore
641 515 672 542 et
695 521 774 551 esse,
797 522 920 545 necnon
955 522 1028 545 suos
1066 513 1128 555 ple-

385 561 492 593 narios
515 567 545 593 et
570 561 711 605 integros
735 563 863 597 effectus
886 565 1004 603 sortiri;
1021 565 1128 608 sieque

384 615 416 646 in
441 615 623 657 praemissis
647 616 687 648 ab
710 618 860 650 omnibus
876 619 1009 659 censeri,
1033 624 1063 652 et
1085 619 1128 652 ita

383 677 440 709 per
463 677 680 711 quoscumque
704 668 822 702 iudices
838 677 868 703 et
884 671 1127 713 commissarios,

382 718 478 751 etiam
503 730 670 753 causarum
696 722 804 754 Palatii
831 724 992 757 auditores
1008 730 1038 758 et
1051 725 1128 758 alios

383 772 492 814 quavis
516 774 702 807 auctoritate
726 776 903 819 fungenteS‚
928 777 1023 809 etiam
1045 776 1074 810 S.
1092 777 1126 810 R.

382 824 415 857 E.
432 825 615 867 cardinales,
629 828 751 861 sublata
767 829 813 862 eis
825 834 853 862 et
872 840 983 863 eorum
997 830 1128 863 cuilibet

382 878 492 920 quavis
515 879 606 912 aliter
630 881 789 914 iudicandi
826 887 854 915 et
894 882 1124 926 interpretandi

383 931 528 965 facultate
551 939 581 966 et
605 935 801 975 auctoritate,
841 935 960 979 ubique
994 935 1126 968 iudicari

383 990 415 1018 et
437 985 567 1019 diffiniri
593 987 732 1026 debere;
771 998 895 1020 necnon
934 988 1062 1021 irritum
1097 994 1125 1021 et

382 1038 488 1080 inane,
512 1039 537 1072 si
561 1050 649 1072 secus
662 1051 757 1083 super
770 1041 850 1073 hisa
864 1052 1035 1084 quoquam,
1051 1052 1127 1085 qua-

383 1093 430 1125 vis
453 1093 654 1133 auctoritate,
679 1093 816 1127 scienter
855 1095 902 1127 vel
929 1094 1126 1137 ignoranter,

381 1145 548 1189 eontigerit
573 1147 734 1180 attentari.
1138 1163 1140 1167 ,

426 1199 441 1242 ἓ
464 1199 495 1232 li.
520 1200 588 1232 Non
611 1200 810 1233 obstantibus
847 1200 1127 1234 constitutionibus

383 1257 413 1285 et
437 1253 692 1286 ordinationibus
716 1253 905 1296 apostolicis
923 1263 959 1286 ae
975 1253 1051 1285 dicti
1072 1253 1127 1286 Or-

382 1305 476 1339 dinis.
492 1305 682 1346 iuramento,
699 1306 941 1339 confirmatione
957 1307 1127 1350 apostolica

382 1359 429 1391 vel
453 1358 562 1401 quavis
585 1358 735 1391 firmitate
759 1359 820 1391 alia
837 1359 1005 1400 roboratis,
1029 1364 1126 1392 statu-

382 1411 422 1444 tis
438 1417 469 1444 et
493 1411 784 1452 consuetudinibus;
798 1412 973 1455 privilegiis
989 1422 1125 1455 quoque,

380 1464 511 1497 indultis
529 1471 558 1497 et
576 1465 689 1497 litteris
713 1465 892 1508 apostolicis
930 1465 964 1497 in
1003 1470 1126 1498 contra-

380 1519 463 1551 rium
488 1518 724 1562 quomodolibet
749 1518 918 1559 concessis,
943 1518 1126 1561 approbatis

379 1578 409 1605 et
434 1573 602 1611 innovatis;
627 1572 742 1616 quibus
766 1572 926 1612 omnibus,
950 1582 1060 1604 eorum
1082 1577 1128 1605 te-

380 1637 474 1659 nores
497 1626 715 1669 praesentibus
738 1635 796 1668 pro
819 1624 973 1667 expressis
1007 1624 1128 1658 haben-

380 1685 437 1719 tes,
462 1679 521 1712 illis
537 1678 614 1711 alias
631 1678 664 1710 in
693 1688 750 1710 suo
768 1677 882 1710 robore
898 1673 1127 1720 permansuris,

380 1733 439 1766 liae
456 1732 522 1766 vice
549 1732 701 1771 dumtxat‚
731 1730 908 1774 specialiter
931 1735 960 1763 et
985 1741 1127 1774 expresse

379 1786 580 1828 derogamus,
605 1783 779 1826 ceterisque
804 1783 973 1817 contrariis
997 1784 1127 1827 quibus-

379 1850 526 1883 cumque.

426 1893 441 1936 ἓ
463 1892 493 1925 5.
517 1892 672 1931 Ceterum,
696 1891 770 1934 quia
794 1890 920 1924 difficile
932 1891 1012 1924 foret
1033 1901 1126 1934 prae·

381 1952 485 1979 sentes
508 1945 628 1978 litteras
651 1945 690 1977 ad
715 1945 837 1986 singula
865 1954 1008 1987 quaeque
1047 1945 1124 1986 loca,

381 1999 433 2032 ubi
459 2009 584 2032 neeesse
626 1997 730 2038 suerit,
769 1997 894 2038 deferri,
925 1998 1066 2031 volumus
1094 2003 1123 2031 et

378 2052 525 2084 similiter
564 2051 647 2083 dicta
692 2052 882 2084 auctoritate
924 2051 1140 2102 decernimus¹

378 2106 462 2149 quod
489 2110 687 2148 transumpto
704 2103 919 2147 praesentium
935 2104 1139 2145 litterarumj

376 2159 478 2202 sigillo
501 2162 554 2190 etc.

422 2213 533 2244 Datum
559 2211 675 2243 Romae
699 2210 783 2252 apud
807 2210 958 2242 Sanctum
983 2210 1121 2251 Petrum,

378 2266 436 2297 sul)
461 2265 578 2297 annulo
602 2263 780 2302 piscatoris,
804 2262 855 2294 die
880 2267 964 2295 sexta
988 2267 1123 2304 septem—

379 2319 452 2353 liris,
479 2316 643 2349 millesimo
668 2315 923 2359 quingentesimo
957 2312 1138 2358 septuage-?

379 2372 458 2401 snm·
485 2380 576 2407 nono,
601 2368 804 2412 pontificatus
829 2368 928 2401 nostri
953 2378 1037 2400 anno
1054 2378 1122 2401 vui.

422 2423 486 2454 [tat.
511 2422 560 2454 «lie
586 2424 605 2453 tf»
629 2427 706 2464 sept⁴
721 2420 1036 2463 ¹1579,pontif.anno
1054 2431 1121 2454 vin.

1173 302 1256 325 ROMA
1262 302 1327 326 Nm!

1502 357 1556 391 CV.

1161 441 1322 480 Quaedam
1362 443 1445 476 circa
1483 445 1706 478 nundinarum
1730 446 1902 479 libertatem

1200 495 1232 526 in
1265 495 1465 528 viterbiensis
1488 497 1625 529 coenobii
1650 498 1781 531 Ordinis
1804 499 1905 532 Prae-

1185 544 1377 581 illenim-am
1401 549 1542 591 favorem
1566 551 1688 583 sancita
1712 550 1832 592 firmat.
1849 555 1860 572 ¹

1157 635 1296 671 Gregorius
1319 638 1390 674 Papa
1404 639 1461 675 ΧΙΙΙ,
1479 641 1510 668 ad
1523 643 1674 676 perpetuam
1689 640 1728 668 rei
1745 639 1903 671 memoriam.

1200 719 1287 753 Decet
1315 721 1493 754 Romanum
1532 722 1739 764 Pontificem,
1778 728 1906 757 sanctae

1158 774 1321 816 religionis
1345 785 1529 817 supremum
1547 780 1752 817 assertorem,
1765 785 1801 808 ea
1813 787 1905 821 quae,

1156 837 1214 869 pro
1242 827 1446 860 eeclesiarum
1471 834 1501 860 et
1528 828 1668 861 locorum
1698 829 1904 871 regularium

1156 889 1192 911 ac
1217 890 1426 921 personarum
1452 880 1485 912 in
1510 881 1570 914 illis
1594 881 1699 914 studio
1727 881 1799 924 piae
1822 881 1905 916 vitae

1157 932 1334 964 vacantium
1352 933 1495 976 profectu
1518 939 1547 966 et
1573 934 1796 967 commoditate
1811 935 1905 968 devo—

1158 983 1313 1027 tionisque
1337 986 1477 1018 fidelium
1503 993 1686 1029 augmentO,
1724 998 1782 1031 per
1815 988 1904 1022 Sedis

1157 1036 1351 1079 Apostolicae
1374 1039 1608 1081 providentiam
1637 1040 1904 1084 circumspectum

1158 1089 1286 1131 provide
1310 1100 1458 1124 concessa
1475 1097 1559 1132 sunt,
1577 1093 1816 1136 approbationis
1829 1104 1904 1127 suae

1158 1141 1332 1176 munimine
1355 1144 1561 1185 consolidare,
1586 1155 1622 1177 ac
1645 1145 1723 1178 alias
1745 1145 1780 1178 in
1795 1145 1846 1179 his
1857 1146 1905 1180 of-

1156 1194 1219 1227 ficii
1243 1195 1291 1228 sui
1304 1203 1409 1240 partes
1425 1197 1558 1231 libenter
1570 1198 1784 1241 interponere,
1797 1203 1903 1242 prout,

1156 1250 1371 1291 ecclesiarum,
1396 1251 1537 1284 locorum
1563 1257 1591 1284 et
1617 1262 1826 1295 personarum
1849 1261 1902 1285 eo-

1158 1304 1301 1336 rumdem
1325 1304 1531 1347 qualitatibus
1570 1309 1600 1337 et
1635 1305 1758 1338 meritis
1796 1305 1902 1339 debite

1156 1358 1305 1399 pensatis,
1328 1358 1481 1400 conspicit
1505 1357 1537 1389 in
1561 1358 1695 1391 Domino
1732 1358 1903 1392 salubriter

1155 1411 1312 1453 expedire.

1199 1464 1214 1507 ἓ
1237 1463 1268 1496 l.
1292 1464 1415 1496 Dudum
1439 1463 1596 1507 siquidem
1636 1470 1803 1508 postquam
1832 1465 1902 1499 feli-

1155 1517 1200 1550 cis
1223 1517 1451 1550 recordationis
1475 1518 1577 1551 Sixtus
1600 1518 1683 1561 Papa
1721 1518 1772 1559 IV,
1809 1528 1901 1562 prae-

1156 1572 1301 1604 decessor
1324 1576 1441 1612 noster,
1466 1571 1505 1603 ad
1529 1571 1783 1604 christifidelium
1807 1571 1901 1605 devo-

1157 1625 1274 1657 tionem
1299 1635 1374 1668 erga
1398 1625 1560 1658 eeclesiam
1584 1625 1702 1658 Domus
1728 1624 1760 1657 Β.
1785 1624 1902 1658 Mariae

1156 1678 1194 1710 de
1217 1677 1342 1716 Quercu
1365 1683 1578 1721 nuncupatae,
1616 1677 1649 1710 in
1685 1678 1800 1720 Campo
1823 1677 1899 1711 Gra-

1157 1733 1253 1773 tiano,
1277 1743 1375 1776 prope
1399 1738 1430 1765 et
1453 1738 1540 1766 extra
1555 1742 1663 1765 muros
1678 1731 1898 1773 Viterbienses,

1156 1786 1282 1819 Ordinis
1305 1786 1439 1818 fratrum
1463 1785 1728 1826 Praedicatorum,
1751 1795 1808 1828 per
1830 1795 1898 1818 am-

1155 1841 1237 1883 plius
1261 1840 1449 1883 augendam,
1466 1838 1614 1872 omnibus
1626 1843 1656 1870 et
1668 1837 1800 1881 singulis
1812 1836 1898 1870 chri-

1154 1893 1341 1937 stifidelibus
1363 1892 1528 1934 utriusque
1550 1901 1650 1932 sexus,
1685 1890 1739 1934 qui
1779 1890 1896 1923 dietam

1154 1946 1318 1979 ecclesiam
1340 1946 1374 1978 in
1399 1945 1449 1978 die
1488 1944 1657 1985 dominico,
1696 1944 1895 1977 festivitatem

1152 1999 1331 2032 Nativitatis
1354 1998 1492 2031 eiusdem
1517 1997 1550 2030 B.
1574 1997 1690 2030 Mariae
1706 1996 1846 2040 Virginis
1857 1997 1897 2030 de

1153 2062 1261 2085 mense
1283 2050 1454 2095 septembri
1478 2049 1659 2083 immediate
1692 2055 1854 2093 sequente,
1877 2061 1896 2083 a

1152 2106 1265 2150 primis
1289 2104 1427 2147 vesperis
1451 2113 1551 2146 usque
1589 2103 1628 2136 ad
1667 2103 1821 2136 secundas
1843 2113 1896 2136 ve-

1152 2170 1260 2203 speras
1284 2158 1424 2191 eiusdem
1439 2157 1500 2190 diei
1515 2156 1702 2196 dominicae,
1721 2155 1893 2196 visitarent,

1153 2211 1326 2255 plenariam
1350 2210 1494 2243 omnium
1518 2213 1721 2253 peccatorum
1752 2218 1894 2248 suorum,

1152 2266 1189 2297 de
1213 2264 1329 2307 quibus
1359 2263 1453 2296 eorde
1477 2261 1606 2295 contriti
1629 2267 1660 2294 et
1683 2271 1738 2294 ore
1761 2261 1894 2295 confessi

1151 2318 1264 2358 forent,
1289 2315 1519 2359 indulgentiam
1535 2319 1565 2348 et
1589 2314 1807 2348 remissionem
1823 2325 1894 2358 per-

1151 2375 1245 2413 petuo
1274 2370 1460 2402 duraturam
1499 2367 1669 2411 apostolica
1706 2368 1893 2401 auctoritate

1151 2428 1358 2461 concesseram
1383 2432 1429 2462 ac,
1453 2426 1484 2454 ut
1510 2420 1570 2464 ipsi
1595 2421 1711 2461 fideles,
1735 2421 1774 2453 ad
1809 2431 1894 2454 eam-

1151 2476 1220 2508 dem
1246 2475 1408 2508 ecclesiam
1427 2474 1632 2515 confluentes,
1647 2475 1827 2507 huiusmodi
1847 2475 1895 2507 in-

1152 2529 1327 2564 tiiileentiae
1352 2527 1472 2560 facilius
1489 2528 1657 2570 participes
1673 2537 1738 2561 esse
1756 2534 1894 2570 possent,

1152 2594 1207 2626 pro
1231 2590 1371 2625 tempore
1395 2580 1537 2614 existenti
1562 2581 1663 2614 dictae
1679 2581 1790 2614 domus
1806 2582 1892 2625 prio-

1185 2649 1199 2674 1
1220 2647 1261 2672 Ex
1280 2646 1350 2672 Butt.
1370 2644 1481 2671 Ordinis
1498 2643 1615 2670 fratrum
1643 2644 1747 2677 praed,
1775 2646 1840 2671 tom.
1859 2644 1892 2678 V,

1150 2691 1205 2717 pag
1232 2684 1290 2709 337.
