2059 3228
97 249 149 277 An.
167 249 194 278 C.
214 250 283 279 1586

128 308 249 333 clanculae.

119 1549 278 1569 nini-euentum

97 1582 210 1606 A.glnruni
244 1580 280 1600 im·

98 1612 205 1631 manualis
227 1615 280 1631 exe-

97 1646 173 1663 tutio.

343 242 407 276 740

342 303 429 337 Nulli
449 313 525 346 ergo
546 307 602 336 etc.

341 357 373 390 Si
393 356 465 400 quis
490 361 597 389 autem
615 360 672 389 etc.

338 409 451 442 Datum
472 409 591 442 Romae
615 409 701 453 apud
726 408 879 443 Sanctum
899 410 1044 451 Petrum,

295 473 380 496 anno
404 461 636 495 Incarnationis
663 462 844 497 dominicae
873 464 1045 498 millesimo

294 516 553 559 quingentesimo
574 516 797 559 octuagesimo
817 522 917 557 sexto,
939 518 1046 551 kalen-

294 570 341 603 dis
372 569 573 613 septembriS,
599 569 806 613 pontificatus
835 571 935 604 nostri
960 583 1045 605 anno

293 622 448 657 secundo.

326 681 390 712 Dat.
409 681 458 712 die
476 682 490 712 1
509 686 634 722 septem.
654 682 743 721 1586,
765 683 869 722 pontif.
888 693 965 714 anno
985 693 1014 714 u.

624 832 711 866 LVII.

291 909 445 943 Hortatio
472 908 515 943 ad
533 919 642 943 omnes
661 909 886 953 christifideles
905 916 937 943 at
958 911 1044 944 Rhe-

336 964 440 996 mensi
467 964 608 1006 colleyz'o,
639 973 698 1006 pro
732 964 900 997 catholicis
931 965 1046 1007 Auylis

337 1029 358 1050 α
376 1017 456 1051 Sede
473 1017 658 1061 Apostotica
687 1017 851 1057 instituto,
876 1018 931 1060 pie
951 1022 979 1051 et
1004 1018 1045 1049 li-

335 1071 489 1104 beraliter
517 1071 723 1110 subveniant,
749 1075 778 1104 el
804 1071 846 1104 ad
875 1073 1045 1114 imperato-

336 1134 416 1163 rem,
442 1135 529 1167 reyes
549 1128 578 1157 ct
596 1125 759 1167 principes
776 1125 986 1164 christianos,
1009 1129 1044 1157 ul

336 1177 466 1220 Anqlos,
474 1181 606 1220 propter
620 1178 782 1210 iustitiam
794 1179 1044 1221 persecutionem

337 1231 508 1274 patientes,
530 1231 640 1264 iuvent
663 1235 692 1263 et
715 1231 845 1273 foveant
866 1230 892 1264 ¹.

292 1312 388 1340 Sixtus
413 1310 567 1347 episcopus.
588 1318 684 1340 servus
704 1318 843 1340 servorum
862 1310 918 1344 nei,
937 1313 1044 1340 univer·

337 1365 377 1394 sis
395 1365 621 1394 christifidelibus
639 1367 800 1402 praesentes
818 1366 935 1395 litteras
954 1367 1044 1401 inspe-

337 1419 427 1448 cturis
450 1419 571 1448 salutem
603 1421 632 1448 et
657 1420 801 1456 apostolic.
818 1420 1044 1448 benedictionem.

337 1490 480 1524 Afflictae
500 1496 530 1524 et
541 1491 717 1525 crudeliter
728 1497 855 1525 vexatae
867 1492 1043 1536 Anglorum

293 1543 391 1587 quiin
404 1544 561 1577 catholica
572 1545 634 1577 fide
655 1551 857 1588 perseverant
878 1546 1044 1590 reliquiae,

295 1598 460 1630 communi
481 1597 610 1641 piorum
627 1609 776 1632 moerore
796 1610 832 1632 ac
852 1599 954 1639 luctu,
977 1600 1045 1633 ani-

295 1661 364 1683 mos
393 1656 588 1684 cunctorum
617 1652 802 1685 mortalium
828 1652 860 1684 in
880 1652 928 1685 sui
950 1653 1045 1686 mise-

296 1703 469 1737 ricordiam
502 1709 533 1737 et
562 1705 809 1738 admirationem
840 1712 1043 1740 convertunt.

296 1757 452 1796 Quocirca
477 1768 547 1798 nos,
569 1758 624 1801 qui
645 1758 802 1803 pontificii
824 1760 968 1792 muneris
987 1771 1046 1794 no-

297 1811 353 1844 stri
373 1821 440 1844 esse
459 1817 608 1855 putamus
619 1818 810 1845 cunctarum
823 1813 1044 1848 ecclesiarum,

298 1864 392 1897 etiam
414 1875 496 1907 quae
516 1865 570 1898 Dei
591 1865 750 1898 beneficio
779 1877 858 1910 pace
878 1866 1044 1909 fruuntur,

299 1928 410 1951 curam
431 1928 557 1960 gerere,
571 1919 673 1952 multo
685 1920 783 1952 etiam
801 1919 902 1962 magis
917 1920 1047 1954 solliciti

299 1982 412 2005 sumus
432 1971 470 2005 de
490 1972 602 2005 ovibus
629 1973 765 2016 perditis
790 1973 995 2017 quaerendis,
1019 1980 1049 2007 et.

300 2025 426 2058 afflictis
454 2025 586 2070 populis
615 2032 645 2058 et
673 2027 821 2069 personis
848 2037 908 2071 pro
928 2027 1047 2061 viribus

300 2078 514 2111 sublevandis.
546 2078 652 2112 Saevit
681 2080 767 2112 enim
789 2080 821 2112 in
846 2079 914 2113 dies
942 2081 1049 2114 acrius

300 2131 369 2164 dira
388 2131 629 2166 haereticorum
642 2133 836 2174 immanitas,
850 2134 883 2166 in
893 2145 946 2167 eos
959 2146 1049 2178 prae-

301 2185 396 2229 cipue
424 2186 633 2219 ecclesiastici
662 2186 786 2220 ordinis
806 2187 902 2227 viros,
929 2188 984 2231 qui
1011 2189 1048 2221 de

300 2238 369 2282 ipsa
386 2239 564 2272 orthodoxa
583 2240 647 2273 fide
667 2251 777 2274 voccm
800 2241 897 2284 paulo
916 2241 1049 2274 liberio-

301 2303 368 2324 rem
395 2293 533 2333 mittere,
554 2300 607 2327 aut
642 2294 769 2327 hiscere
798 2295 931 2335 audent,
954 2295 997 2328 ita
1017 2301 1049 2328 ut

304 2344 450 2389 plerique
479 2347 568 2380 novis
594 2353 624 2380 et
649 2354 722 2381 ante
742 2348 829 2381 hunc
851 2348 935 2382 diem
956 2348 1050 2382 inau-

304 2398 377 2431 ditis
409 2405 647 2433 tormentorum
681 2402 854 2444 generibus
887 2401 1050 2436 dilacerati

340 2466 349 2491 1
370 2465 493 2493 Similem
508 2466 696 2495 hortationem
716 2467 781 2495 fecit
804 2468 957 2503 Gregorius
976 2469 1052 2496 deci-

307 2510 482 2543 mustertius,
508 2515 538 2537 ut
559 2519 645 2545 supra
671 2512 698 2539 in
724 2512 786 2540 eius
817 2517 907 2540 const.
936 2520 1050 2542 cxxxiv,

307 2552 486 2586 Omnipotens,
502 2562 563 2589 pag.
576 2556 635 2582 383.
646 2555 698 2588 Qui
713 2556 766 2583 iam
778 2557 806 2584 in
815 2556 890 2585 Urbe
903 2557 1051 2592 collegium

307 2603 356 2629 pro
376 2599 520 2626 catholicis
544 2600 641 2634 Anglis
665 2601 796 2635 instituit,
817 2605 849 2628 ut
867 2601 896 2629 in
919 2602 971 2630 alia
991 2602 1052 2629 eius

306 2640 382 2670 bulla
401 2648 496 2678 Lxxxi,
514 2643 656 2679 Quoniam,
673 2652 739 2681 pag.
763 2646 824 2675 208.

895 252 1072 276 nt'LLAMt'M
1096 253 1245 277 Romxmi

1089 310 1185 348 atque
1198 305 1400 338 membratim
1411 306 1575 350 discerpti,
1589 307 1753 352 exquisitis
1763 318 1838 353 sup-

1089 359 1193 402 pliciis
1211 358 1426 392 trucidentur.
1447 360 1483 392 At
1503 359 1621 402 quibus
1631 361 1737 395 divina
1748 361 1837 395 beni-

1088 412 1190 455 gnitas
1211 412 1322 445 annuit
1359 423 1375 445 c
1409 412 1551 445 cruentis
1571 412 1744 457 impiorum
1770 425 1836 448 ma-

1089 465 1183 498 nibus
1203 465 1297 506 elabi,
1322 466 1341 498 ii
1362 476 1449 505 vero,
1476 465 1567 509 quasi
1594 466 1709 500 funesti
1731 473 1836 501 tantae

1089 519 1188 552 cladis
1210 519 1333 557 nuncii,
1360 519 1398 552 ad
1420 520 1604 562 augendum
1623 520 1724 553 nostri
1747 521 1837 554 dolo-

1088 571 1131 604 ris
1152 572 1361 605 acerbitatem
1397 572 1498 613 missi,
1519 572 1567 605 vix
1591 572 1724 617 aliquod
1741 584 1836 607 aeru-

1088 636 1237 658 mnarum
1250 636 1382 658 suarum
1395 625 1543 658 solatium
1565 626 1743 669 reperiunt3
1763 637 1837 660 nam

1089 684 1231 711 extorres
1252 678 1364 722 patriis
1386 678 1516 719 finibus,
1539 678 1632 712 bonis
1649 690 1685 712 ac
1701 679 1838 712 fortunis

1087 732 1152 765 suis
1172 732 1313 776 spoliati,
1334 742 1459 764 summa
1480 742 1589 765 rerum
1602 731 1747 765 omnium
1763 742 1837 776 ege-

1087 791 1165 818 state
1194 786 1309 818 misere
1330 791 1541 829 premuntur,
1569 796 1605 818 ac
1632 785 1767 830 dispersi
1791 785 1840 819 in-

1088 839 1184 873 certis
1212 839 1342 873 sedibus
1369 845 1531 882 vagantes,
1559 845 1764 873 externarum
1788 845 1838 874 at-

1087 904 1149 937 que
1168 893 1351 936 ignotarum
1368 893 1526 936 gentium,
1546 894 1599 926 sed
1612 893 1686 926 fidei
1699 904 1736 927 ac
1747 904 1837 927 com-

1089 946 1254 979 munionis
1279 946 1457 980 catholicae
1475 947 1648 987 sociarum,
1669 957 1764 991 opem
1775 946 1838 980 im-

1088 1000 1226 1043 plorant.
1249 1000 1285 1032 Et
1308 1011 1381 1033 cum
1403 999 1527 1032 divitias
1556 1005 1587 1033 et
1615 1000 1722 1043 ampla
1741 1005 1838 1044 atque

1087 1054 1241 1097 opulenta
1262 1053 1456 1097 patrimonia
1476 1053 1689 1096 possiderent,
1719 1053 1838 1097 quihus

1087 1108 1118 1140 in
1140 1107 1244 1151 patria
1265 1107 1445 1140 secundum
1477 1117 1607 1140 carnem
1637 1107 1765 1140 abunde
1792 1107 1838 1140 af-

1087 1161 1224 1194 fluentes
1244 1160 1307 1193 frui
1327 1166 1488 1204 poterant,
1518 1160 1544 1193 si
1569 1171 1586 1193 a
1612 1171 1686 1194 vera
1719 1160 1837 1205 pietate

1088 1215 1314 1254 declinassent,
1360 1214 1556 1253 maluerunt,
1576 1214 1684 1247 divino
1714 1213 1836 1258 Spiritu

1089 1268 1190 1309 ducti,
1214 1278 1252 1301 ea
1268 1267 1407 1312 praedae
1424 1278 1461 1300 ac
1471 1267 1646 1311 direptioni
1666 1267 1838 1311 sacrilego·

1087 1333 1161 1354 rum
1191 1322 1279 1355 domi
1309 1321 1506 1365 relinquere,
1538 1332 1636 1366 quam
1661 1320 1760 1355 fidem
1778 1331 1836 1356 ne-

1086 1386 1174 1418 gare.

1132 1429 1146 1473 ξ,
1172 1429 1202 1462 1.
1238 1429 1421 1473 Numquam
1454 1439 1530 1472 ergo
1559 1428 1632 1462 satis
1658 1429 1834 1472 Anglornm

1087 1483 1323 1516 catholicorum
1354 1483 1480 1515 laudari
1509 1488 1613 1526 potest
1642 1482 1833 1524 constantia,

1088 1537 1166 1570 dum
1188 1547 1246 1580 pro
1266 1536 1372 1570 studio
1399 1535 1579 1580 religionis,
1599 1536 1647 1568 illi
1667 1536 1836 1570 acerbissi-

1088 1601 1158 1623 mos
1178 1590 1338 1623 cruciatos
1358 1596 1387 1623 et
1408 1600 1533 1630 necem,
1553 1589 1673 1624 bivero
1690 1589 1834 1631 exilium,

1088 1643 1340 1683 mendicitatem,
1363 1653 1510 1687 quaeque
1530 1643 1645 1676 ultima
1664 1647 1838 1676 censentur

1088 1697 1121 1730 in
1146 1697 1250 1737 malis,
1272 1697 1344 1730 data
1365 1696 1640 1740 optione‚cunctis
1651 1696 1748 1730 huius
1770 1706 1839 1729 sae-

1089 1751 1152 1784 culi
1175 1750 1299 1784 deliciis
1309 1755 1339 1783 et
1351 1750 1530 1783 commodis
1549 1755 1761 1794 anteponunt.
1775 1749 1837 1783 Ne-

1089 1815 1153 1848 que
1172 1814 1248 1837 sane
1275 1809 1323 1837 est
1348 1804 1434 1847 quod
1464 1803 1574 1837 miseri
1595 1804 1704 1837 exules
1730 1813 1749 1836 a
1771 1803 1839 1837 suis

1088 1857 1279 1891 necessariis
1299 1863 1330 1890 et
1354 1857 1465 1890 amicis
1483 1857 1515 1889 in
1536 1856 1639 1901 patria
1662 1857 1783 1890 relictis
1801 1867 1839 1890 o-

1089 1922 1162 1955 pem
1183 1911 1324 1954 aliquam
1345 1916 1526 1954 expectent3
1546 1910 1606 1954 ipsi
1623 1921 1762 1954 namque
1779 1920 1837 1944 ne-

1089 1964 1178 1998 fariis
1189 1964 1302 1997 edictis
1318 1964 1472 2004 deterriti,
1485 1969 1537 1997 aut
1552 1963 1684 2008 paribus
1694 1962 1838 2008 depressi

1090 2017 1259 2061 angustiis,
1273 2028 1346 2050 suas
1358 2023 1524 2061 nequeunt
1536 2017 1680 2050 miserias
1691 2017 1838 2056 tolerare,

1091 2071 1211 2104 nedum
1232 2070 1302 2103 aliis
1321 2071 1507 2104 adiumento
1523 2081 1602 2103 esse.

1135 2126 1149 2169 g
1169 2124 1201 2158 ⁶2.
1221 2125 1323 2164 Quare
1343 2125 1459 2157 horum
1483 2123 1670 2157 calamitatis
1690 2124 1840 2157 miserata

1091 2178 1395 2222 SedesApostolica‚
1410 2188 1468 2222 per
1483 2188 1595 2211 omnes
1606 2177 1771 2211 christiani
1785 2187 1837 2210 or·
1851 2171 1954 2223 33:2¹¹?
1968 2181 1976 2208 ’.

1092 2233 1140 2266 bis·
1168 2238 1274 2276 partes
1303 2231 1454 2275 dispersis
1478 2231 1608 2274 Angliae
1638 2231 1777 2275 populis,
1801 2230 1840 2264 iis
1852 2233 1941 2285 25:³23
1960 2241 1976 2258 ·‘=
1996 2228 2015 2277 f>

1093 2286 1281 2330 pracsertim
1311 2286 1365 2329 qui
1388 2285 1419 2317 in
1446 2284 1618 2329 collegium
1644 2285 1837 2325 Rhemense,
1853 2278 1989 2331 ηοηιιρἸ

1094 2341 1152 2372 liac
1173 2339 1241 2383 ipsa
1261 2339 1299 2372 de
1320 2350 1427 2379 caiisa,
1450 2339 1640 2372 auctoritate
1665 2339 1841 2383 apostolica
1853 2325 1972 2379 222¹}ssssss
2002 2334 2011 2371 ‘s

1094 2394 1296 2433 institutum,
1322 2404 1355 2426 se
1384 2399 1591 2435 receperunt,
1617 2392 1841 2436 superioribus
1853 2388 1980 2440 ζξξζξζζζ
2004 2430 2010 2438 ¹
2028 2419 2030 2422 .

1093 2442 1186 2475 annis
1203 2449 1351 2486 coeperat
1372 2441 1840 2488 aliquidauxiliisuppeditare,

1094 2491 1178 2534 quoil
1199 2491 1286 2534 pium
1304 2491 1485 2523 institutum
1507 2501 1565 2523 nos
1577 2501 1707 2534 quoquc
1718 2490 1840 2535 persol-

1095 2540 1210 2580 vendo,
1223 2550 1260 2572 ex
1271 2540 1395 2572 aerario
1409 2546 1530 2580 nostro,
1542 2539 1573 2572 in
1591 2540 1734 2582 singulos
1750 2550 1840 2572 men-

1094 2599 1144 2622 ses
1169 2595 1294 2622 certum
1313 2588 1491 2622 subsidium
1512 2589 1665 2632 prosequi
1686 2598 1751 2621 non
1771 2599 1839 2621 ces·

1095 2648 1214 2679 samus,
1236 2648 1296 2672 nec
1312 2638 1380 2671 sine
1402 2648 1517 2681 magno
1536 2638 1660 2679 fructu,
1681 2637 1839 2681 siquidem

1850 1479 1979 1501 molientum

1849 1511 1908 1533 elan
1919 1510 1954 1532 lu
1963 1542 1966 1545 .
1972 1516 1979 1535 j
