2059 3228
39 223 88 256 Αιι.
103 221 132 250 c.
148 219 216 250 1580

229 271 369 312 dividua,
392 283 455 305 non
477 278 582 305 autem
609 283 667 317 per
697 273 856 306 clausulas
880 283 976 317 gene-

227 326 307 358 rales
329 326 411 359 idem
434 326 655 370 importantes,
678 327 798 360 mentio
810 338 976 371 seuquae-

226 379 270 411 vis
290 378 351 412 alia
371 380 533 423 expressio
554 380 701 414 habenda
712 386 805 419 esset,
821 381 882 414 illis
897 381 975 414 alias

226 431 257 465 in
271 443 330 466 suo
346 434 462 466 robore
477 434 708 477 permansuris,
730 435 790 467 hac
803 435 974 468 vicedum-

227 490 322 527 taxat,
345 487 528 529 specialiter
548 492 578 521 et
598 499 746 531 expresse
767 489 972 531 derogamus,

225 539 404 582 ceterisque
425 542 595 574 contrariis
611 542 884 584 quibuscumque.

46 588 231 647 “pff'ssfu'mff'⁸¹¹’·
269 593 283 633 ,Ε
307 592 361 627 20.
390 594 425 626 Et
445 595 519 637 quia
540 594 670 628 difficile
692 595 773 628 foret
793 599 849 628 etc.

268 645 382 679 Datum
399 647 518 681 Romae
538 648 623 692 apud
635 647 665 680 S.
688 648 831 687 Petrum,
849 648 908 681 sub
920 658 975 681 an-

224 699 301 733 nulo
322 700 502 742 PiscatoriS,
523 701 574 735 die
594 711 691 734 xxvul
711 701 786 734 maii
802 711 970 741 Mntxxxvi,

223 752 430 795 pontificatus
455 754 554 787 nostri
575 765 660 788 anno
683 765 717 788 11.

272 809 341 841 Dat.
360 811 407 841 die
423 811 460 842 28
478 812 547 843 maii
567 811 655 850 1586,
673 813 778 853 pontif.
792 822 869 843 anno
885 822 916 844 ιι.

580 979 612 1012 L.

221 1053 374 1088 Facuzcas
383 1053 749 1097 archiconfraterm'tati
764 1055 974 1089 sanctissimi

265 1107 475 1141 Sacramenti
493 1109 530 1141 in
541 1108 671 1142 ecclesia
685 1108 719 1142 S.
744 1109 837 1142 Petri
856 1109 892 1142 de
916 1109 973 1142 Ur-

266 1161 303 1194 be
318 1163 542 1196 commutandi
570 1163 682 1206 cuique
709 1163 974 1205 confraternitati

266 1219 457 1258 aqureyatae
469 1219 499 1249 et
517 1216 740 1259 ayyreqamlae
756 1216 900 1258 primam
917 1217 973 1249 do-

266 1268 425 1302 minicam
444 1269 576 1310 mensis,
602 1268 645 1302 ad
657 1270 889 1312 processionem
916 1270 974 1303 Ιια-

266 1321 416 1363 bendam,
438 1323 475 1355 in
494 1323 598 1356 alium
608 1323 818 1361 dominicam,
832 1328 928 1367 prout
938 1335 974 1357 u-

265 1375 416 1418 nicuique
437 1375 623 1410 huiusmodi
636 1376 903 1419 confraternitati
918 1388 973 1411 ecc-

266 1427 378 1472 pedire
400 1428 594 1463 iudicaverit
613 1429 640 1463 1.

268 1508 365 1538 Sixtus
376 1509 446 1546 Papa
453 1510 483 1545 V,
492 1511 526 1539 ad
536 1511 700 1546 perpetuam
710 1510 926 1540 reimemoriam.

213 1591 217 1595 ’
267 1578 426 1613 Fidelium
445 1580 539 1621 votis,
561 1590 644 1625 quae
657 1580 696 1613 ad
712 1580 913 1624 spiritualem
938 1591 972 1614 a-

222 1631 387 1666 nimarum
412 1633 665 1667 consolationem
691 1639 722 1667 et
747 1634 785 1666 ad
818 1634 972 1667 maiorem

222 1685 421 1720 Sanctissimi
446 1686 667 1720 Eucharistiae
692 1687 890 1721 Sacramenti
920 1698 973 1721 ce-

222 1735 406 1772 lebritatem
425 1745 456 1773 et
472 1739 630 1773 honorem
655 1740 787 1773 tendere
813 1740 973 1784 conspici-

223 1802 309 1831 mus.
327 1798 484 1836 quantum
499 1804 575 1827 cum
589 1793 654 1827 Deo
674 1804 858 1837 possumus,
874 1793 975 1827 liben-

224 1849 275 1878 ter
294 1846 481 1880 annuimus.

267 1898 283 1942 5
305 1898 338 1932 1.
373 1898 453 1933 Cum
487 1899 619 1943 itaque,
651 1899 734 1932 sicut
766 1899 951 1942 accepimus
965 1926 973 1940 ,

53 1951 211 2008 013611*Ἓοζὶ
222 1952 434 1996 quamplures
451 1952 620 1986 societates
639 1957 726 1985 extra
746 1952 876 1993 Urbem,
892 1963 974 1995 quae

55 2018 158 2039 miani..
222 2011 415 2048 aggregatae
435 2011 510 2039 sunt
527 2005 874 2039 archiconfraternitati
895 2006 974 2039 San-

223 2057 358 2091 ctissimi
379 2058 578 2092 Sacramenti
599 2058 631 2091 in
656 2058 787 2091 basilica
801 2057 907 2091 Sancti
921 2059 975 2092 Pe-

223 2111 264 2144 tri
290 2111 329 2144 de
359 2111 444 2145 Urbe
465 2111 658 2156 iampridem
679 2111 855 2151 institutae,
878 2122 974 2154 quas-

223 2164 298 2198 dam
322 2164 540 2208 indulgentias
565 2169 813 2207 consequantur,
845 2175 975 2207 proces-

224 2217 349 2251 sionem
375 2218 480 2262 prima
508 2217 671 2251 dominica
691 2217 862 2250 cuiuslibet
884 2229 975 2251 men-

224 2270 267 2304 sis
283 2271 498 2304 celebrando:
517 2271 628 2304 multis
650 2281 724 2303 vero
745 2270 777 2302 in
798 2270 877 2303 loeis
897 2281 974 2304 con-

224 2323 327 2367 tingat
346 2329 383 2356 ut
397 2323 580 2357 eodemmet
598 2323 649 2356 die
670 2323 832 2366 processio
852 2323 975 2357 Rosarii

225 2387 283 2411 seu
303 2377 436 2410 alterius
457 2376 616 2410 societatis
641 2376 716 2417 siat;
737 2375 833 2416 unde,
853 2377 975 2419 populo

224 2429 260 2464 in
283 2437 390 2474 partes
410 2430 523 2470 diviso,
546 2429 663 2462 minori
684 2429 864 2473 frequentia
890 2429 975 2462 eius-

226 2482 299 2517 dem
319 2483 515 2517 Sanctissimi
535 2481 731 2516 Sacramenti
748 2481 910 2526 processio
926 2492 977 2516 ce-

227 2536 382 2570 lebretur.

263 2604 276 2632 1
292 2602 336 2632 Ex
351 2603 463 2638 Regest.
480 2602 508 2630 in
524 2602 628 2630 secret.
650 2601 793 2630 Brevmm.

55 1632 183 1658 mutum.

848 220 850 222 ’
892 220 995 245 SixTUS
1015 219 1033 243 V
1053 219 1100 244 PP.

1656 209 1720 245 719
1765 218 1858 245 Aac.
1877 218 1943 246 1586

1064 273 1078 313 ,S
1099 272 1130 305 ⁶2.
1151 272 1224 310 Nos.
1247 272 1433 306 officialium
1455 274 1762 310 archiconfratcrni-
1806 281 1965 302 commun·-

1020 328 1090 359 tatis
1119 327 1300 370 praedictae
1328 328 1478 370 precihus
1507 329 1663 369 inclinati,
1688 330 1764 371 ipsis
1780 313 1966 364 fss'ii'dssoeYw

1019 380 1229 421 officialibus,
1258 387 1292 413 ut
1322 382 1438 415 dictam
1467 383 1602 425 primam
1627 383 1765 417 domini-

1019 444 1087 467 cani
1110 433 1237 474 mensis,
1256 434 1292 466 ad
1312 434 1548 478 processionem
1570 435 1763 476 habendam,

1020 488 1051 520 in
1080 487 1175 520 aliam
1207 488 1402 520 dominicam
1425 488 1558 521 arbitrio
1579 499 1648 529 suo,
1672 495 1766 533 prout

1019 541 1119 584 magis
1150 541 1266 584 cuique
1296 542 1549 575 confrater-nitati
1579 550 1766 583 agareaatae

1017 595 1065 628 vel
1093 595 1315 637 agg-{repandae
1353 595 1501 639 expedire
1540 596 1763 635 iudicaverint,

1018 654 1218 682 commutare
1243 648 1377 691 possint,
1400 660 1472 681 eum
1499 650 1649 683 omnibus
1668 651 1766 694 privi-

1017 702 1120 745 legiis,
1141 701 1249 743 gratiis
1265 707 1295 735 et
1311 703 1518 742 indulgentiis
1535 703 1565 736 in
1578 703 1687 736 eadem
1702 705 1766 748 pri-

1017 767 1068 789 ma
1088 756 1252 789 dominica
1272 756 1446 794 concessis,
1474 757 1665 791 auctoritate
1691 768 1767 801 apo-

1017 810 1140 850 stoliea,
1173 815 1286 844 tenore
1310 811 1542 853 praesentium,
1580 811 1763 845 facultatem

1017 863 1236 897 concedimus.
1558 866 1574 879 ³

1062 917 1076 959 ,Q
1101 917 1132 950 3.
1158 917 1340 957 Praeterea,
1367 917 1519 960 quoniam
1546 917 1577 950 in
1598 918 1763 951 festoCor-
1805 916 1951 940 ‘'⁸⁰¹¹'¹⁸⁵⁰⁰”

1784 947 1952 969 fraternitatibus

1017 971 1104 1015 poris
1124 970 1255 1011 Christi,
1278 981 1342 1014 quo
1363 970 1414 1003 die
1435 970 1467 1003 in
1487 971 1628 1004 Ecclesia
1643 971 1697 1004 Dei
1714 971 1763 1004 in-
1777 980 1960 1016 hpbendzprqees-

1017 1025 1134 1058 ductus
1154 1024 1214 1057 fuit
1238 1034 1307 1057 mos
1323 1029 1359 1057 ut
1377 1024 1578 1067 praecelsum
1592 1030 1764 1058 etvenera-
1777 1017 1871 1063 {¹3¹}ssss
1908 1010 1962 1061 2212

1016 1078 1079 1112 bile
1093 1078 1318 1112 Sanctissimae
1338 1078 1558 1111 Eucharistiae
1578 1077 1764 1112 Sacramen-
1778 1072 1936 1101 ⁹⁰¹⁵³-⁰’'‘³⁵¹³·

1016 1137 1083 1165 tum
1105 1131 1262 1174 singulari
1287 1131 1492 1165 veneratione
1513 1142 1549 1164 ac
1563 1132 1764 1165 solemnitate

1018 1184 1212 1225 celebretur,
1235 1183 1373 1228 atquein
1392 1184 1653 1228 processionibus
1677 1195 1765 1217 reve-

1017 1242 1126 1271 renter
1148 1243 1178 1271 et
1197 1237 1376 1271 honorilice
1397 1248 1456 1280 per
1473 1238 1539 1270 vias
1559 1243 1589 1270 et
1608 1238 1679 1271 loca
1708 1250 1766 1281 pu-

1015 1291 1100 1324 blica
1118 1290 1377 1329 circumferatur,
1397 1289 1428 1322 in
1449 1290 1532 1323 dicta
1548 1290 1679 1323 basilica
1694 1301 1766 1335 pro-

1017 1344 1119 1378 cessio
1151 1355 1170 1378 a
1197 1343 1282 1377 dicta
1312 1344 1666 1377 archiconfraternitate
1700 1355 1765 1377 non

1017 1398 1164 1438 habetur,
1185 1408 1258 1431 cum
1287 1408 1305 1430 a
1329 1397 1421 1430 nobis
1441 1403 1472 1430 et.
1491 1408 1550 1441 pro
1569 1403 1715 1441 tempore
1735 1409 1766 1431 e-

1016 1453 1151 1486 xistente
1171 1452 1316 1485 Romano
1333 1451 1502 1490 Pontifice,
1525 1462 1588 1484 una
1608 1462 1681 1484 cum
1699 1452 1764 1484 col-

1016 1505 1100 1548 legio
1125 1504 1337 1538 cardinalium
1365 1515 1401 1537 ac
1418 1504 1567 1548 praelatis
1591 1510 1622 1537 et
1645 1504 1765 1537 officia-

1017 1558 1100 1592 libus
1129 1558 1280 1592 omnibus
1306 1558 1468 1591 Romanae
1493 1557 1619 1597 Curiae,
1652 1557 1766 1590 maiori

1018 1623 1082 1656 qua
1107 1611 1176 1645 fieri
1206 1611 1317 1656 possit,
1340 1611 1525 1644 celebritate
1546 1611 1611 1651 fiat,
1639 1611 1766 1643 confra-

1018 1665 1234 1705 ternitatibus,
1258 1669 1292 1697 ut
1312 1665 1506 1708 praefertur,
1529 1663 1716 1706 aggregatis,
1732 1669 1767 1697 ut

1019 1718 1258 1763 processionem
1296 1718 1364 1761 ipso
1389 1718 1440 1750 die
1473 1716 1622 1760 Corporis
1653 1716 1766 1750 Christi

1019 1779 1073 1806 aut
1097 1772 1258 1806 dominica
1287 1772 1335 1804 vel
1356 1771 1419 1804 alio
1444 1771 1495 1804 die
1516 1771 1597 1803 infra
1622 1777 1766 1804 octavam

1019 1826 1162 1860 eiusdem
1185 1824 1389 1864 celebritatis,
1404 1830 1498 1868 prout
1511 1835 1528 1857 a
1540 1824 1702 1867 prioribus
1711 1834 1767 1856 seu

1019 1878 1333 1913 administratoribus
1353 1877 1494 1921 ipsarum
1512 1876 1700 1910 societatum
1710 1876 1768 1909 ho-

1018 1932 1091 1966 nori
1124 1931 1322 1966 Sanctissimi
1352 1930 1549 1964 Sacramenti
1571 1929 1672 1972 magis
1692 1939 1768 1962 con-

1018 1986 1127 2019 venire
1154 1985 1329 2019 iudicatum
1358 1984 1465 2022 fuerit,
1490 1984 1608 2017 habere
1630 1982 1764 2026 possint,

1020 2039 1140 2073 eisdem
1168 2038 1357 2072 auctoritate
1383 2042 1412 2071 et
1436 2043 1547 2070 tenore
1576 2041 1766 2080 potestatem

1021 2092 1168 2126 facimus.

1064 2146 1078 2188 ξ
1101 2145 1133 2178 4.
1160 2145 1228 2178 Non
1253 2143 1451 2177 obstantibus
1484 2141 1768 2176 constitutionibus

1021 2206 1049 2232 et
1062 2197 1317 2232 ordinationibus
1332 2196 1530 2240 apostolicis;
1541 2206 1578 2229 ac
1588 2195 1702 2229 litteris
1711 2206 1767 2238 ag-

1020 2251 1243 2294 gregationum
1266 2249 1466 2289 huiusmodi,
1483 2248 1662 2292 ceterisque
1687 2258 1766 2282 con-

1020 2304 1125 2338 trariis
1144 2303 1414 2347 quibuscumque.

1064 2353 1079 2396 g
1104 2352 1135 2385 5.
1162 2352 1315 2385 Volumus
1332 2356 1437 2383 autem
1459 2355 1494 2383 ut
1513 2349 1655 2394 ipsarum
1675 2360 1767 2394 prae-

1021 2401 1159 2434 sentium
1188 2399 1408 2442 transumptis,
1434 2403 1490 2431 etc.

1064 2450 1176 2482 Datum
1199 2446 1316 2481 Romae
1337 2447 1421 2490 apud
1443 2447 1473 2481 S.
1488 2447 1632 2487 Petrum,
1646 2447 1766 2481 suban-

1020 2499 1098 2531 nulo
1123 2497 1304 2535 piscatoris,
1335 2497 1385 2530 die
1411 2507 1469 2529 xxx
1490 2496 1565 2530 maii
1595 2505 1764 2538 mntxxxvi,

1022 2546 1228 2590 pontificatus
1252 2545 1351 2578 nostri
1373 2556 1457 2579 anno
1476 2556 1510 2579 ιι.

1079 2599 1142 2630 Dat.
1159 2599 1205 2630 die
1221 2599 1259 2630 30
1275 2598 1342 2629 maii
1361 2599 1448 2639 1580,
1466 2598 1570 2641 pontis.
1586 2608 1662 2630 anuo
1679 2607 1711 2630 u.

1831 2143 1963 2164 Obstantium

1782 2174 1900 2201 derogatio.

1795 2357 1855 2378 rides
1865 2363 1963 2378 trunsum·

1781 2391 1861 2415 plorum
1871 2389 1944 2408 damu.
