2059 3228
117 254 172 284 An.
187 255 217 285 c.
233 257 300 286 1586

152 1121 190 1142 nic
203 1124 294 1149 propte-

108 1158 146 1174 rea
196 1152 294 1174 Pontitex

110 1184 180 1204 eidem
204 1183 239 1203 dat
262 1183 294 1204 fa-

110 1215 211 1235 cultatem
232 1215 293 1235 etiam

109 1248 170 1266 extra
212 1245 294 1266 statum

107 1276 281 1298 Ecclesiasticum

107 1312 147 1333 pro
181 1307 237 1328 dieto
273 1313 295 1328 o-

108 1343 162 1365 pere
180 1338 294 1364 colligendi

109 1369 267 1398 eleemosyna„

357 249 420 283 682

313 312 456 352 caritate,
478 310 697 351 redemerunt,
715 311 862 356 illosque,
883 318 1055 357 postquam

311 365 352 399 ad
368 365 485 398 Urbem
502 370 669 405 venerunt,
681 365 720 398 ad
732 367 945 400 venerandam
955 366 1056 411 ipsius

311 418 557 462 gloriosissimae
582 418 718 462 Virginis
737 419 920 454 Confalonis
942 420 1055 463 imagi-

309 483 395 511 nem,
406 471 437 504 in
454 471 588 505 basilica
608 472 641 505 B.
658 473 774 506 Mariae
785 473 910 507 Maioris
918 474 1054 507 existen-

309 531 386 566 tem,
409 525 486 558 dum
503 525 536 558 in
549 526 695 570 cappella
714 526 891 570 pontificali
911 527 1055 561 eiusdem

307 578 459 612 basilicae
471 590 580 613 coram
592 579 683 612 nobis
697 585 726 613 et
737 591 828 614 sacro
841 581 1055 614 cardinalium

309 633 445 676 collegio
465 643 501 666 ac
522 632 631 666 multis
650 633 800 677 praelatis
810 634 914 667 divina
926 645 1056 678 perage-

307 686 435 726 bantur,
455 686 738 730 processionaliter
757 687 796 720 ad
810 688 971 731 agendum
987 698 1056 731 gra-

307 739 367 772 tias
386 739 520 773 lmmani
539 740 666 783 generis
677 740 895 785 Redemptori,
905 752 979 774 cum
990 752 1056 774 ma-

307 792 393 826 xima
415 793 528 838 populi
545 793 738 837 frequentia,
752 799 782 828 et
795 794 1055 828 christifidelium

307 846 430 890 ingenti
458 847 592 889 laetitia,
620 847 832 889 associarunt,
854 848 983 892 quibus,
1015 849 1055 882 ad

306 901 405 944 pedes
431 906 557 935 nostros
581 902 615 935 in
639 902 751 935 eadem
771 903 917 946 cappella
937 913 1055 946 provo-

306 954 394 996 lutis,
415 954 471 988 Dei
480 955 706 990 benedictione
721 956 877 990 laetantes
890 955 1056 989 benedixi-

307 1019 390 1041 mus.

351 1062 366 1105 ξ
390 1061 422 1095 3.
449 1062 553 1102 Quare
579 1073 649 1104 nos,
675 1063 865 1097 eorumdem
885 1062 1055 1096 custodum

307 1119 338 1147 et
357 1115 556 1148 confratrum
577 1117 774 1160 singularem
787 1117 939 1160 pietatem
952 1115 1055 1160 pluri-

307 1179 396 1201 mum
417 1169 450 1201 in
475 1169 611 1203 Domino
632 1170 896 1204 commendantes
909 1196 917 1211 ,
939 1180 976 1203 ac
996 1180 1054 1214 pro

307 1222 358 1255 his
387 1223 505 1266 gratias
534 1229 665 1267 agentes
694 1224 771 1265 Deo,
793 1224 1001 1267 volentesque
1020 1229 1057 1257 ut

307 1282 371 1309 tam
392 1276 483 1320 pium
503 1288 584 1321 opus
604 1277 748 1311 fidelium
761 1269 1055 1322 eleemosynissub-

306 1329 462 1371 veniatur,
491 1341 527 1363 ac
551 1331 646 1364 latius
666 1331 867 1364 diffundatur
887 1336 919 1364 et
937 1342 1055 1375 propa-

306 1388 418 1426 getur,
435 1389 466 1417 et
484 1384 605 1417 nedum
624 1384 724 1428 ipsius
750 1384 1056 1418 archiconfraterni-

306 1436 380 1469 tatis
412 1437 600 1479 confratres,
622 1448 735 1471 verum
767 1437 863 1472 etiam
893 1448 1006 1472 omnes
1025 1443 1057 1471 et

306 1490 425 1534 singuli
445 1502 726 1536 quarumcumque
754 1492 1056 1526 confraternitatum

307 1543 412 1578 eidem
442 1545 790 1579 archiconsraternitati
817 1546 974 1580 hactenus
1004 1557 1057 1590 ag-

306 1603 512 1641 gregaturum
535 1604 567 1632 et
585 1609 645 1643 pro
664 1600 811 1644 ternpore
837 1599 1056 1644 aggreganda-

306 1662 381 1684 rum
402 1653 591 1694 confratres,
618 1653 737 1696 aliique
767 1653 938 1698 utriusque
963 1663 1056 1687 sexus

308 1705 533 1739 christifideles
558 1705 591 1739 in
619 1707 807 1740 huiusmodi
827 1707 882 1751 pio
906 1717 1005 1751 opere
1024 1718 1057 1740 se

308 1769 470 1801 exercere,
491 1759 638 1804 illudque
658 1761 869 1806 eleemosynis
889 1772 926 1795 ac
945 1772 1008 1806 ope
1028 1765 1058 1794 et

309 1812 463 1856 operibus
482 1824 602 1857 augere
621 1815 819 1848 contendant
831 1820 926 1857 atque
937 1825 1057 1859 procu-

307 1872 397 1907 rent,
428 1873 519 1900 motu
552 1867 686 1912 proprio
719 1873 750 1902 et
784 1879 822 1902 ex
842 1873 930 1902 certa
948 1873 1058 1902 nostra

308 1920 440 1954 scientia
463 1932 501 1955 ac
529 1921 569 1955 de
594 1922 789 1966 apostolicae
807 1922 973 1967 potestatis
992 1923 1060 1966 ple-

309 1974 469 2016 nitudine,
496 1975 602 2009 eidem
628 1976 996 2017 archiconfraternitati,
1023 1976 1060 2009 il-

309 2028 437 2071 liusque
456 2039 544 2062 nunc
565 2035 595 2062 et
611 2040 670 2073 pro
689 2035 835 2074 tempore
848 2029 1059 2063 existentibus

311 2082 500 2115 custodibus
519 2087 550 2115 et
569 2083 798 2125 confratribus,
824 2089 861 2117 ut
885 2084 1005 2117 nedum
1026 2083 1059 2116 in

311 2135 395 2168 dicta
414 2135 497 2170 Urbe
517 2147 554 2169 ac
568 2141 636 2170 toto
656 2137 746 2171 Statu
765 2137 1003 2178 Ecclesiastico,
1025 2142 1061 2170 ut

310 2189 492 2233 praefertur
511 2190 658 2224 subiecto
677 2191 877 2233 huiusmodi,
895 2191 951 2225 sed
964 2191 1060 2224 etiam

314 2248 401 2276 extra
424 2242 548 2276 dictum
568 2243 692 2277 Statum
717 2245 938 2289 eleemosynas
967 2250 998 2277 et
1025 2255 1060 2277 o-

313 2295 399 2329 blata
418 2292 645 2342 quaecumque
656 2309 716 2342 pro
730 2298 953 2343 redemptione
964 2298 1063 2342 capti-

314 2359 426 2383 vorum
446 2362 602 2394 quaerere
618 2357 650 2385 et
665 2353 826 2397 accipere,
844 2363 881 2386 ac
891 2352 931 2386 ad
942 2351 974 2385 id
984 2362 1061 2385 con-

315 2402 530 2438 fraternitates
572 2405 677 2440 eidem
715 2405 1063 2440 archiconfraternitati

316 2451 470 2487 hactenus
495 2461 683 2498 aggregatas
708 2461 740 2489 et
758 2467 817 2500 pro
837 2461 983 2499 tempore
1008 2466 1063 2497 ag-

316 2501 450 2543 gandas,
484 2503 679 2548 illarumque
709 2506 888 2538 confratres
919 2515 957 2538 ac
986 2504 1065 2538 alios

317 2555 514 2593 quaestoreS,
536 2559 616 2596 quot
634 2554 680 2588 eis
700 2553 870 2596 videbitur,
896 2554 1062 2597 deputare,

319 2598 374 2640 qui
381 2600 610 2646 eleemosynas,
619 2603 812 2654 oblationes,
820 2604 924 2646 legata
933 2608 964 2636 et
971 2612 1067 2646 quae-

319 2657 458 2693 cumque
478 2650 540 2684 alia
558 2652 700 2687 subsidia
724 2662 785 2696 pro
809 2651 997 2686 huiusmodi
1016 2661 1067 2684 rc-

900 259 1080 285 BULLARIUM
1102 259 1253 285 ROMANUM

1096 313 1282 357 demptione
1311 318 1343 346 et
1370 313 1473 347 causis
1496 314 1535 347 ad
1560 326 1630 349 eam
1649 316 1839 360 pertinenti-

1096 366 1156 399 bus
1174 365 1363 410 perquirere
1374 366 1476 400 libere
1492 367 1617 401 etlicite
1625 370 1840 412 possintetva-

1096 419 1194 460 leant,
1208 419 1385 463 apostolica
1403 420 1606 462 auctoritate,
1624 427 1735 456 tenore
1748 434 1839 468 prae-

1097 473 1233 506 sentium
1249 499 1256 514 ,
1279 473 1442 507 licentiam
1463 479 1494 507 et
1512 475 1697 509 facultatem
1717 487 1754 510 ac
1772 488 1840 510 om-

1097 526 1262 560 nimodam
1288 532 1479 570 potestatem
1507 533 1665 572 perpetuo
1690 530 1839 564 concedi-

1097 591 1169 613 mus
1179 579 1432 624 etimpartimur,
1448 580 1559 625 eisque
1569 581 1709 626 desuper
1719 582 1757 616 de
1768 594 1840 626 spe-

1097 633 1168 666 ciali
1189 634 1292 675 gratia
1310 634 1527 678 indulgemus.

1141 687 1155 730 g
1179 687 1210 720 4.
1237 687 1421 721 Mandantes
1449 687 1482 721 in
1513 688 1630 723 virtute
1654 696 1781 724 sanctae
1805 700 1842 724 o-

1096 740 1277 774 bedientiae
1296 741 1452 775 universis
1471 746 1502 775 et
1521 741 1657 785 singulis
1674 743 1842 777 venerabi-

1097 794 1180 827 libus
1199 794 1351 828 fratribus
1374 795 1492 828 nostris
1502 796 1706 840 patriarchis,
1721 797 1844 831 archie-

1098 848 1248 892 piscopis,
1268 848 1426 893 episcopis
1437 849 1618 894 ceterisque
1630 850 1777 884 locorum
1789 862 1842 884 or-

1097 901 1229 934 dinariis
1249 907 1279 936 et
1299 903 1509 936 ecclesiarum
1529 903 1692 948 praelatis,
1715 915 1751 937 ac
1767 904 1844 938 dile-

1097 955 1155 989 ctis
1183 955 1257 990 filiis
1283 956 1414 990 illorum
1435 957 1625 991 officialibus
1649 962 1680 991 et
1702 957 1840 999 vicariis,

1096 1019 1224 1042 necnon
1252 1009 1433 1051 abhatibus,
1466 1010 1643 1054 prioribus,
1679 1011 1839 1055 capitulis,

1097 1063 1318 1104 conventibus,
1354 1064 1658 1108 parochialiumque
1691 1065 1842 1098 ecclesia-

1096 1128 1170 1150 rum
1189 1117 1369 1151 rectoribus
1380 1117 1546 1151 etillorum
1558 1117 1696 1158 vicariis,
1714 1128 1750 1151 ac
1760 1113 1852 1161 quo->

1097 1181 1312 1214 rumcumque
1340 1170 1507 1213 Ordinum,
1538 1171 1633 1205 etiam
1663 1171 1842 1205 Mendican-

1097 1224 1191 1266 tium,
1217 1225 1432 1268 generalibus,
1451 1225 1704 1269 provincialibus
1723 1230 1754 1258 et
1773 1225 1844 1258 aliis

1097 1278 1329 1322 superioribus,
1358 1289 1395 1312 ac
1423 1278 1511 1312 verbi
1530 1279 1586 1312 Dei
1607 1277 1842 1312 concionatori-

1096 1331 1169 1372 bus,
1183 1331 1389 1375 etquibusvis
1400 1331 1482 1373 aliis,
1501 1337 1566 1365 tam
1581 1331 1736 1376 exemptis
1746 1342 1842 1376 quam

1097 1395 1163 1418 non
1200 1385 1377 1429 exemptis,
1414 1385 1640 1418 ecclesiasticis
1681 1384 1842 1428 personis,

1097 1445 1162 1472 tam
1194 1439 1228 1472 in
1251 1439 1336 1473 Urbe
1355 1444 1387 1473 et
1411 1445 1478 1473 toto
1502 1439 1591 1472 Statu
1621 1438 1844 1472 Ecclesiastico

1097 1492 1284 1526 huiusmodi
1312 1504 1411 1537 quam
1440 1504 1500 1537 per
1518 1493 1705 1526 universum
1731 1491 1842 1525 orbem

1098 1546 1309 1580 christianum
1334 1546 1526 1587 constitutis,
1553 1551 1712 1590 quatenus
1731 1554 1844 1578 omnes

1097 1604 1128 1633 et
1152 1599 1296 1644 singulos
1315 1600 1485 1644 utriusque
1504 1610 1597 1633 sexus
1616 1598 1844 1632 christifideles

1098 1654 1137 1687 ad
1157 1654 1389 1688 conferendum
1414 1654 1642 1697 eleemosynas,
1666 1651 1844 1686 oblationes

1099 1713 1130 1741 et
1139 1708 1245 1750 legata
1255 1708 1343 1741 omni
1351 1707 1456 1741 studio
1468 1712 1499 1741 et
1512 1706 1642 1740 caritate
1653 1705 1840 1747 accendant,

1098 1766 1131 1795 et
1155 1760 1388 1794 efficacioribus
1414 1759 1651 1794 hortationibus
1674 1759 1841 1801 inducant,

1099 1825 1236 1857 suasque
1254 1814 1377 1848 litteras
1397 1814 1436 1847 ad
1447 1814 1480 1847 id
1491 1813 1681 1847 favorabiles
1691 1819 1723 1847 et
1732 1813 1844 1846 horta-

1098 1868 1209 1909 torias,
1231 1868 1350 1911 absque
1369 1867 1504 1901 alicuius
1514 1866 1651 1911 praemii
1662 1867 1712 1901 vel
1722 1877 1846 1900 merce-

1100 1922 1148 1955 dis
1168 1922 1344 1962 exactione,
1367 1921 1507 1955 tradant.

1143 1975 1159 2019 ἓ
1182 1975 1213 2008 5.
1239 1974 1477 2015 Praesentibus,
1501 1985 1581 2018 quas
1601 1974 1660 2008 sub
1679 1972 1846 2018 quibusvis

1100 2028 1255 2062 similium
1275 2029 1324 2062 vel
1343 2028 1547 2062 dissimilium
1563 2027 1739 2071 gratiarum
1753 2032 1784 2061 et
1797 2027 1844 2061 fa-

1101 2082 1257 2114 cultatum
1285 2081 1553 2123 revocationibus,
1585 2080 1843 2121 limitationibus,

1101 2134 1379 2179 suspensionibus,
1414 2134 1676 2178 derogationibus
1709 2139 1740 2167 et
1773 2133 1845 2167 aliis

1102 2188 1271 2222 contrariis
1294 2188 1570 2232 dispositionibus,
1593 2187 1687 2221 etiam
1707 2198 1766 2231 per
1787 2197 1847 2220 nos

1102 2246 1133 2275 et
1150 2252 1209 2286 pro
1230 2248 1374 2285 tempore
1392 2241 1562 2275 existentes
1586 2241 1748 2274 Romanos
1763 2240 1846 2274 Pon-

1102 2295 1202 2329 tifices
1221 2305 1422 2329 successores
1441 2300 1567 2328 nostros
1587 2305 1623 2327 ac
1637 2294 1847 2328 Sedemeam-

1104 2349 1189 2390 dem,
1216 2349 1312 2382 etiam
1343 2354 1444 2388 motu,
1476 2347 1608 2381 scientia
1631 2353 1662 2381 et
1685 2345 1848 2391 potestatis

1104 2402 1303 2447 plenitudine
1333 2402 1500 2443 similibus,
1529 2402 1563 2434 in
1591 2411 1708 2444 genere
1741 2400 1789 2433 vel
1814 2399 1848 2432 in

1105 2452 1212 2496 specie
1240 2463 1277 2486 ac
1310 2452 1388 2485 alias
1418 2450 1670 2495 quomodolibet,
1688 2460 1747 2494 pro
1766 2455 1847 2482 tem-

1105 2512 1184 2546 pore
1209 2501 1300 2535 sactis
1320 2506 1350 2535 et
1369 2500 1543 2540 emanatis,
1574 2500 1755 2532 nullatenus
1780 2508 1849 2530 um-

1106 2561 1203 2595 quam
1232 2549 1475 2594 comprehendi,
1497 2549 1551 2583 sed
1578 2558 1705 2592 semper
1727 2547 1767 2580 ab
1786 2547 1849 2580 illis

1107 2606 1265 2644 exceptaS,
1292 2604 1323 2633 et
1342 2598 1466 2643 quotics
1482 2597 1556 2630 illae
1576 2596 1782 2635 emanabunt,
1800 2600 1849 2628 to-

1108 2647 1165 2683 ties
1182 2649 1214 2682 in
1234 2648 1404 2693 pristinum
1426 2652 1456 2681 et
1479 2645 1709 2680 validissimum
1731 2648 1848 2678 statum

1882 702 1953 731 Epist:
2037 697 2053 709 '⁴

1856 737 1879 755 et
1892 734 1938 755 aliis
1957 741 2009 762 mg„
2050 751 2051 754 ,

1856 768 1879 786 ιιι
1892 765 1962 788 eidem
1974 763 1983 788 ;“
2003 765 2009 770 '

1856 798 1900 818 aul.

1883 1991 1939 2016 Clau
1950 1978 1965 2023 η]
1983 1993 1985 2008 1
2000 1986 2014 2007 '¹

1857 2024 1891 2045 ius
1917 2028 1973 2056 con*
2013 2031 2014 2034 ¹

1858 2055 1892 2076 nis
1914 2059 1938 2081 pr
1958 2067 1961 2070 ψ

1859 2087 1922 2108 tine.
