2059 3228
127 230 170 259 An
198 230 226 258 C.
247 230 311 258 1579

369 219 434 254 270

327 285 375 319 dis
393 280 580 317 vulneribus
600 282 673 323 apta
693 277 834 312 remedia
850 278 1070 313 adhibeamus.

371 338 386 380 ἓ
406 337 437 369 t.
460 335 539 368 Cum
560 333 678 376 itaque,
707 332 789 365 sicut
807 332 1002 376 accepimus,
1025 333 1072 365 di-

140 398 207 418 Causa
229 399 312 420 consu-
325 392 428 425 lectus
452 388 538 421 filius
558 391 667 419 noster
686 384 817 418 Carolus
837 385 921 418 tituli
939 386 1073 419 Sanctae

127 429 214 450 tutionis
242 430 311 451 eden-

126 459 173 480 dae.

325 442 475 477 Praxedis
495 441 661 484 presbyter
676 438 847 471 cardinalis
861 439 1074 471 Borromaeus

324 498 547 538 nuncupatus,
578 491 635 536 qui
661 491 816 525 ecclesiae
844 491 1071 524 Mediolanensi

323 559 360 583 ex
381 546 592 581 concessione
603 549 634 578 et
644 544 884 588 dispensatione
898 544 1072 587 apostolica

322 609 460 645 praeesse
478 598 691 641 dignoscitur,
714 597 747 629 in
772 602 898 640 partem
923 596 1073 639 apostoli-

320 664 378 688 cae
398 651 627 686 sollicitudinis
645 656 787 692 vocatus,
810 650 944 694 cupiens
963 649 1072 682 Helve-

321 706 443 740 tiorum
463 711 495 739 et
509 704 700 738 Rhetiorum
710 703 898 736 huiusmodi
910 702 1068 742 nationes,

320 769 461 803 quarum
481 758 549 802 ipse
579 761 744 801 protector
768 755 886 796 existit,
916 756 1070 798 populos-

320 822 385 856 que
399 822 456 845 seu
467 811 619 845 vassallos
630 810 751 843 eisdem
767 808 929 841 subiectos
940 807 979 840 ad
995 808 1069 840 fidei

320 865 511 898 charitatem
531 869 562 897 et
583 863 683 907 ipsius
704 861 793 896 Sedis
810 861 966 893 unitatem
978 860 1070 903 peni-

318 923 371 952 tus
390 918 560 959 reducere,
582 917 676 950 nobis
694 915 852 948 insinuari
868 914 979 947 fecerit
997 924 1071 957 pro-

307 976 393 1018 *pter
413 971 529 1004 multas
549 980 674 1009 causas,
704 976 735 1001 et
762 968 939 1012 praecipue
965 967 1069 1000 natio-

317 1035 398 1058 num
407 1029 437 1057 et
449 1024 647 1068 populorum
657 1020 844 1055 huiusmodi
856 1020 1067 1060 vicinitatem,

319 1082 543 1121 opportunum
563 1081 596 1110 et
612 1075 787 1119 expediens
807 1084 875 1107 esse
896 1073 976 1106 utin
992 1073 1069 1106 civi-

318 1136 382 1164 tate
402 1130 642 1170 Mediolanensi,
663 1127 962 1172 quaeinterltaliae
975 1138 1069 1171 prae-

319 1184 431 1228 cipuas
453 1184 547 1216 urbes
568 1182 683 1215 merito
705 1186 752 1214 est
771 1180 945 1221 censenda,
967 1190 1069 1212 unum

320 1237 494 1280 collegium
514 1247 574 1280 pro
583 1235 691 1280 pueris
705 1234 872 1267 nationum
886 1239 917 1267 et
930 1234 1069 1277 populo-

319 1301 392 1325 rum
410 1290 597 1324 huiusmodi
613 1290 646 1322 in
666 1288 785 1329 latinis,
808 1287 932 1331 graecis
944 1286 1070 1320 hebrai-

318 1344 430 1387 cisque
450 1343 576 1383 litteris,
599 1353 635 1376 ac
655 1342 773 1385 logica,
790 1341 922 1385 physica
934 1341 1069 1384 aliisque

317 1397 508 1431 liberalibus
534 1397 724 1441 disciplinis⁷
753 1406 789 1428 ac
818 1396 949 1428 demum
978 1405 1069 1427 sacra

319 1451 482 1493 theologia
502 1462 538 1483 ac
558 1450 620 1494 piis
640 1455 670 1483 et
691 1448 867 1482 christiano
878 1447 1010 1481 homine
1021 1447 1069 1480 di-

318 1505 389 1547 gnis
414 1504 558 1537 moribus
578 1503 782 1537 instituendis
807 1508 838 1535 et
862 1501 1070 1535 confovendis

318 1558 461 1601 erigatur
480 1563 511 1591 et
531 1557 736 1596 instituatur3
758 1567 794 1589 ac
815 1555 912 1589 etiam
932 1555 1070 1588 dilectus

317 1611 404 1644 lilius
424 1617 532 1644 noster
549 1611 682 1644 Michael
703 1610 788 1642 tituli
809 1609 942 1642 Sanctae
954 1609 1069 1641 Mariae

316 1676 415 1708 supra
436 1665 607 1698 Minervam
624 1663 792 1708 presbyter
809 1662 981 1696 cardinalis
996 1662 1069 1694 Ale-

307 1718 493 1750 ”xandrinus
507 1721 726 1760 nuncupatus,
741 1716 797 1759 qui
810 1715 1068 1759 praeposituram

317 1770 424 1804 Sancti
444 1770 580 1814 Spiritus
599 1769 860 1808 Mediolanensis,
882 1768 959 1801 olim
980 1767 1070 1801 Ordi-

317 1824 368 1857 nis
392 1823 655 1862 Humiliatorum,
675 1833 713 1855 ex
733 1821 830 1854 simili
862 1820 1069 1854 concessione

317 1882 349 1910 et
369 1876 611 1920 dispensatione
631 1876 664 1908 in
684 1875 909 1908 commendam
931 1874 969 1906 ad
1001 1874 1070 1906 eius

317 1930 414 1962 vitam
431 1930 564 1970 obtinet,
587 1939 606 1962 a
622 1928 717 1961 nobis
728 1927 868 1971 desuper
879 1927 1066 1971 requisitus,

317 1994 400 2026 opus
427 1982 600 2016 erectionis
629 1987 660 2015 et
698 1981 907 2014 institutionis
942 1980 1068 2023 collegii

317 2036 714 2076 1111iusmodicoadiuvare,
726 2033 1069 2076 dismembrationique

318 2090 473 2123 creles-iae
492 2099 601 2122 nenon
621 2089 737 2121 domus
762 2093 793 2120 et
811 2087 940 2120 aedium
966 2086 1069 2119 dietae

318 2144 574 2187 praepositurae,
597 2153 661 2175 una
681 2152 755 2175 cum
776 2140 862 2173 illius
874 2140 1068 2173 continenti-

318 2197 379 2229 bus
400 2195 565 2235 aedificiis,
586 2195 700 2234 bortis,
718 2193 877 2227 viridariis
908 2204 944 2226 ac
969 2194 1063 2238 perti-

318 2249 436 2282 nentiis
446 2250 530 2282 intra
547 2250 687 2282 claustra
699 2249 814 2281 domus
824 2247 1067 2291 praepositurae

319 2303 506 2337 huiusmodi
525 2301 747 2341 existentibus,
761 2310 916 2343 sacraque
927 2300 1067 2343 supelle-

320 2356 385 2388 ctili
404 2367 440 2388 ac
460 2356 576 2388 domus
600 2354 793 2388 utensilibus
815 2363 943 2386 necnon
963 2352 1068 2386 omni-

319 2408 379 2440 bus
400 2409 495 2441 rebus
516 2409 621 2441 divino
639 2407 739 2440 cultui
760 2406 938 2446 destinatis,
960 2406 994 2438 in
1014 2416 1067 2438 ec-

320 2456 415 2489 clesia
436 2462 465 2488 et
481 2457 576 2489 domo
597 2455 901 2498 continentibusque
913 2454 1067 2488 aedificiis

319 2504 507 2537 huiusmodi
527 2510 650 2537 tantum
672 2503 929 2543 consistentibus,
942 2502 980 2535 ad
992 2502 1068 2535 esse-

321 2560 407 2586 etum
427 2558 459 2584 nt
477 2552 529 2584 illa
551 2553 655 2586 eidem
677 2553 813 2596 collegio
834 2551 988 2594 erigendo
1009 2562 1066 2596 ap-

320 2602 493 2645 plicentur,
512 2602 692 2635 consentire
710 2607 840 2646 paratus
860 2601 909 2634 sit.

919 226 1098 252 Btttttmmt
1118 227 1269 252 ROMANUM

1157 279 1171 322 g
1191 278 1222 311 ᾖ).
1246 279 1319 318 Nos,
1336 278 1391 322 qui
1409 278 1543 321 dudum,
1563 278 1648 313 inter
1667 278 1741 321 alia,
1758 279 1859 314 volui-

1114 343 1185 364 mus
1200 332 1285 374 quod
1306 337 1450 375 petentes
1469 332 1626 366 beneficia
1645 333 1861 367 ecclesiastica

1113 384 1182 417 aliis
1202 383 1305 425 uniri,
1334 389 1521 424 tenerentur
1543 385 1724 430 exprimere
1749 396 1861 420 verum

1113 448 1257 470 annuum
1282 438 1422 470 valorem
1447 439 1625 472 seeundum
1653 447 1861 473 communem

1113 491 1381 523 existimationem
1403 491 1497 523 etiam
1517 491 1684 534 beneficii,
1703 492 1755 525 cui
1772 492 1861 526 aliud

1116 543 1200 576 uniri
1221 549 1395 586 peteretur,
1416 549 1447 576 et
1470 554 1598 588 semper
1621 544 1655 577 in
1683 545 1860 578 unionibus

1112 596 1297 629 commissio
1318 597 1409 629 tieret
1429 596 1468 629 ad
1488 601 1608 640 partes,
1630 597 1750 631 vocatis
1778 608 1860 640 quo-

1112 660 1183 681 rum
1210 649 1388 689 interesset,
1410 649 1532 693 quiqne
1551 649 1630 682 alias
1654 650 1738 683 dicto
1760 651 1860 684 colle-

1111 702 1162 745 gio
1194 703 1357 745 erigendo,
1390 707 1559 745 postquam
1589 707 1731 735 erectum
1762 703 1858 744 foret,

1111 761 1367 798 praeposituram
1399 755 1592 788 Sanctorum
1611 755 1715 788 iacobi
1735 760 1767 789 et
1786 756 1861 789 Phi-

1112 807 1189 851 lippi
1210 808 1248 841 de
1269 808 1391 841 Rivolta
1404 808 1595 846 Modaetiae‚
1615 809 1861 843 Mediolanensis

1110 861 1358 897 dioecesis.olim
1373 861 1448 894 dieti
1463 861 1603 902 Ordinis,
1617 862 1708 895 euius
1722 862 1858 904 fruc-tus,

1110 914 1255 947 redditus
1274 920 1305 947 et
1324 921 1499 958 proventus
1518 920 1738 949 trecentorum
1758 916 1860 949 duca-

1111 972 1215 1000 torum
1235 968 1305 1000 auri
1326 969 1364 1000 de
1385 968 1531 1008 Camera,
1554 969 1733 1002 secundum
1750 969 1860 1002 existi-

1111 1020 1283 1053 mationem
1313 1021 1528 1065 praedietam,
1550 1022 1693 1055 valorem
1713 1032 1858 1055 annuum

1110 1084 1174 1106 non
1194 1074 1363 1114 excedunt,
1390 1067 1447 1118 per
1474 1075 1552 1107 alias
1581 1081 1707 1108 nostras
1736 1075 1859 1109 litteras

1109 1133 1267 1170 perpetuo
1286 1127 1461 1168 univimus,
1480 1128 1692 1161 annexuimus
1710 1129 1857 1162 etincor-

1109 1180 1304 1223 poravimus,
1324 1181 1510 1214 huiusmodi
1535 1181 1624 1225 pium
1653 1181 1856 1225 propositum
1888 1203 1890 1205 >

1110 1244 1304 1278 magnopere
1324 1235 1555 1276 collaudantes,
1578 1240 1609 1268 et
1639 1241 1796 1278 quantum
1823 1235 1855 1267 in

1109 1287 1202 1320 nobis
1222 1292 1279 1327 est,
1302 1297 1492 1331 promovere
1513 1298 1549 1319 ac
1569 1287 1608 1320 ad
1622 1287 1770 1320 effectum
1784 1298 1857 1331 per-

1109 1340 1196 1381 duci,
1222 1340 1484 1384 optimarumque
1511 1340 1642 1381 artium,
1673 1340 1857 1384 disciplina·
1886 1365 1889 1368 -

1110 1404 1182 1426 rum
1213 1398 1244 1426 et
1270 1403 1435 1426 sacrarum
1464 1393 1645 1426 litterarum
1674 1394 1778 1426 studia
1806 1393 1857 1427 his

1110 1447 1226 1481 nostris
1246 1447 1446 1491 temporibus
1465 1449 1581 1480 florere
1601 1447 1720 1480 mirum
1740 1447 1774 1480 in
1789 1458 1857 1481 mo-

1109 1502 1185 1534 dum
1207 1501 1384 1544 cupientes,
1401 1500 1591 1544 praesertim
1612 1506 1647 1533 ut
1663 1501 1777 1534 exinde
1797 1500 1855 1534 viri

1108 1565 1173 1587 non
1193 1564 1251 1598 pro
1272 1564 1305 1587 se
1325 1554 1428 1587 solum
1449 1553 1524 1586 boni
1545 1553 1695 1596 doctique
1708 1554 1853 1594 evadere,

1108 1607 1162 1640 sed
1177 1607 1217 1639 ad
1238 1607 1375 1650 patriam
1396 1612 1589 1647 remeantes,
1608 1607 1767 1640 habendis
1780 1617 1856 1640 con-

1109 1660 1257 1693 cionibus
1276 1671 1313 1693 ac
1332 1660 1617 1704 disputationibus,
1639 1659 1780 1703 fideique
1804 1671 1855 1693 or-

1108 1715 1265 1747 thodoxae
1284 1714 1408 1747 veritati
1428 1713 1673 1754 delucfflandae,
1706 1724 1855 1747 exercen-

1108 1768 1232 1810 daeque
1252 1766 1433 1799 animarum
1463 1777 1558 1800 curae
1584 1767 1719 1809 aliisque
1740 1767 1801 1811 piis
1816 1778 1855 1800 ac

1108 1820 1225 1853 sanctis
1244 1820 1399 1863 operibus
1424 1820 1489 1863 apti
1517 1826 1547 1852 et
1575 1819 1682 1853 idonei
1711 1831 1792 1860 esse,
1825 1826 1857 1853 et

1108 1884 1205 1916 quam
1226 1873 1401 1906 maximum
1420 1873 1452 1905 in
1469 1873 1608 1907 Ecclssia
1629 1874 1683 1906 Dei
1713 1874 1868 1916 fructum

1108 1938 1145 1959 ex
1161 1937 1193 1960 se
1213 1928 1358 1971 proferre
1378 1927 1512 1970 possint3
1528 1932 1615 1960 motu
1629 1927 1772 1971 proprio,
1789 1937 1854 1959 non

1108 1980 1147 2013 ad
1167 1980 1305 2013 alicuius
1323 1980 1416 2012 nobis
1436 1990 1533 2023 super
1552 1980 1612 2012 hoc
1632 1980 1756 2012 oblatae.
1778 1980 1856 2023 peti-

1108 2033 1204 2065 tionis
1224 2033 1419 2073 instantiam,
1439 2033 1492 2065 sed
1510 2033 1548 2065 de
1562 2033 1854 2066 meraliberalitate

1109 2091 1140 2118 et
1159 2096 1195 2118 ex
1220 2090 1307 2118 certa
1331 2085 1463 2118 scientia
1478 2086 1595 2119 nostris
1614 2096 1651 2118 ae
1669 2086 1707 2119 de
1727 2092 1854 2130 aposto-

1109 2139 1188 2171 licae
1208 2138 1372 2182 potestatis
1391 2138 1605 2182 plenitudine,
1628 2139 1659 2171 in
1679 2139 1766 2172 dicta
1781 2139 1857 2172 civi-

1107 2196 1170 2224 tate
1192 2202 1293 2224 unum
1314 2191 1486 2234 collegium
1504 2202 1562 2235 per
1572 2192 1692 2224 dictum
1704 2192 1855 2225 Carolum

1109 2244 1303 2277 cardinalem
1325 2250 1355 2277 et
1375 2255 1433 2288 pro
1447 2250 1591 2288 tempore
1607 2245 1792 2278 existentem
1808 2255 1856 2277 ar-

1109 2297 1351 2341 chiepiscopum
1372 2309 1426 2330 seu
1449 2298 1629 2342 praesulem
1644 2298 1857 2331 Mediolanen-

1108 2362 1172 2383 sem
1196 2351 1371 2391 regendum
1394 2357 1424 2383 et
1443 2350 1702 2393 gubernandum,
1735 2350 1765 2383 in
1791 2361 1857 2393 quo

1108 2404 1340 2447 quinquaginta
1376 2404 1411 2435 nd
1444 2404 1551 2437 minus
1578 2403 1672 2446 pueri
1701 2414 1737 2436 ex
1762 2403 1855 2435 dictis

1108 2453 1256 2485 Helvetiis
1277 2459 1305 2485 et
1325 2452 1445 2485 Rbetiis
1469 2463 1506 2485 ac
1535 2462 1648 2486 eorum
1678 2451 1855 2495 respectire

1108 2502 1243 2534 subditis
1273 2501 1455 2544 colligendi,
1487 2501 1520 2534 in
1548 2501 1689 2534 scientiis
1705 2505 1736 2533 et
1755 2500 1853 2533 disci-

1108 2551 1204 2593 plinis
1224 2550 1409 2594 praedictis,
1432 2561 1468 2583 ac
1487 2550 1586 2583 sacris
1605 2549 1783 2583 canonibus
1804 2549 1853 2581 in-

1108 2599 1193 2632 stitui
1212 2604 1241 2633 et
1262 2599 1382 2633 erudiri
1404 2599 1552 2640 debeant,
1574 2598 1613 2632 ad
1631 2597 1687 2631 Dei
1702 2597 1852 2641 omnipo-

1837 279 1845 287 .
1874 252 1998 286 Emeuo‘col

1867 291 1952 312 nemzi
1966 301 1985 308 r=
1997 302 2000 309 =

1995 2416 1997 2425 —
1976 1954 2020 2402 »ίμὶ-ὲεὲοῆμ-ᾳι-αξιζ-ωνὰώτὴ
1988 1818 2007 1946 «Ex-fu
1992 1801 2005 1806 ῑ
1995 1783 2001 1790 2
1996 1728 1997 1733 „
2000 1712 2001 1716 „
1991 1667 1995 1670 ·
1984 1631 1994 1639 ⁸

1988 2459 2006 2530 -f..2⁴e
1989 2438 2006 2450 ἰ.
