<?xml version="1.0" encoding="UTF-8"?>
<!DOCTYPE html PUBLIC "-//W3C//DTD XHTML 1.0 Transitional//EN"
    "http://www.w3.org/TR/xhtml1/DTD/xhtml1-transitional.dtd">
<html xmlns="http://www.w3.org/1999/xhtml" xml:lang="en" lang="en">
 <head>
  <title>
</title>
<meta http-equiv="Content-Type" content="text/html;charset=utf-8" />
  <meta name='ocr-system' content='tesseract 3.04.00' />
  <meta name='ocr-capabilities' content='ocr_page ocr_carea ocr_par ocr_line ocrx_word'/>
</head>
<body>
  <div class='ocr_page' id='page_1' title='image "./bullarumdiplomat08cath_0408.png"; bbox 0 0 2059 3228; ppageno 0'>
   <div class='ocr_carea' id='block_1_1' title="bbox 339 244 1063 349">
    <p class='ocr_par' dir='ltr' id='par_1_1' title="bbox 339 244 1063 349">
     <span class='ocr_line' id='line_1_1' title="bbox 383 244 447 278; baseline 0.031 -2"><span class='ocrx_word' id='word_1_1' title='bbox 383 244 447 278; x_wconf 70' lang='lat'>7³92</span> 
     </span>
     <span class='ocr_line' id='line_1_2' title="bbox 339 302 1063 349; baseline -0.004 -9"><span class='ocrx_word' id='word_1_2' title='bbox 339 305 549 349; x_wconf 83' lang='lat' dir='ltr'>collegiorum</span> <span class='ocrx_word' id='word_1_3' title='bbox 580 313 658 337; x_wconf 77' lang='lat' dir='ltr'>usus</span> <span class='ocrx_word' id='word_1_4' title='bbox 690 302 774 336; x_wconf 89' lang='lat' dir='ltr'>bona</span> <span class='ocrx_word' id='word_1_5' title='bbox 808 303 993 338; x_wconf 82' lang='lat' dir='ltr'>huiusmodi</span> <span class='ocrx_word' id='word_1_6' title='bbox 1028 316 1063 337; x_wconf 65' lang='lat' dir='ltr'>ox</span> 
     </span>
    </p>
   </div>
   <div class='ocr_carea' id='block_1_2' title="bbox 143 251 324 283">
    <p class='ocr_par' dir='ltr' id='par_1_2' title="bbox 143 251 324 283">
     <span class='ocr_line' id='line_1_3' title="bbox 143 251 324 283; baseline 0.011 -2"><span class='ocrx_word' id='word_1_7' title='bbox 143 251 196 281; x_wconf 71' lang='lat' dir='ltr'>Au·</span> <span class='ocrx_word' id='word_1_8' title='bbox 210 252 238 282; x_wconf 86' lang='lat' dir='ltr'>C.</span> <span class='ocrx_word' id='word_1_9' title='bbox 257 255 324 283; x_wconf 69' lang='lat'>1582</span> 
     </span>
    </p>
   </div>
   <div class='ocr_carea' id='block_1_3' title="bbox 340 355 1104 404">
    <p class='ocr_par' dir='ltr' id='par_1_3' title="bbox 340 355 1104 404">
     <span class='ocr_line' id='line_1_4' title="bbox 340 355 1104 404; baseline -0.004 -11"><span class='ocrx_word' id='word_1_10' title='bbox 340 359 437 404; x_wconf 85' lang='lat' dir='ltr'>pendi</span> <span class='ocrx_word' id='word_1_11' title='bbox 470 362 524 390; x_wconf 87' lang='lat' dir='ltr'>aut</span> <span class='ocrx_word' id='word_1_12' title='bbox 548 355 681 390; x_wconf 76' lang='lat' dir='ltr'>distrahi</span> <span class='ocrx_word' id='word_1_13' title='bbox 714 366 780 389; x_wconf 90' lang='lat' dir='ltr'>non</span> <span class='ocrx_word' id='word_1_14' title='bbox 810 356 943 400; x_wconf 83' lang='lat' dir='ltr'><strong>possint,</strong></span> <span class='ocrx_word' id='word_1_15' title='bbox 971 357 1022 390; x_wconf 85' lang='lat' dir='ltr'>sed</span> <span class='ocrx_word' id='word_1_16' title='bbox 1051 358 1104 403; x_wconf 53' lang='lat' dir='ltr'>inK</span> 
     </span>
    </p>
   </div>
   <div class='ocr_carea' id='block_1_4' title="bbox 334 408 1083 666">
    <p class='ocr_par' dir='ltr' id='par_1_4' title="bbox 334 408 1083 666">
     <span class='ocr_line' id='line_1_5' title="bbox 337 408 1083 450; baseline 0 -8"><span class='ocrx_word' id='word_1_17' title='bbox 337 409 533 442; x_wconf 77' lang='lat' dir='ltr'>studentium</span> <span class='ocrx_word' id='word_1_18' title='bbox 565 409 735 443; x_wconf 82' lang='lat' dir='ltr'>utilitatem</span> <span class='ocrx_word' id='word_1_19' title='bbox 768 408 813 443; x_wconf 88' lang='lat' dir='ltr'>sic</span> <span class='ocrx_word' id='word_1_20' title='bbox 846 410 1009 450; x_wconf 81' lang='lat' dir='ltr'>converti,</span> <span class='ocrx_word' id='word_1_21' title='bbox 1050 416 1083 442; x_wconf 92' lang='lat' dir='ltr'>ut</span> 
     </span>
     <span class='ocr_line' id='line_1_6' title="bbox 336 462 1081 507; baseline 0.005 -14"><span class='ocrx_word' id='word_1_22' title='bbox 336 462 382 494; x_wconf 89' lang='lat' dir='ltr'>illi</span> <span class='ocrx_word' id='word_1_23' title='bbox 402 462 494 496; x_wconf 87' lang='lat' dir='ltr'>dictis</span> <span class='ocrx_word' id='word_1_24' title='bbox 518 462 611 495; x_wconf 90' lang='lat' dir='ltr'>bonis</span> <span class='ocrx_word' id='word_1_25' title='bbox 638 462 726 496; x_wconf 82' lang='lat' dir='ltr'>abuti</span> <span class='ocrx_word' id='word_1_26' title='bbox 758 473 824 496; x_wconf 91' lang='lat' dir='ltr'>non</span> <span class='ocrx_word' id='word_1_27' title='bbox 856 464 989 504; x_wconf 88' lang='lat' dir='ltr'>valeant,</span> <span class='ocrx_word' id='word_1_28' title='bbox 1009 474 1081 507; x_wconf 89' lang='lat' dir='ltr'>spe-</span> 
     </span>
     <span class='ocr_line' id='line_1_7' title="bbox 335 516 1082 561; baseline 0.003 -13"><span class='ocrx_word' id='word_1_29' title='bbox 335 520 420 549; x_wconf 87' lang='lat' dir='ltr'>ctare</span> <span class='ocrx_word' id='word_1_30' title='bbox 450 521 480 549; x_wconf 90' lang='lat' dir='ltr'>et</span> <span class='ocrx_word' id='word_1_31' title='bbox 513 516 675 559; x_wconf 88' lang='lat' dir='ltr'>pertinere</span> <span class='ocrx_word' id='word_1_32' title='bbox 703 517 918 561; x_wconf 78' lang='lat' dir='ltr'>dignoscatur.</span> <span class='ocrx_word' id='word_1_33' title='bbox 942 517 1082 560; x_wconf 81' lang='lat' dir='ltr'>Indeque</span> 
     </span>
     <span class='ocr_line' id='line_1_8' title="bbox 334 567 1081 614; baseline 0.003 -13"><span class='ocrx_word' id='word_1_34' title='bbox 334 567 388 601; x_wconf 83' lang='lat' dir='ltr'>fiat</span> <span class='ocrx_word' id='word_1_35' title='bbox 409 574 445 602; x_wconf 88' lang='lat' dir='ltr'>ut</span> <span class='ocrx_word' id='word_1_36' title='bbox 468 569 604 612; x_wconf 83' lang='lat' dir='ltr'>collegia</span> <span class='ocrx_word' id='word_1_37' title='bbox 637 569 705 614; x_wconf 88' lang='lat' dir='ltr'>ipsa</span> <span class='ocrx_word' id='word_1_38' title='bbox 738 570 958 614; x_wconf 67' lang='lat' dir='ltr'>capitulariter</span> <span class='ocrx_word' id='word_1_39' title='bbox 992 571 1081 603; x_wconf 86' lang='lat' dir='ltr'>nullo</span> 
     </span>
     <span class='ocr_line' id='line_1_9' title="bbox 334 621 1082 666; baseline 0.003 -12"><span class='ocrx_word' id='word_1_40' title='bbox 334 621 429 654; x_wconf 92' lang='lat' dir='ltr'>modo</span> <span class='ocrx_word' id='word_1_41' title='bbox 450 629 697 666; x_wconf 82' lang='lat' dir='ltr'>congregentur,</span> <span class='ocrx_word' id='word_1_42' title='bbox 732 624 787 657; x_wconf 89' lang='lat' dir='ltr'>sed</span> <span class='ocrx_word' id='word_1_43' title='bbox 811 623 916 657; x_wconf 90' lang='lat' dir='ltr'>omnis</span> <span class='ocrx_word' id='word_1_44' title='bbox 948 624 1082 656; x_wconf 75' lang='lat' dir='ltr'>facultas</span> 
     </span>
    </p>
   </div>
   <div class='ocr_carea' id='block_1_5' title="bbox 334 674 1101 721">
    <p class='ocr_par' dir='ltr' id='par_1_5' title="bbox 334 674 1101 721">
     <span class='ocr_line' id='line_1_10' title="bbox 334 674 1101 721; baseline 0.003 -14"><span class='ocrx_word' id='word_1_45' title='bbox 334 674 518 709; x_wconf 88' lang='lat' dir='ltr'>celebrandi</span> <span class='ocrx_word' id='word_1_46' title='bbox 538 682 735 718; x_wconf 86' lang='lat' dir='ltr'>contractus,</span> <span class='ocrx_word' id='word_1_47' title='bbox 760 683 857 721; x_wconf 87' lang='lat' dir='ltr'>prout.</span> <span class='ocrx_word' id='word_1_48' title='bbox 877 687 934 720; x_wconf 86' lang='lat' dir='ltr'>per</span> <span class='ocrx_word' id='word_1_49' title='bbox 953 677 1081 710; x_wconf 83' lang='lat' dir='ltr'>easdem</span> <span class='ocrx_word' id='word_1_50' title='bbox 1100 707 1101 716; x_wconf 62' lang='grc'>,</span> 
     </span>
    </p>
   </div>
   <div class='ocr_carea' id='block_1_6' title="bbox 118 728 1101 2426">
    <p class='ocr_par' dir='ltr' id='par_1_6' title="bbox 118 728 1080 2426">
     <span class='ocr_line' id='line_1_11' title="bbox 333 728 1080 774; baseline 0.001 -14"><span class='ocrx_word' id='word_1_51' title='bbox 333 728 590 770; x_wconf 80' lang='lat' dir='ltr'>constitutiones,</span> <span class='ocrx_word' id='word_1_52' title='bbox 616 741 653 763; x_wconf 85' lang='lat' dir='ltr'>ac</span> <span class='ocrx_word' id='word_1_53' title='bbox 686 730 780 774; x_wconf 81' lang='lat' dir='ltr'>etiam</span> <span class='ocrx_word' id='word_1_54' title='bbox 812 730 947 774; x_wconf 81' lang='lat' dir='ltr'>primam</span> <span class='ocrx_word' id='word_1_55' title='bbox 979 730 1080 774; x_wconf 89' lang='lat' dir='ltr'>ipsius</span> 
     </span>
     <span class='ocr_line' id='line_1_12' title="bbox 332 780 1101 828; baseline 0.003 -15"><span class='ocrx_word' id='word_1_56' title='bbox 332 780 498 815; x_wconf 86' lang='lat' dir='ltr'>Societatis</span> <span class='ocrx_word' id='word_1_57' title='bbox 525 783 718 826; x_wconf 81' lang='lat' dir='ltr'>generaliter</span> <span class='ocrx_word' id='word_1_58' title='bbox 742 784 882 816; x_wconf 82' lang='lat' dir='ltr'>habitam</span> <span class='ocrx_word' id='word_1_59' title='bbox 903 793 1101 828; x_wconf 75' lang='lat' dir='ltr'>congrega-</span> 
     </span>
     <span class='ocr_line' id='line_1_13' title="bbox 331 833 1100 879; baseline 0.003 -13"><span class='ocrx_word' id='word_1_60' title='bbox 331 833 452 868; x_wconf 85' lang='lat' dir='ltr'>tionem</span> <span class='ocrx_word' id='word_1_61' title='bbox 473 836 649 869; x_wconf 84' lang='lat' dir='ltr'>stabilitum</span> <span class='ocrx_word' id='word_1_62' title='bbox 669 842 700 870; x_wconf 88' lang='lat' dir='ltr'>et</span> <span class='ocrx_word' id='word_1_63' title='bbox 719 837 914 870; x_wconf 83' lang='lat' dir='ltr'>declaratum</span> <span class='ocrx_word' id='word_1_64' title='bbox 937 836 1005 873; x_wconf 86' lang='lat' dir='ltr'>fuit,</span> <span class='ocrx_word' id='word_1_65' title='bbox 1026 846 1100 879; x_wconf 83' lang='lat' dir='ltr'>pe-</span> 
     </span>
     <span class='ocr_line' id='line_1_14' title="bbox 330 889 1077 933; baseline 0.003 -14"><span class='ocrx_word' id='word_1_66' title='bbox 330 897 388 920; x_wconf 90' lang='lat' dir='ltr'>nes</span> <span class='ocrx_word' id='word_1_67' title='bbox 408 889 557 922; x_wconf 87' lang='lat' dir='ltr'>eumdem</span> <span class='ocrx_word' id='word_1_68' title='bbox 582 889 801 933; x_wconf 85' lang='lat' dir='ltr'>praepositum</span> <span class='ocrx_word' id='word_1_69' title='bbox 839 900 897 933; x_wconf 90' lang='lat' dir='ltr'>pro</span> <span class='ocrx_word' id='word_1_70' title='bbox 932 895 1077 933; x_wconf 87' lang='lat' dir='ltr'>tempore</span> 
     </span>
     <span class='ocr_line' id='line_1_15' title="bbox 329 940 679 976; baseline 0.011 -4"><span class='ocrx_word' id='word_1_71' title='bbox 329 940 515 975; x_wconf 80' lang='lat' dir='ltr'>existentem</span> <span class='ocrx_word' id='word_1_72' title='bbox 531 943 679 976; x_wconf 81' lang='lat' dir='ltr'>resideat.</span> 
     </span>
     <span class='ocr_line' id='line_1_16' title="bbox 372 995 1074 1040; baseline 0 -12"><span class='ocrx_word' id='word_1_73' title='bbox 372 996 387 1039; x_wconf 62' lang='lat' dir='ltr'>g</span> <span class='ocrx_word' id='word_1_74' title='bbox 420 995 451 1029; x_wconf 72' lang='lat'>2.</span> <span class='ocrx_word' id='word_1_75' title='bbox 478 995 624 1040; x_wconf 83' lang='lat' dir='ltr'>Cumque</span> <span class='ocrx_word' id='word_1_76' title='bbox 661 996 754 1030; x_wconf 88' lang='lat' dir='ltr'>etiam</span> <span class='ocrx_word' id='word_1_77' title='bbox 793 996 880 1030; x_wconf 91' lang='lat' dir='ltr'>dicta</span> <span class='ocrx_word' id='word_1_78' title='bbox 921 996 1074 1035; x_wconf 82' lang='lat' dir='ltr'>Societas,</span> 
     </span>
     <span class='ocr_line' id='line_1_17' title="bbox 159 1048 1074 1092; baseline -0.001 -9"><span class='ocrx_word' id='word_1_79' title='bbox 159 1059 411 1092; x_wconf 65' lang='lat' dir='ltr'>s0e1012sprt.quao</span> <span class='ocrx_word' id='word_1_80' title='bbox 448 1048 532 1082; x_wconf 90' lang='lat' dir='ltr'>Ordo</span> <span class='ocrx_word' id='word_1_81' title='bbox 570 1049 751 1082; x_wconf 79' lang='lat' dir='ltr'>Mendicans</span> <span class='ocrx_word' id='word_1_82' title='bbox 785 1050 899 1089; x_wconf 76' lang='lat' dir='ltr'>existit,</span> <span class='ocrx_word' id='word_1_83' title='bbox 935 1050 1074 1082; x_wconf 88' lang='lat' dir='ltr'>aliorum</span> 
     </span>
     <span class='ocr_line' id='line_1_18' title="bbox 126 1094 1077 1147; baseline 0.001 -13"><span class='ocrx_word' id='word_1_84' title='bbox 126 1094 313 1147; x_wconf 51' lang='lat' dir='ltr'>{ffffissjendssffj</span> <span class='ocrx_word' id='word_1_85' title='bbox 327 1101 482 1135; x_wconf 84' lang='lat' dir='ltr'>Ordinum</span> <span class='ocrx_word' id='word_1_86' title='bbox 504 1103 765 1143; x_wconf 79' lang='lat' dir='ltr'>Mendicantium,</span> <span class='ocrx_word' id='word_1_87' title='bbox 789 1113 886 1146; x_wconf 87' lang='lat' dir='ltr'>super</span> <span class='ocrx_word' id='word_1_88' title='bbox 905 1103 1077 1136; x_wconf 81' lang='lat' dir='ltr'>contracti-</span> 
     </span>
     <span class='ocr_line' id='line_1_19' title="bbox 125 1155 1074 1200; baseline 0.001 -12"><span class='ocrx_word' id='word_1_89' title='bbox 125 1155 177 1175; x_wconf 59' lang='grc' dir='ltr'>’Μ</span> <span class='ocrx_word' id='word_1_90' title='bbox 191 1156 276 1182; x_wconf 68' lang='lat' dir='ltr'>gaudet.</span> <span class='ocrx_word' id='word_1_91' title='bbox 325 1155 386 1189; x_wconf 90' lang='lat' dir='ltr'>bus</span> <span class='ocrx_word' id='word_1_92' title='bbox 406 1155 568 1198; x_wconf 84' lang='lat' dir='ltr'>ineundis,</span> <span class='ocrx_word' id='word_1_93' title='bbox 590 1167 608 1189; x_wconf 86' lang='lat' dir='ltr'>a</span> <span class='ocrx_word' id='word_1_94' title='bbox 638 1156 718 1190; x_wconf 89' lang='lat' dir='ltr'>Sede</span> <span class='ocrx_word' id='word_1_95' title='bbox 738 1156 921 1200; x_wconf 79' lang='lat' dir='ltr'>Apostolica</span> <span class='ocrx_word' id='word_1_96' title='bbox 941 1165 1074 1189; x_wconf 87' lang='lat' dir='ltr'>conces-</span> 
     </span>
     <span class='ocr_line' id='line_1_20' title="bbox 326 1208 728 1253; baseline 0 -11"><span class='ocrx_word' id='word_1_97' title='bbox 326 1208 368 1242; x_wconf 87' lang='lat' dir='ltr'>sis</span> <span class='ocrx_word' id='word_1_98' title='bbox 387 1209 561 1253; x_wconf 72' lang='lat' dir='ltr'>privilegiis</span> <span class='ocrx_word' id='word_1_99' title='bbox 580 1209 728 1252; x_wconf 79' lang='lat' dir='ltr'>gaudeat.</span> 
     </span>
     <span class='ocr_line' id='line_1_21' title="bbox 370 1262 1076 1307; baseline 0.001 -12"><span class='ocrx_word' id='word_1_100' title='bbox 370 1262 384 1305; x_wconf 57' lang='grc' dir='ltr'>ᾗ</span> <span class='ocrx_word' id='word_1_101' title='bbox 404 1262 436 1295; x_wconf 86' lang='grc'>3.</span> <span class='ocrx_word' id='word_1_102' title='bbox 459 1262 586 1306; x_wconf 83' lang='lat' dir='ltr'>Nosque</span> <span class='ocrx_word' id='word_1_103' title='bbox 607 1263 726 1296; x_wconf 86' lang='lat' dir='ltr'>eisdem</span> <span class='ocrx_word' id='word_1_104' title='bbox 754 1263 915 1296; x_wconf 84' lang='lat' dir='ltr'>Everardo</span> <span class='ocrx_word' id='word_1_105' title='bbox 938 1273 1076 1307; x_wconf 88' lang='lat' dir='ltr'>praepo-</span> 
     </span>
     <span class='ocr_line' id='line_1_22' title="bbox 157 1315 1073 1356; baseline -0.001 -8"><span class='ocrx_word' id='word_1_106' title='bbox 157 1328 196 1351; x_wconf 55' lang='grc' dir='ltr'>εἰς</span> <span class='ocrx_word' id='word_1_107' title='bbox 211 1329 309 1352; x_wconf 62' lang='lat' dir='ltr'>Poma„</span> <span class='ocrx_word' id='word_1_108' title='bbox 324 1315 384 1349; x_wconf 91' lang='lat' dir='ltr'>sito</span> <span class='ocrx_word' id='word_1_109' title='bbox 409 1320 440 1348; x_wconf 87' lang='lat' dir='ltr'>et</span> <span class='ocrx_word' id='word_1_110' title='bbox 467 1315 616 1349; x_wconf 86' lang='lat' dir='ltr'>Societati</span> <span class='ocrx_word' id='word_1_111' title='bbox 637 1322 684 1356; x_wconf 93' lang='lat' dir='ltr'>ut,</span> <span class='ocrx_word' id='word_1_112' title='bbox 710 1316 997 1349; x_wconf 77' lang='lat' dir='ltr'>intervenientibus</span> <span class='ocrx_word' id='word_1_113' title='bbox 1034 1316 1073 1348; x_wconf 89' lang='lat' dir='ltr'>il-</span> 
     </span>
     <span class='ocr_line' id='line_1_23' title="bbox 120 1360 1073 1419; baseline 0 -18"><span class='ocrx_word' id='word_1_114' title='bbox 120 1360 309 1419; x_wconf 51' lang='grc' dir='ltr'>,ξεῖῃξωζξῇῗῑ</span> <span class='ocrx_word' id='word_1_115' title='bbox 323 1368 362 1402; x_wconf 93' lang='lat' dir='ltr'>lis</span> <span class='ocrx_word' id='word_1_116' title='bbox 383 1369 558 1409; x_wconf 82' lang='lat' dir='ltr'>dumtaxat,</span> <span class='ocrx_word' id='word_1_117' title='bbox 581 1369 649 1413; x_wconf 89' lang='lat' dir='ltr'>qui,</span> <span class='ocrx_word' id='word_1_118' title='bbox 672 1379 760 1402; x_wconf 86' lang='lat' dir='ltr'>more</span> <span class='ocrx_word' id='word_1_119' title='bbox 791 1369 959 1402; x_wconf 88' lang='lat' dir='ltr'>Societatis</span> <span class='ocrx_word' id='word_1_120' title='bbox 978 1379 1073 1412; x_wconf 85' lang='lat' dir='ltr'>prae-</span> 
     </span>
     <span class='ocr_line' id='line_1_24' title="bbox 120 1421 1073 1480; baseline 0 -26"><span class='ocrx_word' id='word_1_121' title='bbox 120 1422 309 1480; x_wconf 44' lang='grc' dir='ltr'>3331Τ’”ῑοξῡᾶ&lt;;“</span> <span class='ocrx_word' id='word_1_122' title='bbox 324 1421 428 1455; x_wconf 86' lang='lat' dir='ltr'>dictae</span> <span class='ocrx_word' id='word_1_123' title='bbox 452 1428 481 1455; x_wconf 94' lang='lat' dir='ltr'>et</span> <span class='ocrx_word' id='word_1_124' title='bbox 515 1423 695 1455; x_wconf 88' lang='lat' dir='ltr'>secundum</span> <span class='ocrx_word' id='word_1_125' title='bbox 726 1422 794 1456; x_wconf 84' lang='lat' dir='ltr'>eius</span> <span class='ocrx_word' id='word_1_126' title='bbox 827 1421 1073 1455; x_wconf 79' lang='lat' dir='ltr'>constitutiones</span> 
     </span>
     <span class='ocr_line' id='line_1_25' title="bbox 119 1475 1071 1518; baseline 0 -11"><span class='ocrx_word' id='word_1_127' title='bbox 119 1486 153 1504; x_wconf 78' lang='lat' dir='ltr'>tus</span> <span class='ocrx_word' id='word_1_128' title='bbox 182 1484 222 1504; x_wconf 71' lang='lat' dir='ltr'>ista</span> <span class='ocrx_word' id='word_1_129' title='bbox 258 1484 309 1512; x_wconf 75' lang='lat' dir='ltr'>pt·—</span> <span class='ocrx_word' id='word_1_130' title='bbox 323 1482 354 1510; x_wconf 87' lang='lat' dir='ltr'>et</span> <span class='ocrx_word' id='word_1_131' title='bbox 377 1480 504 1516; x_wconf 83' lang='lat' dir='ltr'>statuta,</span> <span class='ocrx_word' id='word_1_132' title='bbox 525 1486 578 1518; x_wconf 56' lang='lat' dir='ltr'>reg.¹</span> <span class='ocrx_word' id='word_1_133' title='bbox 578 1476 669 1508; x_wconf 79' lang='lat' dir='ltr'>imeri</span> <span class='ocrx_word' id='word_1_134' title='bbox 694 1481 724 1509; x_wconf 90' lang='lat' dir='ltr'>et</span> <span class='ocrx_word' id='word_1_135' title='bbox 761 1475 1071 1508; x_wconf 74' lang='lat' dir='ltr'>administrationem</span> 
     </span>
     <span class='ocr_line' id='line_1_26' title="bbox 118 1510 1074 1572; baseline 0 -11"><span class='ocrx_word' id='word_1_136' title='bbox 118 1520 189 1536; x_wconf 51' lang='lat'>&#39;⁸¹⁰¹‘</span> <span class='ocrx_word' id='word_1_137' title='bbox 324 1528 495 1561; x_wconf 88' lang='lat' dir='ltr'>domorum</span> <span class='ocrx_word' id='word_1_138' title='bbox 515 1534 545 1562; x_wconf 89' lang='lat' dir='ltr'>et</span> <span class='ocrx_word' id='word_1_139' title='bbox 563 1510 778 1572; x_wconf 64' lang='lat' dir='ltr'>collegiorum</span> <span class='ocrx_word' id='word_1_140' title='bbox 798 1529 907 1561; x_wconf 84' lang='lat' dir='ltr'>iuvare</span> <span class='ocrx_word' id='word_1_141' title='bbox 939 1534 970 1561; x_wconf 92' lang='lat' dir='ltr'>et</span> <span class='ocrx_word' id='word_1_142' title='bbox 999 1538 1074 1572; x_wconf 76' lang='lat' dir='ltr'>pio·</span> 
     </span>
     <span class='ocr_line' id='line_1_27' title="bbox 323 1582 1073 1622; baseline -0.001 -7"><span class='ocrx_word' id='word_1_143' title='bbox 323 1592 452 1615; x_wconf 77' lang='lat' dir='ltr'>movere</span> <span class='ocrx_word' id='word_1_144' title='bbox 472 1583 588 1622; x_wconf 89' lang='lat' dir='ltr'>solent,</span> <span class='ocrx_word' id='word_1_145' title='bbox 611 1587 734 1616; x_wconf 76' lang='lat' dir='ltr'>serrato</span> <span class='ocrx_word' id='word_1_146' title='bbox 754 1582 786 1614; x_wconf 94' lang='lat' dir='ltr'>in</span> <span class='ocrx_word' id='word_1_147' title='bbox 807 1582 967 1615; x_wconf 88' lang='lat' dir='ltr'>eiusmodi</span> <span class='ocrx_word' id='word_1_148' title='bbox 996 1591 1073 1614; x_wconf 91' lang='lat' dir='ltr'>con-</span> 
     </span>
     <span class='ocr_line' id='line_1_28' title="bbox 324 1635 1071 1680; baseline 0 -13"><span class='ocrx_word' id='word_1_149' title='bbox 324 1635 565 1678; x_wconf 80' lang='lat' dir='ltr'>gregationibus</span> <span class='ocrx_word' id='word_1_150' title='bbox 598 1636 757 1680; x_wconf 84' lang='lat' dir='ltr'>peculiari</span> <span class='ocrx_word' id='word_1_151' title='bbox 789 1647 826 1669; x_wconf 88' lang='lat' dir='ltr'>ac</span> <span class='ocrx_word' id='word_1_152' title='bbox 863 1635 997 1679; x_wconf 90' lang='lat' dir='ltr'>proprio</span> <span class='ocrx_word' id='word_1_153' title='bbox 1022 1635 1071 1667; x_wconf 92' lang='lat' dir='ltr'>di-</span> 
     </span>
     <span class='ocr_line' id='line_1_29' title="bbox 324 1689 1071 1733; baseline -0.001 -12"><span class='ocrx_word' id='word_1_154' title='bbox 324 1694 392 1721; x_wconf 87' lang='lat' dir='ltr'>ctae</span> <span class='ocrx_word' id='word_1_155' title='bbox 426 1689 594 1722; x_wconf 84' lang='lat' dir='ltr'>Societatis</span> <span class='ocrx_word' id='word_1_156' title='bbox 621 1690 816 1733; x_wconf 80' lang='lat' dir='ltr'>procedendi</span> <span class='ocrx_word' id='word_1_157' title='bbox 843 1689 952 1730; x_wconf 90' lang='lat' dir='ltr'>modo,</span> <span class='ocrx_word' id='word_1_158' title='bbox 973 1689 1071 1732; x_wconf 80' lang='lat' dir='ltr'>privi-</span> 
     </span>
     <span class='ocr_line' id='line_1_30' title="bbox 324 1742 1072 1785; baseline 0.001 -11"><span class='ocrx_word' id='word_1_159' title='bbox 324 1742 416 1785; x_wconf 81' lang='lat' dir='ltr'>legiis</span> <span class='ocrx_word' id='word_1_160' title='bbox 453 1742 517 1775; x_wconf 88' lang='lat' dir='ltr'>illis</span> <span class='ocrx_word' id='word_1_161' title='bbox 551 1743 684 1783; x_wconf 90' lang='lat' dir='ltr'>utendi,</span> <span class='ocrx_word' id='word_1_162' title='bbox 720 1753 849 1776; x_wconf 78' lang='lat' dir='ltr'>necnon</span> <span class='ocrx_word' id='word_1_163' title='bbox 885 1748 1072 1775; x_wconf 89' lang='lat' dir='ltr'>contractus</span> 
     </span>
     <span class='ocr_line' id='line_1_31' title="bbox 324 1795 1070 1829; baseline 0.001 -1"><span class='ocrx_word' id='word_1_164' title='bbox 324 1795 458 1828; x_wconf 88' lang='lat' dir='ltr'>ineundi</span> <span class='ocrx_word' id='word_1_165' title='bbox 478 1795 641 1829; x_wconf 88' lang='lat' dir='ltr'>licentiam</span> <span class='ocrx_word' id='word_1_166' title='bbox 662 1802 691 1829; x_wconf 90' lang='lat' dir='ltr'>et</span> <span class='ocrx_word' id='word_1_167' title='bbox 726 1796 912 1829; x_wconf 81' lang='lat' dir='ltr'>facultatem</span> <span class='ocrx_word' id='word_1_168' title='bbox 938 1806 1070 1829; x_wconf 88' lang='lat' dir='ltr'>conces—</span> 
     </span>
     <span class='ocr_line' id='line_1_32' title="bbox 322 1849 1071 1894; baseline 0.003 -13"><span class='ocrx_word' id='word_1_169' title='bbox 322 1849 472 1890; x_wconf 76' lang='lat' dir='ltr'>serimus,</span> <span class='ocrx_word' id='word_1_170' title='bbox 495 1856 589 1893; x_wconf 87' lang='lat' dir='ltr'>prout</span> <span class='ocrx_word' id='word_1_171' title='bbox 610 1849 643 1882; x_wconf 92' lang='lat' dir='ltr'>in</span> <span class='ocrx_word' id='word_1_172' title='bbox 674 1849 808 1892; x_wconf 81' lang='lat' dir='ltr'>singulis</span> <span class='ocrx_word' id='word_1_173' title='bbox 841 1850 958 1883; x_wconf 90' lang='lat' dir='ltr'>litteris</span> <span class='ocrx_word' id='word_1_174' title='bbox 992 1860 1071 1894; x_wconf 85' lang='lat' dir='ltr'>apo-</span> 
     </span>
     <span class='ocr_line' id='line_1_33' title="bbox 323 1903 1071 1948; baseline 0.001 -13"><span class='ocrx_word' id='word_1_175' title='bbox 323 1903 444 1936; x_wconf 83' lang='lat' dir='ltr'>stolicis</span> <span class='ocrx_word' id='word_1_176' title='bbox 464 1904 605 1947; x_wconf 82' lang='lat' dir='ltr'>desuper</span> <span class='ocrx_word' id='word_1_177' title='bbox 624 1903 779 1936; x_wconf 85' lang='lat' dir='ltr'>confectis</span> <span class='ocrx_word' id='word_1_178' title='bbox 813 1903 942 1948; x_wconf 85' lang='lat' dir='ltr'>plenius</span> <span class='ocrx_word' id='word_1_179' title='bbox 966 1904 1071 1937; x_wconf 90' lang='lat' dir='ltr'>conti-</span> 
     </span>
     <span class='ocr_line' id='line_1_34' title="bbox 322 1949 459 1990; baseline 0.007 -1"><span class='ocrx_word' id='word_1_180' title='bbox 322 1963 428 1990; x_wconf 88' lang='lat' dir='ltr'>netur.</span> <span class='ocrx_word' id='word_1_181' title='bbox 443 1949 459 1956; x_wconf 67' lang='grc'><em>”</em></span> 
     </span>
     <span class='ocr_line' id='line_1_35' title="bbox 367 2011 1072 2055; baseline -0.001 -11"><span class='ocrx_word' id='word_1_182' title='bbox 367 2012 382 2055; x_wconf 64' lang='lat' dir='ltr'>g</span> <span class='ocrx_word' id='word_1_183' title='bbox 400 2011 433 2044; x_wconf 80' lang='grc'>4.</span> <span class='ocrx_word' id='word_1_184' title='bbox 456 2012 588 2051; x_wconf 83' lang='lat' dir='ltr'>Tamen,</span> <span class='ocrx_word' id='word_1_185' title='bbox 611 2011 687 2054; x_wconf 88' lang='lat' dir='ltr'>quia</span> <span class='ocrx_word' id='word_1_186' title='bbox 706 2020 766 2044; x_wconf 84' lang='lat' dir='ltr'>nec</span> <span class='ocrx_word' id='word_1_187' title='bbox 790 2011 907 2044; x_wconf 87' lang='lat' dir='ltr'>modus</span> <span class='ocrx_word' id='word_1_188' title='bbox 926 2011 980 2044; x_wconf 78' lang='lat' dir='ltr'>ille</span> <span class='ocrx_word' id='word_1_189' title='bbox 999 2011 1072 2055; x_wconf 88' lang='lat' dir='ltr'>quis</span> 
     </span>
     <span class='ocr_line' id='line_1_36' title="bbox 175 2065 1070 2135; baseline -0.001 -37"><span class='ocrx_word' id='word_1_190' title='bbox 175 2083 230 2104; x_wconf 62' lang='lat' dir='ltr'>mm</span> <span class='ocrx_word' id='word_1_191' title='bbox 247 2082 308 2135; x_wconf 57' lang='lat'>“⁵⁰2⁰</span> <span class='ocrx_word' id='word_1_192' title='bbox 323 2065 374 2105; x_wconf 83' lang='lat' dir='ltr'>sit,</span> <span class='ocrx_word' id='word_1_193' title='bbox 397 2076 457 2098; x_wconf 88' lang='lat' dir='ltr'>nec</span> <span class='ocrx_word' id='word_1_194' title='bbox 477 2075 589 2098; x_wconf 91' lang='lat' dir='ltr'>omnes</span> <span class='ocrx_word' id='word_1_195' title='bbox 609 2075 667 2108; x_wconf 86' lang='lat' dir='ltr'>per</span> <span class='ocrx_word' id='word_1_196' title='bbox 695 2073 777 2109; x_wconf 88' lang='lat' dir='ltr'>quos</span> <span class='ocrx_word' id='word_1_197' title='bbox 793 2065 1032 2108; x_wconf 43' lang='lat' dir='ltr'>praepositus&amp;</span> <span class='ocrx_word' id='word_1_198' title='bbox 1015 2076 1070 2098; x_wconf 76' lang='lat' dir='ltr'>oe-</span> 
     </span>
     <span class='ocr_line' id='line_1_37' title="bbox 122 2115 1070 2165; baseline -0.001 -14"><span class='ocrx_word' id='word_1_199' title='bbox 122 2115 228 2165; x_wconf 53' lang='lat' dir='ltr'>{TJU&#39;e</span> <span class='ocrx_word' id='word_1_200' title='bbox 283 2119 443 2152; x_wconf 73' lang='lat' dir='ltr'>²¹·ne1alis</span> <span class='ocrx_word' id='word_1_201' title='bbox 484 2119 670 2152; x_wconf 85' lang='lat' dir='ltr'>facultatem</span> <span class='ocrx_word' id='word_1_202' title='bbox 716 2118 904 2151; x_wconf 86' lang='lat' dir='ltr'>huiusmodi</span> <span class='ocrx_word' id='word_1_203' title='bbox 950 2118 1070 2162; x_wconf 89' lang='lat' dir='ltr'>alioqui</span> 
     </span>
     <span class='ocr_line' id='line_1_38' title="bbox 123 2170 1070 2216; baseline 0.011 -22"><span class='ocrx_word' id='word_1_204' title='bbox 123 2174 182 2202; x_wconf 68' lang='lat' dir='ltr'>iau».</span> <span class='ocrx_word' id='word_1_205' title='bbox 325 2182 474 2206; x_wconf 73' lang='lat' dir='ltr'>exer-cete</span> <span class='ocrx_word' id='word_1_206' title='bbox 498 2178 615 2216; x_wconf 79' lang='lat' dir='ltr'>potest,</span> <span class='ocrx_word' id='word_1_207' title='bbox 637 2172 671 2205; x_wconf 87' lang='lat' dir='ltr'>in</span> <span class='ocrx_word' id='word_1_208' title='bbox 694 2170 788 2205; x_wconf 77' lang='lat' dir='ltr'>dictis</span> <span class='ocrx_word' id='word_1_209' title='bbox 806 2172 924 2205; x_wconf 87' lang='lat' dir='ltr'>nostris</span> <span class='ocrx_word' id='word_1_210' title='bbox 954 2172 1070 2205; x_wconf 74' lang='lat' dir='ltr'>litteris</span> 
     </span>
     <span class='ocr_line' id='line_1_39' title="bbox 325 2224 1071 2269; baseline -0.003 -10"><span class='ocrx_word' id='word_1_211' title='bbox 325 2226 400 2259; x_wconf 77' lang='lat' dir='ltr'>satis</span> <span class='ocrx_word' id='word_1_212' title='bbox 419 2226 560 2269; x_wconf 76' lang='lat' dir='ltr'>expressi</span> <span class='ocrx_word' id='word_1_213' title='bbox 581 2225 683 2267; x_wconf 85' lang='lat' dir='ltr'>fuere,</span> <span class='ocrx_word' id='word_1_214' title='bbox 717 2236 754 2258; x_wconf 88' lang='lat' dir='ltr'>ac</span> <span class='ocrx_word' id='word_1_215' title='bbox 786 2224 882 2258; x_wconf 83' lang='lat' dir='ltr'>etiam</span> <span class='ocrx_word' id='word_1_216' title='bbox 916 2225 993 2268; x_wconf 90' lang='lat' dir='ltr'>quia</span> <span class='ocrx_word' id='word_1_217' title='bbox 1027 2225 1071 2258; x_wconf 90' lang='lat' dir='ltr'>ei-</span> 
     </span>
     <span class='ocr_line' id='line_1_40' title="bbox 324 2278 1070 2323; baseline 0 -12"><span class='ocrx_word' id='word_1_218' title='bbox 324 2280 396 2312; x_wconf 88' lang='lat' dir='ltr'>dem</span> <span class='ocrx_word' id='word_1_219' title='bbox 427 2279 578 2312; x_wconf 84' lang='lat' dir='ltr'>Societati</span> <span class='ocrx_word' id='word_1_220' title='bbox 611 2279 788 2323; x_wconf 79' lang='lat' dir='ltr'>privilegiis</span> <span class='ocrx_word' id='word_1_221' title='bbox 811 2284 842 2311; x_wconf 90' lang='lat' dir='ltr'>et</span> <span class='ocrx_word' id='word_1_222' title='bbox 862 2278 975 2311; x_wconf 90' lang='lat' dir='ltr'>litteris</span> <span class='ocrx_word' id='word_1_223' title='bbox 994 2289 1070 2322; x_wconf 85' lang='lat' dir='ltr'>apo-</span> 
     </span>
     <span class='ocr_line' id='line_1_41' title="bbox 324 2332 1071 2376; baseline 0.001 -13"><span class='ocrx_word' id='word_1_224' title='bbox 324 2332 444 2364; x_wconf 89' lang='lat' dir='ltr'>stolicis</span> <span class='ocrx_word' id='word_1_225' title='bbox 465 2332 662 2373; x_wconf 84' lang='lat' dir='ltr'>huiusmodi,</span> <span class='ocrx_word' id='word_1_226' title='bbox 686 2338 754 2365; x_wconf 88' lang='lat' dir='ltr'>tum</span> <span class='ocrx_word' id='word_1_227' title='bbox 788 2332 876 2376; x_wconf 90' lang='lat' dir='ltr'>quod</span> <span class='ocrx_word' id='word_1_228' title='bbox 905 2332 999 2364; x_wconf 86' lang='lat' dir='ltr'>variis</span> <span class='ocrx_word' id='word_1_229' title='bbox 1020 2332 1071 2364; x_wconf 90' lang='lat' dir='ltr'>lit-</span> 
     </span>
     <span class='ocr_line' id='line_1_42' title="bbox 324 2385 1067 2426; baseline 0.001 -10"><span class='ocrx_word' id='word_1_230' title='bbox 324 2385 400 2417; x_wconf 84' lang='lat' dir='ltr'>teris</span> <span class='ocrx_word' id='word_1_231' title='bbox 420 2391 449 2417; x_wconf 91' lang='lat' dir='ltr'>et</span> <span class='ocrx_word' id='word_1_232' title='bbox 470 2386 680 2419; x_wconf 91' lang='lat' dir='ltr'>munimentis</span> <span class='ocrx_word' id='word_1_233' title='bbox 712 2396 865 2419; x_wconf 85' lang='lat' dir='ltr'>concessa</span> <span class='ocrx_word' id='word_1_234' title='bbox 895 2391 982 2426; x_wconf 84' lang='lat' dir='ltr'>sunt,</span> <span class='ocrx_word' id='word_1_235' title='bbox 1007 2385 1067 2425; x_wconf 89' lang='lat' dir='ltr'>uti,</span> 
     </span>
    </p>
   </div>
   <div class='ocr_carea' id='block_1_7' title="bbox 325 2438 1070 2680">
    <p class='ocr_par' dir='ltr' id='par_1_7' title="bbox 325 2438 1070 2680">
     <span class='ocr_line' id='line_1_43' title="bbox 325 2438 1070 2483; baseline 0.005 -15"><span class='ocrx_word' id='word_1_236' title='bbox 325 2443 353 2469; x_wconf 87' lang='lat' dir='ltr'>et</span> <span class='ocrx_word' id='word_1_237' title='bbox 377 2438 429 2470; x_wconf 89' lang='lat' dir='ltr'>illa</span> <span class='ocrx_word' id='word_1_238' title='bbox 463 2440 501 2471; x_wconf 83' lang='lat' dir='ltr'>ad</span> <span class='ocrx_word' id='word_1_239' title='bbox 532 2441 676 2483; x_wconf 76' lang='lat' dir='ltr'>singulos</span> <span class='ocrx_word' id='word_1_240' title='bbox 694 2445 880 2473; x_wconf 89' lang='lat' dir='ltr'>contractus</span> <span class='ocrx_word' id='word_1_241' title='bbox 912 2439 1070 2472; x_wconf 86' lang='lat' dir='ltr'>iucundos</span> 
     </span>
     <span class='ocr_line' id='line_1_44' title="bbox 325 2487 1069 2533; baseline 0.007 -16"><span class='ocrx_word' id='word_1_242' title='bbox 325 2487 438 2519; x_wconf 75' lang='lat' dir='ltr'>ail&#39;erre</span> <span class='ocrx_word' id='word_1_243' title='bbox 468 2488 711 2531; x_wconf 86' lang='lat' dir='ltr'>dispendiosum</span> <span class='ocrx_word' id='word_1_244' title='bbox 745 2490 983 2533; x_wconf 88' lang='lat' dir='ltr'>molestumque</span> <span class='ocrx_word' id='word_1_245' title='bbox 1003 2490 1069 2522; x_wconf 85' lang='lat' dir='ltr'>exi-</span> 
     </span>
     <span class='ocr_line' id='line_1_45' title="bbox 326 2536 1070 2581; baseline 0.007 -15"><span class='ocrx_word' id='word_1_246' title='bbox 326 2536 390 2575; x_wconf 85' lang='lat' dir='ltr'>stit,</span> <span class='ocrx_word' id='word_1_247' title='bbox 413 2542 479 2568; x_wconf 91' lang='lat' dir='ltr'>tum</span> <span class='ocrx_word' id='word_1_248' title='bbox 500 2539 586 2580; x_wconf 85' lang='lat' dir='ltr'>quod</span> <span class='ocrx_word' id='word_1_249' title='bbox 620 2539 653 2571; x_wconf 91' lang='lat' dir='ltr'>in</span> <span class='ocrx_word' id='word_1_250' title='bbox 684 2539 850 2572; x_wconf 85' lang='lat' dir='ltr'>nonnullis</span> <span class='ocrx_word' id='word_1_251' title='bbox 884 2539 1070 2581; x_wconf 81' lang='lat' dir='ltr'>regionibus</span> 
     </span>
     <span class='ocr_line' id='line_1_46' title="bbox 327 2585 1069 2628; baseline 0.008 -13"><span class='ocrx_word' id='word_1_252' title='bbox 327 2585 550 2628; x_wconf 64' lang='lat' dir='ltr'>emphyteuses</span> <span class='ocrx_word' id='word_1_253' title='bbox 569 2588 607 2620; x_wconf 87' lang='lat' dir='ltr'>ad</span> <span class='ocrx_word' id='word_1_254' title='bbox 627 2594 691 2621; x_wconf 87' lang='lat' dir='ltr'>tres</span> <span class='ocrx_word' id='word_1_255' title='bbox 710 2588 790 2621; x_wconf 82' lang='lat' dir='ltr'>vitas</span> <span class='ocrx_word' id='word_1_256' title='bbox 806 2588 940 2621; x_wconf 81' lang='lat' dir='ltr'>concedi</span> <span class='ocrx_word' id='word_1_257' title='bbox 955 2588 1069 2628; x_wconf 86' lang='lat' dir='ltr'>solent,</span> 
     </span>
     <span class='ocr_line' id='line_1_47' title="bbox 327 2636 1070 2680; baseline 0.004 -13"><span class='ocrx_word' id='word_1_258' title='bbox 327 2643 385 2668; x_wconf 88' lang='lat' dir='ltr'>nec</span> <span class='ocrx_word' id='word_1_259' title='bbox 400 2636 610 2680; x_wconf 74' lang='lat' dir='ltr'>particulares</span> <span class='ocrx_word' id='word_1_260' title='bbox 629 2637 777 2672; x_wconf 84' lang='lat' dir='ltr'>homines</span> <span class='ocrx_word' id='word_1_261' title='bbox 793 2638 864 2671; x_wconf 89' lang='lat' dir='ltr'>illas</span> <span class='ocrx_word' id='word_1_262' title='bbox 883 2637 922 2671; x_wconf 88' lang='lat' dir='ltr'>ad</span> <span class='ocrx_word' id='word_1_263' title='bbox 942 2637 1070 2671; x_wconf 86' lang='lat' dir='ltr'>brevius</span> 
     </span>
    </p>
   </div>
   <div class='ocr_carea' id='block_1_8' title="bbox 215 2146 311 2168">
    <p class='ocr_par' dir='ltr' id='par_1_8' title="bbox 215 2146 311 2168">
     <span class='ocr_line' id='line_1_48' title="bbox 215 2146 311 2168; baseline 0.01 -2"><span class='ocrx_word' id='word_1_264' title='bbox 215 2146 249 2168; x_wconf 77' lang='lat' dir='ltr'>bic</span> <span class='ocrx_word' id='word_1_265' title='bbox 276 2150 311 2167; x_wconf 65' lang='lat' dir='ltr'>r·-</span> 
     </span>
    </p>
   </div>
   <div class='ocr_carea' id='block_1_9' title="bbox 927 250 1282 278">
    <p class='ocr_par' dir='ltr' id='par_1_9' title="bbox 927 250 1282 278">
     <span class='ocr_line' id='line_1_49' title="bbox 927 250 1282 278; baseline 0.006 -3"><span class='ocrx_word' id='word_1_266' title='bbox 927 250 1107 276; x_wconf 69' lang='lat' dir='ltr'>nttuttntmt</span> <span class='ocrx_word' id='word_1_267' title='bbox 1129 251 1282 278; x_wconf 65' lang='lat' dir='ltr'>nummu!</span> 
     </span>
    </p>
   </div>
   <div class='ocr_carea' id='block_1_10' title="bbox 1098 301 1871 986">
    <p class='ocr_par' dir='ltr' id='par_1_10' title="bbox 1098 301 1871 986">
     <span class='ocr_line' id='line_1_50' title="bbox 1126 301 1871 349; baseline 0.001 -13"><span class='ocrx_word' id='word_1_268' title='bbox 1126 311 1252 349; x_wconf 78' lang='lat' dir='ltr'>tempus</span> <span class='ocrx_word' id='word_1_269' title='bbox 1275 304 1422 349; x_wconf 82' lang='lat' dir='ltr'>accipere</span> <span class='ocrx_word' id='word_1_270' title='bbox 1454 301 1547 338; x_wconf 81' lang='lat' dir='ltr'>facile</span> <span class='ocrx_word' id='word_1_271' title='bbox 1581 302 1806 345; x_wconf 69' lang='lat' dir='ltr'>adducuntur-3</span> <span class='ocrx_word' id='word_1_272' title='bbox 1838 307 1871 338; x_wconf 85' lang='lat' dir='ltr'>et</span> 
     </span>
     <span class='ocr_line' id='line_1_51' title="bbox 1126 357 1871 402; baseline -0.001 -11"><span class='ocrx_word' id='word_1_273' title='bbox 1126 364 1307 402; x_wconf 81' lang='lat' dir='ltr'>propterea,</span> <span class='ocrx_word' id='word_1_274' title='bbox 1327 369 1364 391; x_wconf 91' lang='lat' dir='ltr'>ac</span> <span class='ocrx_word' id='word_1_275' title='bbox 1385 357 1481 390; x_wconf 84' lang='lat' dir='ltr'>etiam</span> <span class='ocrx_word' id='word_1_276' title='bbox 1502 368 1538 390; x_wconf 76' lang='lat' dir='ltr'>ex</span> <span class='ocrx_word' id='word_1_277' title='bbox 1558 367 1596 389; x_wconf 87' lang='lat' dir='ltr'>eo</span> <span class='ocrx_word' id='word_1_278' title='bbox 1617 357 1703 400; x_wconf 91' lang='lat' dir='ltr'>quod</span> <span class='ocrx_word' id='word_1_279' title='bbox 1718 366 1871 390; x_wconf 89' lang='lat' dir='ltr'>nonuun-</span> 
     </span>
     <span class='ocr_line' id='line_1_52' title="bbox 1124 410 1871 456; baseline -0.003 -12"><span class='ocrx_word' id='word_1_280' title='bbox 1124 422 1234 455; x_wconf 87' lang='lat' dir='ltr'>quam,</span> <span class='ocrx_word' id='word_1_281' title='bbox 1252 422 1311 456; x_wconf 91' lang='lat' dir='ltr'>pro</span> <span class='ocrx_word' id='word_1_282' title='bbox 1337 411 1548 453; x_wconf 72' lang='lat' dir='ltr'>collegiorum</span> <span class='ocrx_word' id='word_1_283' title='bbox 1574 410 1721 454; x_wconf 88' lang='lat' dir='ltr'>ipsorum</span> <span class='ocrx_word' id='word_1_284' title='bbox 1740 418 1871 443; x_wconf 82' lang='lat' dir='ltr'>necnon</span> 
     </span>
     <span class='ocr_line' id='line_1_53' title="bbox 1124 462 1870 507; baseline -0.001 -10"><span class='ocrx_word' id='word_1_285' title='bbox 1124 464 1296 497; x_wconf 88' lang='lat' dir='ltr'>domorum</span> <span class='ocrx_word' id='word_1_286' title='bbox 1321 463 1520 507; x_wconf 85' lang='lat' dir='ltr'>probationis</span> <span class='ocrx_word' id='word_1_287' title='bbox 1539 463 1588 496; x_wconf 88' lang='lat' dir='ltr'>vel</span> <span class='ocrx_word' id='word_1_288' title='bbox 1621 462 1760 496; x_wconf 87' lang='lat' dir='ltr'>aliorum</span> <span class='ocrx_word' id='word_1_289' title='bbox 1779 462 1870 496; x_wconf 83' lang='lat' dir='ltr'>loco-</span> 
     </span>
     <span class='ocr_line' id='line_1_54' title="bbox 1123 515 1871 556; baseline 0.001 -7"><span class='ocrx_word' id='word_1_290' title='bbox 1123 528 1194 550; x_wconf 85' lang='lat' dir='ltr'>rum</span> <span class='ocrx_word' id='word_1_291' title='bbox 1215 516 1359 549; x_wconf 90' lang='lat' dir='ltr'>eiusdem</span> <span class='ocrx_word' id='word_1_292' title='bbox 1377 516 1542 549; x_wconf 88' lang='lat' dir='ltr'>Societatis</span> <span class='ocrx_word' id='word_1_293' title='bbox 1562 515 1762 556; x_wconf 85' lang='lat' dir='ltr'>necessitate,</span> <span class='ocrx_word' id='word_1_294' title='bbox 1783 515 1871 550; x_wconf 85' lang='lat' dir='ltr'>bona</span> 
     </span>
     <span class='ocr_line' id='line_1_55' title="bbox 1123 569 1870 613; baseline -0.001 -10"><span class='ocrx_word' id='word_1_295' title='bbox 1123 570 1308 603; x_wconf 87' lang='lat' dir='ltr'>huiusmodi</span> <span class='ocrx_word' id='word_1_296' title='bbox 1346 571 1464 609; x_wconf 90' lang='lat' dir='ltr'>locare,</span> <span class='ocrx_word' id='word_1_297' title='bbox 1501 569 1655 606; x_wconf 88' lang='lat' dir='ltr'>alienare,</span> <span class='ocrx_word' id='word_1_298' title='bbox 1682 573 1870 613; x_wconf 87' lang='lat' dir='ltr'>permutare</span> 
     </span>
     <span class='ocr_line' id='line_1_56' title="bbox 1121 621 1869 667; baseline -0.001 -11"><span class='ocrx_word' id='word_1_299' title='bbox 1121 625 1169 657; x_wconf 73' lang='lat' dir='ltr'>vel</span> <span class='ocrx_word' id='word_1_300' title='bbox 1195 623 1228 656; x_wconf 90' lang='lat' dir='ltr'>in</span> <span class='ocrx_word' id='word_1_301' title='bbox 1267 622 1502 667; x_wconf 74' lang='lat' dir='ltr'>emphyteusim</span> <span class='ocrx_word' id='word_1_302' title='bbox 1537 633 1594 655; x_wconf 89' lang='lat' dir='ltr'>seu</span> <span class='ocrx_word' id='word_1_303' title='bbox 1623 621 1772 666; x_wconf 43' lang='lat' dir='ltr'>livellum·</span> <span class='ocrx_word' id='word_1_304' title='bbox 1791 621 1869 655; x_wconf 86' lang='lat' dir='ltr'>dare</span> 
     </span>
     <span class='ocr_line' id='line_1_57' title="bbox 1122 675 1868 735; baseline -0.003 -25"><span class='ocrx_word' id='word_1_305' title='bbox 1122 677 1261 721; x_wconf 76' lang='lat' dir='ltr'>expedit,</span> <span class='ocrx_word' id='word_1_306' title='bbox 1284 687 1320 710; x_wconf 86' lang='lat' dir='ltr'>ac</span> <span class='ocrx_word' id='word_1_307' title='bbox 1340 676 1534 735; x_wconf 84' lang='lat' dir='ltr'>quandoque</span> <span class='ocrx_word' id='word_1_308' title='bbox 1554 675 1712 719; x_wconf 84' lang='lat' dir='ltr'>contingit</span> <span class='ocrx_word' id='word_1_309' title='bbox 1729 680 1767 708; x_wconf 83' lang='lat' dir='ltr'>ut</span> <span class='ocrx_word' id='word_1_310' title='bbox 1789 685 1868 708; x_wconf 90' lang='lat' dir='ltr'>con-</span> 
     </span>
     <span class='ocr_line' id='line_1_58' title="bbox 1121 729 1869 773; baseline -0.001 -11"><span class='ocrx_word' id='word_1_311' title='bbox 1121 730 1198 763; x_wconf 90' lang='lat' dir='ltr'>ditio</span> <span class='ocrx_word' id='word_1_312' title='bbox 1219 731 1318 763; x_wconf 82' lang='lat' dir='ltr'>semel</span> <span class='ocrx_word' id='word_1_313' title='bbox 1337 730 1455 768; x_wconf 88' lang='lat' dir='ltr'>oblata,</span> <span class='ocrx_word' id='word_1_314' title='bbox 1469 729 1869 773; x_wconf 79' lang='lat' dir='ltr'>sipraetermittatur,non</span> 
     </span>
     <span class='ocr_line' id='line_1_59' title="bbox 1121 781 1868 827; baseline -0.001 -11"><span class='ocrx_word' id='word_1_315' title='bbox 1121 793 1198 827; x_wconf 72' lang='lat' dir='ltr'>part</span> <span class='ocrx_word' id='word_1_316' title='bbox 1200 794 1251 816; x_wconf 91' lang='lat' dir='ltr'>am</span> <span class='ocrx_word' id='word_1_317' title='bbox 1271 783 1350 816; x_wconf 80' lang='lat' dir='ltr'>affer</span> <span class='ocrx_word' id='word_1_318' title='bbox 1352 790 1383 816; x_wconf 88' lang='lat' dir='ltr'>at</span> <span class='ocrx_word' id='word_1_319' title='bbox 1404 783 1574 823; x_wconf 75' lang='lat' dir='ltr'>inetur-‚am</span> <span class='ocrx_word' id='word_1_320' title='bbox 1598 792 1656 826; x_wconf 87' lang='lat' dir='ltr'>pro</span> <span class='ocrx_word' id='word_1_321' title='bbox 1676 787 1767 826; x_wconf 83' lang='lat' dir='ltr'>parte</span> <span class='ocrx_word' id='word_1_322' title='bbox 1788 781 1868 815; x_wconf 88' lang='lat' dir='ltr'>dicti</span> 
     </span>
     <span class='ocr_line' id='line_1_60' title="bbox 1098 829 1868 880; baseline -0.003 -10"><span class='ocrx_word' id='word_1_323' title='bbox 1098 829 1101 860; x_wconf 63' lang='lat' dir='ltr'>l</span> <span class='ocrx_word' id='word_1_324' title='bbox 1121 837 1270 870; x_wconf 29' lang='lat' dir='ltr'>Exweratdt</span> <span class='ocrx_word' id='word_1_325' title='bbox 1292 836 1467 880; x_wconf 83' lang='lat' dir='ltr'>praepositi</span> <span class='ocrx_word' id='word_1_326' title='bbox 1490 836 1583 869; x_wconf 86' lang='lat' dir='ltr'>nobis</span> <span class='ocrx_word' id='word_1_327' title='bbox 1610 835 1670 868; x_wconf 87' lang='lat' dir='ltr'>fuit</span> <span class='ocrx_word' id='word_1_328' title='bbox 1699 835 1868 869; x_wconf 89' lang='lat' dir='ltr'>humiliter</span> 
     </span>
     <span class='ocr_line' id='line_1_61' title="bbox 1119 887 1868 934; baseline -0.003 -11"><span class='ocrx_word' id='word_1_329' title='bbox 1119 890 1336 934; x_wconf 85' lang='lat' dir='ltr'>supplicatum</span> <span class='ocrx_word' id='word_1_330' title='bbox 1357 895 1393 923; x_wconf 88' lang='lat' dir='ltr'>ut</span> <span class='ocrx_word' id='word_1_331' title='bbox 1412 901 1461 934; x_wconf 90' lang='lat' dir='ltr'>pr</span> <span class='ocrx_word' id='word_1_332' title='bbox 1453 889 1588 923; x_wconf 68' lang='lat' dir='ltr'>remissa</span> <span class='ocrx_word' id='word_1_333' title='bbox 1612 888 1722 922; x_wconf 90' lang='lat' dir='ltr'>omnia</span> <span class='ocrx_word' id='word_1_334' title='bbox 1739 887 1868 932; x_wconf 88' lang='lat' dir='ltr'>plenius</span> 
     </span>
     <span class='ocr_line' id='line_1_62' title="bbox 1120 943 1866 986; baseline 0 -10"><span class='ocrx_word' id='word_1_335' title='bbox 1120 944 1285 977; x_wconf 84' lang='lat' dir='ltr'>declarare</span> <span class='ocrx_word' id='word_1_336' title='bbox 1305 949 1336 976; x_wconf 93' lang='lat' dir='ltr'>et</span> <span class='ocrx_word' id='word_1_337' title='bbox 1355 944 1434 977; x_wconf 85' lang='lat' dir='ltr'>alias</span> <span class='ocrx_word' id='word_1_338' title='bbox 1467 943 1499 975; x_wconf 92' lang='lat' dir='ltr'>in</span> <span class='ocrx_word' id='word_1_339' title='bbox 1525 943 1646 975; x_wconf 84' lang='lat' dir='ltr'>eisdem</span> <span class='ocrx_word' id='word_1_340' title='bbox 1681 947 1866 986; x_wconf 81' lang='lat' dir='ltr'>opportune</span> 
     </span>
    </p>
   </div>
   <div class='ocr_carea' id='block_1_11' title="bbox 1119 992 1907 1041">
    <p class='ocr_par' dir='ltr' id='par_1_11' title="bbox 1119 992 1907 1041">
     <span class='ocr_line' id='line_1_63' title="bbox 1119 992 1907 1041; baseline -0.003 -11"><span class='ocrx_word' id='word_1_341' title='bbox 1119 997 1286 1041; x_wconf 85' lang='lat' dir='ltr'>providere</span> <span class='ocrx_word' id='word_1_342' title='bbox 1298 998 1337 1030; x_wconf 90' lang='lat' dir='ltr'>de</span> <span class='ocrx_word' id='word_1_343' title='bbox 1352 997 1548 1040; x_wconf 77' lang='lat' dir='ltr'>benignitate</span> <span class='ocrx_word' id='word_1_344' title='bbox 1564 995 1741 1040; x_wconf 88' lang='lat' dir='ltr'>apostolica</span> <span class='ocrx_word' id='word_1_345' title='bbox 1755 995 1866 1038; x_wconf 86' lang='lat' dir='ltr'>digna·</span> <span class='ocrx_word' id='word_1_346' title='bbox 1902 992 1907 998; x_wconf 87' lang='lat'>&#39;</span> 
     </span>
    </p>
   </div>
   <div class='ocr_carea' id='block_1_12' title="bbox 1121 1061 1865 1147">
    <p class='ocr_par' dir='ltr' id='par_1_12' title="bbox 1121 1061 1865 1147">
     <span class='ocr_line' id='line_1_64' title="bbox 1121 1061 1242 1084; baseline -0.008 0"><span class='ocrx_word' id='word_1_347' title='bbox 1121 1061 1242 1084; x_wconf 89' lang='lat' dir='ltr'>remur.</span> 
     </span>
     <span class='ocr_line' id='line_1_65' title="bbox 1160 1103 1865 1147; baseline -0.003 -10"><span class='ocrx_word' id='word_1_348' title='bbox 1160 1105 1176 1147; x_wconf 59' lang='grc' dir='ltr'>ξ</span> <span class='ocrx_word' id='word_1_349' title='bbox 1195 1105 1225 1138; x_wconf 87' lang='grc'>5.</span> <span class='ocrx_word' id='word_1_350' title='bbox 1247 1104 1310 1137; x_wconf 91' lang='lat' dir='ltr'>Nos</span> <span class='ocrx_word' id='word_1_351' title='bbox 1330 1104 1438 1147; x_wconf 82' lang='lat' dir='ltr'>igitur,</span> <span class='ocrx_word' id='word_1_352' title='bbox 1462 1104 1517 1147; x_wconf 90' lang='lat' dir='ltr'>qui</span> <span class='ocrx_word' id='word_1_353' title='bbox 1538 1103 1704 1147; x_wconf 88' lang='lat' dir='ltr'>operarios</span> <span class='ocrx_word' id='word_1_354' title='bbox 1723 1103 1756 1136; x_wconf 93' lang='lat' dir='ltr'>in</span> <span class='ocrx_word' id='word_1_355' title='bbox 1773 1103 1865 1136; x_wconf 88' lang='lat' dir='ltr'>vinea</span> 
     </span>
    </p>
   </div>
   <div class='ocr_carea' id='block_1_13' title="bbox 1116 1150 2005 1203">
    <p class='ocr_par' dir='ltr' id='par_1_13' title="bbox 1116 1150 2005 1203">
     <span class='ocr_line' id='line_1_66' title="bbox 1116 1150 2005 1203; baseline 0.001 -13"><span class='ocrx_word' id='word_1_356' title='bbox 1116 1157 1254 1198; x_wconf 89' lang='lat' dir='ltr'>Domini,</span> <span class='ocrx_word' id='word_1_357' title='bbox 1274 1158 1464 1202; x_wconf 87' lang='lat' dir='ltr'>praesertim</span> <span class='ocrx_word' id='word_1_358' title='bbox 1484 1158 1611 1201; x_wconf 89' lang='lat' dir='ltr'>pondus</span> <span class='ocrx_word' id='word_1_359' title='bbox 1631 1156 1695 1190; x_wconf 86' lang='lat' dir='ltr'>diei</span> <span class='ocrx_word' id='word_1_360' title='bbox 1710 1162 1742 1190; x_wconf 86' lang='lat' dir='ltr'>et</span> <span class='ocrx_word' id='word_1_361' title='bbox 1755 1161 1864 1190; x_wconf 88' lang='lat' dir='ltr'>aestus</span> <span class='ocrx_word' id='word_1_362' title='bbox 1877 1150 1961 1203; x_wconf 63' lang='lat' dir='ltr'>atium</span> <span class='ocrx_word' id='word_1_363' title='bbox 1996 1184 2005 1202; x_wconf 52' lang='lat'>¹.</span> 
     </span>
    </p>
   </div>
   <div class='ocr_carea' id='block_1_14' title="bbox 1116 1210 1967 1272">
    <p class='ocr_par' dir='ltr' id='par_1_14' title="bbox 1116 1210 2017 1272">
     <span class='ocr_line' id='line_1_67' title="bbox 1116 1210 1967 1272; baseline -0.002 -28"><span class='ocrx_word' id='word_1_364' title='bbox 1116 1212 1322 1252; x_wconf 88' lang='lat' dir='ltr'>sustinentes,</span> <span class='ocrx_word' id='word_1_365' title='bbox 1343 1222 1469 1245; x_wconf 81' lang='lat' dir='ltr'>sincero</span> <span class='ocrx_word' id='word_1_366' title='bbox 1480 1213 1710 1255; x_wconf 85' lang='lat' dir='ltr'>prosequimur</span> <span class='ocrx_word' id='word_1_367' title='bbox 1729 1210 1860 1251; x_wconf 84' lang='lat' dir='ltr'>affectu,</span> <span class='ocrx_word' id='word_1_368' title='bbox 1851 1212 1967 1272; x_wconf 47' lang='grc' dir='ltr'>,ῢὶἒῑῑ</span> 
     </span>
    </p>
   </div>
   <div class='ocr_carea' id='block_1_15' title="bbox 1116 1264 1941 1308">
    <p class='ocr_par' dir='ltr' id='par_1_15' title="bbox 1116 1264 1941 1308">
     <span class='ocr_line' id='line_1_68' title="bbox 1116 1264 1941 1308; baseline -0.002 -10"><span class='ocrx_word' id='word_1_369' title='bbox 1116 1271 1204 1298; x_wconf 79' lang='lat' dir='ltr'>nosti</span> <span class='ocrx_word' id='word_1_370' title='bbox 1207 1275 1298 1298; x_wconf 79' lang='lat' dir='ltr'>arum</span> <span class='ocrx_word' id='word_1_371' title='bbox 1313 1276 1351 1298; x_wconf 71' lang='lat'>{10</span> <span class='ocrx_word' id='word_1_372' title='bbox 1367 1275 1423 1298; x_wconf 80' lang='grc' dir='ltr'>θΟΓ</span> <span class='ocrx_word' id='word_1_373' title='bbox 1425 1265 1556 1298; x_wconf 76' lang='lat' dir='ltr'>umdem</span> <span class='ocrx_word' id='word_1_374' title='bbox 1576 1275 1625 1308; x_wconf 67' lang='lat' dir='ltr'>Pl&#39;ae</span> <span class='ocrx_word' id='word_1_375' title='bbox 1616 1264 1863 1297; x_wconf 70' lang='lat' dir='ltr'>aedeceSSOI&#39;Um</span> <span class='ocrx_word' id='word_1_376' title='bbox 1876 1274 1941 1302; x_wconf 73' lang='lat' dir='ltr'>udit-</span> 
     </span>
    </p>
   </div>
   <div class='ocr_carea' id='block_1_16' title="bbox 1115 1317 1863 1524">
    <p class='ocr_par' dir='ltr' id='par_1_16' title="bbox 1115 1317 1863 1524">
     <span class='ocr_line' id='line_1_69' title="bbox 1116 1317 1863 1357; baseline -0.003 -5"><span class='ocrx_word' id='word_1_377' title='bbox 1116 1325 1300 1352; x_wconf 82' lang='lat' dir='ltr'>nostioium</span> <span class='ocrx_word' id='word_1_378' title='bbox 1320 1319 1515 1357; x_wconf 87' lang='lat' dir='ltr'>litterarum,</span> <span class='ocrx_word' id='word_1_379' title='bbox 1539 1326 1666 1351; x_wconf 87' lang='lat' dir='ltr'>necnon</span> <span class='ocrx_word' id='word_1_380' title='bbox 1694 1317 1863 1351; x_wconf 79' lang='lat' dir='ltr'>Societatis</span> 
     </span>
     <span class='ocr_line' id='line_1_70' title="bbox 1115 1371 1863 1417; baseline -0.001 -12"><span class='ocrx_word' id='word_1_381' title='bbox 1115 1372 1297 1417; x_wconf 85' lang='lat' dir='ltr'>praedictae</span> <span class='ocrx_word' id='word_1_382' title='bbox 1346 1372 1616 1405; x_wconf 87' lang='lat' dir='ltr'>constitutionum</span> <span class='ocrx_word' id='word_1_383' title='bbox 1657 1371 1863 1415; x_wconf 87' lang='lat' dir='ltr'>aliorumque</span> 
     </span>
     <span class='ocr_line' id='line_1_71' title="bbox 1116 1424 1861 1470; baseline -0.003 -11"><span class='ocrx_word' id='word_1_384' title='bbox 1116 1426 1367 1470; x_wconf 84' lang='lat' dir='ltr'>praemissorum</span> <span class='ocrx_word' id='word_1_385' title='bbox 1399 1432 1528 1459; x_wconf 87' lang='lat' dir='ltr'>tenores</span> <span class='ocrx_word' id='word_1_386' title='bbox 1558 1424 1782 1469; x_wconf 85' lang='lat' dir='ltr'>praesentibus</span> <span class='ocrx_word' id='word_1_387' title='bbox 1800 1434 1861 1468; x_wconf 87' lang='lat' dir='ltr'>pro</span> 
     </span>
     <span class='ocr_line' id='line_1_72' title="bbox 1115 1477 1862 1524; baseline 0 -14"><span class='ocrx_word' id='word_1_388' title='bbox 1115 1479 1271 1524; x_wconf 80' lang='lat' dir='ltr'>expressis</span> <span class='ocrx_word' id='word_1_389' title='bbox 1290 1479 1456 1519; x_wconf 85' lang='lat' dir='ltr'>habentes,</span> <span class='ocrx_word' id='word_1_390' title='bbox 1475 1485 1504 1511; x_wconf 86' lang='lat' dir='ltr'>et</span> <span class='ocrx_word' id='word_1_391' title='bbox 1526 1478 1676 1512; x_wconf 84' lang='lat' dir='ltr'>eumdem</span> <span class='ocrx_word' id='word_1_392' title='bbox 1695 1477 1862 1522; x_wconf 84' lang='lat' dir='ltr'>praeposi-</span> 
     </span>
    </p>
   </div>
   <div class='ocr_carea' id='block_1_17' title="bbox 1092 404 1105 1588">
    <p class='ocr_par' dir='ltr' id='par_1_17' title="bbox 1092 404 1105 1588">
     <span class='ocr_line' id='line_1_73' title="bbox 1092 404 1105 1588; baseline 0 0"><span class='ocrx_word' id='word_1_393' title='bbox 1092 404 1105 1588; x_wconf 95' lang='lat' dir='ltr'> </span> 
     </span>
    </p>
   </div>
   <div class='ocr_carea' id='block_1_18' title="bbox 1110 1532 1862 2524">
    <p class='ocr_par' dir='ltr' id='par_1_18' title="bbox 1110 1532 1862 2524">
     <span class='ocr_line' id='line_1_74' title="bbox 1114 1532 1862 1575; baseline -0.001 -9"><span class='ocrx_word' id='word_1_394' title='bbox 1114 1539 1181 1567; x_wconf 89' lang='lat' dir='ltr'>tum</span> <span class='ocrx_word' id='word_1_395' title='bbox 1202 1544 1239 1566; x_wconf 87' lang='lat' dir='ltr'>ac</span> <span class='ocrx_word' id='word_1_396' title='bbox 1259 1533 1364 1566; x_wconf 88' lang='lat' dir='ltr'>dictae</span> <span class='ocrx_word' id='word_1_397' title='bbox 1387 1532 1555 1566; x_wconf 84' lang='lat' dir='ltr'>Societatis</span> <span class='ocrx_word' id='word_1_398' title='bbox 1587 1532 1764 1575; x_wconf 79' lang='lat' dir='ltr'>singulares</span> <span class='ocrx_word' id='word_1_399' title='bbox 1787 1541 1862 1575; x_wconf 86' lang='lat' dir='ltr'>per-</span> 
     </span>
     <span class='ocr_line' id='line_1_75' title="bbox 1113 1585 1858 1630; baseline -0.004 -10"><span class='ocrx_word' id='word_1_400' title='bbox 1113 1597 1206 1620; x_wconf 86' lang='lat' dir='ltr'>sonas</span> <span class='ocrx_word' id='word_1_401' title='bbox 1243 1598 1258 1619; x_wconf 90' lang='lat' dir='ltr'>a</span> <span class='ocrx_word' id='word_1_402' title='bbox 1294 1586 1459 1630; x_wconf 71' lang='lat' dir='ltr'>quibusvis</span> <span class='ocrx_word' id='word_1_403' title='bbox 1494 1585 1858 1624; x_wconf 83' lang='lat' dir='ltr'>excommunicationis,</span> 
     </span>
     <span class='ocr_line' id='line_1_76' title="bbox 1112 1639 1859 1684; baseline -0.001 -11"><span class='ocrx_word' id='word_1_404' title='bbox 1112 1641 1333 1684; x_wconf 71' lang='lat' dir='ltr'>suspensionis</span> <span class='ocrx_word' id='word_1_405' title='bbox 1359 1646 1390 1673; x_wconf 88' lang='lat' dir='ltr'>et</span> <span class='ocrx_word' id='word_1_406' title='bbox 1410 1639 1570 1672; x_wconf 89' lang='lat' dir='ltr'>interdicti</span> <span class='ocrx_word' id='word_1_407' title='bbox 1601 1639 1738 1682; x_wconf 88' lang='lat' dir='ltr'>aliisque</span> <span class='ocrx_word' id='word_1_408' title='bbox 1758 1639 1859 1672; x_wconf 89' lang='lat' dir='ltr'>eccle-</span> 
     </span>
     <span class='ocr_line' id='line_1_77' title="bbox 1112 1692 1859 1736; baseline -0.003 -10"><span class='ocrx_word' id='word_1_409' title='bbox 1112 1694 1246 1726; x_wconf 90' lang='lat' dir='ltr'>siasticis</span> <span class='ocrx_word' id='word_1_410' title='bbox 1266 1694 1442 1734; x_wconf 86' lang='lat' dir='ltr'>sententiis,</span> <span class='ocrx_word' id='word_1_411' title='bbox 1466 1692 1612 1726; x_wconf 88' lang='lat' dir='ltr'>censuris</span> <span class='ocrx_word' id='word_1_412' title='bbox 1630 1698 1661 1725; x_wconf 90' lang='lat' dir='ltr'>et</span> <span class='ocrx_word' id='word_1_413' title='bbox 1679 1692 1805 1736; x_wconf 91' lang='lat' dir='ltr'>poenis,</span> <span class='ocrx_word' id='word_1_414' title='bbox 1840 1701 1859 1724; x_wconf 88' lang='lat' dir='ltr'>a</span> 
     </span>
     <span class='ocr_line' id='line_1_78' title="bbox 1113 1744 1857 1790; baseline -0.004 -11"><span class='ocrx_word' id='word_1_415' title='bbox 1113 1746 1182 1779; x_wconf 87' lang='lat' dir='ltr'>iure</span> <span class='ocrx_word' id='word_1_416' title='bbox 1201 1747 1251 1780; x_wconf 72' lang='lat' dir='ltr'>rel</span> <span class='ocrx_word' id='word_1_417' title='bbox 1269 1747 1308 1779; x_wconf 90' lang='lat' dir='ltr'>ab</span> <span class='ocrx_word' id='word_1_418' title='bbox 1327 1747 1472 1787; x_wconf 87' lang='lat' dir='ltr'>homine,</span> <span class='ocrx_word' id='word_1_419' title='bbox 1489 1745 1600 1790; x_wconf 88' lang='lat' dir='ltr'>quavis</span> <span class='ocrx_word' id='word_1_420' title='bbox 1619 1745 1790 1778; x_wconf 84' lang='lat' dir='ltr'>occasione</span> <span class='ocrx_word' id='word_1_421' title='bbox 1807 1744 1857 1777; x_wconf 90' lang='lat' dir='ltr'>vel</span> 
     </span>
     <span class='ocr_line' id='line_1_79' title="bbox 1112 1797 1858 1844; baseline -0.004 -11"><span class='ocrx_word' id='word_1_422' title='bbox 1112 1801 1314 1841; x_wconf 85' lang='lat' dir='ltr'>causa,latis,</span> <span class='ocrx_word' id='word_1_423' title='bbox 1337 1801 1362 1833; x_wconf 89' lang='lat' dir='ltr'>si</span> <span class='ocrx_word' id='word_1_424' title='bbox 1382 1800 1500 1844; x_wconf 89' lang='lat' dir='ltr'>quibus</span> <span class='ocrx_word' id='word_1_425' title='bbox 1515 1798 1759 1843; x_wconf 85' lang='lat' dir='ltr'>quomodolibet</span> <span class='ocrx_word' id='word_1_426' title='bbox 1768 1797 1858 1831; x_wconf 87' lang='lat' dir='ltr'>inno-</span> 
     </span>
     <span class='ocr_line' id='line_1_80' title="bbox 1111 1851 1856 1896; baseline -0.003 -10"><span class='ocrx_word' id='word_1_427' title='bbox 1111 1853 1176 1886; x_wconf 85' lang='lat' dir='ltr'>dati</span> <span class='ocrx_word' id='word_1_428' title='bbox 1204 1854 1354 1894; x_wconf 77' lang='lat' dir='ltr'>existunt,</span> <span class='ocrx_word' id='word_1_429' title='bbox 1386 1854 1426 1887; x_wconf 92' lang='lat' dir='ltr'>ad</span> <span class='ocrx_word' id='word_1_430' title='bbox 1459 1854 1609 1887; x_wconf 82' lang='lat' dir='ltr'>effectum</span> <span class='ocrx_word' id='word_1_431' title='bbox 1638 1851 1856 1896; x_wconf 87' lang='lat' dir='ltr'>praesentium</span> 
     </span>
     <span class='ocr_line' id='line_1_81' title="bbox 1111 1903 1856 1950; baseline -0.004 -10"><span class='ocrx_word' id='word_1_432' title='bbox 1111 1908 1276 1940; x_wconf 78' lang='lat' dir='ltr'>dumtaxat</span> <span class='ocrx_word' id='word_1_433' title='bbox 1308 1907 1591 1950; x_wconf 89' lang='lat' dir='ltr'>consequendum,</span> <span class='ocrx_word' id='word_1_434' title='bbox 1623 1906 1741 1939; x_wconf 89' lang='lat' dir='ltr'>harum</span> <span class='ocrx_word' id='word_1_435' title='bbox 1772 1903 1856 1938; x_wconf 86' lang='lat' dir='ltr'>serie</span> 
     </span>
     <span class='ocr_line' id='line_1_82' title="bbox 1111 1953 1854 1999; baseline -0.001 -5"><span class='ocrx_word' id='word_1_436' title='bbox 1111 1962 1309 1995; x_wconf 88' lang='lat' dir='ltr'>absolventes</span> <span class='ocrx_word' id='word_1_437' title='bbox 1329 1966 1360 1994; x_wconf 87' lang='lat' dir='ltr'>et</span> <span class='ocrx_word' id='word_1_438' title='bbox 1392 1961 1556 1994; x_wconf 86' lang='lat' dir='ltr'>absolutos</span> <span class='ocrx_word' id='word_1_439' title='bbox 1583 1960 1652 1993; x_wconf 86' lang='lat' dir='ltr'>fore</span> <span class='ocrx_word' id='word_1_440' title='bbox 1676 1953 1854 1999; x_wconf 78' lang='lat' dir='ltr'>censentes,</span> 
     </span>
     <span class='ocr_line' id='line_1_83' title="bbox 1113 2012 1857 2058; baseline -0.001 -11"><span class='ocrx_word' id='word_1_441' title='bbox 1113 2014 1297 2047; x_wconf 84' lang='lat' dir='ltr'>huiusmodi</span> <span class='ocrx_word' id='word_1_442' title='bbox 1318 2013 1609 2058; x_wconf 87' lang='lat' dir='ltr'>supplicationibus</span> <span class='ocrx_word' id='word_1_443' title='bbox 1628 2012 1785 2055; x_wconf 87' lang='lat' dir='ltr'>inclinati,</span> <span class='ocrx_word' id='word_1_444' title='bbox 1799 2014 1857 2047; x_wconf 86' lang='lat' dir='ltr'>eis-</span> 
     </span>
     <span class='ocr_line' id='line_1_84' title="bbox 1111 2066 1856 2110; baseline -0.001 -9"><span class='ocrx_word' id='word_1_445' title='bbox 1111 2069 1184 2101; x_wconf 89' lang='lat' dir='ltr'>dem</span> <span class='ocrx_word' id='word_1_446' title='bbox 1204 2067 1355 2102; x_wconf 87' lang='lat' dir='ltr'>Societati</span> <span class='ocrx_word' id='word_1_447' title='bbox 1375 2078 1412 2100; x_wconf 89' lang='lat' dir='ltr'>ac</span> <span class='ocrx_word' id='word_1_448' title='bbox 1431 2066 1573 2109; x_wconf 77' lang='lat' dir='ltr'>generali</span> <span class='ocrx_word' id='word_1_449' title='bbox 1588 2066 1773 2110; x_wconf 83' lang='lat' dir='ltr'>praeposito</span> <span class='ocrx_word' id='word_1_450' title='bbox 1788 2076 1856 2100; x_wconf 90' lang='lat' dir='ltr'>mo-</span> 
     </span>
     <span class='ocr_line' id='line_1_85' title="bbox 1110 2119 1857 2164; baseline -0.001 -10"><span class='ocrx_word' id='word_1_451' title='bbox 1110 2122 1211 2154; x_wconf 88' lang='lat' dir='ltr'>derno</span> <span class='ocrx_word' id='word_1_452' title='bbox 1235 2126 1265 2154; x_wconf 89' lang='lat' dir='ltr'>et</span> <span class='ocrx_word' id='word_1_453' title='bbox 1295 2131 1354 2164; x_wconf 84' lang='lat' dir='ltr'>pro</span> <span class='ocrx_word' id='word_1_454' title='bbox 1389 2126 1534 2163; x_wconf 86' lang='lat' dir='ltr'>tempore</span> <span class='ocrx_word' id='word_1_455' title='bbox 1567 2119 1725 2160; x_wconf 86' lang='lat' dir='ltr'>existenti,</span> <span class='ocrx_word' id='word_1_456' title='bbox 1751 2125 1788 2153; x_wconf 85' lang='lat' dir='ltr'>ut</span> <span class='ocrx_word' id='word_1_457' title='bbox 1808 2126 1857 2153; x_wconf 81' lang='lat' dir='ltr'>&#39;ex</span> 
     </span>
     <span class='ocr_line' id='line_1_86' title="bbox 1111 2173 1858 2218; baseline 0 -11"><span class='ocrx_word' id='word_1_458' title='bbox 1111 2185 1198 2208; x_wconf 91' lang='lat' dir='ltr'>nunc</span> <span class='ocrx_word' id='word_1_459' title='bbox 1217 2174 1256 2207; x_wconf 87' lang='lat' dir='ltr'>de</span> <span class='ocrx_word' id='word_1_460' title='bbox 1276 2179 1394 2214; x_wconf 85' lang='lat' dir='ltr'>cetero,</span> <span class='ocrx_word' id='word_1_461' title='bbox 1416 2173 1580 2218; x_wconf 87' lang='lat' dir='ltr'>perpetuis</span> <span class='ocrx_word' id='word_1_462' title='bbox 1598 2173 1715 2206; x_wconf 83' lang='lat' dir='ltr'>futuris</span> <span class='ocrx_word' id='word_1_463' title='bbox 1733 2178 1858 2218; x_wconf 85' lang='lat' dir='ltr'>tempo·</span> 
     </span>
     <span class='ocr_line' id='line_1_87' title="bbox 1111 2226 1856 2269; baseline 0 -9"><span class='ocrx_word' id='word_1_464' title='bbox 1111 2227 1212 2269; x_wconf 87' lang='lat' dir='ltr'>ribus,</span> <span class='ocrx_word' id='word_1_465' title='bbox 1224 2228 1450 2260; x_wconf 86' lang='lat' dir='ltr'>informatione</span> <span class='ocrx_word' id='word_1_466' title='bbox 1461 2227 1500 2259; x_wconf 88' lang='lat' dir='ltr'>de</span> <span class='ocrx_word' id='word_1_467' title='bbox 1512 2227 1730 2260; x_wconf 83' lang='lat' dir='ltr'>contractibus</span> <span class='ocrx_word' id='word_1_468' title='bbox 1742 2226 1856 2261; x_wconf 84' lang='lat' dir='ltr'>ineun-</span> 
     </span>
     <span class='ocr_line' id='line_1_88' title="bbox 1111 2280 1856 2325; baseline 0 -11"><span class='ocrx_word' id='word_1_469' title='bbox 1111 2282 1158 2315; x_wconf 86' lang='lat' dir='ltr'>dis</span> <span class='ocrx_word' id='word_1_470' title='bbox 1178 2292 1236 2325; x_wconf 89' lang='lat' dir='ltr'>per</span> <span class='ocrx_word' id='word_1_471' title='bbox 1254 2281 1375 2314; x_wconf 88' lang='lat' dir='ltr'>litteras</span> <span class='ocrx_word' id='word_1_472' title='bbox 1393 2282 1440 2313; x_wconf 86' lang='lat' dir='ltr'>vel</span> <span class='ocrx_word' id='word_1_473' title='bbox 1461 2281 1551 2321; x_wconf 83' lang='lat' dir='ltr'>alias,</span> <span class='ocrx_word' id='word_1_474' title='bbox 1574 2286 1671 2324; x_wconf 84' lang='lat' dir='ltr'>prout</span> <span class='ocrx_word' id='word_1_475' title='bbox 1701 2280 1769 2325; x_wconf 88' lang='lat' dir='ltr'>ipse</span> <span class='ocrx_word' id='word_1_476' title='bbox 1798 2291 1856 2324; x_wconf 84' lang='lat' dir='ltr'>ge-</span> 
     </span>
     <span class='ocr_line' id='line_1_89' title="bbox 1110 2333 1855 2373; baseline -0.003 -5"><span class='ocrx_word' id='word_1_477' title='bbox 1110 2335 1229 2368; x_wconf 88' lang='lat' dir='ltr'>neralis</span> <span class='ocrx_word' id='word_1_478' title='bbox 1248 2334 1404 2373; x_wconf 85' lang='lat' dir='ltr'>statuerit,</span> <span class='ocrx_word' id='word_1_479' title='bbox 1426 2345 1443 2366; x_wconf 88' lang='lat' dir='ltr'>a</span> <span class='ocrx_word' id='word_1_480' title='bbox 1463 2334 1680 2367; x_wconf 61' lang='lat' dir='ltr'>subordinatis</span> <span class='ocrx_word' id='word_1_481' title='bbox 1698 2333 1855 2368; x_wconf 84' lang='lat' dir='ltr'>localibus</span> 
     </span>
     <span class='ocr_line' id='line_1_90' title="bbox 1111 2387 1855 2433; baseline -0.003 -12"><span class='ocrx_word' id='word_1_482' title='bbox 1111 2388 1302 2433; x_wconf 85' lang='lat' dir='ltr'>praepositis</span> <span class='ocrx_word' id='word_1_483' title='bbox 1320 2388 1369 2421; x_wconf 89' lang='lat' dir='ltr'>vel</span> <span class='ocrx_word' id='word_1_484' title='bbox 1392 2387 1572 2421; x_wconf 70' lang='lat' dir='ltr'>rectoribus</span> <span class='ocrx_word' id='word_1_485' title='bbox 1609 2393 1665 2420; x_wconf 90' lang='lat' dir='ltr'>aut</span> <span class='ocrx_word' id='word_1_486' title='bbox 1684 2387 1855 2432; x_wconf 82' lang='lat' dir='ltr'>praefectis</span> 
     </span>
     <span class='ocr_line' id='line_1_91' title="bbox 1111 2439 1854 2484; baseline -0.004 -9"><span class='ocrx_word' id='word_1_487' title='bbox 1111 2453 1166 2475; x_wconf 86' lang='lat' dir='ltr'>seu</span> <span class='ocrx_word' id='word_1_488' title='bbox 1187 2451 1299 2475; x_wconf 89' lang='lat' dir='ltr'>eorum</span> <span class='ocrx_word' id='word_1_489' title='bbox 1319 2441 1576 2484; x_wconf 77' lang='lat' dir='ltr'>vicegerentibus</span> <span class='ocrx_word' id='word_1_490' title='bbox 1601 2440 1651 2473; x_wconf 83' lang='lat' dir='ltr'>vel</span> <span class='ocrx_word' id='word_1_491' title='bbox 1683 2451 1702 2473; x_wconf 89' lang='lat' dir='ltr'>a</span> <span class='ocrx_word' id='word_1_492' title='bbox 1723 2439 1854 2484; x_wconf 90' lang='lat' dir='ltr'>provin-</span> 
     </span>
     <span class='ocr_line' id='line_1_92' title="bbox 1111 2489 1855 2524; baseline -0.003 0"><span class='ocrx_word' id='word_1_493' title='bbox 1111 2492 1244 2524; x_wconf 87' lang='lat' dir='ltr'>cialibus</span> <span class='ocrx_word' id='word_1_494' title='bbox 1275 2502 1331 2524; x_wconf 82' lang='lat' dir='ltr'>seu</span> <span class='ocrx_word' id='word_1_495' title='bbox 1357 2491 1574 2524; x_wconf 81' lang='lat' dir='ltr'>visitatoribus</span> <span class='ocrx_word' id='word_1_496' title='bbox 1597 2495 1652 2523; x_wconf 86' lang='lat' dir='ltr'>aut</span> <span class='ocrx_word' id='word_1_497' title='bbox 1671 2489 1855 2523; x_wconf 82' lang='lat' dir='ltr'>commissa-</span> 
     </span>
    </p>
   </div>
   <div class='ocr_carea' id='block_1_19' title="bbox 1111 2537 1887 2628">
    <p class='ocr_par' dir='ltr' id='par_1_19' title="bbox 1111 2537 1887 2628">
     <span class='ocr_line' id='line_1_93' title="bbox 1111 2537 1887 2579; baseline -0.001 -6"><span class='ocrx_word' id='word_1_498' title='bbox 1111 2541 1167 2574; x_wconf 82' lang='lat' dir='ltr'>riis</span> <span class='ocrx_word' id='word_1_499' title='bbox 1189 2541 1234 2573; x_wconf 85' lang='lat' dir='ltr'>vel</span> <span class='ocrx_word' id='word_1_500' title='bbox 1256 2540 1295 2573; x_wconf 87' lang='lat' dir='ltr'>ab</span> <span class='ocrx_word' id='word_1_501' title='bbox 1320 2540 1391 2572; x_wconf 89' lang='lat' dir='ltr'>aliis</span> <span class='ocrx_word' id='word_1_502' title='bbox 1421 2539 1481 2572; x_wconf 90' lang='lat' dir='ltr'>sibi</span> <span class='ocrx_word' id='word_1_503' title='bbox 1514 2539 1596 2572; x_wconf 86' lang='lat' dir='ltr'>hene</span> <span class='ocrx_word' id='word_1_504' title='bbox 1630 2538 1717 2579; x_wconf 87' lang='lat' dir='ltr'>visis,</span> <span class='ocrx_word' id='word_1_505' title='bbox 1737 2537 1854 2573; x_wconf 79' lang='lat' dir='ltr'>auditis</span> <span class='ocrx_word' id='word_1_506' title='bbox 1883 2567 1887 2572; x_wconf 94' lang='lat'>.</span> 
     </span>
     <span class='ocr_line' id='line_1_94' title="bbox 1112 2587 1887 2628; baseline -0.005 -5"><span class='ocrx_word' id='word_1_507' title='bbox 1112 2591 1196 2623; x_wconf 83' lang='lat' dir='ltr'>iuxta</span> <span class='ocrx_word' id='word_1_508' title='bbox 1236 2597 1349 2623; x_wconf 87' lang='lat' dir='ltr'>eorum</span> <span class='ocrx_word' id='word_1_509' title='bbox 1384 2589 1566 2622; x_wconf 90' lang='lat' dir='ltr'>institutum</span> <span class='ocrx_word' id='word_1_510' title='bbox 1600 2587 1850 2627; x_wconf 82' lang='lat' dir='ltr'>consultoribus,</span> <span class='ocrx_word' id='word_1_511' title='bbox 1884 2626 1887 2628; x_wconf 29' lang='lat'><strong><em>¹</em></strong></span> 
     </span>
    </p>
   </div>
   <div class='ocr_carea' id='block_1_20' title="bbox 1111 2638 1853 2685">
    <p class='ocr_par' dir='ltr' id='par_1_20' title="bbox 1111 2638 1853 2685">
     <span class='ocr_line' id='line_1_95' title="bbox 1111 2638 1853 2685; baseline -0.005 -12"><span class='ocrx_word' id='word_1_512' title='bbox 1111 2645 1254 2685; x_wconf 82' lang='lat' dir='ltr'>accepta,</span> <span class='ocrx_word' id='word_1_513' title='bbox 1293 2649 1518 2684; x_wconf 87' lang='lat' dir='ltr'>quaecumque</span> <span class='ocrx_word' id='word_1_514' title='bbox 1555 2638 1748 2680; x_wconf 89' lang='lat' dir='ltr'>domorum,</span> <span class='ocrx_word' id='word_1_515' title='bbox 1782 2640 1853 2670; x_wconf 86' lang='lat' dir='ltr'>tum</span> 
     </span>
    </p>
   </div>
   <div class='ocr_carea' id='block_1_21' title="bbox 1981 1245 2004 1265">
    <p class='ocr_par' dir='ltr' id='par_1_21' title="bbox 1981 1245 2004 1265">
     <span class='ocr_line' id='line_1_96' title="bbox 1981 1245 2004 1265; baseline 0 -8"><span class='ocrx_word' id='word_1_516' title='bbox 1981 1245 2004 1265; x_wconf 65' lang='grc'>1]</span> 
     </span>
    </p>
   </div>
   <div class='ocr_carea' id='block_1_22' title="bbox 1974 1639 1999 1717">
    <p class='ocr_par' dir='ltr' id='par_1_22' title="bbox 1972 1615 1999 1755">
     <span class='ocr_line' id='line_1_97' title="bbox 1974 1639 1999 1717; baseline 0 38"><span class='ocrx_word' id='word_1_517' title='bbox 1974 1639 1999 1717; x_wconf 41' lang='lat' dir='ltr'>t</span> 
     </span>
    </p>
   </div>
   <div class='ocr_carea' id='block_1_23' title="bbox 1961 1941 1999 2263">
    <p class='ocr_par' dir='ltr' id='par_1_23' title="bbox 1961 1941 1999 2263">
     <span class='ocr_line' id='line_1_98' title="bbox 1961 1941 1999 2263; baseline 0 965"><span class='ocrx_word' id='word_1_518' title='bbox 1961 1941 1999 2263; x_wconf 95' lang='lat' dir='ltr'> </span> 
     </span>
    </p>
   </div>
   <div class='ocr_carea' id='block_1_24' title="bbox 1967 2533 1989 2606">
    <p class='ocr_par' dir='ltr' id='par_1_24' title="bbox 1967 2533 1989 2606">
     <span class='ocr_line' id='line_1_99' title="bbox 1967 2533 1989 2606; textangle 90"><span class='ocrx_word' id='word_1_519' title='bbox 1978 2603 1981 2606; x_wconf 30' lang='lat'><strong>⁴</strong></span> <span class='ocrx_word' id='word_1_520' title='bbox 1967 2533 1989 2583; x_wconf 57' lang='lat' dir='ltr'>xjx</span> 
     </span>
    </p>
   </div>
   <div class='ocr_carea' id='block_1_25' title="bbox 2018 0 2059 3228">
    <p class='ocr_par' dir='ltr' id='par_1_25' title="bbox 2018 0 2059 3228">
     <span class='ocr_line' id='line_1_100' title="bbox 2018 0 2059 3228; baseline 0 0"><span class='ocrx_word' id='word_1_521' title='bbox 2018 0 2059 3228; x_wconf 95' lang='lat' dir='ltr'> </span> 
     </span>
    </p>
   </div>
  </div>
 </body>
</html>
