2059 3228
155 324 214 360 suit
228 323 394 358 humiliter
410 323 626 367 supplicatum
643 325 803 367 quatenus
819 332 897 355 con-

154 378 342 418 cessionem,
364 377 623 420 assignatioiwm,
651 377 846 411 erectionem
867 379 898 408 et

153 431 383 465 institutionem
395 430 574 474 praedictas
585 442 621 464 ac
638 431 699 463 alia
714 430 896 474 praemissa,

151 484 347 529 proillorum
364 483 779 524 subsistentia,confirmare
799 488 829 516 et
844 493 897 527 ap-

150 537 299 582 probare,
317 537 458 581 aliasque
472 537 611 582 desuper
624 542 806 582 opportune
824 547 896 580 pro-

149 590 256 625 videre
279 590 318 624 de
351 590 546 634 benignitate
580 591 756 635 apostolica
784 590 895 634 digna-

149 653 270 677 remur.

191 698 256 741 §3-
282 697 345 731 Nos
364 697 473 741 igitur,
505 697 696 731 Federicum
728 703 893 740 regentem

37 760 134 783 num-uo
147 757 179 785 et
201 751 378 786 confratres
402 751 583 797 praedictos
597 763 634 785 ac
658 762 770 785 eorum
783 762 895 795 quem-

34 792 134 814 ¹⁸⁷⁸¹¹⁸⁸¹¹
146 804 224 839 libet
241 816 261 838 a
279 805 444 849 quibusvis
464 805 816 847 excommunicationis,
834 809 890 837 etc.

146 863 311 892 censentes
325 885 333 900 ,
376 859 560 893 huiusmodi
604 858 893 903 supplicationibus

145 911 308 952 inclinati,
342 913 582 946 concessionem
599 939 606 953 ,
628 912 889 956 assignationem,

145 964 339 1001 erectionem
379 971 409 999 et
442 966 661 999 institutiones
698 966 889 1009 praedictas,

145 1018 237 1052 sicuti
257 1019 412 1053 canonice
423 1019 524 1053 factae
535 1020 678 1061 fuerunt,
701 1019 890 1053 eorumdem

144 1071 276 1116 capituli
296 1072 335 1105 ad
354 1073 416 1106 hoc
436 1081 586 1117 expresso
621 1073 793 1106 accedente
812 1084 890 1106 con-

143 1136 237 1160 sensu
256 1152 264 1167 ,
308 1126 485 1170 apostolica
522 1127 712 1160 auctoritate
731 1154 738 1168 ,
779 1133 890 1160 tenore

143 1179 374 1224 praesentium,
400 1180 620 1224 approbamus
654 1186 685 1213 et
716 1180 890 1214 confirma-

118 1250 121 1253 <
143 1244 226 1275 mus,
248 1233 378 1278 illisque
397 1239 573 1278 perpetuae
603 1235 766 1268 firmitatis
790 1235 891 1268 robur

141 1287 323 1329 adiicimus,
350 1298 526 1331 omnesque
546 1293 577 1321 et
595 1288 740 1331 singulos
760 1288 840 1321 iuris
859 1294 891 1321 et

141 1340 216 1375 faeti
247 1341 403 1382 defectus,
441 1342 466 1375 si
496 1342 551 1386 qui
587 1342 831 1375 intervenerunt
856 1342 890 1374 in

141 1393 271 1435 eisdem,
291 1395 501 1439 supplemus,
532 1406 569 1428 ac
603 1395 673 1428 illas
705 1395 825 1428 validas
859 1401 890 1428 et

141 1447 285 1482 efficaces
318 1448 468 1489 existere,
501 1458 639 1492 suosque
663 1449 824 1492 plenarios
858 1454 890 1482 et

139 1500 281 1545 integros
300 1502 432 1536 effectus
457 1502 563 1536 sortiri
592 1503 710 1536 debere
744 1502 889 1536 decerni-

141 1565 223 1597 mus;
245 1560 275 1589 et
294 1555 518 1596 nihilominus,
541 1567 600 1601 pro
618 1556 734 1600 potiori
748 1557 885 1597 cautela,

141 1609 435 1643 confraternitatem
450 1609 660 1653 praedictam,
673 1610 713 1643 de
729 1620 888 1643 consensu

61 1455 87 1509 e

731 267 906 294 Gnnnontus
923 266 979 291 xnt
998 265 1046 291 ΡΡ.

1577 255 1639 289 367

939 320 1026 353 cario
1045 320 1282 364 approbandos,
1305 326 1335 353 ct
1354 320 1391 353 ad
1407 319 1550 364 ipsorum
1573 328 1685 361 regen-

938 374 978 407 tis
1008 378 1039 407 et
1063 374 1262 407 confratrum
1303 381 1414 406 nutum
1455 372 1619 417 ponendos
1654 377 1684 404 et

939 427 1143 468 amovendo&
1163 427 1219 471 qui
1241 427 1353 460 missas
1377 432 1407 460 et
1426 427 1487 459 alia
1510 425 1615 459 divina
1635 425 1683 458 of-

938 481 1022 521 licia,
1060 481 1145 513 iuxta
1177 480 1342 525 providam
1364 480 1606 524 dispositionem
1627 479 1683 512 de—

937 545 1035 578 super
1055 534 1094 567 ab
1115 534 1235 567 eisdem
1265 540 1394 577 regente
1415 539 1444 567 ct
1469 532 1684 566 confratribus

937 588 1128 628 faciendam,
1151 588 1183 620 in
1204 588 1272 631 ipsa
1293 588 1439 632 cappella
1457 587 1620 621 celebrare
1636 593 1682 620 tc-

937 646 1086 682 neantur,
1114 652 1149 674 ac
1170 641 1202 674 in
1227 641 1339 674 eadem
1360 642 1504 685 cappella
1525 646 1586 674 tam
1609 650 1684 674 con-

937 695 1050 728 fratres
1081 705 1179 739 quam
1211 694 1291 728 alios
1324 694 1547 728 christifideles
1590 704 1680 737 sepe—

936 748 1006 788 lire,
1028 758 1168 790 necnon,
1190 759 1249 792 pro
1270 748 1357 781 illius
1382 753 1413 781 et
1432 748 1534 781 dictae
1554 748 1680 781 confra-

936 801 1093 834 ternitatis
1112 802 1233 835 salubri
1253 801 1442 841 directione,
1465 812 1501 834 ac
1522 812 1629 834 rerum
1651 807 1681 834 ct

934 855 1095 887 bonorum
1139 856 1326 888 earumdem
1373 854 1648 888 administratione
1671 881 1678 894 ,

933 919 1158 952 quaecumque
1188 914 1306 942 statuta
1330 913 1360 941 et
1389 908 1618 949 ordinationes,
1640 907 1680 940 li-

933 962 996 995 cita
1016 968 1123 996 tamen
1140 969 1171 995 et
1198 963 1333 996 honesta
1361 973 1398 995 ac
1429 962 1527 994 sacris
1547 961 1679 995 canoni-

932 1015 993 1049 bus
1017 1022 1047 1048 et
1067 1015 1205 1049 decretis
1238 1015 1369 1049 concilii
1402 1015 1581 1048 Tridentini
1615 1026 1679 1048 non

932 1070 1106 1109 contraria,
1131 1069 1170 1102 ab
1191 1070 1304 1103 eodem
1323 1069 1443 1103 vicario
1475 1069 1595 1113 pariter
1626 1080 1680 1112 ap-

932 1123 1119 1167 probanda,
1156 1124 1317 1164 condere;
1353 1134 1465 1167 eaque,
1510 1128 1679 1167 postquam

931 1177 1061 1210 condita
1080 1177 1210 1218 suerint,
1233 1188 1291 1221 pro
1311 1182 1493 1220 temporum
1514 1176 1676 1217 varietate,

931 1231 1105 1273 corrigere,
1141 1231 1286 1272 alterare,
1312 1230 1495 1271 immutare,
1522 1230 1676 1270 limitare,

932 1284 1118 1318 modificare
1137 1290 1168 1318 et
1192 1285 1224 1317 in
1246 1284 1413 1318 meliorem
1433 1285 1570 1317 sormam
1591 1284 1676 1317 redi-

930 1348 1004 1380 gere
1028 1348 1084 1371 seu
1109 1338 1141 1370 in
1173 1343 1277 1371 totum
1312 1349 1447 1379 cassare,
1482 1343 1512 1371 et
1536 1337 1609 1378 alia,
1642 1342 1678 1370 ut

932 1391 1112 1435 praefertur
1130 1392 1351 1435 approbanda,
1376 1391 1414 1425 de
1435 1401 1517 1424 novo
1537 1391 1677 1425 condere

929 1450 960 1477 et
979 1445 1086 1486 edere,
1114 1456 1196 1488 quae
1231 1445 1339 1479 onmia
1370 1456 1497 1489 semper
1520 1457 1538 1478 a
1556 1443 1677 1478 vicario

928 1499 1094 1542 praedicto
1114 1499 1177 1532 sint
1211 1499 1391 1532 examinata
1423 1503 1454 1532 et
1486 1499 1673 1542 approbata,

928 1552 1029 1586 libere
1054 1558 1085 1586 et
1117 1553 1204 1586 licite
1233 1554 1369 1593 valeant,
1406 1553 1559 1597 quodque
1592 1552 1676 1586 dicta

928 1607 1075 1651 cappella
1094 1618 1151 1640 seu
1171 1607 1257 1640 ill-ius
1278 1607 1377 1640 altare
1409 1607 1504 1639 etiam
1537 1617 1554 1639 a
1583 1606 1677 1640 nobis

1700 265 1750 292 Αη.
1768 261 1797 291 C.
1811 260 1884 290 4580

140 1661 272 1706 capituli
292 1662 478 1696 huiusmodi
498 1674 516 1696 a
536 1663 652 1696 dilecto
677 1663 743 1696 filio
777 1669 887 1697 nostro
907 1688 909 1714 l
927 1660 975 1693 vel
987 1659 1067 1693 Sede
1084 1660 1250 1704 praedicta
1261 1671 1316 1693 seu
1337 1660 1423 1693 illius
1444 1660 1566 1703 legatis,
1580 1659 1675 1692 etiam

139 1714 172 1748 in
190 1715 277 1749 dicta
299 1715 380 1749 urbe
400 1721 430 1749 et
450 1715 520 1749 eius
540 1716 688 1749 districtu
713 1717 835 1750 vicario
856 1717 888 1750 in
907 1717 909 1764 ff
927 1713 966 1746 de
997 1713 1107 1755 latere,
1142 1715 1190 1747 vel
1215 1714 1328 1747 eodem
1363 1713 1481 1746 vicario
1506 1718 1561 1745 aut
1593 1708 1674 1756 ‹pio-

140 1767 362 1813 spiritualibus
391 1769 542 1812 ,generali
576 1770 808 1814 approbando,
850 1771 888 1803 de
907 1767 912 1808 ’ῃ
928 1777 1068 1810 cumque
1091 1767 1154 1801 alio
1180 1768 1212 1800 in
1233 1768 1361 1801 titulum
1382 1767 1530 1811 perpetui
1552 1766 1673 1800 benefi-

140 1831 232 1864 novo,
254 1822 322 1856 sine
343 1821 480 1856 alicuius
512 1823 724 1867 praeiudicio,
746 1824 888 1857 auctori·
927 1821 968 1854 cii
989 1821 1197 1854 ecclesiastici
1222 1820 1314 1864 erigi,
1341 1832 1397 1854 seu
1432 1826 1594 1863 tamquam
1621 1819 1674 1852 be-

140 1878 203 1909 tate
221 1880 254 1909 et
271 1881 384 1910 tenore
403 1876 589 1920 praedictis,
611 1882 768 1921 perpetuo
789 1877 887 1920 erigi-
907 1894 910 1922 l
927 1874 1079 1908 neficium
1100 1875 1356 1908 ecclesiasticum
1377 1885 1435 1918 per
1449 1883 1673 1917 quoscumque

141 1938 212 1962 mus
227 1933 259 1962 et
276 1928 487 1970 instituimus;
509 1940 638 1964 necnon
657 1941 716 1974 pro
741 1936 888 1974 tempore
907 1925 908 1947 l
927 1928 1106 1972 impetrari,
1122 1929 1170 1964 vel
1185 1928 1283 1961 alicui
1304 1927 1395 1961 alteri
1416 1927 1594 1971 cappellae,
1620 1937 1673 1959 ec-

141 1982 347 2016 existentihus
370 1983 493 2027 regenti
514 1989 545 2017 et
564 1984 779 2018 confratribus
792 1995 886 2029 prae-

71 2055 98 2075 „
141 2034 245 2077 dictis,
270 2041 306 2070 ut
339 2037 502 2081 perpetuis
539 2037 656 2070 futuris
688 2039 888 2082 temporibus

67 2094 70 2095 ’
88 2126 90 2131 Ι
141 2087 258 2123 dictam
281 2091 460 2134 cappellam
479 2102 516 2124 ac
536 2091 645 2124 omnia
654 2098 685 2125 et
699 2091 825 2135 singula
848 2092 887 2124 il-

81 2179 88 2188 *
141 2141 204 2175 lius
237 2153 289 2177 res
307 2149 338 2177 et
356 2143 441 2177 bona
483 2144 616 2178 mobilia
648 2150 679 2179 et
710 2145 889 2179 immobilia

142 2204 178 2228 ac
201 2205 234 2231 se
253 2197 425 2238 moventia,
447 2198 628 2241 praesentia
644 2204 675 2232 et
696 2199 813 2240 sutura,
835 2209 887 2232 re-

142 2256 236 2291 gere,
267 2250 450 2293 guhernare
481 2256 512 2285 et
546 2250 782 2293 administrare,
815 2252 887 2285 illo—

91 2343 94 2347 .
142 2309 278 2346 rumque
310 2303 445 2344 fructus,
480 2314 607 2338 necnon
640 2305 819 2339 oblationes
857 2312 888 2339 et

143 2353 358 2401 eleemosynas
386 2356 510 2400 aliaque
543 2358 597 2402 pia
629 2358 779 2401 suffragia
807 2358 887 2392 inibi

143 2417 201 2451 pro
228 2413 374 2455 tempore
400 2416 529 2454 erogata
560 2411 739 2456 percipere,
763 2412 887 2455 exigere

96 2460 99 2463 ’
143 2464 176 2493 et
192 2460 308 2505 levare,
330 2474 367 2497 ac
394 2463 428 2496 in
457 2463 556 2507 ipsius
577 2465 741 2509 cappellae
760 2476 836 2498 usus
857 2471 888 2499 et

143 2509 324 2552 utilitatem,
349 2523 387 2545 ac
406 2512 493 2545 illius
512 2512 631 2545 iurium
662 2518 693 2546 et
725 2514 886 2547 bonorum

136 2561 413 2595 ,conservationem
434 2568 464 2595 et
486 2562 583 2594 divini
603 2563 708 2595 cultus
731 2573 886 2606 augmen-

134 2610 211 2639 tum
230 2614 427 2650 convertere,
449 2621 574 2643 necnon
594 2621 695 2643 unum
711 2612 759 2644 vel
779 2614 887 2655 plures

145 2655 365 2702 presbyterum
381 2669 436 2698 seu
457 2659 670 2704 presbyteros,
697 2671 715 2693 a
735 2660 820 2694 dicto
841 2661 887 2693 vi-

928 1982 1043 2016 clesiae
1058 1993 1114 2016 seu
1130 1981 1289 2016 beneficio
1310 1980 1524 2014 ecclesiastico
1543 1980 1591 2013 vel
1602 1980 1674 2013 loco

929 2036 1026 2077 uniri,
1048 2042 1103 2069 aut
1123 2036 1210 2068 illius
1241 2035 1363 2068 fructus
1392 2040 1422 2067 et
1454 2034 1540 2066 bona
1568 2032 1672 2077 appli-

928 2090 1006 2132 cari,
1043 2101 1099 2123 seu
1125 2090 1203 2123 alias
1226 2100 1262 2123 ex
1284 2089 1346 2121 illis
1371 2086 1496 2131 disponi
1521 2091 1672 2130 nequeat;

929 2144 1114 2187 nullusque,
1137 2142 1313 2187 apostolica
1346 2141 1395 2174 vel
1426 2140 1588 2173 ordinaria
1618 2144 1674 2173 aut

928 2198 1071 2241 delegata
1106 2208 1162 2230 seu
1187 2196 1283 2228 mixta
1321 2193 1565 2227 ai.1ctoritatil]us
1599 2193 1672 2226 sun-

927 2262 1016 2295 genS,
1051 2249 1231 2293 delegatis,
1254 2249 1385 2287 relictis,
1413 2247 1510 2280 rebus
1540 2254 1571 2280 et
1602 2246 1673 2279 aliis

928 2305 1113 2349 praedictis,
1136 2304 1255 2336 directe
1289 2302 1337 2335 vel
1369 2301 1536 2341 indirecte,
1563 2300 1674 2344 quovis

928 2358 1072 2402 quaesito
1097 2358 1214 2397 colore,
1236 2356 1355 2398 absque
1376 2364 1523 2398 expressa
1542 2354 1673 2387 licentia

928 2423 987 2456 pro
1001 2418 1145 2456 tempore
1171 2409 1371 2443 existentium
1392 2407 1531 2451 regentis
1550 2413 1581 2440 et
1601 2418 1672 2441 con—

928 2466 1062 2498 fratrum
1100 2463 1340 2508 praedictorum
1379 2461 1410 2493 in
1444 2460 1571 2504 scriptis
1608 2467 1672 2494 tra-

928 2514 1003 2555 dita,
1024 2525 1056 2548 se
1077 2513 1289 2547 intromittere
1323 2510 1528 2554 aliquatenus
1559 2510 1671 2554 possit,

927 2564 1103 2606 apostolica
1136 2561 1324 2594 auctoritate
1355 2565 1385 2592 et
1409 2565 1519 2593 tenore
1548 2559 1674 2602 praedi-

928 2612 985 2645 ctis
1005 2617 1162 2657 perpetuo
1183 2609 1391 2643 concedimus
1405 2614 1436 2641 et
1452 2608 1669 2651 indulgemus.

970 2662 985 2705 ἓ
1014 2661 1046 2694 lt.
1077 2660 1208 2693 Necnon
1237 2668 1460 2702 quascumque
1479 2658 1670 2698 erectiones,
