2059 3228
27 190 78 230 ῃ.
94 187 203 218 (1.1535

218 243 604 278 archironfraternitatem
656 243 826 287 utriusque
871 253 965 276 sexus

218 296 488 335 christifidelium,
522 297 577 341 qui
613 297 766 330 chordam
797 307 854 340 per
878 296 963 329 eins-

218 350 289 383 dem
323 349 450 384 Ordinis
478 352 589 383 fratres
609 350 674 393 geri
701 350 837 391 solitam,
865 360 902 382 ox
926 349 964 381 il-

218 403 322 436 lorum
343 403 511 437 devotione
531 405 686 443 deferant,
709 414 745 436 ac
767 404 819 436 illa
835 402 964 445 cingan-

217 461 281 497 tur,
304 457 362 489 sub
384 457 582 490 invocatione
618 457 761 489 eiusdem
783 456 813 489 S.
838 455 965 488 Franci-

217 509 273 550 sci,
296 510 470 554 apostolica
498 510 703 547 auctoritate,
733 516 843 542 tenore
869 520 963 552 prac-

216 563 367 603 sentium,
383 569 539 607 perpetuo
552 564 704 605 erigimus
716 562 961 595 etinstituiinus.

217 616 256 650 Ut
275 621 379 649 autem
402 617 467 660 ipsa
488 615 825 649 archiconfraternitas
837 615 963 647 confra-

217 733 355 756 numero
380 724 410 756 in
431 723 498 756 dies
519 723 619 766 magis
650 722 802 766 ampliata
830 722 963 755 decore-

217 782 282 818 tur,
304 777 428 821 ipsique
449 777 672 809 confratresad
686 776 811 820 piorum
829 786 962 819 operum

218 884 256 917 ad
288 883 454 916 ecclesiam
474 888 504 915 et
524 883 622 916 altare
657 882 843 915 huiusmodi
870 882 965 915 devo-

218 937 315 971 tionis
347 947 442 970 causa
476 937 650 977 confluant,
685 947 750 980 quo
775 947 833 980 per
852 937 913 968 hoc
933 947 965 969 se

215 991 339 1024 maiora
373 991 520 1024 coelestis
540 990 660 1033 gratiae
689 991 773 1023 dona
807 1001 965 1031 cognove-

218 1045 282 1078 rint
301 1043 447 1088 adipisci,
470 1043 509 1076 de
534 1043 763 1087 omnipotentis
790 1044 844 1076 Dei
871 1044 965 1077 mise-

217 1097 371 1137 ricordia,
393 1108 430 1130 ac
458 1097 625 1130 beatorum
652 1096 736 1130 Petri
768 1103 798 1130 et
823 1097 910 1129 Pauli
935 1108 967 1130 a-

217 1151 418 1195 postolorum
438 1151 507 1184 eius
527 1150 716 1183 auctoritate
734 1151 859 1184 confisi:

262 1205 276 1249 ᾗ
301 1203 332 1238 3.
359 1203 514 1238 Omnibus
535 1209 564 1237 et
588 1203 721 1245 singulis
740 1204 907 1248 utriusque
920 1216 967 1238 se-

42 1252 203 1314 Ωπξξξζῗὲῗ·
218 1269 276 1292 xus
299 1257 575 1298 christifidelibus,
598 1258 653 1301 qui
674 1268 746 1290 rere
767 1259 968 1301 poenitentes

50 1316 112 1348 ditor
125 1324 162 1346 ιπο
172 1319 205 1340 die
219 1317 248 1346 et
268 1311 417 1352 confessi,
439 1322 475 1344 ac
494 1312 669 1354 praefatam
688 1311 853 1351 chordam,
885 1322 967 1355 quae

50 1356 141 1381 ffl'm'
219 1365 309 1409 prius
328 1375 345 1398 a
370 1364 591 1408 superioribus
611 1364 688 1397 dicti
710 1364 838 1398 Ordinis
867 1366 966 1398 bene-

219 1417 283 1452 dici
302 1418 426 1458 debeat,
447 1417 486 1450 ad
506 1417 715 1450 reverentiam
733 1424 763 1450 et
779 1419 966 1451 memoriam

219 1471 364 1506 eiusdem
389 1471 420 1505 S.
443 1471 605 1504 Francisci
631 1478 789 1513 gerentes,
813 1483 967 1516 sacraque

219 1524 450 1560 communione
468 1524 589 1564 refecti,
609 1527 782 1568 praefatam
796 1526 967 1558 archicon-

219 1579 451 1614 fraternitatem
472 1578 712 1620 ingrediuntur,
725 1579 774 1611 die
789 1579 881 1622 primi
896 1579 968 1611 illo—

220 1643 293 1666 rum
314 1633 488 1676 ingressus,
515 1643 552 1665 ac
576 1632 608 1664 in
630 1632 741 1665 mortis
761 1632 902 1676 ipsorum
918 1644 969 1665 ar-

221 1686 333 1726 ticulo,
360 1696 479 1719 nomen
504 1685 573 1718 lesu
600 1696 655 1718 ore
684 1686 731 1719 rel
765 1686 861 1719 corde
888 1686 972 1719 invo-

223 1739 382 1780 cantibus,
405 1739 430 1772 si
447 1738 542 1772 etiam
555 1750 628 1772 vere
640 1740 838 1781 poenitentes
850 1746 881 1773 et
893 1750 970 1773 con-

224 1789 297 1823 fessi
320 1788 448 1828 fuerint,
470 1789 645 1832 plenarian]
667 1789 971 1832 onininmpecrato-

223 1849 296 1871 rum
331 1842 466 1871 suorum
494 1837 729 1880 indulgentiam
757 1844 787 1870 ct
811 1838 970 1871 remissio-

225 1897 310 1921 nem:

270 1938 284 1980 ξ
307 1937 339 1970 4.
366 1936 405 1969 Et,
424 1936 557 1980 insuper
577 1936 680 1969 eidem
702 1936 973 1970 arcliieonfrater-

63 1986 211 2040 ¹⁴¹³“F'fflriffi
226 1985 316 2020 nitati
335 1985 486 2029 illiusque
506 1985 722 2018 confratribus
741 1995 852 2018 omnes
872 1986 976 2019 etsin-

57 2022 214 2073 lffiil'iieniiss
227 2036 317 2078 gulas
338 2034 554 2077 indulgentias
578 2040 609 2067 et
634 2039 838 2078 peccatorum
862 2036 974 2068 remis-

57 2081 214 2133 ffis‘e‘offffi:
228 2083 333 2118 siones
353 2094 389 2116 ac
408 2083 621 2116 relaxationes
632 2083 975 2117 archiconfraternitati

61 2141 150 2170 mlutiin

230 2181 383 2215 S.Luciae
394 2182 432 2214 de
446 2182 530 2215 Urbe
542 2181 704 2214 institutae
716 2192 840 2214 necnon
850 2183 977 2225 praedi-

231 2236 281 2264 cto
302 2230 412 2264 Ordini
433 2241 469 2263 ac
490 2231 576 2264 illius
598 2231 748 2264 fratribus
769 2237 798 2264 ct
818 2231 976 2275 personis,

231 2280 502 2325 quandocumque
522 2285 552 2313 et
569 2281 980 2324 perquoscnmqneItoma-

232 2339 291 2362 nos
320 2328 491 2378 Pontifices
510 2328 774 2372 praedecessores
799 2335 924 2362 nostros
945 2340 980 2362 ac

234 2432 314 2466 tum,
328 2436 410 2470 quac
421 2426 576 2459 hactenus
587 2432 751 2459 revocatae
761 2437 824 2459 non
839 2427 979 2466 fuerunt,

235 2480 327 2508 motu
346 2480 377 2508 et
396 2474 586 2508 auctoritate
611 2486 647 2508 ac
671 2480 782 2508 tenore
809 2475 980 2516 similibus,

237 2523 331 2557 etiam
353 2529 509 2567 perpetuo
532 2524 741 2557 concedimus
761 2529 790 2558 et
809 2523 985 2567 elargimur

238 2581 277 2606 ac
297 2573 586 2607 communicamus.

218 830 405 864 exercitium
442 829 668 874 propensiores
703 830 890 869 reddantur,
928 839 986 862 ac⁴

876 189 979 214 Slxrcs
1002 189 1020 212 V
1045 189 1091 212 PP-

983 313 985 321 i

233 2377 328 2411 etiam
349 2387 408 2421 per
427 2387 485 2410 nos
505 2387 684 2418 concessas,
707 2378 810 2421 quoad
831 2378 900 2410 illas
914 2385 982 2410 tan-
1001 2389 1003 2401 Α

1003 2541 1009 2611 l

1643 177 1700 212 631
1766 187 1806 214 An
1836 187 1948 216 c‚1585

1050 241 1064 284 g
1089 241 1120 273 5.
1149 241 1323 283 Postremo,
1346 242 1463 276 dilecto
1482 242 1547 276 filio
1568 243 1656 276 fratri
1683 244 1752 277 Cle·
1793 250 1951 271 Generatim-

1006 295 1105 326 menti
1127 295 1330 336 Bontadosio‚
1353 307 1450 336 nunc,
1473 303 1504 330 et
1527 308 1584 340 pro
1607 302 1751 340 tempore
1767 283 1950 335 ffssiiflssssssifflss

1006 348 1151 381 existenti
1184 349 1259 382 ‹licti
1289 350 1415 383 Ordinis
1435 351 1573 393 generali
1600 351 1751 391 magistro
1767 346 1951 402 Zfflfflfflssssssff

1006 401 1132 435 Ordinis
1153 403 1285 435 fratrum
1308 404 1464 437 Minorurn
1486 404 1752 437 Conventualium
1767 407 1922 429 “mmmm'-

1005 458 1755 502 nuncupati‚rum,quascumqueconfraternita-

1007 514 1052 541 tes
1065 509 1230 552 utriusque
1247 521 1338 541 sexus
1351 511 1607 544 christifidelium
1621 512 1754 545 Chordi-

1006 573 1156 605 gerorum
1179 563 1365 596 huiusmodi
1384 564 1414 596 in
1428 565 1687 610 qnilmscumque
1700 577 1753 600 ec-

984 616 1111 655 1clesiis
1138 617 1309 650 domorum
1343 623 1406 650 tam
1433 619 1588 652 Minorurn
1610 621 1753 654 Conven-

216 674 301 703 trum
332 669 603 711 Chordigerorum
630 669 789 712 praefatae
825 658 986 701 chordae*

1006 670 1140 702 tualium
1151 682 1247 714 quarn
1260 672 1539 715 Cappuccinorum
1550 674 1629 707 etde
1641 674 1754 708 Obser-

1005 724 1110 757 vantia
1130 731 1394 767 nuncupatorum
1419 726 1553 759 fratrum
1574 728 1754 770 praedicto-

1008 789 1092 818 rum,
1107 778 1137 810 in
1150 778 1409 822 quibuscumque
1430 780 1540 813 mundi
1557 778 1702 824 partibus
1723 787 1754 815 et

1007 832 1097 873 locis,
1121 843 1178 876 pro
1200 838 1345 876 tempore
1365 833 1524 875 erigendis
1539 839 1567 866 et
1582 834 1752 867 instituen-

1007 886 1066 925 dis,
1085 886 1226 928 erigendi
1239 892 1267 919 et
1282 886 1480 926 instituendi,
1502 887 1647 931 illasque,
1667 894 1752 932 post-

1007 950 1103 982 quam
1125 945 1250 973 erectae
1276 945 1305 973 et
1326 940 1487 972 institutae
1508 941 1638 982 fuerint,
1662 953 1753 985 prae-

1008 993 1088 1025 fatae
1109 993 1455 1027 archiconfraternitati
1485 1005 1541 1037 per
1571 1001 1753 1038 praesentes

1007 1052 1132 1080 erectae
1148 1053 1175 1079 et
1196 1046 1368 1087 institutae,
1390 1058 1462 1080 cum
1485 1048 1634 1081 omnibus
1652 1054 1679 1081 et
1693 1049 1755 1081 sin-

1007 1100 1090 1143 gulis
1118 1101 1336 1142 indulgentiis,
1367 1107 1573 1144 peccatorum
1593 1102 1754 1135 remissio-

1009 1154 1102 1186 nibus
1127 1159 1157 1186 et
1186 1154 1450 1195 relaxationibus,
1481 1155 1686 1198 aggregandi,
1718 1167 1754 1189 ac

1009 1207 1092 1250 ipsas
1119 1207 1335 1247 indulgentias
1356 1208 1416 1241 illis
1437 1214 1467 1241 et
1491 1220 1601 1242 earum
1628 1210 1754 1242 confra-

1008 1260 1110 1293 tribus
1131 1262 1403 1301 communicandi,
1432 1263 1614 1306 pariterque
1639 1273 1754 1296 conce-

1008 1314 1117 1353 dendi,
1144 1315 1284 1358 plenam,
1317 1316 1451 1348 liberam
1481 1321 1512 1349 et
1536 1316 1754 1349 omnimodam

1010 1368 1190 1401 facultatem
1234 1373 1264 1401 et
1305 1369 1530 1401 auctoritatem
1574 1370 1687 1402 damus
1725 1376 1756 1403 et

1009 1421 1238 1462 concedimus,
1274 1428 1370 1465 prout
1402 1433 1460 1455 nos
1485 1424 1611 1456 easdem
1645 1434 1756 1456 omnes

1009 1476 1304 1516 confraternitates,
1321 1487 1357 1509 ex
1375 1487 1460 1509 nunc
1481 1483 1577 1520 prout
1605 1488 1641 1510 ex
1666 1483 1755 1517 tunc,

1010 1534 1180 1573 postquam
1213 1535 1337 1563 erectae
1369 1536 1398 1562 et
1434 1530 1596 1563 institutae
1625 1531 1754 1569 fuerint,

1012 1583 1070 1626 ipsi
1101 1583 1446 1616 archiconfraternitati
1483 1595 1540 1626 per
1574 1577 1757 1626 praesentes

1012 1641 1136 1669 erectae
1157 1643 1187 1669 et
1208 1636 1370 1669 institutae
1391 1636 1576 1669 huiusmodi
1605 1647 1756 1680 aggrega-

1012 1701 1095 1731 mus,
1117 1691 1339 1734 praefatasque
1358 1690 1650 1731 int1111321·niiasiitis
1667 1695 1696 1723 et
1708 1701 1759 1723 ea-

1012 1754 1084 1776 rum
1106 1744 1320 1777 confratribus
1341 1744 1618 1776 communicamus
1635 1749 1665 1776 et
1682 1754 1759 1777 con-

1013 1797 1167 1830 cedimus.

1058 1851 1072 1894 ἓ
1097 1852 1128 1885 6.
1155 1851 1367 1884 Decernentes
1381 1850 1506 1883 easdem
1520 1850 1760 1894 praesenteslit-

1015 1911 1099 1938 teras
1135 1906 1225 1938 nullo
1263 1916 1417 1948 umquam
1452 1910 1595 1948 tempore
1629 1905 1668 1937 de
1688 1905 1762 1937 sub-

1016 1958 1171 2001 reptionis
1190 1959 1237 1991 rel
1260 1958 1458 2001 obreptionis
1482 1958 1569 1997 vitio,
1590 1958 1636 1991 vel
1659 1958 1762 1991 inten—

1017 2011 1112 2044 tionis
1143 2022 1196 2044 seu
1223 2012 1373 2055 (propium
1403 2011 1464 2044 alio
1491 2012 1617 2044 defectu
1646 2012 1761 2051 notari,

1018 2065 1202 2108 impugnari
1227 2065 1273 2097 vei
1320 2064 1483 2096 retractari
1524 2070 1579 2097 aut
1620 2065 1763 2097 revocari

1848 1859 1957 1882 clausulae

1777 1894 1958 1923 praesen-ativae.

229 2132 412 2167 Consalonis
430 2133 464 2165 B·
492 2133 608 2166 Mariae
628 2132 765 2175 Virginis
786 2132 816 2164 in
842 2133 977 2166 ecclesia
996 2132 999 2164 ιτ
1019 2119 1179 2150 ullatenus
1203 2129 1293 2161 posse
1315 2128 1420 2159 neque
1445 2118 1584 2157 ‹lehere3
1606 2118 1660 2149 sed
1681 2128 1764 2150 sem-

1020 2181 1078 2215 per
1098 2176 1128 2203 et
1153 2171 1183 2203 in
1203 2176 1395 2214 perpetuum
1417 2170 1533 2202 validas
1561 2176 1592 2203 et
1621 2171 1765 2204 efficaces

1021 2224 1169 2263 existere,
1186 2234 1322 2266 suosque
1341 2223 1500 2267 plenarios
1517 2224 1649 2257 effectus
1660 2224 1766 2257 sortiri

1022 2278 1149 2310 dehere.

1066 2331 1080 2373 ξ
1101 2331 1130 2363 7.
1158 2330 1225 2363 Non
1251 2330 1449 2363 obstantibus
1474 2330 1656 2373 praemissis
1669 2342 1767 2365 aere-

1023 2380 1095 2422 gula
1117 2385 1224 2411 nostra
1245 2380 1283 2411 de
1301 2379 1508 2419 indulgentiis
1528 2379 1566 2411 ad
1587 2380 1684 2413 instar
1704 2391 1768 2414 non

1025 2428 1260 2467 concedendis,
1283 2440 1319 2460 ac
1344 2428 1413 2460 aliis
1433 2428 1715 2462 constitutionibus
1739 2436 1770 2463 et

1024 2477 1281 2509 ordinationitms
1291 2477 1487 2520 apostolicis,
1503 2478 1678 2522 ceterisque
1691 2489 1768 2512 con-

1027 2525 1131 2557 trariis
1152 2525 1422 2569 quibuscumque.

1070 2573 1152 2607 Nulli
1174 2585 1248 2617 crgo
1267 2579 1323 2609 ι’ίιι.

1577 2299 1597 2313 ,ι-

1805 2346 1913 2367 clausulae
1929 2345 1963 2366 de-

1785 2379 1912 2405 rogatui-iae.
