2059 3228
90 251 143 279 Αη.
161 251 189 279 c.
208 249 275 281 1586
336 244 399 279 696

290 311 462 340 remaneat.
488 305 657 340 Praeterea
676 316 865 339 consensum
896 306 1034 339 duarum
1076 303 1272 337 conscientia
1291 304 1521 348 pontiflciaqne
1541 306 1670 340 caritate
1694 305 1820 348 confisi,

288 360 399 392 saltem
434 370 470 391 cx
505 359 608 392 tribus
639 359 781 403 partibus
806 359 1031 398 cardinalium,

288 412 341 455 qui
362 413 554 445 consistorio
566 413 780 452 interfuerint,
798 412 963 456 praestari,
980 413 1034 444 de-

288 470 477 509 cretumque
494 466 600 509 ipsum
621 466 809 499 eorumdem
821 465 1033 499 cardinalium

288 519 559 552 consentientium
570 519 806 563 subscriptione
826 519 972 552 roborari
986 528 1036 551 vo-

288 573 408 605 lumuS.

331 626 346 669 g
371 625 403 659 3.
430 626 526 659 Extra
542 625 601 659 hos
620 631 728 659 autem
749 625 962 670 praescriptos
983 635 1034 658 ca-

288 691 353 720 sus,
377 689 506 713 omnem
527 680 625 713 liuius
650 680 817 724 pecuniae,
845 680 908 712 Deo
929 684 963 711 ut
982 690 1035 711 su-

289 745 346 778 pra
366 734 499 775 dicatae,
514 735 563 767 vel
577 734 710 767 omnino
719 735 768 767 vel
779 734 885 777 aliqua
896 744 932 766 ex
946 738 1035 776 partc

289 788 486 820 amovendae
501 792 555 820 aut
568 787 747 830 erogandae
758 792 947 830 potestatem
957 796 1035 818 ano-

288 840 336 873 bis
344 851 475 884 prorsus
486 840 933 883 abdicamu&abdicatamque
943 840 1035 883 plane

289 905 355 927 esse
377 895 534 927 volumus.
554 894 747 935 statuentes,
764 893 1034 938 quemadmodum

289 948 510 992 supradictum
532 953 587 988 est,
618 954 654 981 ut
677 949 777 981 instar
796 949 956 980 bonorum
977 946 1037 978 im-

290 1001 459 1034 mobilium
476 1002 637 1035 Ecclesiae
658 1002 697 1034 sit
709 1007 739 1034 et
758 1001 927 1040 habeatur3
950 1010 1037 1033 eam-

287 1055 427 1098 demque
455 1055 500 1088 sic
532 1060 723 1088 asservatam
748 1060 779 1088 et
804 1054 977 1097 repositam
1002 1063 1037 1085 ac

287 1109 351 1141 Deo
371 1108 522 1149 dicatam,
539 1119 597 1141 nos
618 1108 774 1151 integram
795 1112 1038 1140 conservaturos

288 1172 368 1201 esse,
403 1172 441 1195 ac
473 1162 607 1206 perinde
637 1161 768 1195 omnino
803 1166 898 1204 atque
928 1170 980 1192 res
1009 1163 1039 1192 et

287 1215 371 1248 bona
391 1215 551 1248 Ecclesiae
577 1214 758 1248 immobilia
783 1224 842 1247 nos
871 1213 1038 1246 habituros

289 1279 357 1302 esse
390 1268 622 1312 promittimus,
654 1268 799 1300 iuramus
821 1273 852 1300 et
875 1276 1036 1299 vovemus.

289 1321 388 1355 Cuius
419 1321 465 1354 rei
499 1321 671 1354 servandae
700 1321 843 1361 vinculo,
866 1319 950 1352 sicut
980 1329 1040 1352 nos

289 1374 529 1417 adstringimus,
549 1374 592 1407 ita
605 1384 806 1407 successores
823 1373 918 1407 etiam
938 1372 1039 1406 nostri

291 1439 324 1461 se
344 1429 457 1461 eodem
478 1428 641 1461 devinctos
661 1438 729 1461 esse
749 1427 869 1468 norint,
883 1432 952 1460 tum
963 1426 1039 1459 boni

290 1481 414 1525 publici
443 1492 531 1522 casu,
564 1481 651 1525 quod
681 1491 809 1514 summo
833 1480 939 1513 studio
968 1490 1042 1524 pro-

292 1545 406 1568 curare
435 1534 562 1575 debent,
590 1540 659 1567 tum
684 1533 877 1578 pontificalis
897 1533 1041 1566 muneris

291 1588 459 1630 religione,
480 1599 544 1631 qua
564 1588 747 1628 obstrictos,
768 1598 834 1621 non
858 1587 955 1620 modo
977 1597 1041 1620 non

295 1641 488 1682 rescindere,
510 1641 564 1674 sed
584 1641 733 1674 inviolate
759 1642 927 1674 observare
948 1651 1040 1685 opor·

294 1700 350 1736 tet,
372 1706 455 1738 quae
470 1705 488 1728 a
507 1695 809 1739 praedecessoribus
829 1694 952 1727 utiliter
970 1705 1042 1727 san-

293 1753 408 1792 cteque
428 1748 600 1781 constituta
620 1759 687 1782 esse
711 1748 831 1788 vident,
862 1754 930 1782 tum
952 1750 1043 1783 deni-

296 1813 359 1845 que
379 1801 506 1835 divinae
525 1801 663 1835 iustitiae
683 1802 764 1845 lege,
787 1813 824 1835 ex
843 1813 907 1846 qua
926 1802 1045 1836 intelli-

297 1860 372 1898 gant
402 1866 446 1896 se,
468 1861 566 1900 prout
593 1856 719 1890 divinae
738 1856 864 1890 litterae
884 1857 1046 1901 exempla-

297 1920 361 1953 que
381 1909 572 1953 significant,
588 1920 624 1942 ac
638 1910 768 1943 Patrum
781 1910 975 1944 documenta
990 1911 1046 1944 de-

299 1963 433 2003 clarant,
455 1963 655 2006 gravissimas
675 1974 795 2008 poenas
814 1964 946 1997 daturos
965 1974 1044 2005 esse,

299 2016 325 2049 si
345 2027 413 2050 rem
437 2016 501 2050 Deo
531 2017 682 2058 dicatam,
709 2018 802 2051 aliter
829 2028 865 2050 ac
891 2017 1048 2061 praescri-

300 2075 392 2114 ptum
409 2075 456 2103 est
472 2070 696 2114 dispensarint.

346 2123 361 2166 ἓ
384 2122 416 2156 4.
443 2123 541 2156 Cuius
551 2123 598 2157 rei
609 2123 937 2167 nonminusinsigne,
951 2134 1049 2167 quam

167 2179 286 2216 &emplum
303 2177 508 2210 tremendum
529 2178 713 2221 exemplum
733 2178 766 2210 in
794 2177 1051 2211 Machabzeorum

105 2212 289 2271 ἶῗζὲἓιῗηωῗξζᾞ
305 2230 438 2263 historia
457 2232 632 2264 memoriae
653 2231 806 2264 traditum
826 2236 884 2273 est,
899 2231 938 2264 de
953 2231 1052 2274 impio

105 2275 221 2334 1113131ξὲ
254 2280 290 2324 Ἥ
307 2288 402 2327 atque
429 2284 544 2317 audaci
572 2284 755 2324 Heliodoro,
776 2285 842 2328 qui,
864 2295 936 2318 cum
956 2295 1054 2328 pecu-

108 2336 294 2389 ffe‘issa‘ffierssffiffli·
308 2340 392 2370 niam
422 2348 440 2370 a
465 2348 555 2371 sacro
575 2339 687 2382 templi
707 2338 762 2372 Dei
783 2338 907 2372 aerario
927 2338 1054 2371 auferre

110 2398 221 2434 nen-§.nea
236 2398 293 2417 iussu
310 2391 488 2432 moliretur,
508 2397 630 2425 armato
654 2392 794 2436 quodam
822 2393 940 2436 equite,
962 2402 1054 2434 aspe-

112 2433 294 2482 ξξξζῗρζῖὶζῖζῖ
310 2445 362 2472 ctu
377 2440 525 2482 terribili,
537 2441 641 2474 subito
656 2441 806 2474 divinitus
820 2447 1006 2485 apparente,
1022 2451 1055 2473 e-

115 2495 146 2513 ¹⁸¹⁵
161 2491 206 2514 ‘⁰³¹³
311 2489 365 2532 qui
392 2490 532 2523 calcibus
551 2491 727 2534 impetitus,
749 2502 767 2524 a
787 2491 912 2525 duobus
929 2501 1056 2534 quoque

314 2537 492 2578 iuvenibus,
516 2539 568 2572 Dei
588 2540 664 2573 item
694 2540 783 2573 iussu
813 2539 1054 2584 apparentibus,

314 2586 446 2628 flagellis
473 2589 657 2622 verberatus
676 2599 712 2622 ac
737 2589 837 2632 plagis
864 2588 1058 2632 gravissimis

314 2634 448 2669 affectus
467 2642 524 2670 est.
546 2638 585 2671 At
603 2648 678 2672 vero
693 2648 764 2680 nos,
779 2637 929 2682 religiosa
944 2648 1058 2672 eorum

119 691 181 718 quue
197 696 219 711 se
231 695 274 711 ser-

90 728 184 743 vaturum
217 724 274 742 iure-

91 755 178 774 iurando
196 757 273 779 vovet,

92 787 113 805 et
127 786 172 805 eius
190 790 274 805 sucees-

91 822 151 837 sores
197 816 273 836 dicium

91 848 228 867 iuramentum
245 847 273 867 li-

90 883 138 903 gal-e
158 878 260 904 declaral3

882 252 1060 277 mummium
1080 249 1229 275 antimum

1079 367 1143 390 non
1164 357 1259 390 modo
1275 367 1340 390 non
1356 357 1551 398 dubitamus,
1573 359 1627 392 sed
1643 361 1736 404 plane
1753 369 1824 403 spe-

1079 421 1187 443 ramus
1212 410 1278 443 fore
1307 415 1342 443 ut
1373 409 1533 443 aerarium
1555 410 1627 444 'hoc
1658 418 1821 452 nostrum,

1079 463 1178 506 quod,
1195 468 1303 496 nostra
1320 464 1494 507 pontificali
1514 463 1729 498 sollicitudine
1749 475 1824 507 par-

1079 523 1146 549 tum
1183 528 1219 549 ac
1255 517 1318 549 Deo
1356 516 1508 556 dicatum,
1550 517 1589 550 ad
1628 517 1825 551 necessarios

1081 570 1296 613 praescriptos
1325 580 1417 603 casus
1445 570 1685 611 reservavimus,
1716 570 1760 603 ita
1778 571 1826 604 di-

1080 623 1288 665 ligentissime
1321 629 1502 664 reservent,
1538 629 1574 657 ut
1601 634 1660 657 nos
1689 623 1826 657 maxime

1079 677 1217 709 fauturos
1246 687 1313 710 esse
1338 676 1471 720 professi
1500 687 1612 710 sumus
1635 687 1673 710 ac
1696 676 1838 721 profiter

1078 740 1162 762 mur.
1293 724 1297 728 ’

1121 784 1135 827 ξ
1161 783 1190 817 5.
1219 784 1249 817 Si
1270 794 1344 817 vcro
1361 784 1529 818 alii‘casus
1549 784 1722 828 aliquando
1741 783 1826 817 inci·
1863 795 1867 800 ·

1079 838 1194 878 derint,
1217 838 1271 881 qui
1284 838 1380 871 ctiam
1396 838 1551 871 maiorem
1564 849 1600 871 ex
1617 837 1740 871 aerario
1752 848 1827 882 pro·
1840 833 1965 860 ⁰⁸³⁸⁸⁰¹¹⁹²
1977 827 2022 860 ⁸¹¹¹

1841 864 1900 890 alios,
1909 866 2003 888 etiam-,⁷
2021 860 2023 888 ζ

1080 891 1213 924 mendae
1228 891 1384 934 pecuniae
1404 892 1562 925 rationem
1581 892 1748 932 haberent,
1765 901 1824 924 no·
1842 895 1917 946 59⁸⁵!¹
1931 897 2023 946 bffl‘sm

1079 945 1186 977 lumus
1206 950 1312 977 tamen
1332 944 1420 987 quod
1440 944 1479 977 de
1503 945 1553 977 his
1577 944 1673 978 certis
1700 943 1826 977 casibus
1840 932 1883 978 llll

1079 998 1303 1031 constituimus
1323 1004 1351 1031 et
1373 998 1652 1042 praescripsimus,
1673 997 1741 1031 ullo
1757 1008 1826 1030 um·
1840 987 2024 1045 isffiffginss

1078 1062 1174 1094 quam
1202 1057 1359 1095 tempore,
1382 1062 1441 1085 nec
1461 1052 1556 1084 etiam
1577 1051 1654 1084 dum
1674 1050 1772 1084 Sedes
1788 1050 1827 1083 A·
1840 1047 1967 1104 2:233ka
1987 1059 2007 1095 '³5'
2024 1070 2025 1073 =

1080 1105 1236 1148 postolica
1263 1102 1321 1149 per
1353 1104 1476 1138 obitum
1500 1104 1636 1138 Romani
1663 1098 1827 1137 P'ontificis
1841 1115 1932 1142 pressi„
1990 1095 2010 1100 *⁴

1079 1158 1244 1199 vacaverit,
1274 1158 1312 1191 ad
1344 1158 1415 1192 illos
1446 1158 1503 1202 qui
1532 1158 1662 1191 maioris
1694 1155 1844 1190 rationis>

1079 1213 1140 1245 vim
1153 1213 1273 1245 habere
1288 1212 1484 1253 viderentur,
1507 1211 1724 1245 extensionem
1744 1209 1825 1251 fieri,

1080 1271 1134 1299 aut
1153 1266 1220 1299 ullo
1241 1266 1336 1299 modo
1356 1266 1395 1299 de
1410 1265 1473 1298 illis
1492 1265 1698 1309 interpretari
1713 1264 1824 1298 licere.

1079 1320 1139 1352 Sed
1160 1324 1301 1352 nostram
1317 1320 1400 1353 hanc
1416 1318 1648 1352 ordinationem
1669 1318 1827 1352 constitu-

1081 1373 1237 1406 tionemve
1262 1373 1300 1405 ad
1325 1372 1463 1406 litteram
1483 1372 1617 1416 intelligi
1637 1372 1754 1406 debere
1774 1371 1828 1405 de·
1845 1394 1849 1399 ·

1080 1426 1254 1461 cernimus.
1280 1426 1357 1459 Nam
1378 1425 1617 1459 successoribus
1641 1425 1759 1458 nostris
1777 1435 1829 1458 ae-

1081 1491 1144 1524 quo
1164 1490 1200 1512 ac
1215 1479 1318 1519 nobis,
1344 1479 1439 1512 etiarn
1459 1478 1539 1522 siqui
1563 1478 1617 1512 alii
1638 1489 1730 1512 casus
1745 1478 1828 1512 inci-

1081 1533 1196 1573 derint,
1218 1534 1249 1565 in
1269 1532 1386 1576 quibus
1406 1543 1538 1575 magnae
1557 1532 1652 1565 etiam
1664 1532 1829 1576 impensae

1081 1586 1291 1619 insumendae
1326 1585 1499 1629 aliquando
1531 1591 1626 1618 erunt
1657 1585 1827 1629 pecuniae,

1082 1651 1159 1683 opes
1172 1639 1301 1673 aliunde
1310 1650 1375 1672 non
1392 1639 1538 1680 deerunt,
1556 1639 1687 1683 quibus,
1701 1649 1831 1672 conser-

1084 1701 1150 1727 vata
1170 1695 1229 1727 hac
1250 1694 1283 1726 in
1303 1693 1364 1727 hoc
1384 1704 1401 1726 a
1421 1693 1514 1726 nobis
1534 1693 1706 1726 constituto
1717 1698 1830 1726 etsan-

1095 1749 1146 1781 ito
1167 1747 1290 1781 aerario
1319 1757 1455 1786 summa,
1478 1747 1605 1780 occurri
1633 1745 1832 1779 necessitati-

1087 1803 1145 1835 bus
1164 1800 1378 1834 incidentibus
1389 1799 1518 1843 poterit.
1538 1799 1674 1840 Etenim,
1694 1799 1720 1833 si
1738 1810 1756 1832 a
1775 1809 1833 1832 no-

1087 1855 1145 1896 bis,
1167 1855 1222 1899 qui
1242 1854 1275 1887 in
1294 1854 1355 1887 hoc
1375 1854 1444 1897 ipso
1457 1853 1664 1886 Pontificatus
1673 1852 1774 1886 nostri
1782 1852 1832 1886 in-

1087 1919 1197 1952 gressu
1217 1907 1325 1941 multis
1344 1907 1587 1940 difficultatibus
1610 1905 1768 1950 oppressi,
1793 1905 1834 1939 ad

1087 1962 1313 1995 sublevandam
1338 1971 1483 1994 annonae
1508 1960 1662 2005 inopiam,
1693 1960 1733 1993 ad
1759 1969 1834 1993 exu-

1090 2018 1133 2049 les
1152 2016 1414 2059 facinorososque
1425 2015 1572 2048 homines
1582 2014 1732 2058 publicae
1743 2013 1835 2058 quie-

1090 2071 1127 2103 tis
1159 2070 1398 2114 perturbatores
1426 2068 1634 2106 coercendos,
1669 2074 1767 2112 atque
1795 2067 1835 2101 ad

1091 2123 1238 2156 basilicas
1265 2122 1520 2165 religiosissimas
1535 2126 1565 2155 et
1584 2126 1650 2154 toto
1673 2126 1834 2154 terrarum
1884 2160 1891 2167 Ι

1091 2177 1168 2209 orbe
1201 2175 1427 2209 celeberrimas
1459 2174 1648 2208 reficiendas
1668 2180 1765 2217 atque
1784 2173 1835 2206 in-

1093 2229 1292 2270 staurandas,
1324 2229 1512 2272 cultumque
1545 2227 1689 2261 divinum
1715 2226 1748 2260 in
1775 2227 1836 2260 hac

1094 2285 1176 2316 olma
1187 2283 1285 2320 Urbe,
1303 2293 1386 2326 quae
1400 2281 1590 2314 christianae
1609 2279 1775 2324 religionis
1785 2290 1836 2313 se-

1096 2338 1149 2370 ‹les
1174 2342 1220 2369 est
1237 2341 1265 2369 et
1282 2335 1496 2376 domicilium,
1518 2334 1607 2367 novis
1625 2334 1721 2367 etiam
1739 2333 1837 2366 sacris

1095 2389 1248 2423 aedificiis
1274 2394 1368 2433 atque
1405 2386 1601 2421 ornamentis
1636 2386 1837 2431 amplifican-

1096 2440 1184 2479 dum,
1207 2445 1274 2471 tum
1294 2437 1389 2470 etiam
1415 2437 1455 2470 ob
1478 2437 1615 2470 salubris
1639 2441 1669 2469 et
1689 2436 1837 2480 copiosae

1097 2497 1198 2529 aquae
1227 2487 1266 2519 ad
1294 2487 1365 2519 loca
1395 2485 1488 2519 Urbis
1511 2485 1653 2524 acclivia‚
1679 2495 1760 2528 quae
1784 2484 1837 2517 illa

1099 2537 1235 2569 maxime
1248 2536 1404 2578 indigent,
1417 2545 1584 2579 operosam
1597 2533 1835 2572 deductionem,

1098 2585 1240 2628 aliasque
1258 2584 1457 2628 gravissimas
1485 2584 1525 2616 ob
1555 2592 1666 2616 causas
1684 2580 1837 2624 multipli-

1099 2645 1151 2669 ces
1171 2639 1202 2668 et
1219 2634 1374 2668 maximas
1384 2632 1544 2677 impensas
1554 2631 1661 2666 subire
1672 2629 1773 2664 eoacti
1788 2639 1837 2662 su-
