2059 3228
35 232 55 263 ’ἐ
63 230 100 264 Ε”.“
109 230 174 264 1438Ἶ

843 240 946 264 stxrus
966 240 982 263 V
1002 239 1050 263 ΙΨ.

188 291 328 324 rationes
343 297 370 324 et
389 302 499 326 causas
515 292 735 333 ecclesiarum,
754 302 929 334 earumque

186 343 361 386 dignitatis,
384 345 626 385 iurisdictionis,
640 345 859 389 exemptionis,
874 345 929 377 im-

185 397 365 437 munitatis,
387 398 519 439 iuriuin,
543 399 781 443 privilegiorum
803 404 833 431 et
862 394 929 430 lau'-

187 449 341 482 (labilium
363 452 631 485 consuetudinum
653 451 927 485 conservationem

186 508 429 541 concernentes,
453 505 627 539 summarie
657 510 862 548 cognoscant,
885 510 928 536 at-

185 567 249 599 que
268 562 331 590 tani
352 569 388 591 ex
409 558 547 601 partium
579 558 731 601 petitione
765 568 860 600 quam
893 568 928 588 ex

185 609 292 643 officio
312 616 519 654 componant,
555 616 650 654 prout
679 611 849 643 honestum
871 620 927 653 op-

185 668 428 707 portunumque
448 664 492 697 eis
515 664 683 697 videbitur.
710 662 827 696 Causas
854 663 928 695 item

185 721 216 749 et
240 716 471 749 controversias
499 717 581 749 inter
609 717 736 749 eosdem
771 716 929 759 praelatos

185 768 224 802 de
244 769 465 802 iurisdictione
485 770 584 802 aliave
609 770 648 802 de
669 779 764 802 causa
791 774 926 807 exortas,

184 821 261 855 item
282 822 366 855 inter
385 823 526 866 capitula
545 828 600 855 aut
619 823 799 855 obtinentes
823 822 927 864 digni-

184 880 263 908 tates
282 886 318 908 ac
335 875 420 909 inter·
430 886 650 919 quascumque
663 875 839 918 singulares
855 885 927 918 per-

183 938 278 962 sonas
297 934 329 962 et
348 929 569 963 universitates
579 936 634 962 aut
650 928 794 961 locorum
807 928 838 960 in
851 933 929 960 tem-

184 981 350 1026 poralibus
369 982 527 1022 dominos,
548 988 675 1026 praeter
694 992 746 1014 eas
758 992 838 1024 quae
851 992 928 1014 con-

185 1034 251 1068 cilii
270 1035 446 1068 Tridentini
468 1034 763 1078 interpretationem
785 1034 925 1077 exigunt,

185 1089 233 1121 vel
253 1088 400 1122 ordinem
421 1088 626 1121 iudiciarium
657 1098 690 1120 re
720 1088 787 1131 ipsa
820 1087 928 1130 requi-

185 1147 271 1181 runt,
294 1142 487 1181 examinent,
510 1147 604 1184 atque
637 1141 848 1173 amicabiliter
875 1140 929 1173 de-

185 1205 282 1238 super
301 1195 488 1238 transigere,
521 1195 615 1228 etiam
636 1205 694 1238 per
717 1195 807 1234 alios,
830 1194 855 1226 si
886 1193 928 1227 ita

185 1248 368 1282 consultum
389 1248 559 1286 videbitur,
579 1248 673 1280 etiam
694 1253 780 1280 extra
800 1246 926 1280 dioece-

185 1301 258 1342 sim,
272 1306 395 1335 curent.
413 1302 456 1334 Ac
477 1308 640 1345 praeterea
661 1301 699 1333 ad
719 1300 868 1333 eeclesias
883 1300 926 1332 vi-

1605 226 1669 261 995

1026 290 1237 334 Conpreyatio
1258 290 1479 324 decimati-reia
1496 301 1556 334 pro
1582 291 1657 329 viis,

1090 345 1239 387 pontibus
1258 350 1285 378 et
1308 346 1402 388 aquis
1420 345 1586 378 curandis.

1012 454 1048 487 Et
1072 455 1222 496 quoniam
1248 466 1343 488 curae
1364 461 1393 488 et
1414 455 1622 498 cogitationes
1653 465 1710 488 no-

969 514 1050 540 strae
1072 508 1114 540 ita
1131 508 1311 541 communis
1326 509 1400 541 boni
1420 510 1644 552 procuratione
1660 509 1713 542 de-

971 562 1048 593 lixae
1073 566 1158 601 sunt,
1190 567 1224 594 ut
1251 562 1327 593 dum
1356 562 1501 603 graviora
1526 562 1712 606 maioraque

970 614 1184 657 disponimus,
1206 625 1317 647 eorum
1339 616 1446 654 etiam,
1476 625 1557 658 quae
1587 615 1712 649 minora

971 667 1124 707 ridentur,
1144 678 1208 700 non
1241 668 1476 707 obliviscamur,
1504 669 1711 701 consideran-

973 726 1016 751 [vs
1037 720 1123 764 quod
1143 721 1182 754 ad
1203 721 1305 754 almae
1325 721 1417 754 Urbis
1433 722 1643 766 locorumque
1664 723 1712 755 di-

971 773 1064 806 1ionis
1084 779 1210 806 nostrae
1227 773 1460 807 ecclesiasticae
1471 780 1710 815 ornamentum,

978 826 1050 858 teris
1069 825 1300 867 salubritatem,
1321 826 1437 860 civium
1467 826 1711 871 incolarumque

971 878 1148 919 utilitatem,
1180 890 1217 912 ae
1245 879 1284 912 ad
1314 875 1559 924 peregrinorum
1587 880 1710 923 iterque

969 931 1130 974 agentium
1165 933 1436 972 commoditatem,
1471 943 1583 966 eorum
1617 944 1709 977 prae-

968 984 1075 1017 sertim
1095 985 1150 1027 qui
1174 985 1214 1018 ad
1237 985 1319 1018 hane
1350 986 1562 1029 Apostolicam
1596 987 1708 1019 Seelem

968 1043 999 1070 et
1018 1038 1237 1081 apostolorum
1258 1039 1369 1071 limina
1387 1044 1497 1082 totque
1513 1045 1623 1072 sancta
1639 1040 1710 1072 loca

970 1092 1252 1124 innumerabilium
1270 1099 1445 1136 martyrum
1461 1092 1616 1131 sanguine
1633 1103 1708 1125 con-

969 1149 1089 1177 secrata
1108 1145 1160 1188 pie
1183 1145 1335 1177 visitanda
1356 1151 1563 1184 concurrunt,
1585 1156 1709 1189 perma-

963 1197 1019 1247 gni
1040 1197 1316 1237 interestviarum,
1333 1200 1478 1242 pontium
1499 1205 1529 1232 et
1548 1209 1707 1241 aquarum

968 1250 1108 1283 curatio:

1729 236 1779 263 An.
1796 235 1824 262 C.
1844 234 1908 262 1537

1753 460 1819 482 Canu
1847 462 1909 483 huiu-

1727 492 1874 514 institutionta.

1010 1303 1026 1346 ξ
1045 1303 1075 1336 1.
1102 1303 1164 1336 Nos
1183 1303 1314 1344 idcireo,
1334 1304 1410 1337 huic
1430 1304 1475 1337 rei
1491 1305 1706 1345 consulentes,
1722 1308 1904 1367 ἔῖἓὲῑίῑὲιὲῑὲξὶηιζ

968 1357 1145 1390 cardinales
1164 1368 1217 1390 sex
1241 1358 1322 1390 infra
1346 1359 1526 1391 nominatos
1545 1359 1708 1402 deputavi·
1721 1372 1787 1392 terum
1801 1373 1823 1390 ει
1839 1369 1904 1394 npu-

968 1420 1050 1450 mus,
1072 1411 1188 1453 quibus
1207 1410 1389 1444 facultatem
1410 1412 1522 1444 damus
1555 1414 1618 1445 vias
1650 1423 1707 1446 cu·
1721 1400 1902 1422 ⁰³¹⁵⁰¹³⁰⁰¹¹⁸¹¹¹⁰¹

185 1354 326 1387 sitandas
346 1354 637 1397 ubiquelocorum,
660 1354 693 1386 in
713 1354 829 1396 quibus
845 1353 928 1386 chri-

185 1408 286 1441 stiana
305 1408 387 1451 viget
398 1409 523 1451 religio,
539 1408 715 1441 visitatores
730 1407 821 1440 nobis
837 1417 926 1450 prae-
1722 1435 1773 1455 em

186 1466 322 1502 sentent,
346 1467 381 1494 ut
400 1462 546 1505 exemplo
566 1460 649 1493 beati
663 1460 804 1503 Gregorii
826 1459 925 1502 Magni

186 1526 223 1548 ac
243 1515 357 1548 Leonis
375 1521 406 1548 et
424 1515 563 1548 aliorum
590 1524 789 1547 summorum
820 1513 925 1546 Ponti-

186 1569 285 1602 ficum
309 1569 593 1612 praedecessorum
623 1573 819 1606 nostrorum,
853 1577 926 1599 cum

188 1621 220 1654 in
244 1621 380 1655 Domino
399 1621 547 1665 expedire
567 1620 737 1660 videbitur,
771 1619 927 1653 destinare

186 1675 360 1708 valeamus.
386 1674 581 1707 visitationis
605 1674 680 1707 item
710 1673 845 1706 formam
867 1672 929 1704 illis

187 1727 420 1770 praescribant,
459 1733 495 1760 ut
531 1727 632 1759 multo
669 1737 742 1759 cum
771 1724 928 1770 spirituali

189 1781 295 1814 fructu
319 1788 350 1814 et
381 1780 527 1814 fidelium
558 1780 779 1814 aedificatione
811 1789 929 1812 munus

189 1845 282 1867 suum
312 1833 440 1873 obeant,
477 1833 750 1876 negociorumque
784 1833 927 1866 omnium

189 1884 388 1920 tractationis
413 1887 546 1920 modum
577 1886 749 1929 assignent,
773 1896 808 1918 ac
833 1886 928 1927 negli-

189 1939 342 1983 gentiam,
363 1941 389 1973 si
408 1940 539 1984 quando
556 1951 637 1984 opus
656 1939 725 1978 erit,
746 1939 926 1971 emendent.

189 1993 336 2038 Insuper,
372 1994 427 2026 ubi
460 1993 633 2027 necessitas
663 1992 813 2035 exegerit,
846 1992 930 2024 viros

153 2075 156 2080 .
191 2057 251 2081 usu
272 2052 302 2080 et
320 2047 467 2081 doctrina
482 2047 626 2087 idoneos,
642 2051 744 2079 rectos
768 2051 799 2078 et,
819 2045 931 2078 timen-

190 2106 238 2133 tes
260 2099 359 2133 Deum
391 2101 543 2144 deligant,
569 2099 625 2143 qui
643 2104 825 2132 nostrarum
847 2098 930 2130 litte-

192 2163 300 2190 rarum
335 2154 523 2188 auctoritate
556 2152 688 2192 suffulti,
723 2151 873 2185 ecclesias
898 2155 932 2183 ut

192 2212 302 2244 vicarii
322 2212 489 2256 apostolici
509 2217 631 2255 regant.
648 2211 789 2254 Denique
802 2209 930 2243 eosdem

192 2269 372 2304 cardinales
400 2270 609 2303 immunitatis
639 2267 847 2301 ecclesiarum
876 2267 932 2299 de-

192 2326 345 2367 fensores,
366 2327 405 2360 ad
426 2328 581 2361 tuendum
602 2328 743 2370 ipsorum
773 2325 931 2368 praelato-

191 2395 264 2417 rum
285 2395 450 2428 personas,
473 2396 524 2418 res
543 2391 571 2417 et
603 2385 685 2417 bona
710 2393 932 2426 quaecumque
950 2394 953 2430 ᾖ

192 2443 399 2475 ecclesiarum
433 2443 669 2486 praedictarum
685 2467 693 2481 ‚
717 2441 756 2473 ab
788 2434 953 2480 omnium}

191 2499 319 2532 iniuriis
355 2505 450 2543 atque
484 2498 746 2544 oppressionibus
782 2487 953 2531 adversusi

192 2567 425 2600 quochnquc,
446 2559 553 2601 quari<
574 2556 762 2590 auctoritate
795 2555 933 2599 praesul·
952 2569 954 2601 ¹,

193 2622 315 2659 gentes,
337 2617 573 2653 constituimusv
949 2626 955 2653 i

968 1463 1070 1503 randi,
1099 1464 1263 1508 aperiendi
1280 1490 1288 1504 ,
1326 1465 1504 1506 muniendi,
1538 1466 1707 1509 dirigendi,

968 1516 1129 1560 saetasque
1146 1518 1268 1557 tuendi,
1281 1519 1639 1554 coarctatas‘dilatandi.
1657 1531 1708 1552 vc-

967 1574 1050 1602 teres
1070 1570 1132 1602 iam
1152 1576 1324 1614 occupatas
1344 1572 1458 1603 iterum
1485 1572 1514 1603 in
1540 1572 1706 1615 publicum

968 1633 1062 1655 usum
1095 1623 1281 1656 vendicandi
1317 1629 1347 1656 et
1379 1624 1557 1667 redigendi.
1595 1625 1709 1657 Pontes

970 1676 1043 1709 item
1064 1676 1185 1716 tuendi,
1208 1682 1249 1716 et,
1273 1677 1326 1709 ubi
1353 1687 1434 1720 opus
1453 1683 1512 1716 est,
1534 1688 1632 1710 novos
1658 1690 1709 1710 ex-

970 1729 1106 1769 truendi,
1126 1735 1311 1772 veteresque
1331 1730 1478 1763 ruinosos
1498 1731 1706 1769 instaurandi,

969 1789 999 1815 et
1019 1782 1080 1815 iam
1101 1783 1268 1826 collapsos,
1288 1783 1312 1815 si
1334 1783 1376 1815 ita
1396 1784 1566 1816 necessitas
1585 1785 1707 1823 tulerit,

972 1835 1145 1868 reficiendi.
1168 1837 1330 1879 Aquarum
1352 1842 1518 1879 praeterea
1529 1848 1638 1869 curam
1653 1849 1709 1880 ge-

971 1888 1073 1928 rendi,
1095 1888 1221 1921 illarum
1242 1889 1429 1932 praesertim
1449 1899 1528 1932 quas
1547 1900 1604 1923 nos
1624 1896 1709 1923 tanta

972 1942 1114 1985 impensa
1134 1948 1164 1975 et
1183 1941 1293 1975 labore
1317 1941 1349 1974 in
1369 1942 1486 1975 Urbem
1507 1942 1708 1982 adduximus,

972 1995 1103 2038 illasque
1123 2000 1208 2027 certa
1225 2005 1375 2027 mensura
1387 1994 1425 2027 ad
1437 1995 1603 2039 publicum
1616 2007 1709 2029 usum

971 2047 1295 2090 rommoditatemque
1327 2048 1441 2081 melius
1483 2048 1707 2088 distribuendi,
1752 2090 1756 2094 Ι

971 2106 1001 2132 ct
1021 2101 1073 2133 ubi
1099 2101 1210 2133 maiori
1232 2111 1389 2144 aquarum
1410 2100 1504 2144 copia
1533 2111 1615 2144 opus
1642 2113 1710 2135 esse

972 2155 1119 2195 viderint,
1141 2155 1243 2188 sontes
1262 2165 1417 2198 aquarum
1449 2155 1550 2197 magis
1581 2155 1708 2195 uberes,

972 2208 1056 2240 unde
1075 2207 1190 2240 deduci
1210 2208 1344 2251 possint,
1366 2207 1587 2250 investigandi,
1609 2208 1711 2240 dedu-

973 2260 1105 2300 ctiones,
1126 2260 1390 2299 substructiones,
1411 2260 1553 2300 castella,
1580 2261 1709 2299 formas,

972 2314 1188 2356 aquaeductus
1221 2314 1488 2357 receptaculaque
1525 2313 1712 2346 earumdem

973 2372 1055 2399 sarta
1080 2372 1161 2400 tecta
1192 2366 1414 2405 conservandi,
1450 2377 1544 2399 omne
1578 2365 1713 2409 impedi-

974 2422 1115 2448 mentum
1138 2415 1280 2448 tollendi.
1304 2415 1453 2447 Gamerae
1474 2420 1599 2447 nostrae
1632 2415 1714 2457 Apo-

973 2465 1103 2497 stolicae
1122 2465 1284 2508 praesides
1304 2469 1332 2496 et
1354 2463 1525 2503 ministros,
1545 2463 1663 2506 quilius
1676 2473 1713 2495 ea

951 2539 953 2548 ,
973 2513 1118 2556 specialis
1137 2523 1214 2545 cura
1243 2512 1314 2544 (lata
1343 2518 1401 2551 est,
1430 2511 1601 2554 dirigendi,
1624 2517 1655 2543 et
1674 2510 1713 2543 ab

974 2561 1261 2594 contradictorilms
1288 2560 1488 2603 protegendi,
1523 2560 1648 2602 aliaque
1682 2559 1714 2591 in

976 2612 1023 2644 liis
1052 2611 1229 2645 neccssaria
1254 2615 1284 2642 ct
1311 2616 1492 2653 opportuna
1521 2607 1710 2651 exequendi.
