2059 3228
155 262 194 290 An
220 261 237 284 Γ
271 266 335 294 1530

149 679 169 696 Μ
179 677 279 702 propitiae
290 679 329 696 tam

148 708 235 727 notarils

147 739 250 759 sumtibus
271 739 331 760 lebt-
345 729 496 763 dentibus
509 730 691 775 percipiunt
706 758 712 764 .
735 733 778 765 Ac
796 732 929 777 insuper
941 734 1095 778 propinas

147 770 187 788 tae.

176 1454 328 1475 Praecedentis

163 1485 308 1512 dispositionis

140 1517 215 1536 :ontio
219 1516 283 1537 natio.

176 2477 230 2498 Tan
245 2478 264 2497 in
287 2483 333 2497 rau·

151 2510 180 2528 ‘is
216 2508 332 2529 criminali—

151 2525 197 2561 LUS-

397 241 461 274 att

352 302 481 338 lion-um,
509 301 659 345 recipisti:
689 300 806 335 notarii
826 310 1005 346 eorumque
1025 301 1098 335 sub-

350 356 448 388 stituti
470 355 516 387 rel
538 355 661 388 scribae
673 365 737 388 non
757 355 880 399 possint
892 366 960 390 esse
980 366 1098 401 procu-

350 414 471 441 ratores
496 409 527 440 in
549 408 637 441 curia
657 419 713 442 seu
734 409 945 450 tribunali‚in
964 419 1029 454 quo
1040 420 1098 443 no-

349 461 418 493 tarii
450 467 571 494 suntet
592 462 735 496 officium
760 462 922 497 substituti
947 468 1095 497 exercent

347 515 392 546 vel
411 515 566 548 scribunt.

391 570 404 607 ,ξ
431 568 478 601 12.
528 569 653 603 Iudices
671 581 737 604 non
757 570 821 604 sint
839 571 1010 615 participes
1040 572 1097 604 ali-

188 645 330 666 Emolumfflm
346 632 410 664 quo
431 622 525 655 modo
547 623 854 661 emolumentorum,
876 637 959 669 quae
979 626 1094 658 notarii

271 714 330 733 quam
347 687 381 708 ex
403 676 469 709 suis
484 677 649 710 laboribus
664 677 696 710 in
717 679 823 712 causis
840 690 950 712 coram
962 679 1008 712 eis
1019 690 1095 723 pen-

345 795 363 817 a
382 784 533 827 praefatis
556 785 718 819 iudicibus
737 787 952 821 observandas
975 788 1093 822 limita-

345 837 423 870 rerit
448 837 480 870 in
495 838 584 872 hunc
609 840 755 881 modum,
785 841 934 875 videlicet
954 842 1041 885 quod
1061 842 1093 875 in

346 891 450 924 causis
469 892 524 925 ubi
546 892 585 925 (le.
605 904 732 926 summa
751 894 1009 938 w'gintiquinque
1023 906 1094 928 scu-

346 950 451 978 torum
477 946 594 989 agitur‚
629 955 727 991 supra
747 947 857 981 decem
878 949 981 981 reales
1012 949 1093 982 nihil

345 999 469 1042 percipi
503 1000 634 1041 debeat,
653 1012 670 1034 a
694 1001 955 1046 vigintiquinque
984 1008 1092 1037 autem

345 1052 442 1085 scutis
462 1064 564 1096 usque
583 1054 621 1086 ad
643 1060 772 1087 centum
797 1061 897 1096 scuta,
917 1056 978 1089 tria
1002 1063 1092 1091 scuta

343 1105 566 1149 percipiantur
585 1118 641 1141 seu
669 1109 792 1152 percipi
813 1109 955 1152 possint3
978 1122 995 1143 a
1015 1122 1092 1144 een-

343 1163 410 1191 tum
438 1171 538 1203 usque
559 1161 598 1193 ad
616 1161 766 1203 ducenta,
793 1169 883 1196 scuta
907 1174 982 1205 sex;
1000 1175 1018 1197 a
1033 1165 1092 1197 du—

344 1213 444 1246 centis
469 1225 569 1258 usque
594 1215 633 1247 ad
659 1227 901 1260 quamcumque
921 1228 1091 1256 summam,

343 1277 407 1300 non
433 1269 516 1302 ultra
536 1275 624 1302 scuta
645 1270 757 1304 decem
774 1282 833 1315 pro
853 1272 1011 1305 sententia
1036 1272 1092 1305 de-

344 1322 524 1355 claratoria.

387 1375 401 1418 ξ
426 1376 479 1409 13.
528 1376 573 1410 Oh
590 1388 653 1411 non
666 1379 860 1423 paritionem
879 1380 1043 1413 monitorii
1060 1380 1091 1412 in

343 1432 592 1472 contumaciam,
615 1443 679 1465 non
709 1433 792 1466 ultra
816 1434 939 1477 regalia
968 1439 1090 1477 septem

343 1495 418 1517 cum
443 1485 595 1526 dimidio:
614 1498 672 1530 pro
693 1487 903 1521 declaratoria
924 1488 955 1520 in
975 1489 1094 1521 vimlit-

343 1543 485 1573 terarum
506 1546 557 1573 aut
570 1541 648 1574 alias
665 1542 802 1575 habente
818 1542 879 1575 vim
893 1543 1089 1583 diffinitivae,

342 1593 368 1626 si
387 1604 513 1627 summa
530 1594 567 1627 sit
589 1600 685 1635 certa,
706 1596 907 1640 accipiantut
927 1607 1025 1640 supra
1045 1602 1092 1629 ta-

341 1653 449 1680 xatum
466 1649 543 1687 suit3
570 1649 626 1681 ubi
644 1654 753 1682 autem
773 1660 838 1682 non
859 1655 904 1683 est
921 1656 1018 1691 certa,
1038 1650 1092 1683 sed

342 1701 448 1744 agitur
458 1701 497 1735 ad
510 1702 651 1746 ipsarum
668 1703 848 1736 litterarum
859 1704 1092 1744 executionem,

342 1756 504 1800 accipiant
536 1757 714 1790 secundum
733 1768 847 1790 causae
880 1763 911 1791 et
934 1768 1092 1802 personae

343 1811 541 1854 qualitatem,
565 1811 741 1844 dummodo
761 1822 826 1844 nou
847 1811 930 1844 ultra
948 1811 1093 1855 quinque

343 1875 478 1906 aure0s;
500 1864 533 1897 in
552 1864 796 1898 beneficialibus
821 1875 906 1904 vero,
935 1865 959 1897 si
984 1865 1093 1898 reddi-

345 1926 395 1952 tus
413 1929 554 1959 annuus,
576 1919 615 1952 de
631 1929 694 1962 quo
723 1919 839 1960 agitur,
862 1929 928 1951 non
963 1919 1093 1952 excedat

345 1983 503 2006 summam
516 1978 646 2006 centum
663 1972 868 2012 ducatorum,
883 1972 1011 2016 capiant
1020 1983 1093 2005 scu-

346 2033 376 2059 ta
396 2038 465 2063 sex:
488 2038 506 2059 a
527 2032 656 2059 centum
687 2036 762 2058 vero
796 2036 897 2068 usque
918 2025 958 2058 ad
990 2025 1091 2059 mille.

345 2086 434 2114 scuta
454 2080 646 2121 duodecim3
669 2080 708 2112 ab
724 2079 798 2112 inde
815 2072 929 2122 supra,
958 2088 1023 2111 non
1044 2079 1093 2111 ul-

345 2140 393 2167 tra
413 2141 503 2168 scuta
523 2134 633 2177 viginti
663 2133 810 2177 accipere
834 2133 972 2171 valeant3
1008 2132 1092 2174 quod>

345 2189 370 2221 si
392 2188 771 2221 causaeaestimationem
793 2186 918 2219 facilem
939 2185 1093 2217 nonrevi-

346 2242 445 2285 piant,
472 2242 655 2275 moderatae
672 2240 847 2285 sportulae,
862 2250 921 2284 pro
935 2249 1044 2272 rerum
1066 2244 1091 2270 et

347 2307 558 2338 personarum
580 2296 742 2340 qualitate,
760 2294 848 2327 iuxta
868 2299 953 2327 taxas
972 2291 1091 2336 praedi-

348 2355 413 2383 ctas
438 2351 538 2394 recipi
558 2350 690 2394 possint.

392 2407 406 2447 ,ξ’
433 2406 480 2439 lli.
498 2406 533 2438 ln
549 2405 654 2438 causis
672 2401 908 2441 criminalibus,
928 2400 959 2432 in
977 2399 1097 2443 quibus

349 2473 451 2505 poena
472 2473 489 2493 a
509 2459 732 2503 deportatione
761 2466 858 2500 supra
887 2454 1015 2508 veniret
1036 2453 1097 2486 im-

348 2512 508 2555 ponenda,
525 2520 587 2543 non
602 2510 684 2540 ultra
696 2507 807 2539 decem
822 2514 938 2558 aureos
949 2513 1097 2560 accipere

348 2560 490 2605 possint:
511 2570 529 2591 a
548 2557 770 2601 deportatione
786 2560 893 2587 autem
911 2557 1097 2606 :utrm-non

349 2611 431 2642 ultra
453 2609 614 2652 quinque·,
640 2608 670 2638 ln
696 2604 801 2638 causis
826 2610 932 2636 autem
952 2601 1096 2655 capitali-

349 2659 420 2700 bns,
445 2658 475 2690 in
497 2656 612 2701 quibus
624 2655 656 2688 fit
670 2653 797 2687 traditio
815 2652 924 2686 curiae
940 2650 1097 2686 saeculari

944 247 1124 275 Bt'ttARutu
1147 246 1213 271 ΜΠ
1219 246 1299 272 ΧΧἸἿῘ

1138 301 1187 334 vel
1200 300 1262 334 alia
1275 309 1379 344 poena
1392 299 1569 343 corporalis
1583 299 1774 344 imponitur,
1789 299 1886 334 etiam

1139 353 1164 387 si
1187 353 1222 387 in
1246 353 1301 387 illa
1326 353 1528 387 indemnitati
1556 354 1656 398 partis
1679 354 1860 388 consulitur
1875 381 1885 395 ,

1139 414 1167 441 et
1188 408 1221 440 in
1241 407 1329 440 illius
1349 408 1489 441 savorem
1503 434 1510 448 ,
1533 407 1595 441 nisi
1621 407 1719 441 suerit
1738 408 1842 449 dives,
1868 417 1886 441 a

1138 472 1201 505 qua
1221 472 1323 504 usque
1344 461 1383 494 ad
1402 461 1512 505 viginti
1527 461 1670 505 quinque
1685 471 1801 495 aureos
1812 471 1886 506 pos-

1137 515 1176 547 sit
1196 514 1312 558 accipi,
1324 515 1449 548 etiamsi
1461 514 1702 558 pronuncietur,
1722 525 1787 548 non
1800 515 1886 549 ultra

1138 568 1282 612 quinque
1301 573 1393 602 scuta
1416 568 1596 612 accipiant;
1627 574 1759 602 caveant
1776 573 1885 604 autem

1137 622 1259 655 iudices
1271 633 1327 663 ne,
1337 633 1395 666 pro
1405 622 1631 666 extorquendis
1646 623 1809 666 sportulis,
1827 622 1885 657 ali-

1137 687 1233 721 quem
1254 677 1416 710 nolentem
1442 677 1554 720 quovis
1574 677 1670 710 modo
1689 677 1822 718 absolvi,
1843 678 1884 712 ad
1935 691 1940 695 ·

1137 731 1308 774 petendam
1320 731 1510 764 sententiam
1528 730 1725 772 huiusmodi,
1738 741 1796 775 per
1808 741 1884 765 cau-

1136 794 1244 817 sarum
1278 784 1490 828 expeditionis
1510 784 1698 818 dilationem
1714 785 1763 818 vel
1778 785 1825 818 rei
1849 785 1884 818 in

1136 837 1319 871 carceribus
1327 838 1558 879 detentionem,
1568 837 1616 870 vel
1628 848 1686 882 per
1693 837 1853 871 cautionis
1866 836 1881 861 ¹

1136 891 1174 924 de
1195 902 1227 925 se
1246 892 1499 936 representando
1517 892 1565 925 vel
1591 902 1657 925 non
1673 891 1882 933 discedendo,

1135 944 1190 977 ubi
1214 945 1291 978 alias
1311 945 1375 978 illis
1386 946 1424 978 de
1455 946 1525 979 iure
1545 945 1638 979 locus
1649 955 1715 979 non
1735 944 1775 979 sit
1786 955 1882 990 prae—

1135 998 1238 1031 standi
1260 999 1455 1040 cautionem,
1475 1004 1530 1032 aut
1553 999 1631 1032 alias
1651 998 1883 1043 quoquomodo

1135 1051 1300 1086 inducant.

1178 1106 1193 1150 5
1218 1106 1272 1140 15.
1294 1106 1382 1146 Quae
1409 1106 1518 1140 omnia
1539 1107 1669 1140 decreta
1697 1117 1755 1140 seu
1777 1111 1878 1148 taxas,

1134 1266 1252 1300 dinarii
1274 1267 1306 1301 in
1331 1268 1483 1301 omnibus
1502 1268 1607 1301 causis
1630 1268 1800 1312 delegatis,
1819 1268 1882 1302 nisi

1135 1320 1189 1353 ubi
1210 1321 1248 1354 de
1269 1322 1514 1363 consuetudine,
1534 1322 1670 1356 decretis
1685 1322 1734 1356 vel
1758 1322 1881 1357 consti-

1135 1375 1312 1408 tutionibus
1332 1375 1570 1420 episcopalibus
1589 1376 1697 1409 minor
1714 1381 1785 1410 taxa
1803 1376 1882 1422 ipsis

1136 1429 1290 1462 servanda
1318 1430 1484 1474 proposita
1510 1435 1610 1470 esset,
1631 1440 1729 1474 quam
1756 1441 1883 1464 servare

1136 1487 1326 1523 teneantur;
1349 1483 1536 1528 possintque
1563 1484 1708 1517 locorum
1729 1483 1884 1518 ordinarii

1135 1535 1238 1570 dictae
1255 1537 1438 1580 provinciae
1449 1537 1706 1578 Mediolanensis,
1717 1542 1882 1582 tamquam

1135 1589 1224 1622 Sedis
1244 1590 1446 1634 Apostolicae
1471 1590 1619 1634 delegati,
1639 1591 1882 1635 praedictorum

1135 1644 1281 1677 omnium
1313 1650 1551 1689 contemptores
1577 1656 1614 1678 ac
1644 1645 1706 1689 ipsi
1733 1655 1882 1689 quoquo-

1135 1693 1232 1726 modo
1253 1695 1528 1728 contravenientes
1546 1695 1733 1735 admonere;
1754 1699 1786 1728 et
1803 1694 1831 1728 si
1848 1705 1884 1729 se

1135 1743 1307 1776 emendare
1328 1743 1539 1787 neglexerint,
1561 1743 1824 1777 informationem
1842 1743 1884 1778 de

1135 1793 1319 1825 excessibus
1338 1793 1524 1826 huiusmodi
1545 1798 1684 1832 sumant,
1703 1803 1740 1827 ac
1759 1793 1800 1827 ad
1818 1792 1884 1828 Ro-

1136 1852 1267 1874 manum
1287 1842 1475 1875 Pontificem
1505 1849 1563 1885 pro
1583 1848 1729 1885 tempore
1748 1842 1885 1876 existen-

1137 1895 1199 1923 tem
1225 1901 1281 1923 seu
1301 1890 1415 1924 Curiae
1436 1901 1607 1924 causarum
1626 1891 1779 1925 Gamerae
1797 1892 1884 1935 Apo-

1135 1939 1265 1972 stolicae
1285 1940 1466 1973 auditorem
1486 1940 1721 1982 transmittant,
1736 1946 1773 1974 ut
1786 1951 1824 1974 ea
1842 1940 1885 1975 ad

1136 1998 1277 2030 unguem
1294 1999 1362 2021 non
1373 1989 1587 2030 observantes,
1600 1989 1686 2022 iuxta
1694 1999 1885 2023 excessuum

1136 2037 1338 2079 exigentiam,
1362 2038 1479 2081 corrigi
1501 2044 1531 2071 et
1551 2037 1661 2082 puniri
1672 2038 1806 2082 possint,
1820 2037 1885 2072 nisi

1136 2085 1195 2128 ipsi
1216 2086 1337 2120 iudices
1364 2087 1467 2130 magis
1492 2087 1532 2120 ab
1551 2086 1725 2120 ordinariis
1744 2085 1885 2121 iudicari

1136 2137 1369 2176 consenserint,
1398 2148 1435 2170 ac
1463 2137 1541 2169 alias
1571 2141 1669 2180 prout
1699 2136 1734 2169 in
1761 2135 1884 2170 instru-

1137 2190 1244 2217 mento
1263 2185 1312 2217 vel
1333 2185 1556 2219 instrumentis
1581 2185 1713 2229 publico
1739 2195 1798 2219 seu
1821 2196 1885 2230 pu-

1135 2233 1240 2275 blicis,
1263 2241 1318 2268 aut
1338 2234 1399 2268 alio
1418 2235 1467 2268 vel
1494 2235 1566 2267 aliis
1597 2235 1795 2268 documento
1827 2245 1886 2269 seu

1137 2283 1350 2325 documentis,
1372 2289 1428 2317 aut
1453 2284 1612 2328 scriptura
1637 2284 1687 2317 vel
1714 2283 1886 2328 scripturis

1137 2333 1275 2377 desuper
1301 2334 1456 2367 contectis
1482 2333 1611 2378 plenius
1636 2333 1755 2367 dicitur
1780 2332 1885 2368 conti-

1138 2384 1218 2416 neri.

1181 2435 1196 2478 ξ
1214 2433 1267 2467 16.
1290 2433 1449 2477 Cumque,
1470 2433 1554 2467 sicut
1572 2432 1669 2467 etiam
1688 2430 1884 2477 accepimus,

1139 2482 1222 2516 idem
1239 2483 1372 2517 Carolus
1386 2481 1557 2516 cardinalis
1576 2487 1607 2516 et
1621 2480 1884 2526 archiepiscopus

1139 2544 1193 2566 seu
1215 2534 1342 2578 praesul
1362 2532 1583 2566 ordinationes
1602 2537 1633 2565 et
1650 2536 1739 2565 taxas
1756 2529 1884 2574 praedi-

1139 2588 1215 2621 ctas,
1247 2593 1305 2627 per
1329 2593 1416 2623 cum,
1453 2581 1536 2615 sicut
1562 2579 1788 2625 praemittitur,
1821 2587 1883 2624 pro

1173 2656 1211 2691 (t)
1225 2655 1309 2684 Deest
1331 2654 1401 2683 sorte
1419 2652 1629 2690 praestationem
1648 2651 1687 2689 (R.
1701 2650 1754 2688 ⁵12).

1134 1158 1297 1193 iudicibus
1316 1161 1524 1204 synodalibus
1551 1166 1582 1194 et
1601 1160 1882 1195 conservatoribus
1894 1145 1981 1198 :0:33

1134 1213 1180 1246 sic
1198 1214 1422 1258 praescriptas,
1435 1220 1561 1247 servent
1576 1213 1671 1248 etiam
1689 1214 1813 1249 iudices
1832 1225 1883 1249 or·
1895 1205 1951 1258 ‘'vi-'im

1896 2535 1942 2557 ona

1897 2570 1959 2593 ¹⁸12.
1994 2580 2004 2591 ς,
