2059 3228
131 230 182 256 An
200 230 228 256 C
250 229 311 256 15:³7

142 290 239 315 Sportula
243 295 254 310 e
270 294 302 309 ιιιι1

130 327 167 347 pri
192 321 248 341 asnis
257 322 286 340 riv·

130 352 165 371 tib·
167 357 184 370 ις
200 354 219 370 et
235 352 309 372 cilini-

129 388 155 402 ιιιι
159 382 210 402 libus
203 391 220 402 .

152 1106 262 1127 Clansnlne
277 1106 312 1126 ml-

126 1138 272 1163 praoseniium
287 1137 310 1157 li⁴

127 1172 219 1188 terarum
239 1169 309 1189 lirini-

126 1201 190 1219 taleni
205 1203 309 1226 opportu-

125 1235 177 1250 uae.

371 218 433 250 07‘»

307 280 504 323 pitul01um
521 277 560 309 di
582 282 609 309 et
627 285 724 318 supet
735 273 837 307 sindii
840 279 906 313 atu,
922 284 958 306 ·1c
976 272 1071 306 modo

326 338 356 364 ιι
381 331 483 364 forma
502 341 558 371 1e⁴=
562 328 679 368 iininis,
702 334 769 361 tuin
804 327 899 360 etiam
921 327 1070 359 obseiva-

325 385 410 416 tione
435 389 579 416 taxarum
601 382 640 414 de
660 386 691 414 et
723 391 822 424 super
850 380 1003 424 sportulis
1022 380 1071 411 vel

324 436 394 468 aliis
414 434 627 468 solutionibus
647 434 679 466 in
705 443 800 466 causa
831 433 914 466 civili
934 433 983 466 vel
1013 432 1073 465 cri-

323 488 432 521 minali
445 487 690 531 quomodolibet
701 492 846 530 tempore
859 486 963 519 dictae
977 495 1071 529 prae-

322 548 414 575 turae
439 539 594 584 praestari
615 540 726 580 solitis,
746 550 830 583 quae
850 540 952 573 salvae
973 545 1003 572 et
1033 539 1072 571 il-

324 596 427 628 laesae
447 599 646 633 remaneant,
668 594 771 627 donec
790 593 852 626 alia
872 593 1031 636 condigna
1042 598 1071 625 et

324 648 527 681 rationabilia
547 647 690 691 capitula
706 653 737 680 et
755 653 846 680 taxae
866 647 906 680 de
931 653 962 679 et
976 657 1074 690 super

323 701 508 745 praemissis
534 711 592 745 per
615 700 775 734 civitatem
805 700 1002 744 praedictam
1033 699 1073 731 il-

323 754 450 797 liusque
477 753 740 787 communitatem
766 759 797 786 et
826 753 974 786 homines
995 762 1073 786 eon-

323 806 406 839 secta
430 806 562 847 suerint,
584 817 711 840 necnon
732 817 806 839 eum
831 805 982 838 omnibus
1003 805 1074 837 aliis

917 220 956 244 nu
959 220 996 244 LL
1000 219 1095 243 ARIUM
1119 218 1269 243 ROMANUM

1116 281 1258 304 cessores
1279 275 1310 304 et
1329 279 1512 304 sucessores
1531 276 1668 312 nostros,
1680 271 1858 315 dictaeque

1112 323 1202 357 Sedis
1217 323 1275 357 sub
1291 323 1548 367 quibuscumque
1567 325 1730 358 tenoribus
1750 331 1781 359 et
1797 326 1860 358 sor-

1114 377 1185 417 mis,
1206 378 1478 421 quandocumque
1494 378 1542 410 vel
1569 377 1858 422 qualitercumque,

1112 430 1315 474 generaliter,
1338 430 1566 471 communiter,
1589 431 1736 474 specifice
1756 437 1787 464 et
1806 442 1859 465 ex-

1113 494 1221 527 presse
1240 483 1332 517 sactis
1358 489 1389 517 et
1414 483 1581 524 faciendis,
1610 483 1744 517 minime
1775 495 1861 518 com-

1115 536 1280 579 prehendi,
1301 537 1355 570 sed
1376 547 1504 580 semper
1518 541 1549 569 et
1568 542 1727 580 perpetuo
1747 537 1861 570 abillis

1113 596 1257 633 excepta,
1278 595 1309 622 et
1329 590 1454 632 quoties
1471 589 1680 630 emanabunt,
1707 589 1801 622 toties
1829 590 1861 623 in

1116 641 1283 684 pristinum
1321 647 1437 676 statum
1471 642 1629 683 restituta,
1660 642 1799 686 reposita
1832 649 1863 676 et

1115 695 1256 739 plenarie
1277 695 1482 739 reintegrata,
1518 706 1555 728 ac
1588 695 1685 728 etiarn
1710 696 1769 729 sub
1790 696 1863 729 data

1115 759 1171 791 per
1190 749 1458 782 communitatem
1472 754 1503 782 et
1522 749 1670 782 homines
1680 749 1863 792 praedictos

1114 801 1259 845 eligenda
1276 802 1315 835 de
1327 812 1409 835 novo
1422 812 1622 842 reconcessa,
1635 802 1750 842 valida,
1768 802 1862 835 firma

323 859 543 901 proventibus,
571 857 809 899 emdlumentis,
831 858 1074 902 honoribusque
1092 860 1096 906 Ι
1114 861 1144 888 et
1163 856 1304 889 efficacia
1325 855 1471 895 existere,
1494 866 1635 899 suosque
1654 855 1816 899 plenarios
1832 861 1864 889 et

324 918 354 945 et
374 912 538 953 oneribus,
561 912 661 946 solitis
681 919 711 945 et
731 912 905 951 consuetis,
932 911 1074 945 auctori·
1115 909 1255 952 integros
1275 909 1407 942 effectus
1437 908 1544 941 sortiri
1573 919 1610 941 ae
1635 908 1864 942 inviolabiliter

324 972 388 999 tate
408 972 438 999 et
454 971 566 999 tenore
587 966 771 1010 praedictis,
791 966 941 998 similiter
961 976 1074 1009 perpe-

325 1025 380 1052 tuo
394 1018 633 1059 constituimus,
648 1018 803 1061 erigimus
817 1023 847 1050 et
863 1017 1070 1051 instituimus

368 1072 383 1115 ξ
406 1071 459 1105 10.
474 1072 621 1115 Insuper,
644 1082 702 1115 pro
720 1071 833 1104 maiori
851 1070 999 1114 gubernii
1018 1082 1075 1115 per

324 1130 508 1168 praesentes
522 1125 661 1158 instituti
681 1124 865 1165 stabilitate,
879 1135 916 1157 ac
936 1124 1074 1157 aliorum

323 1177 575 1221 praemissorum
608 1178 754 1211 omnium
784 1177 1006 1210 observatione
1044 1183 1075 1210 et

324 1231 577 1271 manutentione‚
611 1241 738 1264 necnon
769 1230 1007 1264 communitatis
1045 1236 1076 1263 et

322 1284 490 1317 hominum
511 1284 753 1327 praedictorum
779 1284 905 1317 cautela
925 1289 956 1317 et
979 1294 1073 1316 secu-

323 1337 417 1369 ritate
438 1342 595 1381 perpetua
610 1343 639 1370 et
660 1337 810 1377 solemni,
833 1336 941 1369 omnia
961 1342 992 1370 et
1007 1337 1074 1370 sin-

323 1391 399 1426 οιιΙῑι
418 1390 508 1424 Sedis
531 1396 562 1423 et
580 1390 733 1424 Cauieiae
752 1391 955 1434 Apostolicae
980 1381 1092 1435 piae-²1

323 1443 485 1476 dictorum
498 1443 582 1476 bona
593 1443 642 1476 cix
646 1443 712 1476 itati
724 1443 907 1488 praedictae
924 1438 1092 1505 illiusque

323 1497 547 1530 communitati
568 1502 599 1530 et
623 1496 810 1530 hominibus
840 1496 1021 1539 obligunus
1045 1483 1093 1530 et

323 1550 591 1594 liypotliecamus,
609 1561 645 1583 ac
666 1550 805 1593 obligata
819 1556 850 1583 et
863 1540 1093 1594 liypothecatal

323 1613 392 1636 esse
406 1614 413 1643 ;
435 1613 562 1636 necnon
574 1608 759 1647 praesentes
779 1603 901 1637 litteras
913 1614 949 1636 ac
965 1604 1076 1637 omnia

324 1661 353 1689 et
372 1666 596 1699 quaecumque
616 1656 648 1689 in
670 1656 713 1689 eis
730 1662 880 1689 contenta
899 1657 989 1690 nullo
1003 1668 1075 1690 um-

322 1715 419 1751 quam
445 1714 591 1753 tempore
607 1709 646 1742 de
669 1709 889 1753 subreptionis
908 1710 956 1743 vel
977 1710 1074 1743 obre-

322 1761 441 1805 ptionis
461 1772 517 1795 seu
536 1761 690 1795 nullitatis
710 1762 797 1803 vitio,
816 1768 871 1795 aut
889 1762 1074 1796 intentionis

322 1820 451 1848 nostrae
470 1816 519 1848 vel
537 1816 599 1849 alio
612 1816 724 1859 quovis
734 1816 875 1856 defectu,
886 1816 982 1849 etiam
996 1827 1075 1850 cau-

321 1879 430 1901 sarum
464 1869 512 1901 vel
533 1879 763 1913 personarum,
786 1869 881 1902 etiam
903 1875 1086 1911 transeun-·>

322 1921 402 1954 tium
424 1922 472 1954 vel
493 1922 684 1962 forensium,
707 1928 762 1955 aut
784 1923 847 1955 alia
866 1934 1074 1968 quacumque

321 1975 500 2015 occasione,
527 1976 558 2007 in
592 1981 657 2009 toto
687 1976 735 2009 vel
763 1976 795 2008 in
823 1981 925 2020 parte,
953 1977 1071 2017 notari,

320 2028 426 2071 argui,
463 2029 658 2073 impugnari,
690 2029 870 2071 invalidam,
901 2031 1071 2071 retardari,

323 2081 473 2122 rescindi,
495 2081 535 2115 ad
555 2082 710 2116 terminos
739 2083 818 2116 iuris
831 2084 957 2124 reduci,
976 2084 1008 2116 in
1024 2084 1074 2117 ius
1091 2114 1094 2123 ,

320 2135 368 2167 vel
402 2135 654 2168 controversiam
680 2136 798 2177 vocari,
833 2143 889 2170 aut
922 2138 1073 2171 adversus

322 2187 376 2219 illa
394 2188 623 2231 quodcumque
640 2189 720 2222 iuris
739 2194 770 2222 et
789 2190 864 2222 sacti
885 2190 932 2223 vel
953 2191 1073 2233 gratiae

322 2241 503 2274 remedium
542 2241 718 2285 impetrari.
756 2253 812 2276 seu
838 2243 932 2276 etiam
969 2249 1071 2284 motu,

324 2294 442 2326 cientia
461 2300 492 2327 et
509 2296 674 2338 potestatis
693 2296 895 2339 plenitudine
913 2297 1073 2331 similibus

324 2347 457 2379 concedi
478 2357 583 2390 posse,
605 2359 642 2381 ac
662 2349 721 2381 sub
737 2349 900 2392 quibusvis
917 2350 1071 2383 similium

323 2396 371 2428 rel
386 2395 589 2429 dissimilium
607 2398 782 2440 gratiarum
801 2399 1069 2441 revocationibus,

323 2446 601 2487 suspensionibus,
622 2446 659 2479 ad
682 2452 806 2490 tempus
826 2449 871 2480 vel
889 2448 1072 2492 beneplaci-

323 2497 404 2532 tum,
434 2493 680 2528 limitationibus
714 2502 769 2529 aut
803 2497 873 2529 aliis
902 2498 1072 2531 contrariis

321 2539 597 2582 dispositionibus,
629 2544 723 2576 etiam
756 2556 812 2587 per
842 2556 900 2577 nos
935 2551 966 2578 et
993 2538 1093 2579 alios⁸

320 2598 544 2633 quoscumque
567 2591 725 2626 Romanos
745 2593 915 2627 Pontifices
939 2595 1072 2638 praede-

1115 961 1274 995 observari
1299 962 1427 1002 debere,
1457 962 1586 1006 vimque
1616 967 1647 995 et
1675 963 1774 996 robur
1796 963 1861 995 veri

1115 1021 1144 1047 et
1164 1014 1259 1048 validi
1279 1021 1464 1049 contractus
1483 1026 1520 1048 ae
1540 1015 1679 1048 efficacis
1694 1015 1863 1058 obligatio-

1116 1068 1163 1101 nis
1180 1068 1332 1101 internos
1351 1079 1387 1101 ac
1408 1069 1523 1102 Sedem
1538 1075 1569 1101 et
1590 1068 1754 1102 Cameram
1768 1079 1861 1112 prae-

1115 1121 1214 1154 ‹lictas
1235 1133 1272 1155 ex
1292 1133 1367 1167 una.
1387 1133 1447 1155 nec
1471 1133 1536 1155 non
1552 1122 1713 1155 civitatem
1733 1122 1862 1166 praedi-

1116 1181 1196 1207 ctam
1217 1174 1367 1218 illiusque
1387 1175 1651 1208 communitatem
1672 1175 1863 1208 ethomines

1117 1228 1259 1270 ⁴»artibus
1275 1239 1312 1261 ex
1331 1229 1431 1261 altera
1450 1228 1592 1272 legitime
1618 1239 1655 1261 ex
1676 1228 1770 1261 titulo
1789 1239 1862 1261 vere

1126 1291 1262 1321 ›neroso,
1300 1281 1461 1314 mediante
1490 1281 1649 1314 solutione
1679 1280 1862 1325 praedictae

1114 1345 1259 1367 summae
1280 1339 1419 1377 quatuor
1443 1334 1580 1367 millium
1611 1340 1777 1367 scutorum
1803 1335 1863 1367 hu-

1114 1387 1264 1428 iusmodi,
1278 1387 1348 1421 initi
1366 1393 1397 1421 et
1416 1387 1556 1432 stipulati
1581 1398 1618 1420 ac
1642 1387 1736 1420 etiam
1757 1388 1863 1421 utrin-

1113 1452 1176 1484 que
1196 1441 1292 1474 iurati
1313 1441 1476 1480 obtinere,
1499 1441 1683 1484 dictamque
1694 1441 1861 1475 Cameram

1113 1495 1151 1527 ad
1172 1494 1448 1534 communitatem,
1469 1494 1629 1534 homines,
1648 1493 1781 1533 incolas,
1803 1494 1863 1527 ha-

1112 1548 1266 1581 bitatores
1290 1554 1321 1581 ct
1340 1558 1493 1592 personas
1504 1547 1692 1581 huiusmodi
1711 1547 1743 1580 in
1759 1547 1862 1580 libero

1112 1602 1271 1645 gubernio
1305 1613 1342 1635 ac
1379 1601 1505 1635 iuribus
1525 1607 1555 1635 et
1587 1600 1657 1634 aliis
1677 1600 1861 1645 praemissis

1114 1655 1250 1689 tuendos
1274 1655 1444 1696 immunes,
1462 1654 1628 1688 indemnes
1647 1660 1678 1687 et
1697 1660 1866 1698 exemptos»

1113 1709 1348 1742 conservandos
1366 1709 1468 1742 teneri
1498 1714 1528 1741 et
1556 1708 1713 1751 obligatos
1730 1718 1800 1741 esse
1823 1718 1863 1741 ae

1113 1763 1190 1802 fore,
1201 1762 1394 1806 easdemque
1411 1767 1596 1805 praesentes
1606 1760 1728 1794 litteras
1737 1761 1776 1794 ad
1787 1771 1863 1805 pro-

1112 1815 1254 1848 bandum
1274 1815 1369 1859 plene
1395 1814 1590 1848 solutionem
1610 1824 1755 1847 summae
1780 1824 1862 1857 qua-

1112 1873 1185 1902 tuor
1194 1868 1332 1901 millium
1344 1874 1509 1902 scutorum
1520 1867 1719 1908 huiusmodi,
1728 1878 1765 1900 ac
1775 1867 1862 1910 quod

1113 1922 1167 1955 illa
1187 1922 1219 1955 in
1239 1928 1381 1955 nostram
1402 1921 1569 1965 dictaeque
1600 1920 1691 1954 Sedis
1723 1920 1860 1954 subven-

1092 1979 1094 2024 ζ
1112 1975 1233 2008 tionem
1245 1986 1398 2008 conversa
1413 1973 1542 2015 suerint,
1555 1974 1682 2017 aliaque
1696 1973 1861 2017 praemissa

1112 2029 1245 2072 ubique,
1268 2035 1331 2062 tam
1354 2029 1386 2061 in
1406 2028 1526 2061 iudicio
1540 2038 1635 2070 quam
1649 2033 1749 2066 extra,
1770 2026 1859 2059 suff-

1112 2093 1195 2123 cere,
1216 2093 1276 2116 nec
1296 2082 1429 2116 alterius
1448 2081 1649 2126 probationis
1679 2080 1860 2114 adminicu-

1112 2137 1177 2169 lum
1199 2136 1332 2180 requiri.

1155 2189 1170 2232 ξ
1190 2189 1244 2222 tt.
1271 2189 1388 2232 Sicque
1408 2199 1466 2232 per
1490 2188 1672 2232 praedictos
1697 2198 1734 2220 ae
1762 2197 1859 2230 quos·

1112 2253 1250 2287 cumque
1270 2243 1349 2276 alios
1366 2243 1504 2283 indices,
1523 2242 1704 2276 ordinarios
1724 2247 1756 2274 et
1770 2241 1859 2274 dele-

1111 2302 1212 2340 gatos,
1235 2296 1371 2330 cuiusvis
1394 2296 1593 2330 auctoritatis
1621 2303 1652 2329 et
1681 2294 1858 2339 potestatis,

1112 2350 1207 2383 ctiam
1229 2360 1399 2383 cansarum
1424 2350 1536 2383 Palatii
1565 2349 1739 2393 Apostolici
1771 2348 1860 2382 audi-

1112 2404 1208 2438 tores,
1231 2409 1268 2431 ne
1287 2399 1319 2432 S.
1342 2398 1378 2431 R.
1405 2399 1443 2431 E..
1476 2399 1668 2437 cardinales,
1695 2398 1790 2430 etiam
1820 2397 1858 2429 de

1112 2447 1213 2480 latere
1234 2448 1364 2490 legatos,
1385 2448 1510 2480 sublata
1531 2448 1577 2481 eis
1596 2455 1627 2480 ct
1655 2457 1767 2480 eorum
1792 2445 1858 2479 cui-

1112 2496 1190 2529 libet
1209 2496 1318 2539 quavis
1337 2497 1430 2529 aliter
1450 2496 1611 2530 iudicandi
1636 2502 1666 2528 et
1698 2496 1856 2537 interpre-

1113 2545 1203 2578 tandi·
1229 2545 1376 2578 facultate
1408 2551 1439 2579 et
1471 2546 1671 2586 auctoritate,
1695 2545 1726 2576 in
1746 2543 1856 2586 quavis

1112 2604 1207 2627 causa
1229 2600 1257 2626 et
1280 2594 1444 2635 instantia,
1477 2600 1633 2639 perpetuo
1665 2591 1798 2626 iudicari
1827 2597 1857 2623 et

1873 219 1913 247 An
1933 218 2013 248 .c..15

1899 2193 1932 2214 Sir:
1941 2193 2026 2223 obsequ

1874 2226 1920 2245 dnm
1930 2226 1948 2244 in
1959 2229 2027 2250 ιμιιισιιι

1874 2262 1914 2283 que
1929 2255 2022 2277 tribum-li
