2059 3228
90 203 278 240 μακε-»1535
334 194 398 232 640

289 259 348 299 nis,
371 256 490 290 rasciae
510 259 539 288 et
560 252 690 288 saieuae
713 251 913 292 huiusmodi,
935 252 1041 285 lanam

289 321 326 345 ex
345 310 481 354 pellibus
502 317 656 352 pecorum
677 307 832 346 evulsam,
847 316 944 349 quam
961 304 1040 338 alias

288 364 449 408 appellant
476 362 631 405 petalam,
658 359 825 400 adhibere,
847 359 906 392 sub
937 368 1040 403 poena

287 415 467 450 amissionis
484 415 697 458 ipsorummet
708 422 889 457 pannorum
902 417 932 445 et
944 411 1038 454 quin-

285 469 438 514 quaginta
458 473 623 501 scutorum
645 477 703 511 pro
723 466 867 510 qualibet
888 465 973 510 petia
987 477 994 506 ;
1009 469 1039 498 et

286 523 318 556 in
350 523 412 555 fine
451 521 685 565 cuiuscumque
714 520 791 554 anni
825 519 982 553 docerent
1006 518 1037 550 in

284 576 416 610 Camera
436 574 620 619 Apostoliea
644 584 678 607 se
697 572 886 606 huiusmodi
910 581 1038 616 pannos

283 627 469 668 confecisse,
488 627 546 660 sub
567 625 781 660 restitutionis
805 625 893 658 illico
914 624 1035 658 sacien-

285 681 343 714 dae
375 691 486 714 earum
506 679 720 724 pecuniarum
747 689 828 723 quas
851 678 1036 722 reciperent

285 734 391 768 etaliis
408 733 532 778 poenis,
555 733 593 766 ad
613 732 853 776 beneplacitum
865 732 968 765 dictae
981 730 1036 764 Ca-

284 799 392 822 merae
411 798 467 821 seu
489 786 742 831 praesidentium
765 786 865 830 ipsius
886 784 1034 827 infligen-

283 842 343 875 dis.
362 842 397 874 Et
414 852 488 875 casu
502 851 567 885 quo
578 839 766 874 monachini
784 846 814 872 et
826 838 949 872 rasciae
969 848 1034 871 non

281 895 479 939 itaexpedite
488 895 713 935 venderentur,
724 898 866 938 possent,
880 892 918 925 de
932 891 1033 924 lieen-

282 949 326 982 tia
355 954 464 982 tamen
494 948 683 982 eorumdem
705 946 957 992 praesidentium
979 944 1034 978 Ca-

281 1013 389 1036 merae
408 1002 623 1046 Apostolicae‚
637 1001 718 1035 tales
735 1010 862 1044 pannos
882 1010 939 1032 seu
958 1008 1034 1032 con-

280 1056 455 1090 fectionem
484 1056 627 1100 ipsorum
653 1054 881 1093 intermittere,
903 1058 933 1086 et
953 1052 1033 1085 alios

281 1109 456 1150 conticere,
488 1109 531 1142 ita
564 1115 600 1142 ut
619 1108 775 1153 pecuniae
799 1118 864 1140 non
888 1116 1034 1139 remane-

280 1168 352 1197 rent
372 1162 513 1203 inutiles,
525 1168 555 1196 et
570 1172 729 1206 pauperes
740 1161 898 1194 haberent
919 1160 952 1192 in
967 1169 1032 1203 quo

281 1228 314 1251 se
345 1218 385 1251 ad
413 1217 510 1250 vitam
544 1215 810 1250 substentandam
832 1218 1027 1247 exercerent.

279 1270 358 1304 Cum
380 1271 442 1304 hoc
466 1276 575 1303 tamen
591 1269 678 1312 quod
699 1268 776 1301 dicti
797 1266 978 1300 Alexander
1001 1273 1028 1299 et

281 1323 426 1357 Fenizius
460 1329 632 1356 teneantur
661 1321 815 1355 continuo
845 1320 965 1353 habere
999 1319 1029 1352 in

281 1387 395 1410 eorum
423 1378 562 1410 fundaco
592 1375 815 1414 monaehinos,
841 1373 976 1407 rasciam
1002 1379 1029 1406 et

281 1431 361 1464 alios
376 1441 500 1475 pannos
520 1430 704 1474 exquisitos,
726 1429 846 1462 Romae
867 1428 1028 1461 consecto.c

281 1489 312 1517 et
331 1485 524 1525 elaboratos,
547 1490 578 1516 et
598 1484 687 1524 alias,
715 1488 750 1515 ut
778 1482 811 1514 in
841 1481 917 1525 ipsis
942 1481 1027 1524 capi-

280 1538 367 1579 tulis,
399 1537 639 1571 conditionibus
669 1543 700 1570 et
731 1547 786 1569 seu
811 1535 936 1569 statutis
961 1535 1028 1578 ple-

279 1591 351 1624 nius
375 1591 494 1624 dicitur
523 1590 694 1624 contineri.
726 1589 812 1629 Quae
838 1588 946 1622 omnia
971 1599 1029 1632 per

280 1644 402 1678 dictum
432 1644 626 1688 Prosperum
647 1643 855 1682 cardinalem,
878 1647 912 1674 ut
933 1652 1026 1685 supra

280 1709 297 1730 a
317 1698 410 1732 nobis
429 1698 631 1742 deputatum,
662 1696 837 1741 approbata
858 1701 888 1729 et
914 1695 1030 1728 confir-

281 1758 365 1785 mata
379 1752 521 1785 suerunt.

323 1805 339 1848 ἓ
363 1805 416 1838 ll.
452 1805 626 1849 Propterea
663 1813 722 1836 nos
751 1801 937 1836 exercitium
967 1801 1028 1834 hoc

883 196 1064 226 BULLARIUM
1081 195 1233 222 nonnum

1082 250 1230 283 effectum
1265 247 1482 293 praesentium
1515 247 1676 282 dumtaxat
1712 253 1827 282 consea

1081 303 1260 346 quendum,
1282 302 1396 335 harum
1421 299 1503 334 serie
1522 301 1719 335 absolventes
1730 301 1826 335 etab-

1081 356 1200 389 solutos
1221 356 1288 389 sore
1308 360 1487 395 censentes,
1510 354 1649 398 capitula
1668 361 1699 388 et
1713 354 1826 389 condi-

1082 409 1185 443 tiones
1204 420 1240 442 ac
1260 419 1341 442 nova
1361 407 1545 441 huiusmodi
1569 418 1695 442 necnon
1720 414 1825 442 vetera

1080 462 1205 505 collegii
1226 462 1382 506 praedicti
1406 466 1520 495 statuta
1540 466 1572 494 et
1594 461 1823 502 ordinationes,

1080 515 1152 548 felix
1175 515 1318 558 regimen
1339 521 1369 548 et
1393 514 1587 558 gubernium
1608 513 1707 558 ipsius
1726 515 1824 548 colle-

1078 568 1120 612 git
1150 579 1206 601 seu
1235 567 1396 601 societatis
1421 567 1662 606 concernentia,
1690 578 1728 600 ac
1746 567 1824 601 alias

1078 621 1165 654 licita
1186 627 1216 654 et
1235 622 1369 655 honesta
1388 631 1449 655 nec
1468 621 1566 654 sacris
1581 620 1759 654 canonibus
1769 626 1824 654 aut

1078 675 1216 708 concilio
1244 674 1432 711 Tridentino
1463 674 1636 716 contraria,
1658 684 1741 719 quae
1769 675 1824 722 de-

1076 729 1195 774 scripta
1223 734 1296 762 sunt
1318 729 1349 762 in
1369 729 1507 773 quodam
1530 728 1673 762 eiusdem
1695 727 1822 772 collegii

1077 782 1170 823 libro,
1194 782 1226 815 in
1249 782 1435 815 membrana
1450 783 1682 826 manuscripto,
1704 786 1735 815 et
1749 792 1822 816 coo-

1076 835 1214 879 perturis
1233 835 1348 879 ligneis
1368 835 1456 869 corio
1475 836 1573 868 rubro
1585 835 1675 868 tectis
1690 846 1821 879 compa-

1075 895 1138 931 cto,
1153 900 1224 923 cum
1242 895 1382 933 quatuor
1397 900 1462 922 non
1483 889 1657 930 cartulatis,
1677 889 1723 922 sic
1743 888 1822 922 inei-

1075 943 1183 986 piente
1204 943 1285 977 Cum
1307 943 1363 976 hoc
1380 944 1432 983 sit,
1448 943 1530 986 quod
1547 954 1585 976 ea:
1594 943 1702 986 forma
1718 943 1822 976 cuius·

1072 998 1148 1030 clam
1167 998 1296 1036 stctttcti,
1317 1008 1354 1030 ae
1375 996 1506 1030 finiente
1526 997 1558 1029 in
1576 997 1662 1030 ltunc
1689 997 1820 1030 modurn

1072 1055 1100 1083 et
1113 1061 1210 1083 onera
1225 1050 1443 1090 substinemlo,
1454 1050 1615 1093 recipiant
1627 1054 1656 1083 et
1672 1050 1820 1091 honores,·

1072 1114 1102 1137 et
1122 1104 1192 1137 aliis
1213 1114 1249 1137 CL
1267 1104 1362 1137 cartis
1381 1114 1438 1137 seu
1468 1099 1553 1137 soliis
1581 1103 1756 1144 cartulatis,
1785 1108 1819 1137 ut

1072 1157 1261 1201 praefertur,
1273 1157 1413 1201 scriptis,
1435 1163 1466 1191 et
1486 1157 1530 1191 sic
1551 1167 1609 1200 pro
1630 1156 1758 1190 rubrica
1774 1157 1821 1190 in-

1072 1211 1265 1255 cipientibus
1279 1211 1448 1256 Incipiunt
1465 1215 1587 1244 statuta
1608 1214 1821 1244 mercatorum

1071 1265 1153 1297 artis
1170 1265 1277 1304 lanae,
1304 1270 1334 1298 et
1353 1264 1468 1298 deinde
1488 1265 1567 1298 haec
1578 1263 1674 1298 verba
1684 1264 1820 1297 subiun-

1070 1324 1191 1361 guntur
1223 1319 1263 1351 In
1283 1319 1414 1351 nomine
1432 1318 1492 1351 Dei
1512 1318 1624 1351 Patris
1645 1322 1673 1351 et
1686 1318 1769 1351 Filii
1791 1319 1821 1351 el

1070 1371 1213 1415 Spiritus
1249 1372 1364 1405 Sancti
1376 1399 1383 1413 ‚
1422 1376 1451 1405 el
1486 1372 1528 1405 ad
1566 1372 1719 1405 honorem
1756 1376 1817 1404 etc.

1069 1425 1154 1464 Quae
1172 1426 1301 1468 quidem
1327 1425 1422 1459 verba
1448 1425 1540 1468 nigro
1561 1426 1670 1458 colore
1696 1424 1761 1458 sive
1785 1435 1823 1461 ατ

1070 1485 1229 1512 tramento
1249 1485 1322 1512 sunt
1339 1478 1474 1523 scripta;
1496 1478 1529 1511 in
1541 1478 1603 1511 tine
1615 1483 1722 1522 autern
1737 1477 1822 1514 eiu&

1069 1532 1141 1565 dem
1169 1532 1256 1571 libri,
1287 1531 1436 1565 videlicet
1460 1531 1574 1564 ultimo
1596 1530 1681 1571 solio,
1707 1530 1818 1564 subse-

1069 1596 1169 1629 quens
1190 1585 1305 1619 notarii
1326 1585 1502 1629 recognitio
1531 1585 1628 1617 finem
1654 1585 1728 1618 fucit
1756 1584 1817 1618 Dt'e

1068 1649 1119 1672 xx1
1140 1640 1208 1673 ian.
1231 1649 1368 1672 untxxtv
1386 1639 1426 1672 D.
1449 1639 1607 1672 Horatius
1625 1638 1747 1672 Fuscus
1761 1648 1818 1671 no·

1070 1694 1185 1733 {av-ins,
1199 1694 1301 1726 met-tio
1316 1694 1509 1732 iuramento,
1523 1693 1617 1725 lactis
1636 1696 1708 1731 etc„
1730 1702 1817 1725 reco-

1068 1747 1178 1785 quovit
1197 1747 1363 1790 prardicta
1393 1750 1517 1786 statuta
1537 1756 1600 1779 esse
1622 1746 1819 1779 universita-

1071 1801 1111 1831 ris
1131 1801 1214 1833 artis
1239 1801 1333 1833 lanae.
1360 1800 1454 1833 Urbis
1477 1800 1512 1832 iu
1537 1799 1656 1841 forma,
1677 1798 1818 1832 auetori-

1837 186 1941 219 nnec:
1951 164 1986 201 ’ἶ
1995 203 2015 228 ⁴2

1069 1859 1129 1886 tate
1157 1853 1344 1897 apostolica,
1372 1864 1429 1897 per
1453 1858 1637 1897 praesentes
1661 1857 1816 1896 perpetuo

1068 1907 1285 1950 ¹{ppt-obrimus
1305 1913 1335 1940 et
1355 1907 1603 1947 confirmamus,
1630 1905 1816 1949 supplentes

1068 1961 1210 1999 singulos
1231 1966 1293 1993 tum
1315 1960 1394 1993 iuris
1413 1970 1507 2003 quam
1520 1957 1815 1999 sactidesectus‚si-

1067 2015 1117 2054 qui
1141 2014 1279 2057 desuper
1299 2012 1540 2047 intervenerint.
1729 2010 1732 2013 ⁴

1111 2067 1125 2110 ξ
1150 2067 1201 2100 12.
1229 2072 1272 2100 Ac
1293 2066 1424 2110 insuper
1443 2076 1529 2099 nunc
1549 2070 1580 2098 et
1594 2068 1653 2109 pro
1668 2070 1814 2108 tempore

1067 2120 1272 2153 existentibus
1295 2120 1371 2153 dieti
1401 2119 1528 2162 collegii
1553 2118 1750 2158 consulibus,
1778 2124 1814 2151 ut
1829 2144 1892 2162 mm
1906 2126 1963 2163 ,fle
2000 2147 2012 2156 v.
2050 2157 2051 2164 ἵ

1069 2175 1097 2206 in
1119 2184 1230 2207 eorum
1250 2172 1497 2217 congregatione
1518 2178 1634 2206 statuta
1645 2177 1675 2206 et
1686 2171 1814 2206 ordina·
1829 2175 1873 2194 ¹⁰²¹
1911 2175 1953 2194 Μ
2048 2169 2051 2201 ;

1069 2228 1170 2261 tiones
1191 2227 1368 2272 praedicta,
1390 2227 1482 2260 toties
1497 2226 1623 2270 quotics
1633 2236 1692 2270 pro
1704 2236 1813 2259 rerum
1833 2221 1844 2255 2:
1976 2249 1989 2267 :-

1067 2289 1097 2315 et
1117 2292 1175 2326 pro
1198 2288 1378 2326 temporum
1399 2280 1552 2324 qualitate
1564 2279 1735 2323 expe-diens
1744 2279 1812 2312 l'ue-
1827 2270 1905 2325 ’,ζᾞξῗ
1941 2272 1952 2288 “

1068 2336 1119 2376 rit,
1154 2336 1342 2376 reformare,
1371 2334 1545 2377 corrigere,
1568 2340 1599 2367 et
1618 2333 1650 2366 in
1677 2338 1745 2366 toto
1763 2332 1813 2366 vel
1831 2330 1956 2377 '¹⁰⁰⁸‘¹‚'¹0'·'
1981 2358 1990 2366 .

1068 2385 1098 2416 iu
1120 2390 1208 2428 parte
1228 2390 1366 2424 mutare,
1388 2390 1418 2417 et
1437 2384 1476 2416 tle
1500 2393 1582 2416 novo
1599 2382 1738 2416 condere
1752 2392 1761 2422 ;
1776 2391 1813 2414 ac

1067 2433 1105 2465 «le
1121 2433 1269 2466 omnibus
1289 2438 1319 2465 ct
1339 2432 1473 2475 singulis
1488 2432 1604 2477 causis,
1627 2437 1690 2464 tum
1710 2428 1812 2464 civiti-

1067 2482 1126 2514 bus
1141 2492 1237 2525 quam
1258 2481 1479 2514 criminalibus
1502 2491 1558 2513 seu
1578 2479 1696 2521 mixtis,
1717 2477 1812 2511 etiam

1069 2531 1190 2563 ratione
1218 2530 1476 2573 praeteritorum,
1502 2529 1594 2562 lanae
1617 2534 1718 2561 artem
1733 2536 1810 2560 con-

1067 2579 1286 2621 cernentibus,
1307 2578 1394 2613 iuxta
1413 2578 1577 2623 praedicta
1586 2581 1701 2611 statuta
1710 2580 1742 2611 et
1754 2584 1810 2611 or·
1843 2604 1848 2607 .

108 1865 264 1902 Eum-donum
280 1858 380 1901 magis
401 1869 438 1891 ac
462 1858 564 1901 magis
592 1867 782 1902 promovere
808 1861 1026 1900 peroptantes,

82 1896 266 1954 52:2¹?ssssssssss
281 1922 317 1944 ac
336 1912 468 1945 dilectos
490 1912 572 1945 tilios
592 1910 763 1954 collegium
778 1920 832 1942 seu
843 1908 1027 1942 societatem

83 1961 266 2010 {ssssfumfiemff‘m‘fffi
282 1971 496 1998 mercatorum
517 1965 594 1998 artis
618 1965 708 1997 lanae
735 1963 839 1996 dictae
867 1962 960 1995 Urbis
989 1962 1028 1994 ad

83 2019 203 2072 {3:152220
213 2027 266 2073 λζ’]
281 2018 311 2051 id
333 2019 483 2058 excitare,
506 2018 701 2062 eosdemque
721 2016 915 2061 specialibus
940 2016 1026 2048 savo-

85 2082 162 2109 τηεμ
282 2072 369 2105 ribus
389 2077 420 2105 et
436 2072 546 2115 gratiis
566 2070 718 2115 prosequi
738 2070 894 2109 volentes,
916 2079 952 2101 ae
977 2080 1028 2101 ca—

281 2125 393 2168 pitula,
416 2125 615 2159 conditiones
645 2129 676 2157 et
704 2129 819 2156 statuta
843 2121 1027 2155 huiusmodi

281 2184 348 2211 rata
362 2178 528 2219 babentes,
552 2179 747 2221 illorumque
768 2176 912 2210 omnium
934 2181 1026 2208 teno-

281 2242 331 2264 res
349 2238 379 2265 et
404 2232 574 2275 qualitates
597 2241 657 2275 pro
679 2230 837 2274 expressis
857 2229 1025 2268 habentes,

281 2290 311 2317 et
331 2285 545 2318 Alexandrum
566 2291 594 2317 et
608 2283 770 2317 Fenizium
786 2293 822 2315 ac
833 2288 1026 2316 mercatores

281 2338 462 2380 praedictos
482 2343 508 2371 et
531 2348 643 2371 eorum
664 2336 806 2380 singulos
826 2332 849 2368 a‘
863 2336 1028 2379 quibusvis

281 2386 630 2425 excommunicationis,
651 2384 870 2429 suspensionis
889 2384 1028 2417 etinter-

282 2434 355 2468 dicti
378 2435 509 2478 :.liisque
529 2434 752 2468 ecclesiasticis
763 2433 941 2480 sententiis,
954 2443 1028 2466 cen—

281 2483 363 2515 suris
394 2490 423 2516 et
448 2483 570 2527 poenis,
595 2494 613 2516 a
640 2483 710 2516 iure
737 2483 785 2515 vel
816 2483 856 2515 ab
881 2482 1024 2522 homine,

282 2531 391 2573 quavis
410 2532 578 2565 occasione
601 2532 647 2565 vel
675 2542 780 2571 eausa,
801 2532 883 2573 latis,
910 2532 934 2564 si
955 2530 1026 2576 qui-

281 2579 341 2616 bus
369 2580 608 2622 quomodolibet
631 2581 776 2615 innodati
806 2580 956 2623 existunt,
987 2579 1026 2614 ad

1829 2111 1925 2132 concedit
1942 2111 1951 2130 t
1968 2122 1974 2127 -
2048 2106 2051 2111 “
