2059 3228
868 191 974 216 srst

209 246 313 292 ipsum
335 253 443 281 contra
464 246 651 280 huiusmodi
676 246 874 280 facinorosos
898 245 955 278 ho-

208 300 311 334 mines
339 312 357 334 a
387 302 480 334 dictis
504 311 617 334 eorum
651 298 824 344 provinciis
847 303 877 332 et
897 297 954 331 do-

209 353 316 387 miniis
335 353 484 387 bannitos
504 353 573 387 fieri
593 358 625 387 et
644 352 804 386 observari
825 351 954 385 curabi-

209 417 299 448 mus;
321 413 485 451 sperantes
509 407 569 440 hac
589 406 711 451 optima
734 405 860 438 ratione
884 414 953 438 om-

209 460 287 494 nino
309 461 452 494 futurum
473 465 509 494 ut
528 460 673 494 eiusdem
694 459 725 492 S.
749 459 784 491 R.
798 458 833 491 E.
853 463 882 491 et
901 468 954 491 cu-

209 513 325 557 iusque
358 524 472 547 eorum
496 513 626 546 ditionis
650 513 771 552 Status,
792 516 954 544 annuente

207 566 356 607 Domino,
379 571 587 611 expurgetur,
609 565 788 609 populique
812 563 906 597 nobis
925 568 956 596 et

209 619 271 653 illis
290 619 408 653 subditi
441 619 530 663 pacis
561 624 593 652 et
619 617 860 662 tranquillitatis
884 616 955 649 dul-

209 672 323 706 cedine
343 672 504 705 fruantur.
694 713 696 715 ‚

253 725 268 769 ξ
288 725 342 759 19.
370 725 408 759 Ut
424 730 532 758 autem
549 723 871 769 praesenteslitterae
887 733 955 756 om-

209 778 304 812 nibus
335 778 549 819 innotescant,
574 782 606 810 et
629 787 669 810 ne
689 776 858 820 quisquam
883 775 954 808 illa-

210 842 282 865 rum
302 831 538 874 ignorationem
569 831 709 873 allegare
729 829 841 874 possit,
863 829 955 862 iube·

210 895 282 918 mus
301 884 371 918 illas
389 885 487 918 valvis
519 884 675 918 ecclesiae
695 883 726 917 S.
753 883 881 916 Ioannis
900 883 956 915 La-

210 929 388 972 teranensis
408 944 438 972 et
470 938 623 971 basilicae
644 937 806 981 Principis
826 942 954 980 aposto-

209 993 316 1026 lorum
333 993 373 1026 de
397 992 496 1033 Urbe,
518 1003 554 1025 ac
574 991 607 1024 in
627 991 694 1024 acie
715 990 824 1033 Campi
842 990 956 1022 Florae

180 1077 186 1082 .
209 1045 362 1090 appendi,
383 1045 494 1089 eisque
513 1044 678 1085 detractis,
699 1044 829 1077 illarum
851 1054 957 1076 exem-

209 1098 274 1142 pla,
296 1098 393 1131 etiam
412 1099 580 1142 impressa,
602 1097 635 1130 in
655 1097 776 1130 eisdem
805 1096 885 1129 locis
909 1095 955 1128 as-

210 1151 272 1185 fixa
294 1152 447 1195 relinqui:
473 1152 619 1196 factaque
643 1150 830 1184 huiusmodi
851 1149 957 1193 publi-

211 1205 348 1246 catione,
369 1206 518 1239 volumus
537 1204 621 1249 ipsas
640 1210 827 1248 praesentes
847 1203 899 1236 bie
924 1203 956 1235 in

211 1259 295 1293 Urbe
314 1259 504 1304 publicatas,
522 1259 574 1292 die
594 1257 758 1302 sequenti;
777 1263 864 1291 extra
885 1267 955 1290 eam

209 1322 296 1353 vero,
309 1317 381 1357 post
400 1312 513 1346 decem
542 1312 620 1352 dies,
641 1321 866 1355 quoscumque
887 1321 958 1354 per-

210 1365 286 1399 inde
304 1371 429 1399 arctare
448 1371 544 1409 atque
573 1365 718 1406 afficere,
741 1375 777 1397 ac
797 1364 957 1397 contrafa-

198 1419 332 1463 ‚cientes
354 1429 476 1463 poenas
491 1424 523 1452 et
538 1418 601 1452 alia
620 1418 804 1462 supradicta
825 1417 957 1450 omnino

210 1472 378 1506 incurrere
397 1483 434 1506 ac
460 1473 486 1506 si
513 1473 558 1506 eis
578 1472 712 1515 singulis
737 1471 959 1515 praesentibus

210 1525 245 1559 in
268 1526 408 1570 propriis
426 1536 541 1559 eorum
561 1525 708 1568 personis
728 1529 758 1557 et
786 1524 865 1557 locis
885 1521 976 1565 inti-⁴3

211 1584 316 1612 matae
339 1579 486 1612 fuissent.
973 1567 977 1611 l

255 1632 271 1676 5
293 1632 347 1667 20.
369 1633 504 1677 Insuper
530 1633 718 1666 earumdem
738 1617 977 1675 praesentium¹

213 1687 371 1730 exempla,
394 1686 488 1719 etiam
515 1687 682 1730 impressa,
701 1685 818 1718 notarii
834 1684 959 1729 publici
975 1680 977 1695 ⁴

213 1749 313 1774 manu
336 1745 367 1773 et
391 1739 560 1773 camerarii
581 1739 738 1783 praedicti
752 1744 807 1771 aut
825 1738 960 1772 alterius
978 1753 983 1774 ι

213 1803 373 1838 personae
397 1793 430 1826 in
455 1793 623 1836 dignitate
645 1792 861 1826 ecclesiastica
882 1802 960 1825 eon-

214 1847 344 1881 stitutae
363 1846 468 1890 sigillo
493 1846 671 1890 obsignata,
699 1846 846 1879 eamdem
866 1855 961 1889 pror-

215 1910 270 1934 sus
301 1900 399 1933 fldem
430 1899 552 1943 ubique
585 1900 746 1940 locorum,
774 1899 807 1932 in
831 1899 962 1932 iudiciis

216 1960 249 1987 et
266 1959 354 1988 extra
377 1954 445 1995 illa,
458 1954 576 1994 facere,
598 1963 680 1997 quae
701 1953 960 1996 ipsaemetprae-

215 2013 323 2041 sentes
350 2007 503 2049 facerent,
531 2007 558 2041 si
586 2007 692 2040 forent
721 2006 880 2039 exhibitae
913 2006 962 2039 vel

217 2065 376 2094 ostensae.

262 2113 348 2158 521.
370 2113 502 2148 Necnon
528 2113 614 2158 quod
634 2112 794 2157 quaelihet
819 2123 964 2146 commu-

114 2177 205 2200 nimus
219 2166 312 2208 nitas,
343 2167 534 2200 universitas
568 2173 599 2200 et
632 2167 772 2211 populus
809 2176 964 2209 quarum—

57 2208 205 2261 Μῖξᾷοέἓᾞ
220 2230 361 2264 cumque
395 2220 571 2260 civitatum,
605 2219 812 2263 oppidorum,
848 2224 966 2252 castro-

73 2275 143 2295 ·''m'
160 2276 208 2306 ,ΙΨ-
221 2283 296 2306 rum
315 2278 346 2306 et
364 2273 512 2306 locorum
530 2273 784 2317 praedictorum,
806 2272 865 2304 sub
885 2271 966 2305 indi-

57 2301 210 2356 1213ῗὲιὲῗῖ
222 2325 383 2370 gnationis
401 2332 531 2359 nostrae
549 2336 587 2358 ac
606 2326 695 2358 mille
710 2325 900 2358 ducatorum
920 2325 967 2358 di-

51 2395 85 2417 m
96 2367 153 2417 :⁸:2⁰2
161 2370 211 2417 2¹2ss
224 2380 294 2408 ctae
313 2374 464 2408 Gamerae
488 2374 757 2418 applicandorum
774 2373 896 2416 poenis,
909 2385 968 2418 per

105 2426 153 2447 ⁸¹¹³·
178 2426 212 2446 *¹³⁰
225 2423 494 2457 contrafacientes
512 2433 551 2456 eo
571 2423 640 2466 ipso
660 2422 877 2462 incurrendis,
904 2430 967 2455 sta-

55 2459 214 2510 “³⁸:22⁵ssqu
226 2472 282 2505 tim
299 2482 373 2505 cum
394 2476 579 2516 praesentes
602 2471 726 2504 litterae
752 2475 879 2505 nostrae
911 2471 955 2504 hu

226 2521 378 2561 iusmodi,
399 2520 464 2554 sive
477 2530 587 2553 earum
603 2524 854 2562 transumptum,
872 2519 966 2552 etiam

59 2520 130 2543 dunt.

227 2571 430 2614 impressum,
453 2569 493 2602 ad
517 2579 628 2602 eorum
650 2568 796 2602 notitiam
817 2578 971 2612 pervene-

43 197 113 228 mc.
130 195 197 225 ⁴585

46 785 116 810 Ιιηιι
128 788 149 807 et
164 786 194 807 et-

42 817 195 844 &publican-

53 849 105 871 bue
118 849 196 870 eonsti-

44 881 126 904 mou.

990 2301 1057 2334 vius
1077 2301 1259 2345 purissimis
1283 2301 1471 2342 visceribus,
1493 2302 1577 2334 salva
1601 2313 1659 2345 per
1677 2302 1749 2346 Spi-

1633 177 1691 216 591
1755 183 1807 211 An.
1823 175 1937 210 01:585

996 244 1049 283 rit,
1081 248 1254 276 convocato
1278 244 1407 279 miblico
1427 244 1573 287 consilis),
1593 245 1623 281 in
1646 258 1740 292 prae-

995 296 1095 330 sentia
1127 298 1325 334 olliciznium„
1352 298 1557 342 synclirorum
1579 306 1609 333 et
1629 312 1739 334 curam

996 350 1228 383 maleficiorum
1264 351 1462 393 habentium,
1492 363 1544 386 eas
1577 365 1640 387 una
1666 366 1739 388 cum

996 402 1066 435 aliis
1100 403 1383 445 praedecessorum
1413 412 1595 440 nostrorum
1621 408 1739 441 consti-

996 455 1185 495 tutionibus,
1213 457 1268 493 sic,
1289 463 1321 489 ut
1346 460 1539 501 praclertur,
1567 462 1739 494 confirma-

997 509 1035 542 tis
1064 514 1095 542 et
1126 509 1295 549 innovatis,
1328 510 1369 543 ibi
1397 512 1458 544 alta
1486 519 1516 545 ct
1546 513 1738 557 intelligibili

995 572 1082 602 voce,
1105 562 1200 595 etiam
1220 564 1341 603 vulgari
1372 576 1518 598 sermone
1544 567 1613 601 illas
1631 568 1738 601 decla-

996 615 1108 655 rando,
1131 621 1165 648 ut
1191 616 1306 650 melius
1330 624 1359 650 et
1383 618 1507 652 facilius
1527 620 1565 652 ab
1589 622 1739 655 omnibus

995 667 1119 712 percipi
1139 674 1168 701 et
1200 669 1333 712 intelligi
1364 671 1495 713 possint,
1526 673 1586 716 legi
1619 674 1736 715 facere,

995 727 1025 755 et
1045 721 1160 755 deiude
1181 722 1213 755 in
1234 734 1345 756 eorum
1378 725 1518 758 archivio
1540 727 1671 770 publico
1691 729 1739 760 di-

997 775 1133 818 ligenter
1145 777 1298 809 custodiri
1313 788 1425 811 curare
1439 780 1570 813 omnino
1588 781 1737 820 ‹lebeant3

994 839 1032 861 ac
1056 828 1190 871 singulis
1211 830 1303 862 annis
1322 832 1497 865 successive
1518 833 1547 865 in
1578 834 1738 879 principio

995 882 1168 915 cuiuslibet
1195 884 1283 922 anni,
1318 885 1481 928 perpetuis
1514 886 1628 919 suturis
1663 894 1739 921 tem-

996 936 1140 979 poribus,
1162 936 1309 970 similiter
1341 939 1467 971 easdem
1502 940 1621 973 litteras
1646 952 1737 984 prae-

996 995 1099 1023 sentes
1132 995 1163 1022 et
1195 991 1273 1024 alias
1304 991 1467 1025 innovatas
1487 993 1519 1024 in
1540 993 1651 1026 codem
1678 1006 1737 1038 pu-

996 1043 1080 1076 ¹-lico
1101 1044 1236 1077 consilio
1257 1044 1392 1087 legendo
1421 1045 1574 1079 reiterare
1607 1052 1738 1080 tenean-

997 1102 1058 1129 tur.
1085 1097 1237 1140 Alioquin
1258 1098 1320 1130 loei
1355 1098 1562 1141 gubernator,
1585 1106 1690 1132 rector
1709 1106 1739 1133 et

997 1149 1131 1192 quilibet
1151 1151 1233 1183 alius
1253 1151 1391 1184 iustitiae
1408 1151 1562 1193 minister,
1585 1163 1739 1195 quocum-

996 1213 1058 1246 que
1089 1204 1220 1237 nomine
1249 1211 1465 1248 nuncupatus,
1493 1212 1603 1238 contra
1629 1216 1682 1239 eos
1702 1206 1738 1238 ad

996 1257 1220 1290 executionem
1246 1268 1423 1301 poenarum
1457 1258 1642 1292 huiusmodi
1672 1259 1738 1292 sine

998 1319 1087 1342 mora
1106 1309 1372 1344 irremissibiliter
1390 1312 1554 1355 procedat.

1039 1362 1153 1396 Datum
1175 1364 1295 1397 Romae
1315 1365 1400 1408 apud
1421 1365 1453 1398 S.
1475 1365 1628 1405 Marcum,
1657 1376 1740 1399 anno

1001 1417 1230 1450 lucarnationis
1250 1417 1429 1451 dominicae
1455 1418 1626 1451 millesimo
1646 1420 1740 1462 quin-

1002 1469 1172 1513 gentesimo
1202 1471 1419 1514 octuagesimo
1452 1472 1576 1515 quinto,
1599 1473 1742 1505 kalendis

997 1523 1077 1563 iulii,
1098 1524 1302 1568 pontificatus
1322 1525 1421 1557 nostri
1442 1536 1526 1558 anno
1550 1536 1572 1559 1.

1040 1578 1068 1619 ἢ·
1083 1577 1149 1620 Ego
1157 1577 1265 1611 Slxrrs
1277 1579 1453 1611 catholicae
1463 1579 1547 1612 Eccl.
1559 1579 1739 1623 episcopus,

1010 1634 1195 1679 Sequuntur
1222 1636 1441 1669 cardinalium
1465 1637 1720 1680 subscriptiones.

1077 1692 1138 1722 Dat.
1157 1693 1202 1723 die
1220 1694 1232 1723 1
1252 1694 1318 1724 iulii
1335 1694 1422 1731 1585,
1440 1695 1543 1734 pontis.
1560 1703 1636 1724 anno
1653 1703 1672 1724 1.

992 191 1010 212 V
1030 191 1076 214 Μ’.

1809 1587 1876 1611 Panae
1887 1592 1938 1608 tuu-

1756 1623 1851 1644 scriptio.

1012 1937 1094 1976 ιΙιιοεί
1112 1936 1229 1978 festum
1248 1936 1526 1969 Praesentaliom's
1539 1936 1577 1969 B.
1604 1936 1647 1970 ill.
1676 1937 1744 1970 Vir-

1043 1991 1130 2033 qinis
1164 1991 1215 2023 die
1247 1990 1510 2033 viyesimaprima
1541 1991 1660 2023 mensis
1689 2001 1744 2023 uo-

1043 2043 1181 2077 vembris
1201 2043 1322 2086 duplici
1340 2044 1446 2086 officio
1460 2043 1640 2077 celebretur.

1069 2125 1164 2153 sixtus
1184 2124 1333 2160 episeopus.
1355 2130 1450 2152 servus
1469 2130 1607 2153 servorum
1622 2124 1677 2159 nel.

1152 2178 1186 2205 ad
1204 2179 1365 2213 perpetuam
1383 2178 1424 2206 rei
1443 2178 1610 2206 memoriam.

1048 2248 1260 2282 Intemeratae
1280 2249 1387 2281 Matris
1406 2248 1460 2282 Dei
1481 2248 1608 2289 Mariae,
1635 2260 1672 2283 ex
1696 2261 1749 2283 cu-

1791 2264 1810 2284 B.
1828 2265 1945 2292 Virginem,

1765 2303 1824 2324 quam
1833 2298 1903 2323 angeli
1913 2298 1948 2317 ad-

1766 2332 1867 2348 mirantur
1877 2330 1897 2348 in
1906 2335 1945 2348 rm-

1007 2355 1087 2388 ritus
1106 2354 1213 2388 Sancti
1243 2353 1391 2388 virtutem
1417 2354 1599 2397 integritate
1618 2356 1749 2399 virgini·
1766 2359 1947 2402 P‘·''⁵¹'‚¹'⁰¹‘¹‘¹⁰‚¹

1009 2408 1093 2448 tatis,
1115 2409 1234 2440 Auctor
1251 2407 1331 2440 vitae
1351 2407 1438 2440 nasci
1458 2408 1608 2450 dignatus
1625 2414 1684 2450 est,
1700 2420 1750 2442 sa·
1766 2394 1947 2442 'ririeiiiiiffim‘

1010 2461 1170 2495 lutiferam
1184 2460 1430 2494 foecunditatem
1451 2461 1752 2495 humilitcrvenera-

1011 2525 1094 2555 mur,
1115 2520 1143 2547 et
1164 2525 1390 2558 quaecumque
1409 2515 1448 2547 ab
1472 2514 1594 2548 ultimis
1620 2515 1753 2549 orientis

1011 2568 1116 2601 adbuc
1150 2567 1310 2601 Ecclesiae
1333 2567 1468 2613 aliisque
1498 2567 1699 2613 temporibus
1735 2579 1752 2601 a
