2059 3228
39 207 87 255 gc.
102 218 169 250 1584

27 809 102 837 teupulo
120 815 156 837 pro

26 841 74 863 tenta
88 840 156 863 Sancti

25 872 97 894 iniens.

31 1398 82 1421 netto
98 1402 151 1426 poe—

41 2425 89 2442 11886
112 2426 160 2443 ton-

43 2451 109 2474 liunt».

180 270 327 305 liciorum
342 271 490 309 alioriun,
504 272 740 315 praeiudicium
760 275 923 316 generari,¹

177 329 209 357 et
230 325 427 368 quibuslibet.
452 326 521 358 aliis
548 327 721 369 privilegiis
747 332 778 360 et
809 327 921 361 litteris

175 378 370 422 apostolicis,
389 390 672 424 quorumcumque
689 386 838 414 tenorum
859 380 920 413 exi-

174 435 271 471 stant,
304 442 361 475 per
391 442 484 475 quae,
518 434 741 476 praesentibus
772 444 835 467 non
866 444 919 467 ex-

175 493 283 526 pressa
301 485 348 517 vel
377 486 515 518 totaliter
536 496 599 519 non
624 486 755 526 inserta,
787 487 920 520 effeetus

174 547 285 571 earum
306 537 456 581 impediri
476 539 579 571 valeat
603 539 847 582 quomodolibet
870 540 918 572 vel

172 590 308 631 differri,
337 596 367 624 et
392 591 430 624 de
463 592 581 634 quibus
615 603 820 636 quorumque
845 593 918 626 totis

172 643 341 677 tenoribus
364 644 403 678 de
427 645 522 677 verbo
543 646 581 677 ad
606 645 738 678 verbum
770 646 917 678 habenda

171 697 210 731 sit
230 697 262 730 in
282 698 401 731 nostris
421 698 535 731 litteris
554 699 674 732 mentio
692 698 849 742 specialis.
876 705 891 716 Ρ

213 751 271 795 §6.
285 752 440 786 Volumus
458 758 565 786 autem
583 753 681 795 quod,
695 758 830 796 propter
843 763 917 786 con-

170 805 360 846 cessionem,
383 805 548 846 unionem‚
576 805 788 839 annexionem
810 811 841 839 et
870 806 917 838 in-

169 859 429 902 corporationem
456 864 580 892 nostras
606 859 797 903 praedictas,
812 861 915 893 eccle-

168 911 214 945 sia
234 911 265 945 S.
288 911 459 945 Salvatoris
487 911 673 945 huiusmodi
704 912 818 945 debitis
850 924 915 946 non

168 966 337 999 fraudetur
356 965 531 1009 obsequiis,
560 966 615 999 sed
644 966 723 999 alias
747 967 817 1000 eius
841 977 916 1000 con—

165 1029 245 1061 grue
273 1024 503 1063 supportentur
536 1030 634 1052 onera
663 1025 826 1053 consueta.
853 1021 916 1054 Nos

166 1072 264 1113 enirn,
287 1077 383 1115 prout
403 1077 460 1112 est,
495 1072 620 1105 irritum
652 1073 858 1107 decernimus
885 1080 915 1107 et

165 1124 272 1166 inane,
290 1125 315 1158 si
336 1136 428 1158 secus
445 1136 542 1170 super
553 1126 602 1158 his
617 1137 634 1159 a
648 1136 823 1170 quoquam,
839 1138 915 1171 qua-

165 1178 211 1212 vis
234 1179 437 1218 auctoritate,
473 1179 612 1212 scienter
638 1180 686 1212 vel
717 1180 913 1222 ignoranter,

165 1237 356 1266 attentatum
376 1232 481 1265 forsan
503 1238 550 1266 est
567 1233 722 1266 hactenus
742 1234 791 1267 vel
808 1234 840 1266 in
858 1245 914 1278 po-

166 1290 287 1319 sterum
308 1286 479 1329 contigerit
503 1286 665 1320 attentari.

209 1339 224 1383 ἓ
243 1339 274 1372 7.
301 1339 385 1372 Nulli
402 1350 479 1383 ergo
496 1340 806 1374 omninohominum
819 1341 912 1374 liceat

164 1393 248 1427 hanc
277 1393 427 1437 paginam
457 1398 584 1427 nostrae
613 1394 824 1428 absolutionis
853 1399 910 1428 ete.

208 1446 322 1479 Datum
343 1446 463 1480 Romae
483 1448 569 1490 apud
585 1448 737 1481 Sanctum
756 1448 910 1489 Marcum,

165 1510 249 1533 anno
277 1500 510 1534 lucarnationis
533 1500 715 1534 dominicae
742 1511 910 1543 motxxxiv,

166 1562 204 1586 xv
228 1553 309 1593 iulii,
330 1554 539 1598 pontificatus
558 1554 660 1587 nostri
682 1565 766 1587 anno
786 1565 853 1588 xm.

213 1610 266 1642 Dat
283 1612 330 1643 die
349 1612 386 1642 15
407 1612 474 1643 iulii
493 1612 581 1650 1584,
603 1613 707 1653 pontis.
728 1622 775 1643 an.
796 1621 860 1643 xm.

482 1835 593 1870 CLXX.

171 1937 214 1971 De
230 1938 470 1982 praedicatione
489 1940 577 1972 verbi
596 1940 656 1973 Dei
673 1941 767 1974 semel
786 1942 822 1974 in
839 1941 912 1974 keb—

211 1991 349 2024 domada
365 1992 515 2033 facienda
545 1993 704 2034 hebraeis,
728 2005 787 2037 pro
801 2005 913 2027 ,eorum

212 2044 255 2077 ad
272 2044 398 2078 Christi
411 2046 506 2088 fidem
528 2048 742 2088 conversione,
766 2049 801 2080 in
823 2049 915 2081 terris

213 2101 243 2130 et
262 2097 338 2131 locis
358 2099 394 2132 in
413 2099 527 2144 quibus
552 2104 666 2134 extant
685 2111 795 2134 eorum
819 2113 916 2146 symc-

211 2161 310 2194 909ae
328 2151 355 2185 1.

210 2232 354 2268 Gregorius
372 2233 524 2270 episcopus,
543 2242 636 2264 servus
655 2243 794 2265 servorum
816 2237 872 2270 Dei,

321 2287 356 2316 acl
374 2290 534 2324 perpetuam
550 2290 591 2318 rei
604 2285 773 2318 memoriam.

216 2367 332 2400 Sancta
356 2373 459 2401 mater
476 2368 635 2410 Ecclesia,
662 2370 756 2403 euius
775 2370 917 2403 Christus

175 2425 271 2464 caput
290 2426 349 2461 est,
371 2420 544 2464 ingenitam
570 2433 659 2455 suam
686 2423 848 2456 caritatem
878 2425 916 2457 ad

175 2483 287 2507 omnes
309 2473 372 2506 late
402 2474 582 2516 effundens,
601 2476 753 2518 antiquae
772 2476 919 2510 Israeliti-

212 2563 221 2589 1
241 2562 282 2590 De
296 2563 413 2591 materia
429 2562 596 2591 iudaeorum
610 2563 672 2591 vide
684 2564 710 2592 in
729 2564 809 2592 Pauli
827 2566 918 2600 quarti

176 2611 267 2636 const.
289 2614 328 2643 ιν,
345 2608 412 2637 Cmn
430 2609 522 2645 vimis,
539 2611 605 2638 tom.
623 2616 660 2644 vr,
676 2617 738 2646 pag.
759 2610 820 2639 498.

785 222 966 248 GREGORWS
978 223 1033 247 xm
1052 223 1099 247 FP.

1598 223 1664 257 487
1720 225 1772 255 An.
1788 227 1817 259 C.
1834 227 1902 257 1584

963 285 1018 307 cae
1038 274 1141 317 gentis
1164 276 1341 320 populique
1366 278 1421 313 Dei
1445 282 1624 324 peculiares
1655 297 1706 320 re—

962 327 1077 371 liquias
1097 328 1150 371 pio
1170 340 1345 374 numquam
1368 333 1484 368 desinit
1507 335 1623 372 affectu
1643 339 1705 374 rni-

961 380 1071 421 serari,
1082 381 1281 425 graviterque
1293 385 1501 420 contristatur
1512 388 1704 426 ludaeorum

960 434 1123 476 quondam
1161 435 1321 468 nationem
1364 440 1545 484 praecipuis
1577 450 1704 479 auctam

961 487 1150 520 muneribus
1170 493 1200 520 et
1219 490 1341 531 gratiis,
1364 492 1456 525 euius
1476 500 1544 528 erat
1575 498 1705 542 adoptio

961 538 1114 580 filiorum,
1137 541 1252 583 gloria,
1274 547 1511 589 testamentum,
1534 549 1702 593 legislatio,

959 592 1152 636 obsequium
1165 599 1193 626 et
1206 596 1374 638 promissa,
1396 600 1481 633 unde
1502 602 1595 636 etiam
1613 603 1705 638 Chri-

959 650 1025 678 stus
1045 647 1189 680 Salvator
1222 655 1330 682 noster
1363 655 1540 688 seeundum
1574 668 1703 693 carnem

958 699 1045 731 nasci
1065 699 1213 743 dignatus
1228 708 1285 742 est,
1305 714 1362 746 per
1377 705 1515 740 diversas
1528 709 1613 743 orbis
1629 722 1703 754 par-

958 757 1004 786 tes
1024 758 1071 786 tot
1090 753 1153 787 iam
1175 757 1303 790 saecula
1323 758 1512 802 dispersam,
1536 774 1572 796 ac
1593 771 1704 799 conta-

957 805 1036 848 giosi
1056 809 1162 850 gregis
1187 820 1276 843 more
1309 822 1366 854 per
1390 812 1471 847 invia
1497 821 1527 848 et
1547 817 1703 861 inaquosa

957 859 1073 893 misere
1094 867 1271 904 vagantem,
1291 866 1378 898 verbi
1392 866 1446 900 Dei
1462 869 1545 903 same
1558 875 1587 903 et
1601 882 1702 915 aquae

957 913 1141 947 resectionis
1165 915 1216 948 siti
1250 918 1369 961 perire,
1402 920 1561 966 longeque
1591 935 1655 957 non
1683 936 1702 959 a

957 972 1083 1000 terrena
1117 973 1253 1010 tantum,
1283 982 1382 1015 super
1416 985 1512 1017 quam
1548 976 1703 1012 Dominus

956 1020 1048 1060 flevit,
1074 1022 1141 1063 sed,
1164 1023 1250 1065 quod
1271 1025 1399 1067 gravius
1432 1033 1489 1068 est,
1522 1039 1540 1061 a
1571 1031 1702 1065 coelesti

955 1084 1085 1117 quoque
1110 1075 1294 1118 Ierusalem,
1316 1078 1376 1111 nisi
1397 1079 1572 1123 Christum,
1605 1094 1701 1127 quem

955 1127 1094 1169 negavit,
1114 1130 1317 1172 confiteatur,
1349 1134 1523 1175 exturbari3
1550 1146 1614 1179 qua
1641 1137 1702 1170 rni-

954 1181 1113 1215 seratione
1136 1189 1165 1215 et
1185 1194 1333 1217 moerore
1354 1196 1411 1219 nos
1424 1198 1555 1230 quoque
1575 1200 1639 1223 non
1655 1190 1702 1224 le-

955 1233 1033 1266 viter
1057 1237 1220 1276 commoti,
1251 1237 1283 1270 in
1316 1238 1384 1271 dies
1416 1250 1543 1284 semper
1579 1243 1702 1286 aliquid

954 1288 1184 1330 excogitamus,
1208 1291 1294 1324 unde
1315 1302 1427 1325 eorum
1448 1296 1649 1329 conversioni
1671 1302 1703 1330 et

954 1341 1047 1373 saluti
1074 1343 1287 1385 opportunius
1321 1345 1538 1388 provideatur,
1576 1348 1701 1393 ipsique

954 1394 993 1425 ad
1018 1393 1247 1438 intelligentiae
1267 1398 1360 1439 viam,
1390 1410 1486 1442 quam
1521 1401 1581 1434 sibi
1611 1414 1702 1446 prae-

953 1448 1130 1488 cluserunt,
1140 1451 1274 1491 valeant,
1287 1452 1349 1485 Deo
1359 1454 1511 1498 propitio,
1520 1457 1698 1499 pervenire.

997 1502 1012 1545 ἓ
1033 1502 1063 1535 1.
1087 1503 1201 1544 Quare,
1220 1506 1355 1539 sollicito
1376 1507 1456 1541 haec
1476 1510 1586 1543 animo
1603 1511 1702 1544 medi·
1739 1519 1835 1547 liviscor!
1872 1523 1895 1542 et

953 1560 1067 1597 lantes,
1089 1567 1126 1590 ac
1145 1557 1246 1591 felicis
1261 1560 1492 1594 recordationis
1509 1562 1629 1596 Nicolai
1644 1564 1701 1598 Pa·
1712 1550 1747 1570 ³¹⁵1
1762 1554 1895 1578 mmmm*

1711 1581 1763 1602 libet
1780 1582 1895 1602 hebdoma-

954 1619 1012 1651 pae
1036 1609 1059 1641 V
1082 1611 1381 1656 nonnullorumque
1413 1614 1551 1647 aliorum
1585 1612 1736 1650 Roma-‘¹⁸
1777 1613 1894 1639 ⁹¹³⁰⁶⁵⁶³¹¹

953 1672 1070 1695 norum
1079 1663 1271 1697 Pontificum
1284 1666 1567 1708 praedecessorum
1576 1675 1700 1703 nostro·
1710 1643 1791 1694 :3235
1799 1645 1896 1701 ⁵:122}ss

954 1726 1025 1748 rum
1045 1716 1184 1760 vestigiis
1205 1718 1421 1760 inhaerentes,
1443 1722 1603 1763 praesenti
1624 1733 1699 1755 con·
1710 1709 1895 1768 ἓῗυῗῗιῖἶῖἒηρυέᾞ

954 1769 1117 1803 stitutione
1137 1771 1279 1812 generali
1305 1773 1521 1817 praecipimus
1549 1775 1700 1808 omnibus
1711 1764 1904 1818 ¹}{Z„,}JR'⁰⁵⁵¹'‘

955 1823 1157 1866 patriarchis,
1193 1824 1455 1869 archiepiscopis,
1481 1827 1640 1872 episcopis
1669 1833 1701 1862 et

954 1875 1024 1909 aliis
1062 1877 1271 1910 ecclesiarum
1304 1880 1475 1921 praelatis,
1507 1881 1601 1914 ctiam
1632 1893 1700 1915 car-

954 1929 1114 1962 dinalatus
1153 1931 1275 1964 honore
1306 1932 1475 1974 praeditis,
1500 1939 1535 1966 ut
1569 1934 1601 1966 in
1634 1935 1699 1967 suis

955 1984 1090 2027 quisque
1111 1984 1299 2025 civitatibus,
1322 1986 1413 2018 terris
1434 1992 1464 2019 et
1481 1987 1559 2020 locis
1579 1988 1609 2020 in
1630 1988 1698 2031 qui-

955 2037 1015 2069 bus
1040 2044 1224 2081 competens
1244 2038 1360 2082 aliquis
1388 2049 1542 2072 numerus
1570 2041 1699 2074 iudaeo-

957 2100 1041 2130 rum,
1063 2091 1118 2133 qui
1138 2102 1327 2134 synagogam
1349 2093 1531 2133 constituat,
1554 2104 1699 2128 commo-

957 2149 1055 2183 ratur,
1081 2149 1193 2176 curent
1212 2144 1335 2177 sabbati
1355 2146 1403 2178 vel
1423 2145 1486 2178 alio
1512 2146 1699 2180 cuiuscum-

956 2207 1018 2239 que
1039 2197 1247 2230 hebdomadis
1268 2202 1384 2231 statuto
1406 2198 1468 2238 die,
1498 2199 1537 2231 ad
1568 2200 1700 2233 iudaeos

958 2250 1053 2292 ipsos,
1076 2250 1106 2282 in
1127 2251 1232 2283 locum
1256 2251 1490 2294 praestitutum,
1512 2263 1575 2285 non
1594 2259 1699 2287 tamen

957 2314 1085 2336 sacrum
1107 2315 1164 2337 nee
1185 2304 1240 2337 uhi
1261 2315 1350 2337 saera
1371 2305 1485 2338 confici
1496 2306 1610 2348 solent,
1625 2317 1700 2340 con-

958 2362 1097 2395 vocatos,
1121 2368 1178 2400 per
1193 2357 1330 2401 aliquem
1352 2358 1539 2400 magistrum
1555 2359 1587 2392 in
1609 2360 1699 2394 theo-

960 2405 1041 2448 logia
1066 2406 1201 2438 aliumve
1223 2406 1372 2439 idoneum
1393 2407 1496 2440 virum
1517 2408 1556 2441 ab
1576 2409 1620 2441 eis
1644 2409 1700 2443 eli-

959 2455 1111 2496 gendum,
1140 2466 1211 2488 cum
1245 2456 1391 2489 mercede
1420 2467 1562 2500 congrua
1591 2458 1637 2491 illi
1664 2470 1701 2492 ex

960 2506 1101 2549 ipsorum
1121 2505 1334 2538 hebraeorum
1355 2505 1526 2540 collatione
1547 2512 1600 2540 aut
1613 2508 1700 2549 alias,

960 2560 1055 2597 prout
1077 2554 1277 2587 commodius
1287 2554 1332 2587 eis
1347 2554 1516 2590 videbitur,
1527 2556 1699 2599 assignata,

960 2602 1135 2637 llebraicae
1151 2604 1320 2647 (quantum
1340 2603 1409 2638 lieri
1424 2604 1554 2650 poterit)
1572 2604 1702 2650 linguae
