2059 3228
116 263 168 302 An,
187 275 215 304 c.
234 275 302 305 1580

135 491 297 514 NunnuHaloca

113 529 163 545 eon
160 525 273 545 ·edun1urs
265 530 297 545 50-

113 561 137 574 na
142 556 170 575 tui
205 554 294 575 Romano

113 587 136 604 ad
172 586 204 612 pla
194 587 295 607 antaudas

111 616 206 637 arbores.

360 264 424 299 714

313 331 391 364 dum
412 326 627 362 circumdatae
647 323 719 364 sint,
740 328 770 357 et
783 327 993 356 manutenere
1004 322 1058 355 de-

311 383 396 417 beat.

354 437 369 480 g
393 435 448 469 43.
475 434 622 477 Insuper,
653 441 765 465 omnes
794 435 895 464 terras
919 430 1002 463 intia
1027 434 1079 466 et

310 495 397 523 extra
422 488 540 522 dictam
568 486 686 520 [rbem
711 496 768 518 nos
756 490 853 518 5113111
880 495 981 529 prope
1001 494 1055 527 ag·
1077 515 1078 520 ,

309 553 400 579 ncies
421 547 451 574 01
471 551 582 574 mutos
601 540 704 572 dictae
728 537 832 580 Lrbis
855 543 885 571 et
905 537 1000 570 etiam
1019 547 1056 570 o-

308 596 395 628 nmia
415 601 446 629 et
465 594 592 637 singula
611 594 681 626 loca
702 592 831 636 publica
847 592 933 624 intus
953 591 1055 624 etcir-

308 659 381 681 cum
403 647 580 693 quamlibet
591 646 815 690 antiquitatem
826 645 910 678 intra
921 651 951 678 01
967 650 1055 678 extra

307 701 425 735 dictam
446 701 564 735 Urbem
591 699 809 740 consistentia,
842 698 967 732 etiamsi
993 704 1055 731 ter-

305 765 376 788 mae
406 760 437 788 et
461 755 542 788 aliae
563 753 780 797 antiquitates,
800 763 883 796 quae
907 752 1052 785 nondum

304 808 461 841 alienatae
481 813 536 841 aut
556 805 784 851 appropriatae
813 804 956 848 legitime
986 804 1054 838 sue-

303 860 383 901 rint,
405 860 582 894 dummodo
607 860 646 893 de
666 859 794 892 illarum
814 858 1054 892 venditionibus

304 920 334 947 et
354 914 616 948 concessionibus
636 925 694 958 per
713 912 843 957 publica
859 912 1053 946 documenta

302 979 337 1000 ac
359 968 573 1001 instrumenta
593 979 611 1000 a
631 968 763 1001 Camera
782 977 839 999 seu
854 966 976 1010 populo
991 966 1053 999 Ro-

301 1032 396 1054 mano
423 1021 615 1066 praedictis,
638 1032 674 1054 ac
707 1020 1011 1054 confirmationibus
1034 1030 1053 1053 a

300 1075 452 1108 Romanis
476 1075 686 1108 Pontificibus
712 1081 743 1107 et
769 1074 903 1107 Camera
922 1073 1050 1117 praedi-

300 1129 358 1161 ctis
392 1128 482 1162 sactis
511 1128 653 1172 legitime
682 1138 746 1161 non
771 1133 905 1167 constet,
926 1126 1050 1160 etiamsi

299 1182 413 1225 argini,
430 1183 540 1223 colles,
554 1182 644 1226 ripae
655 1181 827 1214 fluminum
837 1186 869 1214 et
880 1181 1048 1225 paludum,

299 1235 346 1267 vel
368 1235 523 1278 ipsaemet
539 1235 684 1279 paludes,
697 1234 914 1279 possessiones
931 1245 968 1267 ac
978 1234 1051 1268 loca

297 1288 423 1321 inutilia
452 1294 483 1321 et
511 1289 638 1322 deserta
666 1300 702 1321 ac
736 1287 891 1321 derelicta
910 1298 967 1320 5011
987 1287 1049 1321 3113

298 1342 369 1374 loca
398 1343 527 1385 publica
558 1342 688 1383 suerint,
711 1341 850 1386 exceptis
878 1341 992 1386 plateis
1019 1347 1050 1375 et

295 1395 353 1427 viis
379 1396 519 1439 publicis
532 1423 539 1436 ‚
562 1396 681 1439 quibus
701 1394 862 1428 muliones
879 1405 954 1428 cum
975 1405 1047 1428 mu-

297 1447 336 1480 lis
360 1452 390 1480 et
409 1448 480 1481 aliis
500 1448 695 1481 animalibus
720 1458 793 1481 cum
819 1447 952 1480 sarcinis
986 1447 1045 1487 uti,

295 1506 325 1533 et
361 1501 458 1533 redae
487 1512 544 1534 seu
578 1506 732 1545 carpenta
769 1501 940 1534 commode
974 1500 1046 1534 vehi

296 1564 388 1596 posse
408 1555 570 1593 volumus,
592 1565 720 1587 necnon
738 1554 832 1587 etiam
853 1554 1002 1598 portibus
1017 1560 1048 1587 01

294 1607 376 1650 ripis
395 1607 435 1640 ad
456 1608 694 1650 navigationem
713 1607 901 1648 limborum,
921 1609 1047 1652 cymba-

295 1671 369 1693 rum
401 1666 431 1694 et
460 1661 619 1694 scafarum
641 1661 841 1701 commodis,
864 1667 895 1695 et
921 1661 1046 1695 condu-

294 1714 441 1747 centibus
473 1714 505 1747 in
539 1715 708 1759 Tyberim,
739 1715 895 1749 Anienem
925 1721 956 1748 ct
983 1716 1045 1748 alia

294 1767 441 1808 flumina,
473 1768 549 1812 quia
579 1768 727 1802 videlicet
746 1769 817 1802 illas
842 1769 874 1802 in
899 1769 1045 1802 districtu

295 1821 396 1864 ipsius
424 1821 528 1862 Urbis,
560 1827 588 1855 et
610 1822 780 1855 territoriis
799 1822 946 1863 Choriae,
966 1823 1044 1856 Bar-

293 1874 419 1914 barani,
440 1874 639 1908 Vitorchiani
659 1880 689 1908 et
704 1875 863 1917 Malleani,
879 1877 1045 1910 senatuiet

292 1928 415 1971 populo
436 1929 608 1972 praedictis
629 1929 838 1963 concedimus
865 1935 897 1963 et
922 1930 1043 1963 condo-

292 1991 419 2022 namus,
450 1982 490 2015 ad
510 1982 572 2015 hoc
597 1988 632 2015 ut
653 1982 721 2026 ipse
738 1983 879 2027 populus
895 1983 1044 2028 disponat

293 2035 331 2066 ad
351 2035 560 2068 commodum
579 2035 759 2079 publicum,
774 2042 804 2069 et
818 2037 992 2070 concordet
1007 2048 1043 2070 ac

293 2087 459 2121 conveniat
474 2099 547 2121 cum
567 2088 711 2133 ipsarum
734 2095 891 2122 terrarum
912 2101 949 2122 ac
969 2101 1043 2134 pos-

293 2141 472 2175 sessionum
498 2147 530 2175 et
559 2153 668 2176 rerum
693 2142 871 2176 vicinarum
899 2149 931 2176 01
954 2143 1042 2176 adia-

292 2195 434 2228 centium
455 2195 595 2228 dominis
615 2201 646 2229 et
665 2196 811 2240 patronis
830 2197 879 2230 vel
895 2197 966 2230 aliis
982 2198 1042 2230 sibi

292 2247 449 2281 benevisis
462 2249 621 2292 personis;
637 2255 668 2282 et
680 2249 799 2282 ibidem
813 2250 915 2283 celsos
930 2256 960 2283 et
972 2261 1042 2284 mo-

290 2311 343 2333 ros
361 2301 472 2344 viginti
497 2302 623 2346 palmos
647 2303 686 2335 ab
713 2302 848 2336 invicem
874 2303 1039 2344 distantes,

290 2360 322 2387 et
337 2353 369 2386 in
385 2354 496 2388 termis
511 2355 646 2399 aliisque
666 2355 910 2400 antiquitatibus
929 2357 1041 2401 populi

291 2407 446 2450 praedicti
466 2418 546 2449 esse,
560 2419 597 2442 ac
614 2409 653 2441 ad
671 2409 763 2442 illum
777 2409 938 2452 pertinere
953 2410 1042 2442 volu-

292 2466 374 2496 mus,
405 2462 439 2489 ut
459 2457 529 2491 illas
549 2458 706 2491 concedat
730 2458 928 2499 calderariis,
961 2458 1043 2492 idest

291 2504 430 2537 sericum
462 2516 497 2538 ex
519 2506 624 2549 globis
644 2506 898 2548 extrahentibus,
921 2513 952 2540 et
971 2507 1041 2540 aliis

292 2552 464 2596 opificibus
484 2555 626 2599 aliquem
647 2555 789 2589 affictum
810 2567 868 2600 pro
880 2556 1040 2590 locatione

292 2602 404 2634 exinde
426 2604 589 2637 soluturis.

335 2650 351 2694 ἓ
375 2650 428 2682 14.
456 2651 558 2694 thue
580 2653 706 2687 facilius
726 2653 932 2698 reperiantur
950 2664 1038 2687 com·
1056 2652 1065 2704 1
1081 2654 1160 2688 31135
1180 2654 1326 2688 satisfieri
1338 2654 1463 2694 debeat,
1481 2653 1566 2697 quod
1583 2651 1826 2696 sipopuliprae·

908 271 1063 295 ΒῙῘΠΑΒΠ
1065 271 1086 294 M
1107 270 1257 294 ROMANUM

1076 613 1077 621 1
1097 588 1183 622 cium
1200 599 1208 629 ;
1229 594 1270 622 »et
1288 588 1436 622 similiter
1455 599 1568 630 omnes
1586 598 1686 632 aquas
1706 588 1841 621 sontium

1090 1337 1195 1378 dictis,
1218 1338 1302 1371 intra
1321 1343 1352 1371 et
1371 1344 1458 1371 extra
1474 1347 1587 1371 eorum
1603 1337 1743 1378 moenia,
1763 1348 1839 1382 pro·
1991 1327 2016 1366 .'='
2037 1343 2041 1369 ἰ

1090 1392 1275 1435 pugnacula
1299 1396 1330 1426 et
1353 1402 1496 1435 aggeres,
1521 1402 1558 1424 ac
1578 1391 1610 1424 in
1630 1401 1744 1424 eorum
1772 1396 1838 1424 ter·
1996 1369 2009 1434 ξ
2039 1410 2040 1416 1

1078 1436 1222 1486 ι11101115,
1239 1456 1368 1479 necnon
1387 1446 1420 1479 in
1439 1445 1520 1479 locis
1539 1445 1689 1489 publicis,
1711 1445 1744 1478 in
1763 1444 1837 1489 qui-
1994 1446 2009 1490 ’ξ
2039 1484 2041 1489 Ι

1088 1498 1149 1532 bus
1168 1499 1300 1533 arbores
1318 1498 1502 1543 praedictae
1526 1499 1604 1532 sitae
1623 1498 1687 1532 sive
1711 1499 1836 1542 planta·
1999 1490 2008 1540 ζ
2039 1496 2041 1531 ζ

1087 1557 1138 1586 130
1147 1552 1268 1587 fuerint
1276 1563 1313 1586 ex
1322 1553 1529 1586 concessione
1538 1552 1734 1596 populorum
1744 1562 1837 1596 prae·
1995 1547 2006 1553 “
2038 1545 2042 1562 ²

1088 1605 1261 1648 dictorum,
1275 1617 1334 1650 per
1345 1617 1400 1640 eos
1410 1606 1669 1650 plantandarum,
1681 1606 1758 1640 etde
1769 1607 1835 1640 001-
2003 1603 2020 1626 ³²·
2039 1607 2041 1611 “

1078 327 1180 371 puta
1200 320 1844 366 501101013111301001111010111111111115105
1884 329 1937 357 Ωιι-ιι
1975 327 2040 366 osnig,

1099 374 1250 409 Gamerae
1275 384 1403 409 necnon
1422 374 1689 409 communitatum
1714 382 1746 409 et
1768 375 1842 409 uni-
1859 361 1907 381 ‘¹⁰¹¹'
1928 361 2026 390 '¹⁰⁵'

1097 428 1281 461 vetsitatum
1300 439 1337 462 ac
1360 428 1521 461 baronum
1541 432 1572 461 et
1595 425 1841 462 domicellorum
1859 422 1950 473 fflffi}
2038 467 2039 475 ἵ

1078 471 1318 522 ’,00111310ἀο13
1346 492 1386 515 110
1415 481 1475 526 ipsi
1495 481 1635 525 desuper
1653 482 1844 516 defrauden-
1858 476 1978 504 ³¹¹¹0‘ffl·
1983 474 1990 476 “

1097 540 1161 573 1111,
1188 546 1225 568 30
1244 535 1424 569 universale
1452 540 1484 568 et
1502 534 1698 579 particulare
1719 534 1842 568 henefi-

1096 641 1159 675 iam
1180 642 1442 684 constitutorum,
1456 647 1488 676 et
1502 642 1535 675 in
1546 646 1724 686 posterum,
1746 641 1842 675 etiam

1096 705 1134 727 ex
1166 705 1251 739 aqua
1269 695 1374 729 Felice
1401 700 1601 739 nuncupata,
1623 693 1842 728 conficiendo-

1095 758 1181 789 rum,
1203 753 1234 782 et
1253 759 1336 792 quae
1356 749 1586 792 perducentur,
1601 747 1706 781 eidem
1721 747 1843 792 populo

1095 801 1307 835 concedimus
1328 812 1455 835 necnon
1472 801 1610 835 filatoria
1625 807 1656 835 et
1676 800 1842 835 torcitoria

1094 854 1188 889 serici
1201 861 1232 889 et
1242 856 1349 896 aulaei,
1363 855 1406 889 ita
1418 861 1454 889 ut
1465 856 1534 900 ipsa
1544 855 1693 896 filatoria,
1702 854 1785 888 torci
1795 859 1842 888 to-

1093 909 1142 942 ria
1149 914 1180 942 01
1187 909 1328 943 caldaria
1338 910 1377 943 ad
1383 920 1479 943 usum
1489 908 1584 943 serici
1591 915 1622 943 01
1629 909 1722 942 aulaei
1730 909 1843 942 huius-

1093 963 1181 996 modi
1200 963 1392 997 confieiendi
1412 963 1452 996 ad
1471 963 1578 1007 ipsum
1598 963 1757 1006 populum
1769 973 1842 1007 per-

1092 1016 1208 1058 tinere,
1234 1017 1429 1060 nullumque
1453 1023 1582 1061 praeter
1604 1017 1762 1060 populum
1778 1017 1841 1050 hu-

1092 1069 1232 1103 iusmodi
1255 1081 1312 1104 seu
1336 1071 1375 1104 ab
1395 1081 1433 1104 eo
1460 1071 1630 1114 deputatos
1652 1069 1791 1103 filatoria
1811 1074 1842 1104 et

1092 1124 1260 1158 torcitoria
1283 1135 1340 1158 seu
1360 1135 1460 1158 aenea
1480 1124 1620 1157 caldaria
1638 1124 1676 1157 ad
1705 1134 1780 1157 eum
1804 1135 1842 1157 u-

1091 1187 1163 1210 sum
1199 1177 1360 1211 conficere
1394 1189 1487 1222 posse
1519 1177 1710 1219 statuimus;
1737 1188 1774 1211 ac
1808 1177 1840 1210 id

1091 1229 1196 1273 ipsum
1205 1230 1275 1264 fieri
1288 1231 1499 1274 intelligimus
1515 1237 1544 1264 01
1556 1231 1670 1275 exequi
1690 1231 1841 1264 volumus
1998 1238 2011 1272 j

1090 1283 1124 1316 in
1143 1285 1295 1318 omnibus
1314 1284 1839 1328 01ν113111)115,101115,011001511100-
1994 1290 2009 1318 t
2039 1327 2041 1330 y

1990 1131 2007 1149 ,ἰ
1982 891 2009 1120 narn-³⁴:⁵04<
1987 794 2010 881 aava.»
1984 700 2004 781 anax-..¹
1980 520 2015 690 *putum*-

1087 1660 1129 1693 515
1145 1660 1209 1694 sive
1229 1660 1328 1694 moris
1348 1670 1445 1693 unam
1469 1664 1616 1703 quartam
1637 1659 1781 1693 Romano
1806 1665 1837 1693 et

1087 1713 1158 1746 aliis
1191 1713 1320 1758 populis
1354 1713 1546 1757 praedictis;
1579 1713 1746 1756 reliquam⁵
1760 1723 1835 1746 vero

1087 1773 1234 1811 quartam
1252 1768 1293 1801 de
1312 1767 1404 1801 celsis
1423 1767 1488 1800 sive
1508 1767 1607 1800 moris
1625 1771 1750 1800 tantum
1763 1777 1836 1811 par-

1086 1827 1132 1854 tes
1167 1821 1227 1865 ipsi
1255 1821 1407 1855 Gamerae
1440 1820 1660 1861 concedi1nus;
1694 1819 1835 1864 reliquas

1085 1885 1159 1908 vero
1179 1875 1258 1908 duas
1281 1881 1411 1919 quartas
1434 1880 1542 1918 partes
1565 1873 1679 1907 vicinis
1702 1884 1760 1907 scu
1779 1884 1833 1907 co-

1084 1928 1168 1961 lonis
1183 1929 1239 1972 qui
1254 1928 1354 1961 dictas
1373 1928 1505 1961 arbores
1520 1926 1696 1972 plantarint
1713 1938 1770 1961 seu
1790 1928 1834 1961 se-

1085 1983 1188 2015 0011111
1207 1982 1362 2026 plantari;
1383 1982 1444 2015 hac
1464 1986 1570 2014 tamen
1581 1981 1704 2014 ratione
1715 1985 1750 2014 ut
1764 1979 1833 2024 ipsa

1085 2035 1198 2068 divisio
1212 2035 1268 2068 fiat
1287 2035 1319 2068 in
1330 2035 1433 2079 globis
1449 2034 1579 2068 sericeis
1599 2039 1629 2067 et
1642 2033 1764 2067 aulaeis
1774 2044 1831 2067 seu

1085 2089 1222 2133 pecunia
1242 2094 1422 2129 numerata,
1444 2093 1541 2132 prout
1569 2087 1624 2121 fiet
1650 2098 1724 2120 curn
1747 2086 1831 2131 ipsa-

1084 2153 1157 2175 rum
1177 2142 1330 2175 arborum
1358 2141 1611 2185 plantatoribus3
1632 2147 1663 2174 et
1682 2151 1718 2174 ex
1741 2150 1830 2174 com-

1085 2196 1187 2229 modis
1207 2195 1409 2240 proventuris
1428 2206 1466 2228 ex
1489 2193 1704 2237 locationibus
1723 2193 1831 2227 aedifi-

1084 2249 1210 2282 ciorum
1230 2248 1436 2293 publicorum
1456 2255 1487 2282 et
1504 2248 1639 2281 aliarum
1660 2248 1831 2291 antiquita·

1083 2308 1151 2335 tum
1179 2303 1228 2336 vel
1255 2302 1471 2336 caldariorum
1495 2308 1526 2335 et
1550 2301 1764 2335 filatoriorum
1792 2311 1830 2334 ac

1085 2356 1324 2390 torcitoriorum
1350 2356 1539 2399 aquatilium
1570 2365 1664 2388 unam
1691 2353 1829 2398 populis,

1083 2410 1215 2443 alteiam
1241 2420 1316 2443 xero
1337 2409 1539 2442 medietatem
1560 2407 1711 2441 Gamerae
1735 2417 1828 2450 prae-

1083 2459 1176 2492 dictis
1196 2459 1406 2502 assinnamus.
1434 2458 1551 2502 quibus
1569 2468 1623 2500 qu:
1617 2457 1700 2490 dem
1724 2466 1829 2510 popu-

1083 2507 1121 2540 lis
1142 2508 1174 2540 in
1195 2508 1308 2552 primis
1323 2508 1363 2541 <le
1383 2506 1533 2552 expositis
1553 2512 1584 2539 01
1603 2504 1755 2549 impensis
1771 2513 1829 2547 per

1082 2566 1148 2597 eos,
1171 2567 1245 2590 cnm
1266 2556 1445 2590 interventu
1466 2563 1496 2588 et
1509 2565 1666 2588 consensu
1677 2552 1760 2587 Petrt
1771 2562 1828 2585 seu

1081 2605 1120 2637 ab
1141 2616 1178 2638 eo
1194 2606 1451 2649 deputandorum
1469 2604 1704 2648 praedictorum
1720 2607 1827 2635 etnon
