2059 3228
105 218 152 246 Αη.
171 201 199 244 c.
220 216 287 243 ικτῖ,

129 589 246 611 clausulae.

346 207 410 241 4⁶28

302 269 425 307 heines,
448 268 593 303 utuntur,
610 259 779 307 potiuntur
795 264 824 293 et
845 259 996 302 gaudent,
1008 267 1045 290 ac

301 322 362 361 uti,
384 320 480 364 potiri
500 323 531 351 et.
550 315 691 359 gaudere
710 318 887 358 potuerunt
903 317 934 346 et
956 316 1047 355 pote-

301 380 377 408 runt
396 370 640 418 quomodolibet.
669 369 703 401 in
722 367 882 407 futurum,
903 365 1045 399 auctori-

302 434 364 461 tate
383 432 413 459 r-t,
436 432 548 458 tenore
571 421 757 467 praedictis,
773 420 920 454 similiter
932 429 1047 462 perpe-

300 489 354 514 tuo
375 479 529 521 erigimus
549 481 580 509 et
597 475 808 509 instituimus.

344 534 359 575 ξ
390 533 421 565 5.
447 531 662 564 Decernentes
693 527 821 562 easdem
859 531 1047 571 praesentes

300 588 423 620 litteras
442 585 534 618 nullo
552 593 695 627 unquam
707 587 865 627 tempore,
884 591 918 613 ex
936 578 1047 622 quavis

300 650 396 673 causa
418 666 426 679 ,
442 638 539 672 etiam
559 648 597 671 ex
617 647 654 670 eo
683 636 769 680 quod
797 635 851 668 illa
878 634 962 666 dicta
994 643 1047 663 ec-

300 694 397 727 clesia
422 692 530 725 Sancti
557 691 729 725 Salvatoris
761 688 900 733 pastoris
934 685 1047 719 solatio

299 747 460 785 destituta,
491 756 552 779 nec
585 744 614 778 ei
638 750 788 777 curatore
813 742 978 785 deputato,
998 738 1047 771 vel

299 801 378 834 alias
398 800 551 833 interesse
564 798 758 831 habentibus
769 794 903 829 minime
912 792 1045 831 vocatis,

300 855 339 887 ‹le
363 852 580 892 subreptionis
601 852 650 884 vel
682 848 880 892 obreptionis
902 846 980 879 vitio
994 850 1049 878 aut.

301 905 487 940 intentionis
506 911 634 939 nostrae
654 904 701 937 vel
723 903 785 936 alio
799 900 910 945 quovis
922 900 1048 932 defectu

300 960 405 993 notari
425 960 474 992 vel
494 957 692 1003 impugnari,
713 961 767 989 aut
786 956 818 988 in
835 953 885 987 ius
900 954 947 987 vel
969 962 1048 985 con-

300 1013 488 1046 troversiam
508 1011 628 1051 vocari,
660 1014 716 1043 aut
735 1014 847 1041 contra
866 1007 937 1039 illas
958 1004 1050 1038 resti-

300 1066 458 1099 tutionem
479 1065 512 1098 in
542 1065 720 1106 integrum,
754 1060 978 1095 reductionem
1010 1058 1049 1091 ad

300 1120 455 1153 terminos
475 1117 554 1151 iuris
575 1123 627 1150 aut
649 1116 783 1160 quodvis
812 1114 898 1147 aliud
928 1113 1049 1155 gratiae

299 1174 347 1205 vet
375 1171 516 1205 iustitiae
538 1170 718 1203 remedium
741 1166 907 1211 impetrari
928 1177 1022 1210 posse
1038 1193 1045 1204 ‚

302 1236 498 1269 cansamque
512 1225 560 1257 vel
573 1234 697 1258 causas,
711 1226 843 1265 propter
855 1231 936 1263 quas
955 1230 1050 1260 prae-

303 1280 399 1312 missa
428 1289 580 1312 concessa
614 1277 756 1312 suerunt,
782 1275 914 1307 minime
942 1273 1050 1305 verist-

304 1333 382 1373 rari,
403 1338 458 1366 aut
478 1332 518 1365 ob
540 1331 569 1363 id
590 1330 714 1362 viribus
731 1339 854 1365 carere,
877 1327 1050 1369 minusque

303 1387 363 1419 sub
392 1384 556 1430 quibusvis
585 1383 740 1415 similium
768 1382 815 1413 vel
846 1380 1052 1413 dissimilium

305 1439 479 1481 gratiarum
501 1436 775 1473 revocationibus,
797 1433 1052 1472 limitationilms,

304 1492 570 1537 suspensionibus
591 1495 646 1522 aut
666 1489 734 1522 aliis
752 1487 923 1521 contrariis
943 1487 1053 1529 dispo-

305 1545 489 1582 sitionibus,
513 1544 607 1576 etiam
628 1542 673 1575 eis
695 1543 725 1574 in
744 1547 808 1573 toto
835 1541 883 1573 vel
906 1540 935 1572 in
963 1545 1053 1584 parte

306 1598 537 1639 derogantibus
556 1597 605 1629 vel
626 1594 838 1631 obviantibus,
856 1593 950 1625 etiam
972 1602 1056 1623 ano-

305 1653 355 1685 bis
367 1656 398 1685 et
417 1652 500 1684 dicta
521 1649 612 1689 Sede,
627 1647 871 1691 quomodolibet
890 1656 949 1689 pro
974 1651 1055 1677 tem-

306 1717 386 1750 pore
411 1703 567 1739 emanatis
587 1701 772 1735 nullatenus
803 1697 1054 1743 comprehendi2

308 1760 364 1793 sed
380 1768 510 1801 semper
527 1757 648 1789 validas
661 1761 691 1788 et
711 1754 750 1786 ab
771 1753 833 1786 illis
855 1763 988 1797 prorsus
1007 1763 1057 1783 ex-

310 1817 436 1855 ceptas,
461 1815 491 1844 et
512 1809 639 1854 quoties
659 1809 732 1840 illae
757 1806 948 1839 emanahunt
975 1831 981 1842 ,
1004 1810 1059 1837 aut

311 1865 371 1898 sub
392 1864 437 1898 eis
457 1863 570 1907 quovis
598 1861 694 1894 modo
719 1858 949 1902 comprehendi
970 1858 1057 1890 ride—

311 1923 436 1956 rentur,
450 1916 545 1949 toties
559 1915 591 1947 in
603 1913 772 1958 pristinum
786 1918 813 1944 et
831 1922 916 1950 eum,
932 1911 962 1943 in
975 1920 1039 1952 quo
1049 1936 1056 1946 ,

312 1976 484 2013 antequam
508 1968 581 2000 illae
605 1971 808 2003 emanarent,
823 1970 954 2003 statum,
970 1968 1061 1995 erant

313 2023 461 2057 restituas
481 2027 509 2055 et
527 2020 892 2064 plenariereintegratas
903 2028 938 2049 ar
952 2017 1059 2049 denuo

314 2087 482 2110 concessas
507 2086 574 2108 esse
602 2080 633 2107 et
654 2072 791 2110 censeri;
813 2076 844 2103 et
870 2071 907 2103 ad
927 2070 1002 2105 hoc,
1026 2074 1060 2101 ut

314 2130 374 2162 sub
387 2129 450 2162 illis
466 2139 530 2161 non
546 2125 876 2170 comprehendantur,
889 2123 950 2155 vim
965 2122 1060 2154 validi

316 2189 345 2215 et
366 2182 503 2215 efficacis
515 2184 699 2214 contractus
713 2178 798 2211 {nter
817 2187 875 2209 nos
891 2182 920 2209 et
944 2175 1060 2208 dictam

316 2235 431 2267 Sedem
457 2246 494 2267 ac
520 2232 742 2266 Sebastianum
773 2235 804 2263 et
828 2240 888 2273 pro
915 2233 1083 2272 tempore}

317 2287 502 2320 existentem
523 2297 630 2326 regem
643 2284 843 2329 praedictum
864 2281 934 2314 initi
958 2287 989 2314 et
1009 2281 1063 2313 sti—

318 2340 432 2384 pulati.
455 2339 614 2378 obtinere,
640 2344 671 2371 et
697 2336 785 2370 omni
814 2341 960 2378 tempore
986 2343 1062 2365 suos

319 2392 482 2436 plenarios
500 2398 528 2424 et
551 2392 692 2433 integros
711 2389 843 2422 effectus
863 2387 982 2426 sortiri3
1005 2386 1065 2418 sic-

321 2452 383 2484 que
405 2451 461 2483 per
481 2448 701 2482 quoscumque
726 2437 847 2470 iudices
867 2441 897 2469 et
917 2434 1065 2468 commis·
1082 2454 1084 2467 t

321 2490 434 2523 sarios.
457 2489 551 2520 ctiam
574 2497 744 2520 causarum
757 2484 868 2518 Palatii
888 2483 1064 2528 Apostolici
1083 2507 1085 2532 ¹·

322 2538 485 2571 auditores
501 2548 535 2569 ac
556 2537 587 2569 S.
606 2537 641 2568 R.
666 2536 701 2568 F..
725 2534 919 2570 cardinales,
941 2532 1065 2565 sublata
1083 2535 1085 2556 ³

322 2587 368 2620 eis
389 2595 418 2618 et
440 2596 551 2618 corum
572 2584 701 2617 cuilibet
729 2583 837 2627 quavis
861 2581 954 2615 aliter
982 2580 1064 2613 iudi-

892 204 1072 232 ntttmntttxt
1090 200 1242 229 Rffif.th''.tl'

1848 191 1899 220 Aur.
1913 169 1973 220 G:
1997 200 2034 238 ’<1

1086 253 1181 289 candi
1201 258 1233 287 et
1246 250 1482 296 interpretandi
1501 249 1650 284 facultate
1669 253 1700 282 et
1719 252 1832 282 aueto-

1085 309 1191 346 ritate,
1212 305 1350 339 iudicari
1363 310 1394 338 et
1405 304 1536 337 diffiniri
1550 304 1681 342 debere;
1702 301 1832 335 irritum

1087 370 1217 404 quoque
1229 364 1260 392 et
1274 358 1382 398 inane,
1397 356 1422 389 si
1435 367 1529 390 secus
1544 366 1641 399 super
1653 355 1703 388 his
1717 366 1736 388 a
1755 366 1836 399 quo-

1087 425 1196 457 quam,
1235 411 1347 456 quaxis
1379 409 1581 450 auctoritate,
1621 409 1761 443 scienter
1786 409 1835 442 vel

1088 467 1289 510 ignoranter,
1312 463 1485 505 contigerit
1497 462 1659 496 attentari.
1985 497 1989 505 ⁴

1130 521 1145 563 ξ
1179 520 1210 553 6.
1228 519 1297 552 Non
1312 516 1514 551 obstantibus
1525 515 1709 560 praemissis
1724 521 1754 548 et
1767 515 1838 559 qui·
1851 527 1964 554 uerogauo

1086 573 1194 605 busvis
1219 570 1404 615 apostolicis
1422 580 1460 603 ac
1479 569 1513 602 in
1536 569 1787 613 provincialibus
1807 573 1838 602 et
1850 561 1983 591 “⁸¹⁵⁰‘'m‘·

1087 625 1294 670 synodalibus
1305 624 1451 658 conciliis
1462 622 1568 663 editis,
1579 623 1773 667 specialibus
1787 623 1838 656 vel

1087 679 1291 723 generalibus
1309 705 1316 719 ,
1359 675 1643 711 constitutionibus
1683 681 1714 709 et
1751 676 1838 710 ordi-

1087 732 1295 771 nationibus;
1332 742 1392 764 nec
1431 740 1497 763 non
1539 729 1643 763 dictae
1681 729 1839 763 ecclesiae

1088 786 1196 819 Sancti
1213 783 1398 823 Salvatoris,
1435 783 1636 822 iuramento,
1667 782 1839 816 confirma-

1088 839 1177 872 tione
1219 838 1399 882 apostolica
1441 837 1490 870 vel
1536 836 1648 879 quavis
1686 835 1838 869 firmitate

1089 893 1151 926 alia
1169 892 1342 932 roboratis,
1377 889 1504 924 statutis
1541 895 1573 923 et
1596 888 1838 923 consuetudini-

1088 945 1160 985 bus,
1186 956 1223 978 ac
1246 944 1446 984 fundatione,
1474 942 1637 976 erectione
1661 947 1694 975 et
1712 941 1840 976 institu-

1088 999 1189 1037 tione;
1209 996 1385 1042 privilegiis
1409 1006 1540 1040 quoque
1577 1001 1608 1029 et
1638 995 1772 1029 indultis
1808 1000 1842 1028 et

1089 1051 1203 1084 litteris
1221 1049 1406 1093 apostolicis
1430 1049 1533 1082 eidem
1559 1048 1714 1082 ecclesiae
1733 1044 1841 1081 Sancti

1090 1104 1260 1138 Salvatoris
1281 1109 1312 1136 et
1332 1103 1420 1136 illius
1444 1102 1586 1145 praesuli
1610 1112 1670 1145 pro
1694 1107 1841 1146 tempore

1091 1157 1237 1191 existenti
1262 1167 1299 1189 ac
1323 1155 1498 1199 praedictis
1522 1154 1664 1198 capituto
1701 1160 1734 1188 et
1769 1153 1842 1187 aliis

1091 1210 1252 1254 personis,
1267 1210 1327 1242 sub
1343 1209 1604 1252 quibuscumque
1628 1207 1796 1241 tenoribus
1810 1211 1843 1240 et

1092 1264 1214 1303 formis,
1236 1254 1272 1296 ac
1293 1273 1366 1295 cum
1388 1261 1567 1305 quibusvis,
1589 1261 1686 1294 etiam
1706 1260 1844 1303 deroga-

1092 1318 1248 1350 toriarum
1277 1315 1490 1354 derogatoriis
1518 1314 1654 1358 aliisque
1681 1314 1844 1348 efficacio-

1093 1371 1183 1403 ribus
1205 1375 1235 1403 et
1256 1368 1404 1406 insolitis,
1433 1368 1598 1407 clausulis,
1619 1378 1745 1400 necnon
1769 1366 1844 1400 irri-

1093 1423 1234 1455 tantibus
1254 1428 1283 1455 et
1296 1421 1367 1454 aliis
1382 1421 1530 1460 decretis,
1553 1420 1585 1453 in
1605 1430 1723 1462 genere
1741 1420 1793 1453 vel
1811 1419 1846 1453 in

1094 1476 1200 1520 specie
1215 1502 1222 1515 ,
1250 1475 1346 1508 etiam
1367 1480 1457 1507 motu
1483 1473 1617 1517 proprio
1639 1478 1669 1506 et
1692 1483 1729 1505 ex
1757 1478 1848 1506 certa

1095 1529 1240 1569 scientia,
1254 1539 1290 1561 ac
1302 1528 1341 1560 de
1361 1527 1556 1571 apostolicae
1567 1526 1733 1569 potestatis
1745 1525 1848 1570 pleni-

1096 1581 1218 1622 tudine,
1237 1592 1274 1614 ac
1301 1580 1396 1614 etiam
1414 1579 1677 1613 consistorialiter
1696 1579 1745 1612 vel
1769 1579 1848 1612 alias

1097 1634 1340 1679 quomodolibet
1359 1633 1533 1673 concessis,
1555 1632 1743 1676 approbatis
1754 1638 1785 1666 et
1797 1631 1848 1665 in-

1097 1689 1230 1721 novatis.
1253 1687 1375 1726 Quibus
1393 1686 1558 1726 omnibus,
1580 1685 1704 1719 etiamsi
1725 1685 1764 1719 de
1783 1685 1848 1718 iltis

1098 1752 1277 1785 eorumque
1298 1741 1372 1773 totis
1387 1739 1552 1773 tenoribus
1567 1735 1726 1783 specialis,
1742 1739 1848 1783 speci-

1098 1796 1171 1835 fica,
1186 1805 1336 1838 expressa
1349 1799 1381 1827 et
1391 1792 1556 1826 individua
1570 1792 1691 1825 mentio
1704 1792 1850 1826 facienda

1099 1855 1192 1889 esset,
1219 1859 1333 1881 eorum
1361 1853 1490 1880 tenores
1515 1857 1552 1879 ac
1572 1846 1599 1879 si
1619 1846 1658 1879 de
1683 1846 1780 1879 verbo
1808 1845 1850 1879 ad

1099 1897 1244 1936 verbum,
1256 1895 1336 1929 nihil
1354 1895 1482 1939 penitus
1497 1894 1627 1934 omisso,
1646 1900 1676 1927 et
1696 1894 1799 1927 forma
1816 1894 1850 1927 in

1100 1945 1162 1978 iliis
1179 1945 1294 1978 tradita
1305 1944 1484 1983 observata,
1498 1942 1607 1975 inserti
1624 1942 1728 1975 forent
1754 1953 1850 1986 prae-

1101 1995 1257 2033 sentibus,
1276 2004 1334 2037 pro
1355 1992 1552 2026 sufficienter
1575 1988 1732 2034 expressis
1747 2002 1784 2024 ac
1799 1991 1851 2024 in-

1101 2043 1372 2081 sertishabentes‚
1399 2039 1463 2073 illis
1482 2037 1562 2073 alias
1581 2038 1614 2072 in
1640 2050 1699 2073 suo
1732 2038 1852 2073 robore

1101 2091 1331 2135 permansuris,
1351 2091 1411 2124 hae
1440 2090 1508 2122 vice
1528 2089 1703 2128 dumtaxat,
1725 2089 1850 2131 specia-

1101 2141 1175 2174 liter
1203 2146 1234 2173 et
1267 2150 1414 2184 expresse
1441 2139 1647 2181 derogamus,
1669 2137 1851 2181 ceterisque

1103 2189 1272 2223 contrariis
1288 2188 1562 2232 quibuscumque.

1147 2239 1161 2281 ξ
1181 2238 1212 2271 7.
1235 2238 1390 2270 Volumus
1409 2241 1530 2276 autem,
1551 2234 1722 2268 statuimus
1746 2244 1776 2268 et
1799 2245 1850 2268 or·
1900 2248 1922 2272 ι..
1947 2251 1973 2272 m
2000 2261 2015 2267 ,¹
2054 2250 2057 2279 2

1103 2286 1252 2319 dinamus
1269 2286 1355 2329 quod
1387 2285 1492 2318 clerus
1517 2289 1547 2317 et
1566 2284 1706 2327 populus
1730 2282 1849 2326 aliique
1864 2286 1913 2319 ⁸⁸¹¹,12
1929 2283 2057 2334 θ’ξῖῑὲῑῑρ1,

1102 2335 1228 2368 incolae
1247 2341 1277 2367 et
1297 2334 1507 2373 habitatores,
1526 2339 1590 2365 tam
1603 2332 1662 2364 sub
1682 2341 1740 2375 per
1758 2341 1850 2374 prae·
1863 2319 2005 2366 32:332&
2017 2328 2057 2381 ’ἢ

1104 2391 1209 2416 sentes
1229 2388 1334 2416 erecta
1354 2382 1454 2415 Fluvii
1476 2380 1616 2414 ianuarii
1632 2390 1728 2423 quam
1740 2380 1779 2412 de
1795 2391 1849 2413 ce·
1864 2376 1936 2428 322⁶
1947 2381 1999 2428 ‚225
2013 2360 2057 2414 ,⁴1¹

1105 2438 1173 2464 tero
1189 2431 1376 2464 carumdem
1404 2429 1623 2475 praesentium
1647 2428 1756 2472 vigore
1789 2428 1851 2461 eri·
1865 2413 1960 2458 decta&
2018 2426 2028 2458 s·

1105 2480 1216 2521 genitis
1249 2479 1377 2512 vicariis
1421 2489 1477 2511 seu
1519 2476 1851 2511 administrationibus
1865 2474 1929 2527 ἓξὲξ,
2057 2497 2059 2502 2

1107 2528 1278 2571 praedictis
1311 2526 1536 2571 comprehensi
1567 2530 1598 2559 et
1639 2525 1851 2569 comprehen-

1106 2577 1216 2618 dendi,
1238 2578 1271 2610 in
1292 2577 1342 2610 liis
1365 2587 1448 2619 quae
1467 2580 1542 2609 sunt
1557 2574 1691 2616 ordinis,
1705 2579 1741 2607 ut
1757 2584 1851 2618 prae-
