2059 3228
25 281 52 303 n.
67 273 176 304 (1.1ϋῆ

27 1547 67 1571 deo
73 1547 108 1570 hie
116 1546 173 1569 Pon-

31 1589 42 1603 ι
79 1582 173 1606 daei-m

21 1617 109 1647 immod}
116 1617 173 1639 titte-

41 1654 60 1670 ·
67 1649 172 1670 anemio-

77 1679 172 1706 inpediri

58 1714 120 1737 posu
147 1715 172 1732 ex

32 1740 116 1763 eunuc.

795 265 972 293 emmonius
996 266 1051 291 xm
1070 267 1106 291 P?

1628 265 1672 298 83

190 325 356 367 vigesimo,
381 323 575 368 dispositum
596 321 694 357 suerit
710 319 796 365 quod
823 327 937 353 causae
955 334 959 384 Ι
977 328 1039 360 quc
1060 317 1290 351 beneficiorum
1312 320 1512 364 dispositioni
1531 320 1728 363 apostolicae

191 387 303 411 smnes
327 376 366 410 ad
387 375 492 409 sorum
522 375 773 409 ecclesiasticum
799 382 935 416 quomo-

192 429 313 464 dolibet
337 429 545 473 pertinentes,
572 429 668 462 etiam
687 427 715 461 si
733 425 937 460 beneficiales

189 483 266 523 sint,
288 483 320 516 in
341 482 445 527 prima
466 482 615 515 instantia
634 489 742 514 coram
766 477 937 512 ordinariis

192 536 338 570 locorum
357 535 521 568 dumtaxat
535 537 780 577 cognoscantur,
797 531 937 575 exceptis

188 589 253 628 liis,
274 599 356 632 quae
376 588 461 621 iuxta
473 588 644 622 canonicas
655 585 836 618 sanctiones
850 584 935 627 apud

191 641 306 676 sedem
335 642 531 685 praedictam
559 645 633 674 sunt
660 638 855 675 tractandae,
889 638 935 670 vel

191 705 272 738 quas
289 705 325 728 ex
342 695 467 737 urgenti
482 691 724 735 rationabilique
738 701 834 724 causa
852 691 935 723 iudi-

191 747 310 781 caverit
329 748 480 780 Summus
504 745 645 779 Pontifex
672 744 853 783 Romanus,
879 754 937 787 per

191 800 329 844 speciale
340 801 530 844 rescriptum
547 798 735 841 Signaturae
746 801 848 837 suae,
867 797 936 830 eius

191 863 290 886 manu
299 853 431 897 propria
440 850 720 889 subscribendum,
734 850 935 883 committere

188 914 247 940 aut
265 916 407 940 avocare.
438 906 564 944 Verum,
586 914 661 936 cum
686 903 851 936 decretum
873 903 934 936 hu-

192 959 330 994 iusmodi
348 957 474 993 concilii
493 957 735 990 concessionem
754 957 934 1001 praedicta-

190 1023 263 1046 rum
282 1012 459 1046 litterarum
484 1011 517 1043 in
536 1010 639 1043 forma
649 1010 753 1043 brevis
764 1016 795 1044 et
805 1011 933 1043 illarum

186 1065 407 1100 executionem
441 1064 523 1096 nihil
551 1063 669 1097 officiat
685 1090 692 1104 ‚
731 1074 837 1107 neque
875 1074 935 1107 per

190 1118 263 1153 illos
275 1127 370 1152 causa
377 1127 434 1150 seu
444 1116 594 1150 instantia
605 1116 863 1157 introducantur,
879 1117 934 1150 sed

191 1181 277 1205 mere
292 1169 451 1204 executive
470 1169 601 1213 procedi
613 1169 797 1209 mandetur,
810 1169 934 1203 litterae

188 1232 315 1267 quoque
334 1221 368 1255 in
378 1223 482 1255 forma
493 1222 610 1263 brevis,
628 1223 748 1256 annulo
764 1222 934 1256 piscatoris

187 1275 341 1316 munitae,
366 1285 432 1308 non
461 1275 598 1308 minoris
629 1275 692 1309 sint
711 1276 873 1309 efficaciae
903 1282 934 1309 et

184 1328 399 1369 auctoritatis,
428 1339 525 1371 quam
563 1328 718 1372 rescripta
743 1329 934 1371 Signaturae

185 1381 318 1415 Romani
333 1381 509 1422 Pontificis,
521 1381 591 1415 eius
606 1393 703 1415 manu
712 1382 845 1426 propria
860 1383 936 1416 sub-

183 1434 315 1478 scripta.
411 1476 414 1478 v

226 1487 243 1532 ἓ
261 1487 294 1522 3.
312 1487 386 1529 Nos,
408 1487 442 1521 in
461 1488 512 1521 his
528 1494 656 1522 nostrae
675 1488 802 1522 debitae
829 1489 934 1523 decla-

183 1539 316 1576 rationis
335 1541 492 1575 cautelam
513 1541 714 1582 adhibentes,
736 1552 774 1575 ac
793 1542 936 1586 proviso-

185 1605 257 1629 rum
281 1594 522 1639 praedictorum
540 1595 591 1629 ius
611 1595 762 1628 adversus
781 1595 880 1629 dubia
904 1602 936 1629 et

184 1647 400 1682 cavillationes
418 1648 618 1689 huiusmodi,
645 1648 805 1691 aequitate
831 1655 861 1682 et
883 1649 934 1683 iu-

184 1701 269 1736 stitia
293 1701 516 1742 suadentibus,
542 1712 747 1746 praeservare
773 1703 932 1745 volentes,

184 1765 312 1796 necnon
342 1754 581 1798 praedictarum
603 1760 635 1788 et
654 1765 935 1800 quarumcumque

178 1808 359 1844 litterarum
376 1808 409 1841 in
423 1807 528 1841 forma
541 1808 647 1842 brevis
667 1818 765 1852 super
780 1808 935 1852 capienda

181 1861 382 1906 possessione
395 1861 527 1895 nomine
545 1861 701 1895 Gamerae
722 1862 928 1900 huiusmodi,

184 1919 239 1948 aut
256 1915 289 1948 in
304 1915 443 1948 favorem
457 1915 639 1948 litterarum
651 1915 710 1948 sub
726 1915 862 1958 plumbo
879 1926 932 1947 ex-

186 1966 376 2011 peditarum,
393 1973 458 2001 tam
473 1979 491 2001 a
502 1968 804 2012 praedecessoribus
819 1968 936 2001 nostris

186 2029 282 2063 quam
300 2020 392 2054 nobis
410 2026 443 2054 et
463 2021 547 2054 dicta
566 2021 647 2054 Sede
667 2021 826 2055 haetenus
856 2032 934 2055 con-

187 2078 359 2114 cessarum,
370 2079 508 2115 tenores,
521 2085 558 2108 ac
567 2074 633 2108 litis
643 2079 674 2108 et
683 2085 801 2114 causae,
816 2074 840 2107 si
852 2085 934 2118 quae

187 2124 324 2169 desuper
345 2120 495 2170 eiecutae
518 2127 591 2166 sint,
615 2133 732 2160 statum
755 2133 787 2160 et
801 2127 931 2167 merita,

187 2177 383 2221 nominaque
406 2185 439 2213 et
458 2179 648 2223 cognomina
677 2179 822 2214 iudicum
837 2206 845 2220 ,
864 2191 935 2213 exe-

187 2237 336 2264 cutorum
344 2237 376 2266 et
384 2233 640 2277 collitigantium,
654 2234 866 2278 praesentibus
875 2244 934 2278 pro

187 2283 385 2317 sufficienter
402 2286 558 2329 expressis
576 2287 742 2327 habentes,
760 2292 848 2320 motu
864 2297 934 2330 pro-

188 2336 272 2381 prio,
288 2346 354 2370 non
365 2337 404 2370 ad
414 2337 555 2381 ipsorum
568 2339 771 2383 provisorum
784 2346 838 2373 aut
853 2339 933 2373 alio-

188 2399 262 2424 rum
281 2389 375 2423 nobis
395 2401 452 2434 pro
467 2391 513 2424 eis
535 2403 632 2436 super
650 2393 713 2426 hoc
733 2392 858 2426 oblatae
879 2403 934 2436 pe-

188 2432 310 2476 titionis
320 2440 515 2484 instantiam,
533 2445 587 2477 sed
598 2456 635 2478 ex
650 2451 737 2479 certa
754 2445 933 2479 scientiane

189 2490 229 2524 de
248 2501 337 2524 mera
355 2498 464 2525 nostra
477 2492 715 2535 deliberatione,
730 2494 935 2527 decernimus

190 2544 222 2573 et
229 2539 388 2578 declaram
395 2552 430 2574 us
440 2552 498 2584 per
505 2542 745 2576 concessionem
755 2542 934 2575 litterarum

189 2591 224 2624 in
242 2589 344 2622 forma
363 2590 466 2623 brevis
486 2595 517 2623 et
533 2591 603 2623 *sub
624 2591 744 2625 annulo
767 2591 935 2624 piscatoris

188 2647 288 2682 super
305 2638 461 2683 capienda
486 2639 685 2684 possessione
704 2650 937 2682 quorumcum-

978 376 1210 403 reserratorum
1227 383 1280 403 seu
1303 373 1504 413 ull'ertorum,
1521 372 1611 406 Sedis
1626 378 1653 406 et
1667 374 1727 407 Cn·

977 434 1083 456 mei-ac
1114 424 1370 467 Apostolicorum
1398 425 1584 459 nominibus
1607 437 1727 470 appre-

977 477 1157 517 hendenda,
1180 483 1210 510 et
1235 477 1376 511 eiusdem
1404 479 1611 522 possessionis
1631 479 1727 513 insa·

976 540 1082 562 vorem
1106 521 1311 574 provisorum
1328 532 1367 563 ab
1393 532 1459 575 ipsa
1479 533 1560 566 Sede
1589 533 1628 566 de
1664 533 1725 566 eis-

975 583 1047 616 dem
1081 584 1264 623 beneficiis,
1306 591 1475 628 postquam
1513 586 1633 620 litteras
1667 587 1724 620 sul·

977 637 1110 680 plumbo
1120 648 1217 681 super
1226 637 1463 681 provisionibus
1474 639 1657 674 huiusmodi
1670 641 1726 674 ha-

977 689 1118 722 buerunt
1128 690 1305 733 expeditas,
1321 691 1524 733 relaxatione,
1538 704 1663 727 necnon
1676 705 1711 726 as

976 742 1119 775 sistentia
1130 742 1206 786 ipsis
1222 743 1365 787 provisis,
1380 744 1501 777 litteras
1513 745 1651 789 desuper
1666 747 1727 780 sul)

976 796 1110 838 plumbo
1123 796 1284 839 expeditas
1300 797 1505 837 habentibus,
1524 800 1726 841 praestanda,

975 854 1005 881 ct
1025 849 1163 882 aliorum
1185 849 1263 882 inibi
1290 860 1513 893 expressorum
1537 853 1726 885 execution-z·¹

977 902 1130 942 facienda,
1150 913 1232 946 quae
1254 903 1402 936 mandata
1417 904 1580 937 executiva
1596 912 1680 945 sunt,
1696 913 1726 938 et

975 956 1185 988 summariam
1205 956 1370 989 dumtaxat
1389 967 1575 998 causarum,
1594 965 1727 1002 proptr-r

975 1019 1054 1051 quas
1075 1009 1149 1042 illae
1164 1015 1367 1050 emanarunt,
1386 1010 1602 1053 cognitionem
1621 1013 1728 1054 requi-

975 1067 1060 1101 runt,
1077 1062 1214 1095 decretis
1230 1063 1361 1096 concilii
1377 1063 1564 1097 huiusmodi
1578 1075 1640 1098 non
1653 1076 1727 1097 con-

976 1115 1136 1155 traveniri,
1152 1116 1297 1159 nihilque
1312 1116 1505 1159 praeiudicii
1525 1116 1587 1150 illis
1602 1117 1726 1158 inferri,

975 1169 1020 1201 vel
1041 1179 1154 1201 eorum
1178 1168 1313 1202 sormam
1339 1169 1371 1202 in
1396 1170 1504 1213 aliquo
1524 1170 1647 1210 violari,
1668 1182 1725 1204 ne-

974 1232 1037 1265 que
1057 1221 1086 1254 id
1108 1221 1171 1255 dici
1196 1228 1251 1254 aut
1275 1222 1417 1263 censeri,
1436 1223 1484 1256 vel
1505 1223 1727 1257 executionem

974 1275 1154 1308 litterarum
1175 1276 1361 1308 earumdem
1383 1282 1555 1320 propterea
1571 1277 1601 1309 in
1617 1277 1726 1320 aliquo

974 1327 1125 1371 suspendi
1152 1328 1216 1361 sive
1250 1329 1420 1369 remorari,
1448 1336 1503 1362 aut
1541 1330 1726 1363 facultatem

976 1381 1152 1414 litterarum
1174 1382 1401 1415 executoribus
1421 1394 1605 1416 concessam
1622 1384 1726 1427 impe-

974 1435 1048 1476 du·i;
1062 1435 1117 1467 sed
1137 1440 1324 1468 executores
1344 1436 1431 1479 ipsos
1450 1441 1481 1469 et
1500 1436 1539 1469 ab
1560 1435 1604 1470 eis
1624 1436 1728 1480 depu-

975 1493 1055 1521 tatos
1066 1488 1326 1529 subexecutores,
1341 1490 1506 1522 facultates
1517 1488 1575 1522 sibi
1588 1500 1646 1534 per
1661 1501 1730 1523 eas-

975 1541 1047 1574 dem
1059 1541 1192 1581 litteras,
1206 1546 1241 1574 ut
1252 1542 1444 1585 praefertur,
1463 1553 1643 1582 concessas,
1664 1543 1727 1582 uti,

975 1594 1050 1635 srui,
1071 1594 1223 1638 gaudere,
1243 1600 1274 1628 et
1293 1601 1405 1628 contra
1421 1595 1483 1628 illis
1498 1606 1561 1628 non
1579 1601 1728 1640 parentes

975 1648 1014 1680 ad
1039 1647 1288 1681 declarationem
1317 1648 1467 1681 incursus
1493 1659 1671 1692 poenarum
1697 1655 1728 1681 et

975 1711 1189 1734 censurarum
1213 1701 1246 1733 in
1271 1701 1391 1734 eisdem
1421 1702 1535 1735 litteris
1563 1701 1595 1734 in
1625 1703 1727 1735 forma

975 1753 1079 1786 brevis
1095 1759 1332 1794 contentarum,
1347 1765 1384 1788 ac
1400 1754 1635 1788 invocationem
1651 1754 1726 1787 bra-

975 1806 1039 1839 chii
1060 1806 1234 1839 saecularis
1254 1807 1494 1850 procedere;ac
1503 1808 1564 1840 alia
1577 1808 1685 1841 omnia
1697 1814 1726 1840 et

975 1859 1100 1902 singula
1109 1860 1142 1892 in
1152 1859 1271 1893 eisdem
1281 1860 1396 1893 litteris
1414 1866 1561 1894 contenta
1573 1887 1580 1900 ,
1598 1861 1726 1893 illarum

976 1918 1082 1946 tamen
1102 1912 1204 1945 forma
1224 1919 1358 1954 servata,
1380 1914 1485 1947 facere
1504 1919 1535 1946 et
1554 1913 1667 1956 exequi
1686 1913 1727 1945 li-

974 1967 1051 1999 bere
1076 1971 1106 1999 et
1121 1966 1205 1999 licite
1226 1967 1369 2010 potuisse
1396 1972 1426 2000 et
1456 1977 1569 2011 posse;
1599 1976 1727 1999 necnon

975 2030 1146 2063 processus
1174 2020 1314 2063 desuper
1341 2020 1467 2053 habitos
1493 2025 1523 2052 et
1551 2020 1724 2058 formatos,

974 2073 1205 2116 habendosque
1220 2078 1250 2106 et
1266 2073 1463 2112 formandos,
1480 2067 1515 2105 a'c
1533 2073 1606 2105 inde
1615 2077 1726 2105 secuta

975 2131 1006 2159 et
1025 2126 1188 2169 sequenda
1203 2137 1440 2169 quaecumque,
1458 2125 1563 2165 firma,
1577 2125 1680 2158 valida
1696 2130 1727 2158 et

975 2174 1117 2212 efficacia
1137 2180 1234 2212 fuisse
1260 2185 1290 2212 et
1310 2190 1377 2212 esse
1407 2185 1438 2212 et
1471 2180 1552 2219 sore,
1585 2189 1726 2222 suosque

974 2231 1115 2274 integros
1126 2237 1157 2265 et
1169 2233 1274 2275 plenai
1284 2233 1330 2265 ios
1341 2233 1474 2265 effectus
1488 2232 1595 2265 sortiri
1608 2231 1726 2265 debere

975 2285 1008 2318 in
1024 2285 1176 2317 omnibus
1195 2291 1227 2318 et
1250 2296 1308 2328 per
1327 2285 1448 2318 omnia.

1019 2338 1034 2381 ,ξ
1053 2338 1084 2370 4.
1112 2338 1299 2371 Praesentes
1319 2349 1448 2381 quoque
1462 2338 1583 2371 litteras
1598 2338 1636 2371 de
1651 2337 1725 2370 sub-

974 2391 1130 2435 reptionis
1148 2392 1196 2423 vel
1217 2391 1416 2434 obreptionis
1439 2391 1514 2424 vitio
1540 2397 1595 2424 aut
1622 2391 1724 2424 inten-

975 2445 1071 2478 tionis
1090 2451 1218 2477 nostrae
1249 2445 1296 2476 vel
1323 2444 1476 2488 quopiam
1500 2445 1563 2478 alio
1596 2445 1724 2477 defectu

975 2494 1092 2534 notari,
1107 2492 1288 2537 impugnari
1301 2493 1349 2525 vel
1361 2493 1524 2526 invalidari
1539 2494 1726 2527 nullatenus

976 2552 1080 2586 posse.

1019 2592 1034 2634 ἓ
1054 2591 1085 2624 5.
1109 2590 1224 2633 Sicque
1244 2590 1278 2622 in
1302 2590 1486 2634 praemissis
1513 2591 1666 2624 omnibus
1693 2597 1723 2624 et

977 2640 1110 2683 singulis
1129 2649 1186 2684 per
1205 2650 1428 2685 quoscumque
1444 2640 1566 2674 iudices
1585 2645 1613 2674 et
1633 2650 1721 2673 com-

1743 267 1928 303 An.c.irzi

1738 2353 1847 2375 claust-tm
1859 2361 1926 2382 prae·

1739 2387 1864 2407 serviturae.

1764 2604 1875 2625 Decretum
1891 2606 1919 2626 ir-

1737 2638 1809 2657 rimus.
