2059 3228
134 196 222 258 ‘we

879 211 982 235 stxrrs
1006 212 1023 234 v
1043 212 1089 234 re.

235 259 447 301 libertatibus,
475 263 743 306 exemptionibus,
766 251 978 303 faciiltatibus,

232 313 422 354 bonoribus,
452 317 714 356 antetationilms‚
738 318 976 361 praerogativis,

230 366 403 407 favoribus,
431 370 693 403 concessionibus
714 375 743 403 et
767 371 889 413 gratiis,
915 376 976 403 tam

229 418 453 463 spiritualibus
473 432 569 465 quam
596 423 838 467 temporalilms,
858 423 977 466 quibus

230 472 329 506 ceteri
355 473 544 515 familiares,
572 476 716 509 continui
743 477 976 509 commensales

228 535 266 559 ac
285 527 418 570 praelati
444 535 474 561 et
493 530 702 562 referendarii
722 529 870 574 praefati,
898 540 974 563 nec-

228 589 293 613 non
313 579 415 614 dictae
435 581 586 616 Gamerae
608 583 734 624 clerici,
759 583 974 627 praesidentes

226 637 258 666 et
289 633 344 666 alii
363 635 550 676 camerales,
574 636 611 669 de.
639 636 719 675 iure,
742 641 872 676 statuto,
895 647 972 669 con-

224 686 393 720 suetudine
418 688 466 721 vel
496 688 606 731 aliquo
639 689 768 733 speciali
805 689 972 733 privilegio

222 749 279 773 seu
290 740 369 773 alias
380 741 633 784 quomodolibet,
646 747 789 781 utuntur,
803 742 972 786 potiuntur

223 797 255 827 et
272 794 424 837 gaudent,
446 806 483 828 ac
500 795 559 835 uti,
584 796 676 839 potiri
695 801 724 828 et
741 796 880 837 gaudere
896 806 970 839 pos-

222 852 297 881 sunt
315 853 346 881 et
377 853 530 892 poterunt
549 850 791 892 quomodolibet
819 850 848 882 in
883 850 969 883 futu-

222 911 307 942 rum,
330 905 392 934 lam
418 901 450 935 in
470 901 590 935 iudicio
611 914 706 946 quam
726 908 825 942 extra,
849 903 969 947 ubique

220 954 380 995 locorum,
402 955 522 1000 absque
543 956 606 988 ulla
626 967 756 999 prorsus
776 957 967 997 differentia,

218 1017 284 1040 non
300 1007 339 1041 ad
355 1007 483 1042 illorum
501 1008 611 1049 instar,
628 1010 683 1042 sed
705 1010 923 1053 pariformiter
937 1016 968 1043 et

218 1070 321 1104 aeque
348 1061 581 1105 principaliter,
616 1062 647 1094 in
669 1063 820 1096 omnibus
851 1069 883 1096 et
910 1074 968 1107 per

218 1113 344 1154 omnia,
373 1125 409 1147 ac
434 1115 458 1147 si
480 1115 533 1148 illa
554 1115 660 1148 officio
692 1116 967 1149 commissariatus

217 1166 402 1201 huiusmodi
415 1168 560 1212 illudque
578 1179 635 1212 pro
653 1174 797 1213 tempore
809 1170 965 1203 obtinenti

217 1220 400 1264 specialiter
432 1226 462 1254 et
501 1232 648 1266 expresse
689 1233 746 1266 per
782 1229 966 1267 praesentes

216 1284 368 1307 concessa
392 1275 537 1316 fuissent,
558 1275 615 1316 uti,
638 1276 734 1319 potiri
759 1281 789 1309 et
808 1277 961 1319 gaudere.

259 1327 275 1371 ἓ
291 1327 322 1361 9.
346 1328 475 1361 Necnon
498 1334 530 1361 ut
546 1329 742 1372 quicumque
759 1329 821 1362 loci
837 1330 964 1363 ordina-

217 1380 295 1422 rius,
311 1391 366 1415 seu
381 1382 549 1426 utriusque
563 1383 609 1416 vel
625 1383 757 1416 alterius
774 1382 963 1426 Signaturae

199 1433 401 1468 'huiusmodi
422 1436 669 1477 referendarius,
691 1442 747 1469 aut
776 1437 962 1481 metropoli-

163 1493 167 1495 *
216 1492 308 1522 tanae
327 1489 375 1521 vel
395 1489 526 1522 alterius
536 1490 728 1523 cathedralis
738 1490 892 1524 ecclesiae
909 1501 961 1523 ea-

212 1540 361 1583 noniens,
382 1552 438 1576 seu
471 1553 608 1586 persona
629 1543 660 1576 in
685 1544 837 1587 dignitate
858 1545 972 1577 eccle--

212 1594 340 1629 siastica
363 1595 535 1629 constituta
555 1597 595 1629 ad
620 1596 651 1630 id
676 1608 734 1640 per
754 1597 858 1641 ipsum
876 1608 962 1631 com-

212 1648 394 1683 missarium
406 1660 465 1694 pro
476 1654 619 1694 tempore
638 1651 823 1684 existentem
841 1650 961 1694 eligen-

210 1702 270 1736 dus
290 1714 348 1737 seu
368 1703 528 1747 eligenda,
551 1715 774 1748 quascumque
791 1704 960 1748 pensiones

210 1766 335 1790 annuas
350 1768 448 1802 super
477 1758 663 1802 quarurnvis
684 1769 870 1792 mensarum
890 1759 959 1802 epi-

209 1810 389 1853 scopalium
406 1811 455 1844 vel
468 1811 797 1856 archiepiscopalium
815 1822 871 1845 seu
883 1812 960 1846 alia-

209 1873 283 1896 rum
295 1863 517 1905 ecclesiarum,
533 1875 659 1898 necnon
673 1865 956 1907 monasteriorum,

105 1907 117 1944 ζ’
161 1954 165 1958 ,
209 1915 426 1960 prioratuum,
448 1917 640 1961 dignitatum
672 1918 877 1963 aliorumque
904 1920 957 1953 be-

208 1969 400 2019 neficiorum
421 1971 727 2012 ecclesiasticorum,
741 1983 814 2005 cum
835 1984 913 2006 cura
925 1979 956 2006 et

208 2023 277 2056 sine
297 2034 387 2065 cura,
403 2025 619 2058 saecularium
640 2030 670 2058 et
693 2025 880 2069 quorumvis
899 2026 957 2060 Or-

207 2075 320 2110 dinum
336 2077 548 2121 regularium,
571 2078 739 2118 fructibus,
763 2079 951 2121 redditibus,

208 2130 427 2174 proventibus,
441 2131 576 2171 iuribus,
592 2132 849 2173 obventionibus,
864 2144 955 2167 emo-

206 2183 359 2218 lumentis
378 2194 415 2218 ac
435 2185 530 2218 etiam
552 2185 834 2219 distributionibus
853 2187 956 2230 quoti-

207 2236 323 2278 dianis,
345 2248 402 2272 seu
423 2238 552 2272 illarum
575 2239 645 2272 loeo
666 2240 800 2280 fructus
813 2240 956 2275 redditus

207 2295 239 2324 et
257 2295 443 2334 proventus,
470 2291 552 2331 iura,
585 2292 805 2333 obventiones,
833 2295 955 2327 emolu-

207 2349 316 2378 menta
327 2349 359 2378 et
377 2341 620 2379 distributiones
639 2346 835 2387 huiusmodi,
851 2347 954 2380 eidem

95 2422 115 2443 ·.
130 2380 135 2389 ’Δ
152 2394 169 2431 J
207 2393 429 2428 commissario
449 2405 507 2438 pro
538 2400 684 2439 tempore
705 2396 851 2429 existenti
879 2408 955 2441 apo-

107 2460 110 2467 ι
154 2451 156 2453 ’
196 2442 320 2477 'stoliea
337 2443 527 2477 auctoritate
542 2449 717 2478 reservatas
737 2451 766 2478 et
785 2451 953 2486 reservata,

207 2502 311 2536 usque
334 2491 374 2525 ad
405 2503 565 2526 summam
585 2493 838 2538 quingentorum
858 2494 955 2528 duca-

206 2547 315 2576 torum
327 2542 398 2576 auri
418 2542 457 2575 de
472 2541 617 2584 Camcra,
631 2542 664 2575 in
683 2543 770 2577 dicta
788 2543 886 2577 Curia
906 2544 954 2577 vel

208 2594 296 2624 extra
318 2601 402 2634 eam,
424 2590 522 2625 etiam
547 2590 580 2624 in
610 2591 722 2626 mortis
739 2591 889 2641 articulo,
916 2586 954 2631 de

1663 200 1725 233 770

1022 262 1121 306 ipsius
1141 263 1351 295 connaissarii
1371 273 1428 306 pro
1450 268 1594 307 tempore
1606 262 1768 295 existentis

1020 326 1169 358 expresso
1186 326 1356 355 rotlsensu,
1371 327 1495 349 ras-sare
1512 322 1541 349 et
1562 315 1764 359 extinguere,

1019 378 1065 407 ac,
1088 373 1255 411 postquam
1269 375 1410 401 cassatae
1428 380 1482 401 seu
1502 374 1622 401 cassata
1636 367 1766 406 fuerint,

1018 420 1096 453 alias
1120 420 1239 452 similes
1260 422 1429 464 pensiones
1450 433 1574 454 annuas
1593 432 1690 465 snper
1704 421 1765 454 eis-

1018 474 1089 507 dem
1123 474 1293 515 fructibus,
1325 475 1513 516 redditibus,
1544 475 1763 518 proventibus

1017 526 1154 568 iuribus,
1184 527 1442 567 obventimiibus,
1477 528 1704 561 emolumentis
1734 534 1766 561 et

1016 580 1314 622 distributionibus,
1341 593 1396 615 seu
1432 582 1569 622 fructus,
1607 582 1761 623 redditus,

1015 639 1200 678 proventus,
1227 635 1307 674 iura,
1338 636 1544 669 obventiones
1579 641 1610 669 et
1637 637 1762 669 emolu-

1015 692 1122 720 menta
1131 687 1332 729 huiusmodi,
1343 700 1444 732 usque
1457 690 1494 722 ad
1503 700 1660 722 summam
1672 701 1762 733 prae-

1013 740 1120 781 fatam,
1138 741 1192 773 uni
1210 742 1257 774 vel
1280 742 1425 785 pluribus
1437 742 1583 786 personis
1603 743 1640 776 ad
1657 743 1688 775 id
1705 754 1762 786 per

1012 803 1086 826 eum
1108 795 1327 835 nominandis,
1350 800 1380 828 et
1399 807 1638 839 quaecumque,
1664 802 1759 840 quot-

1011 858 1151 890 cumque
1169 855 1199 881 et
1218 849 1469 894 qualiacumque
1488 850 1644 883 beneficia
1655 852 1758 885 ecele-

1010 899 1135 934 siastica
1170 902 1412 943 obtinentibus,
1447 903 1566 936 eisdem
1599 904 1694 937 modo
1728 911 1757 937 et

1009 953 1124 994 forma,
1140 965 1176 987 ac
1193 965 1267 988 cum
1283 956 1449 997 clausulis,
1473 956 1609 989 decretis
1629 963 1659 990 et
1671 958 1756 990 ordi-

1008 1007 1192 1041 nationibus
1212 1009 1330 1052 quibus
1363 1009 1423 1053 ipsi
1458 1010 1678 1043 commissario
1700 1022 1756 1055 pro

1007 1066 1154 1104 tempore
1174 1061 1322 1095 existenti
1336 1069 1512 1096 reservatae
1529 1073 1584 1096 scu
1599 1070 1755 1097 reservata

1007 1112 1140 1154 fuerint,
1175 1115 1271 1147 etiam
1297 1116 1418 1159 absque
1444 1127 1603 1150 consensu
1634 1118 1755 1151 solvere

1006 1167 1193 1201 habentium
1215 1169 1386 1211 pensiones
1402 1180 1457 1203 seu
1473 1170 1684 1204 obtinentium
1703 1183 1754 1205 ec-

1006 1220 1129 1262 ctesias,
1154 1222 1359 1263 monasteria,
1383 1224 1557 1266 prioratus,
1584 1224 1754 1268 dignitates

1005 1279 1035 1307 et
1053 1274 1116 1307 alia
1135 1274 1293 1308 beneficia
1317 1276 1515 1318 huiusmodi,
1538 1278 1623 1311 dicta
1642 1284 1753 1311 aucto-

1004 1328 1098 1361 ritate
1126 1338 1302 1369 reservare,
1336 1329 1543 1371 constituere,
1576 1332 1752 1365 concedere

1004 1387 1033 1414 et
1053 1381 1227 1425 assignare,
1250 1394 1287 1416 ac
1318 1382 1414 1416 etiam
1445 1385 1617 1418 transferre
1653 1386 1751 1419 libere

1003 1441 1034 1468 et
1058 1435 1144 1469 licite
1162 1436 1276 1477 valeat3
1290 1437 1585 1481 reservationesque
1602 1444 1632 1472 et
1648 1444 1751 1472 trans-

1003 1489 1138 1523 lationes
1157 1490 1351 1534 pensionum
1368 1502 1425 1525 seu
1448 1493 1624 1533 fructuum,
1643 1493 1749 1526 reddi-

1003 1549 1106 1584 tuum,
1127 1550 1353 1587 proventuum,
1368 1544 1501 1585 iurium,
1520 1546 1747 1579 obventionum

1002 1602 1033 1630 et
1065 1598 1360 1630 emolumentorum
1395 1598 1581 1631 huiusmodi
1598 1626 1605 1639 ,
1641 1599 1746 1641 vigui-‹-

1001 1651 1219 1695 praesentium
1230 1652 1746 1696 faciendae,valeant,pleuamque

1000 1704 1127 1738 roboris
1152 1704 1335 1738 firmitatem
1362 1706 1526 1739 obtineant
1546 1707 1576 1738 in
1599 1707 1747 1739 omnibus

1000 1763 1030 1791 et
1053 1768 1112 1802 per
1130 1758 1251 1799 omnia,
1274 1759 1409 1802 perinde
1429 1771 1465 1792 ac
1485 1760 1510 1792 si
1531 1771 1588 1803 per
1608 1771 1665 1792 nos
1691 1772 1746 1793 seu

998 1821 1058 1856 pro
1075 1816 1220 1856 tempore
1241 1812 1426 1846 existentem
1443 1813 1622 1846 Romanum
1642 1814 1747 1846 Ponti-

998 1865 1105 1906 ficem,
1121 1865 1160 1898 de
1170 1876 1328 1899 consensu
1340 1867 1460 1900 solvere
1469 1867 1657 1900 habentium
1672 1878 1746 1910 pen-

998 1918 1119 1960 siones,
1145 1930 1199 1952 seu
1222 1920 1436 1952 obtinentium
1459 1920 1622 1961 ecclesias,
1638 1931 1746 1953 mona-

998 1976 1103 2014 steria,
1114 1973 1288 2017 prioratus,
1305 1974 1556 2018 praeposituras,
1577 1974 1745 2015 dignitates

998 2031 1029 2059 et
1048 2026 1110 2059 alia
1121 2026 1279 2060 beneficia
1293 2026 1477 2060 huiusmodi
1492 2027 1744 2062 sacta‹z·s=1iss0ni‚

997 2076 1187 2114 auctoritate
1200 2085 1230 2113 et
1242 2086 1352 2114 tenore
1364 2080 1526 2124 praefatis,
1536 2081 1744 2113 concedimus

997 2138 1027 2167 et
1043 2134 1260 2177 indulgemus.

1041 2186 1124 2229 3310.
1151 2187 1285 2231 Insuper
1304 2187 1474 2220 statuimus
1494 2194 1524 2220 et
1557 2187 1744 2220 ordinamus
1784 2199 1878 2238 tran-ima
1919 2203 1939 2220 ei

997 2240 1082 2284 quod
1103 2240 1244 2273 officium
1266 2241 1537 2274 commissariatus
1557 2241 1742 2274 huiusmodi
1757 2230 1941 2285 ἱζωῒιωῃᾞζζῐζ

997 2304 1054 2337 pro
1085 2298 1231 2337 tempore
1253 2289 1421 2335 obtinens,
1440 2295 1472 2327 in
1492 2295 1624 2335 Camena
1649 2305 1742 2338 prae-
1757 2294 1897 2347 ξῇἳζξζξζῂζξ
1913 2296 1942 2315 ‘³'

1785 2338 1790 2345 ‹
1893 2332 1933 2354 que

998 2351 1057 2380 sata
1075 2347 1209 2391 aliisque
1225 2348 1349 2381 actibus
1362 2348 1576 2381 eameralibus
1593 2353 1620 2381 et
1634 2359 1742 2382 caree·
1757 2362 1865 2378 carcerum

997 2406 1068 2428 rum
1089 2396 1334 2435 visitationibus,
1354 2397 1498 2429 habitum
1520 2407 1578 2441 per
1598 2397 1742 2437 elericos,
1756 2388 1941 2441 ssssffflfJJsagffi‘JJJ’

996 2444 1230 2489 praesidentem
1244 2450 1274 2477 et
1293 2445 1373 2478 alios
1393 2447 1552 2489 praelatos
1568 2446 1742 2479 camerales
1755 2451 1939 2503 jscstffssatpubhffl

1754 2495 1759 2502 .
1798 2497 1809 2508 „
1849 2498 1855 2511 ,

996 2494 1114 2527 deferri
1144 2494 1286 2534 solitum,
1319 2500 1453 2537 gestare,
1490 2500 1524 2527 ct
1550 2494 1580 2527 in
1610 2494 1743 2528 Camera

996 2543 1138 2586 praefata
1164 2543 1347 2576 immediate
1382 2550 1448 2587 post
1484 2544 1588 2588 ipsum
1620 2545 1742 2587 praesi-

997 2592 1145 2640 dentem,
1180 2603 1217 2626 ac
1241 2592 1273 2625 in
1297 2597 1463 2626 carcerum
1497 2592 1740 2637 visitationibus,

1784 206 1834 234 An.
1853 207 1871 234 C
1900 209 1965 236 15:413
