2059 3228
341 193 403 225 048

293 266 392 299 super
411 256 473 289 hoe
492 261 617 289 matura
635 253 882 292 consultatione,
905 251 1045 286 decrevit

293 308 379 341 circa
395 308 586 342 electionem
608 308 726 351 prioris
746 312 773 340 et
796 313 979 340 ceterorum
1001 306 1045 339 os-

292 361 446 394 ficialium
467 361 623 405 praedicti
640 360 826 394 monasterii
843 360 935 401 haec,
959 370 1043 403 quae

291 414 426 448 inferius
446 414 608 458 descripta
627 420 714 455 sunt,
741 414 883 458 capitula
907 419 937 447 et
954 413 1042 448 ordi-

290 468 438 501 nationes
457 468 656 502 observanda
677 478 757 501 esse.

333 521 349 565 §
386 521 417 554 Ξ).
453 521 598 555 Primum
633 521 764 565 quidem
801 520 888 564 quod
927 521 1041 554 electio

91 576 276 633 ξ’ῑςξὶῐίῗῶξςέῑὲ
290 574 408 618 prioris
428 574 503 608 dicti
524 574 715 608 monasterii
735 575 768 607 in
789 574 931 619 capitulo
949 585 1042 617 gene-

91 639 160 673 negan
188 637 275 663 omini,
289 627 349 660 rali
369 627 511 662 eiusdem
533 628 777 670 Ordinis‚tertio
791 638 921 672 quoque
941 638 1039 668 anno,

90 668 195 690 “mm'‘
289 681 446 714 celebrari
467 682 572 723 solita,
591 692 650 726 per
672 683 869 725 generalem,
898 681 1041 725 priorem

288 740 321 767 et
334 740 408 769 octo
428 735 619 769 diffinitores
630 735 701 769 fieri
720 735 846 776 debeat,
862 735 973 768 eadem
987 735 1040 767 illa

288 790 392 822 forma
407 795 531 822 servata
547 800 631 833 quae
649 789 683 822 in
704 789 860 832 eligendis
875 789 1041 833 prioribus

287 853 443 876 novarum
459 843 631 877 domorum
652 843 728 876 dicti
740 842 868 876 Ordinis
883 847 1037 876 servatur:

288 896 373 930 intra
392 896 499 941 ipsum
527 908 604 931 vero
633 897 868 931 monasterium
899 896 930 929 S.
957 897 1039 929 Lau-

287 950 383 983 rentii
407 950 599 985 electionem
623 951 742 995 prioris
762 951 831 984 eius
853 950 1039 983 monasterii

287 1004 445 1038 celebrari
466 1015 673 1049 nequaquam
688 1004 796 1041 liceat,
813 1004 857 1036 ita
871 1009 908 1037 ut
927 1013 1039 1036 mona-

287 1057 421 1091 sterium
447 1058 648 1101 praedictum
678 1057 784 1101 quoad
809 1058 871 1090 hoc
909 1057 948 1090 dc
981 1067 1040 1090 nu-

287 1121 378 1144 mero
397 1111 570 1145 domorum
591 1122 747 1145 novarum
764 1122 831 1145 esse
847 1116 1037 1150 censeatur3

287 1170 318 1198 et
329 1165 409 1198 haec
427 1166 529 1198 forma
546 1165 699 1208 eligendi,
711 1175 818 1208 neque
835 1165 931 1198 etiam
942 1170 1040 1198 statu-

286 1224 356 1250 tum
377 1218 473 1251 totius
492 1218 621 1252 Ordinis
635 1219 813 1259 immutari,
835 1228 942 1261 neque
961 1218 1040 1251 alte-

286 1271 351 1304 rari
376 1272 611 1316 quoquomodo
630 1272 745 1305 valeat.

330 1326 345 1369 §
373 1325 405 1359 3.
428 1325 529 1359 Porro
549 1326 583 1358 in
603 1326 761 1359 electione
787 1325 905 1369 prioris
925 1325 1039 1359 saltem

90 1376 227 1429 ,³C'ssenqduJJ'*¹³
249 1377 463 1413 fflconsensus
494 1379 627 1413 maioris
657 1380 758 1424 partis
786 1390 901 1413 novem
922 1379 1039 1413 suffra-

286 1433 416 1477 giorum
435 1444 492 1467 seu
516 1444 631 1467 vocum
653 1434 897 1478 praedictarum
925 1444 1038 1467 neces-

287 1487 372 1521 sario
406 1488 617 1532 requiratur3
645 1487 733 1532 quod
763 1488 788 1520 si
822 1487 1038 1521 diffinitorum

287 1552 444 1575 numerus
464 1542 496 1574 in
518 1549 686 1585 posterum
707 1541 898 1584 augebitur,
925 1552 1038 1574 eorum

287 1596 513 1640 unusquisque
534 1596 566 1628 in
591 1595 778 1629 huiusmodi
807 1595 966 1629 electione
982 1606 1038 1629 vo-

288 1653 357 1682 tum
388 1649 517 1690 habeat,
548 1655 579 1683 et
612 1660 741 1694 semper
776 1649 907 1683 maioris
940 1649 1040 1693 partis

288 1713 464 1737 consensus
488 1703 683 1737 attendatur.
708 1703 740 1737 Si
770 1704 806 1745 is,
837 1703 893 1747 qui
922 1703 1041 1747 prioris

290 1767 425 1790 munere
438 1757 469 1789 in
481 1757 566 1790 dicto
578 1757 776 1791 monasterio
790 1758 918 1790 functus
929 1758 1039 1798 suerit,

290 1811 350 1843 sub
369 1811 434 1844 fine
453 1811 500 1843 sui
518 1811 616 1844 efficii
636 1811 669 1844 in
690 1811 904 1844 diffinitorum
924 1822 1040 1844 nume-

290 1875 363 1897 rum
384 1865 510 1897 relatus
525 1865 598 1906 erit,
620 1866 724 1909 possit
753 1865 968 1898 nihilominus
987 1876 1041 1898 vo-

291 1929 361 1951 cem
382 1918 414 1951 in
441 1919 599 1952 electione
624 1919 724 1952 futuri
752 1919 871 1963 prioris
899 1919 1039 1960 habere,

290 1982 356 2005 non
376 1978 483 2005 tamen
503 1983 536 2006 se
561 1973 668 2016 ipsum
688 1973 820 2016 eligere.

335 2027 350 2069 ξ
369 2026 400 2059 li.
423 2027 622 2067 Quinimmo,
644 2027 703 2059 nisi
730 2033 801 2071 post
821 2026 1041 2060 intermissum

107 2082 277 2115 0¹¹⁰‘³³¹¹‘'''⁴,⁰·
291 2080 429 2113 alterum
451 2080 629 2113 triennium
650 2091 667 2113 a
688 2081 740 2114 die
760 2080 841 2113 finiti
866 2080 963 2113 officii
984 2091 1044 2114 nu-

96 2115 176 2132 ceulvns
221 2118 277 2137 'urim'

97 2145 120 2163 aa
136 2144 224 2163 amun.
240 2143 277 2162 m-
293 2134 498 2173 merandum,
521 2133 637 2167 ilerum
660 2133 733 2176 eligi
762 2134 793 2166 in
814 2133 956 2178 priorem
977 2145 1042 2167 non

97 2176 280 2230 ἶζζζζξζζζῇᾛμιξῗ
294 2187 405 2229 possit,
428 2192 653 2230 praeterquam
677 2187 701 2219 si
723 2188 862 2220 duarum
882 2188 994 2220 saltem
1007 2198 1043 2220 ex

99 2240 132 2254 ⁵¹¹*
294 2239 396 2272 tribus
429 2240 574 2283 partibus
604 2240 793 2284 eligentium
823 2247 895 2274 vota
924 2241 1042 2274 iterum

294 2293 444 2325 eumdem
465 2293 633 2336 eligerent3
654 2300 730 2327 tunc
743 2295 829 2327 enirn
845 2294 884 2327 ad
905 2295 1043 2328 alterum

296 2346 485 2386 triennium,
499 2347 587 2380 etsie
606 2348 646 2380 ad
667 2349 856 2381 sexennium
877 2349 910 2381 in
925 2354 1042 2390 totum,

296 2395 431 2427 ulterius
451 2407 525 2428 vero
538 2407 757 2441 nequaquam,
770 2407 803 2441 pi
813 2396 891 2430 ioris
902 2398 1044 2432 osticium

296 2450 484 2475 continuare
505 2445 614 2487 possit.

125 2514 182 2537 Qum,
207 2517 278 2531 Ἣ,
340 2494 354 2531 3¹
376 2495 405 2525 ἴ).
429 2492 482 2524 Ubi
496 2499 603 2525 autem
618 2494 734 2538 aliquis
746 2505 810 2527 non
824 2501 929 2529 tamen
941 2496 1043 2540 prior,

99 2543 131 2562 :ae
165 2546 281 2563 semmae
297 2540 350 2569 sml
373 2544 742 2582 procuratorautfrater
761 2544 836 2577 dicti
859 2546 1044 2579 monasterii

99 2575 141 2594 sint.
156 2576 175 2594 in
193 2575 234 2595 lale
257 2580 281 2595 8-
310 2588 314 2593 ,

100 2606 204 2629 tectione.-

119 196 278 232 οικΛηῖΜ

893 199 1072 225 BULLARIUM
1091 198 1254 238 ROMANUM

298 2588 402 2620 bant-ti
427 2589 587 2624 Laurentii
618 2602 654 2623 cx
676 2602 812 2626 numero
838 2604 964 2635 eorum,
990 2576 1070 2643 quii

1086 250 1320 295 professionem
1345 251 1423 285 inibi
1448 252 1634 295 emiserunt,
1655 262 1712 288 seu
1743 253 1835 299 prior

1085 304 1133 337 vel
1154 309 1347 348 procurator
1366 304 1498 338 alterius
1517 305 1631 339 domus
1647 307 1730 341 inter
1749 306 1835 341 diffi-

1086 357 1207 391 nitores
1232 357 1405 402 deputatus
1421 358 1493 398 erit,
1515 363 1594 392 tunc
1614 358 1647 392 in
1666 359 1736 394 eius
1751 359 1836 394 arbi-
1991 388 2010 406 κ

1086 411 1146 444 trio
1159 416 1190 444 et
1207 411 1309 445 libera
1322 411 1487 444 voluntate
1500 411 1640 456 positum
1656 412 1708 454 sit,
1722 418 1834 447 utrum
1990 411 2007 462 ζ

1086 463 1186 505 malit,
1203 465 1251 498 uti
1271 464 1424 507 suffragio
1445 470 1477 498 et
1501 475 1575 498 cum
1597 465 1712 499 ceteris
1724 472 1834 500 votum
1997 475 2010 510 ρ

1084 529 1179 551 suum
1201 518 1278 551 dare
1299 518 1332 551 in
1350 517 1510 552 electione
1534 518 1654 562 prioris
1678 519 1834 563 praedicti
1990 530 2003 543 ι

1084 572 1284 613 monasterii,
1306 573 1355 606 vel
1375 582 1442 605 non
1461 573 1549 613 dare,
1569 573 1624 606 sed
1636 577 1744 606 tamen
1768 583 1835 607 non
2032 592 2034 600 ν

1083 626 1182 669 possit
1195 637 1228 659 se
1248 625 1354 669 ipsum
1373 626 1504 669 eligere,
1516 631 1547 660 et
1561 626 1707 670 quamvis
1722 626 1835 660 huius·

1084 679 1169 712 modi
1191 690 1330 723 persona
1356 679 1387 713 in
1414 679 1573 713 electione
1593 690 1652 714 suo
1681 679 1834 724 suffragio

1084 743 1147 765 non
1158 738 1281 773 utatur,
1295 733 1509 767 nihilominus
1527 734 1656 768 futurus
1670 734 1762 778 prior
1773 735 1834 767 sal-

1084 793 1146 819 tvm
1164 787 1309 831 quinque
1321 793 1392 821 vota
1413 798 1450 821 ex
1469 793 1542 821 octo
1560 788 1694 832 reliquis
1712 788 1833 821 habere
1986 794 2012 832 ᾗ

1081 840 1207 881 debeat,
1222 841 1400 884 eademque
1413 841 1493 875 ratio
1504 847 1653 876 votorum
1664 841 1831 882 habeatur,
1993 835 2013 874 ἶ

1081 893 1105 926 si
1140 894 1329 937 eligentium
1357 906 1545 937 numerum,
1572 900 1610 929 ut
1633 896 1828 940 praefertur,

1080 947 1191 990 augeri
1213 948 1396 991 contigerit.
1987 982 1991 986 ,

1123 1001 1139 1045 ξ
1159 1001 1190 1035 6.
1212 1001 1371 1041 Quoniam
1383 1013 1458 1036 vero
1483 1003 1599 1036 fratres
1618 1002 1650 1035 in
1663 1003 1751 1036 dicto
1762 1013 1830 1036 mo·
1870 1007 2022 1050 minuas·
2045 1036 2047 1045 s

1081 1055 1220 1089 nasterio
1240 1056 1375 1099 professi
1394 1056 1571 1099 pleniorem
1597 1056 1745 1090 notitiam
1770 1057 1828 1090 ha·
1844 1044 1985 1098 ΞξςῗζξῑΤ“”,,“
1998 1066 2010 1104 '4
2031 1052 2047 1105 ¹*

1079 1109 1156 1142 bent
1178 1109 1325 1143 omnium
1350 1120 1459 1143 rerum
1476 1110 1576 1154 ipsius
1593 1110 1779 1144 monasterii
1798 1116 1830 1144 et
1843 1107 1952 1140 ''²⁰¹¹“u'2
1996 1126 1997 1131 ¹

1079 1174 1192 1196 eorum
1212 1174 1296 1207 quae
1316 1175 1375 1208 pro
1395 1165 1481 1198 bono
1502 1164 1587 1198 illius
1600 1165 1758 1208 regimine
1772 1175 1829 1197 ne-

1080 1217 1217 1251 cessaria
1236 1223 1322 1258 sunt,
1349 1218 1504 1252 maiorem
1530 1219 1628 1252 etiam
1653 1223 1767 1262 gerunt
1788 1219 1847 1251 ad'

1081 1271 1183 1314 ipsum
1203 1272 1436 1304 monasterium
1463 1271 1642 1305 devotionis
1670 1277 1702 1305 et
1720 1272 1828 1305 filialis

1081 1325 1320 1359 benevolentiae
1335 1326 1498 1366 affectum,
1513 1332 1545 1359 et
1556 1326 1658 1369 magis
1671 1327 1828 1370 quodam-

1081 1380 1175 1413 modo
1195 1379 1327 1422 obligati
1339 1385 1370 1412 et
1389 1380 1528 1413 devincti
1549 1385 1622 1413 sunt
1637 1380 1676 1413 ad
1688 1381 1827 1414 referen-

1079 1434 1152 1466 dam
1172 1433 1280 1478 aliqua
1295 1444 1333 1467 ex
1351 1439 1444 1478 parte
1462 1434 1596 1477 gratiam
1618 1439 1649 1468 et
1665 1434 1705 1468 ad
1724 1440 1828 1468 osten-

1079 1488 1220 1522 dendum
1232 1487 1364 1531 aliquod
1375 1487 1456 1530 grati
1467 1488 1565 1520 animi
1584 1488 1739 1521 indicium
1751 1498 1827 1532 erga

1081 1543 1163 1575 idem
1184 1540 1428 1582 monasterium,
1451 1552 1469 1574 a
1483 1552 1548 1584 quo
1568 1547 1690 1575 tantum
1707 1542 1828 1575 benefi-

1080 1596 1167 1629 cium
1187 1600 1393 1640 receperunt,
1420 1606 1519 1638 quam
1545 1595 1599 1627 alii
1620 1595 1675 1638 qui
1702 1595 1733 1627 in
1758 1594 1827 1628 aliis

1081 1648 1227 1682 domibus
1251 1648 1484 1692 professionem
1510 1648 1696 1681 emiserunt.
1719 1648 1773 1681 His
1797 1654 1828 1681 et.

1081 1702 1150 1735 aliis
1164 1702 1256 1735 iustis
1280 1703 1319 1736 de
1339 1702 1444 1735 causis
1460 1712 1519 1746 pro
1538 1707 1684 1745 tempore
1700 1702 1826 1742 suturis,

1083 1756 1169 1800 prior
1188 1756 1266 1789 dicti
1289 1756 1477 1789 monasterii
1494 1756 1620 1789 nonnisi
1638 1767 1673 1789 ex
1691 1766 1827 1789 numero

1083 1812 1226 1850 fratrum,
1247 1810 1302 1853 qui
1333 1810 1367 1843 in
1394 1810 1507 1843 eodem
1533 1810 1641 1843 Sancti
1666 1809 1827 1843 Laurentii

1083 1859 1276 1893 monasterio
1308 1860 1444 1903 professi
1476 1865 1582 1898 erunt,
1623 1859 1698 1902 eligi
1730 1859 1830 1902 possit

1081 1916 1136 1943 aut
1161 1909 1286 1949 debeat,
1309 1909 1365 1952 qui
1383 1908 1477 1942 etiam
1498 1908 1537 1941 de
1562 1907 1727 1951 religionis
1746 1908 1826 1948 zelo,

1083 1960 1261 1992 litterarum
1273 1959 1418 1999 scientia,
1437 1958 1499 1991 vita
1519 1958 1694 2002 exemplari
1716 1964 1747 1991 et
1763 1969 1830 1992 mo-

1084 2020 1154 2042 rum
1175 2009 1340 2042 honestate
1361 2008 1398 2041 sit
1421 2007 1557 2040 maxime
1571 2007 1828 2048 commendatus,

1082 2068 1156 2091 eum
1177 2063 1207 2091 et
1228 2056 1460 2090 monasterium
1481 2056 1587 2099 ipsum
1607 2056 1686 2089 adeo
1708 2056 1831 2099 insigne

1083 2113 1114 2139 et
1133 2106 1325 2150 primarium
1344 2105 1467 2146 existat,
1480 2115 1517 2138 ac
1529 2105 1658 2149 praeter
1669 2116 1720 2138 res
1731 2105 1832 2150 ipsius

1085 2156 1283 2195 monasterii,
1314 2155 1408 2188 etiam
1435 2154 1608 2197 collegium
1633 2154 1719 2187 iuxta
1751 2155 1832 2188 illud

1085 2205 1263 2238 institutum
1289 2205 1328 2238 ab
1353 2205 1465 2237 eodem
1491 2204 1600 2247 priore
1619 2204 1829 2247 gubernetur.

1128 2255 1142 2295 ξ
1168 2254 1197 2287 7.
1226 2254 1257 2287 Si
1278 2254 1350 2298 quis
1375 2264 1411 2286 ex
1438 2252 1602 2296 prioribus
1627 2252 1765 2286 alicuius
1784 2254 1849 2299 al-·
1881 2263 1980 2286 priorali
2020 2293 2025 2298 Δ

1085 2303 1184 2335 terius
1204 2303 1364 2336 demusin
1385 2302 1524 2346 priorem
1546 2302 1699 2345 praedicti
1722 2295 2009 2348 τηοητι-’,ζζήῖθῗῗζω

1084 2352 1173 2385 sterii
1198 2352 1347 2395 eligetur,
1370 2352 1439 2385 eius
1462 2352 1589 2392 domus,
1612 2351 1665 2384 cui
1686 2352 1828 2395 przeerit,
1844 2358 1945 2393 regimpn,
1974 2343 2026 2389 ¹52¹*

1086 2402 1229 2444 regimen
1258 2402 1325 2435 sine
1353 2402 1418 2434 ulla
1447 2412 1538 2435 mora
1564 2406 1619 2434 aut
1642 2401 1832 2445 exceptione
1845 2389 1994 2414 '¹⁰⁵⁶'n''¹¹⁸¹“

1086 2451 1259 2491 dimittere,
1274 2457 1304 2483 et
1315 2449 1421 2483 statim
1435 2449 1512 2483 dicti
1530 2449 1715 2483 monasterii
1725 2449 1832 2484 Sancti

1087 2499 1249 2532 Laurentii
1270 2509 1380 2532 curam
1415 2504 1446 2531 et
1470 2498 1612 2532 officium
1637 2498 1753 2542 prioris
1777 2509 1832 2532 ac-

1088 2554 1215 2592 ceptare
1235 2554 1267 2581 et
1286 2558 1436 2581 exercere
1461 2553 1620 2587 teneatur,
1642 2547 1701 2581 nisi
1727 2548 1832 2580 forsan

1090 2595 1186 2629 totius
1203 2595 1342 2645 ‚Qffinis
1365 2596 1525 2640 generalis
1551 2595 1641 2640 prior
1673 2594 1830 2628 existeret.
