2059 3228
136 212 176 240 Λη
203 212 233 241 Γ..
252 213 317 241 1585

149 1394 260 1416 Clausulas
271 1399 321 1416 eon-

135 1429 249 1448 navorum
259 1427 319 1448 dero-

137 1462 241 1485 getanae.

375 205 439 239 ΘΜ

331 274 396 301 etos
419 266 462 299 sic
482 270 605 304 auctos,
635 263 661 296 si
686 268 717 297 et
739 269 909 308 postquam
936 274 993 307 per
1016 274 1074 296 nos

330 326 381 353 aut
412 330 470 363 pro
507 325 653 361 tempore
682 317 869 351 existentem
893 317 1072 351 Romanum

329 372 516 406 Pontificem
547 371 587 403 ad
616 370 648 403 id
677 371 821 414 deputati
863 371 1004 409 suerint,
1036 369 1074 402 ad

329 426 471 470 quinque
488 424 594 457 officia
618 424 814 466 huiusmodi,
834 424 873 457 ad
887 425 987 457 instar
998 424 1076 457 alio-

329 490 399 512 inm
426 483 548 522 septem
568 477 791 518 notariorum,
822 478 943 521 absque
967 477 1074 519 aliqua

329 542 462 576 Irorsus
490 531 674 564 differentia
687 558 694 572 ,
727 541 904 575 eorumque
936 531 1074 564 liberum

330 585 528 626 exercitium,
555 594 682 618 necnon
701 584 852 625 honores,
870 594 981 623 onera,
994 584 1075 616 sala-

330 639 376 671 ria
396 644 427 671 et
446 639 675 678 emolumenta,
695 637 782 671 iuxta
803 638 1021 681 praesentium
1034 642 1076 669 te-

329 702 441 725 norem
462 697 493 725 et
512 691 756 732 continentiam,
770 690 904 730 admitti,
919 690 1027 734 eisque
1038 689 1076 722 de

331 744 556 779 emolumentis
565 745 869 789 praedic-tisintegre
878 743 1076 788 responderi,

330 809 365 832 at·
386 799 515 832 easdem
535 804 720 844 praesentes
730 798 853 831 litteras
864 799 902 830 ab
916 797 1076 837 omnibus,

330 853 367 885 ad
394 863 475 897 quos
495 858 618 898 spectat
637 858 669 886 et
687 852 844 896 spectabit
864 852 896 884 in
917 851 1074 891 futurum,

330 906 559 940 inviolabiliter
583 906 754 940 observari.
787 906 856 938 Non
887 904 1078 949 permittens

332 960 503 1003 collegium
524 965 555 994 et
587 959 760 994 duodecim
780 959 922 992 notarios
948 958 1077 1002 praedi-

331 1025 337 1044 «
352 1019 398 1046 'os
414 1024 471 1047 seu
492 1024 606 1047 eorum
626 1013 767 1057 aliquem
784 1024 801 1045 a
813 1022 976 1055 quoquam
989 1011 1079 1044 desu-

331 1078 388 1111 per
407 1066 580 1100 molestari.
603 1065 861 1100 Contradictores
878 1064 1036 1108 quoslibet
1050 1068 1080 1097 et

330 1120 468 1154 rebelles
487 1131 545 1164 per
562 1130 715 1153 censuras
735 1124 766 1152 et
786 1118 876 1158 alias,
899 1118 937 1150 de
962 1117 1080 1161 quibus

332 1173 360 1206 ei
382 1173 551 1214 videbitur,
570 1183 692 1217 poenas
708 1171 958 1215 compescendo,
989 1170 1079 1203 adhi-

330 1227 397 1260 bito
419 1227 513 1260 etiam
529 1226 569 1259 ad
589 1226 663 1267 hoc,
686 1225 711 1259 si
732 1235 814 1269 opus
831 1224 938 1265 fuerit,
962 1223 1080 1256 auxilio

330 1279 457 1314 brachii
477 1279 662 1313 saecularis.

376 1334 390 1377 ἓ
415 1333 446 1367 8.
474 1334 544 1367 Non
569 1332 769 1367 obstantibus
798 1330 1082 1365 constitutionibus

333 1393 364 1421 et
383 1387 643 1421 ordinationibus
666 1386 863 1430 apostolicis;
892 1396 929 1418 ac
954 1390 1082 1417 nostrae

335 1441 553 1475 Cancellariae
573 1441 685 1483 regula
704 1441 743 1474 de
764 1450 829 1473 non
849 1439 992 1472 tollendo
1013 1438 1083 1471 iure

334 1494 480 1539 quaesito
494 1506 502 1535 ;
515 1504 642 1527 necnon
652 1493 803 1527 Gamerae
816 1498 846 1526 et
855 1492 982 1535 collegii
994 1503 1085 1535 prae-

336 1548 511 1588 dictorum,
534 1547 730 1588 iuramento,
748 1546 994 1580 confirmatione
1011 1556 1086 1589 apo·

337 1601 462 1642 stolica,
492 1601 542 1634 vel
571 1601 682 1645 quavis
703 1600 854 1633 firmitate
873 1600 933 1632 alia
954 1599 1087 1632 robora-

337 1656 389 1696 tis,
401 1655 527 1689 statutis
534 1659 565 1687 et
576 1653 876 1693 consuetudinibus3
889 1663 1015 1686 necnon
1023 1652 1087 1696 pri-

338 1708 474 1752 x‘ilegiis,
497 1708 632 1741 indultis
651 1713 682 1740 et
697 1707 810 1740 litteris
825 1706 1019 1750 apostolicis,
1033 1705 1088 1739 Ca-

339 1772 466 1803 merae,
506 1761 643 1804 collegio
673 1766 702 1793 et
735 1759 869 1793 notariis
902 1759 1086 1803 praedictis,

341 1815 400 1848 sub
433 1815 695 1858 quibuscumque
722 1813 888 1846 tenoribus
909 1818 939 1846 et
964 1812 1087 1853 formis,

341 1868 586 1912 quomodolibet
605 1867 778 1901 concessis.
793 1866 915 1906 Quibus
926 1867 1088 1906 omnibus,

343 1922 441 1955 etiam
462 1922 500 1963 si,
524 1932 581 1965 pro
607 1921 738 1954 illorum
758 1920 929 1953 sufficienti
960 1920 1093 1961 deroga-

343 1975 444 2016 tione,
466 1975 506 2008 de
534 1974 598 2007 illis
623 1984 800 2017 eorumque
825 1973 900 2005 totis
929 1973 1094 2005 tenoribus

344 2028 503 2072 specialis,
525 2028 687 2072 specifica,
711 2037 860 2071 expressa
880 2032 910 2059 et
931 2026 1094 2059 individua

346 2092 382 2114 ac
403 2082 441 2114 de
466 2081 564 2115 verbo
584 2082 623 2114 ad
647 2081 792 2119 verbum,
816 2090 879 2112 non
905 2085 1011 2113 autem
1038 2091 1096 2123 per

348 2133 1098 2178 clausulasgeneralesidemimportantes‚men-

348 2187 394 2220 tio
424 2199 479 2221 seu
508 2188 639 2231 quaevis
669 2188 730 2220 alia
757 2186 918 2230 expressio
939 2186 1096 2226 habenda,

352 2241 525 2284 autaliqua
545 2241 607 2274 alia
627 2240 783 2285 exquisita
794 2240 896 2273 forma
907 2239 945 2272 ad
960 2240 1020 2273 lioc
1033 2251 1098 2273 ser-

352 2294 455 2326 vanda
474 2294 567 2334 foret,
595 2300 724 2327 tenores
743 2293 932 2326 huiusmodi
954 2304 1101 2336 praesen-

356 2346 441 2378 tibus
453 2357 511 2390 pro
524 2347 723 2380 sufficienter
741 2347 898 2390 expressis
911 2352 942 2379 et
961 2347 1102 2379 totaliter

357 2394 482 2427 insertis
502 2396 669 2435 habentes,
684 2395 746 2428 illis
765 2396 844 2428 alias
861 2396 890 2427 in
910 2405 968 2428 suo
985 2395 1101 2428 robore

358 2444 590 2486 permansuris,
613 2444 673 2477 bac
692 2444 759 2477 vice
780 2444 956 2485 dumtaxat,
979 2444 1102 2487 specia-

361 2492 433 2524 liter
465 2498 496 2525 et
517 2503 665 2537 expresse
695 2493 902 2536 derogamus,
923 2493 1105 2537 ceterisque

362 2541 528 2574 contrariis
547 2542 820 2587 quibuscumque.

407 2588 490 2622 Nulli
511 2600 586 2633 ergo
606 2594 663 2624 etc.

918 209 1096 235 mmmmm!
1119 207 1271 234 ROMANUM

1159 262 1272 295 Datum
1293 261 1412 295 Romae
1438 262 1522 302 apud
1552 262 1584 296 S.
1609 263 1752 303 Petrum,
1775 273 1860 296 anno

1116 315 1350 348 incarnationis
1370 315 1550 348 dominicae
1575 317 1744 350 millesimo
1764 317 1859 360 quin-

1115 368 1293 411 gentesimo
1321 368 1539 411 octuagesimo
1564 369 1688 412 quinto,
1719 369 1860 402 decimo-

1116 427 1203 454 sexto
1223 422 1375 455 kalendas
1386 421 1577 463 decembris,
1592 422 1795 465 pontificatus
1806 433 1863 456 no-

1116 475 1171 508 stri
1192 486 1277 508 anno
1298 486 1318 508 ι.

1182 532 1243 562 Dat.
1262 533 1307 562 die
1325 533 1361 563 16
1377 541 1444 563 nov.
1461 533 1547 567 1585,
1566 533 1671 572 pontif.
1691 542 1766 564 anno
1782 528 1803 566 i.

1146 630 1332 674 Sequuntur
1361 631 1536 675 privileqia
1561 641 1621 674 pro
1640 631 1835 678 supradictis

1213 688 1331 728 septem
1353 685 1493 718 notariis
1512 685 1766 729 antiquioribus.

1184 765 1280 793 Sixtus
1299 765 1453 800 episcopus.
1473 772 1570 794 servus
1588 772 1727 794 servornm
1744 764 1800 799 Dei.

1259 819 1293 846 ad
1311 819 1476 854 perpetuam
1498 819 1540 846 rei
1559 819 1729 847 memoriam.

1162 884 1346 917 Laudabilis
1366 884 1457 918 Sedis
1472 884 1672 928 Apostolicae
1693 885 1865 927 rectitudo,

1119 949 1201 982 qnae
1226 938 1259 970 in
1279 938 1345 971 suis
1369 938 1494 971 actibus
1511 939 1645 982 provida
1669 939 1867 984 circumspe-

1120 991 1227 1024 ctione
1247 991 1406 1034 dirigitur,
1431 1002 1496 1024 non
1516 992 1678 1025 immerito
1698 1002 1753 1025 eos
1767 993 1868 1035 gratia

1121 1049 1151 1077 et
1172 1045 1277 1077 favore
1298 1045 1518 1088 prosequitur,
1534 1055 1615 1088 quos
1635 1045 1693 1078 sibi
1714 1056 1869 1089 operosae

1121 1108 1233 1131 eorum
1255 1097 1438 1140 diligentiae
1463 1098 1603 1131 studium
1629 1099 1783 1132 continuo
1807 1099 1869 1132 im-

1122 1151 1263 1194 pendere
1287 1151 1463 1194 cognoscin
1489 1162 1526 1185 ac
1551 1163 1587 1185 ea
1617 1163 1700 1195 quae
1729 1151 1793 1186 illis
1812 1163 1869 1197 per

1122 1205 1320 1248 praedictam
1359 1205 1474 1238 Sedem
1509 1216 1661 1239 concessa
1697 1206 1794 1239 fnisse
1823 1207 1870 1240 di-

1123 1263 1253 1298 cuntur,
1275 1263 1311 1290 ut
1334 1258 1477 1291 firmiora
1497 1258 1679 1302 persistant,
1707 1259 1871 1292 Romanus

1123 1311 1266 1343 Pontifex
1291 1311 1323 1343 in
1352 1311 1464 1344 eadem
1498 1311 1578 1345 Sede
1617 1312 1811 1346 constitutus
1830 1307 1870 1345 li-'

1124 1365 1238 1397 benter
1270 1365 1428 1408 approbat
1456 1370 1487 1398 et
1521 1364 1700 1406 confirmat,
1730 1365 1872 1410 aliasque

1125 1418 1265 1462 desuper
1283 1418 1435 1461 disponit,
1458 1423 1553 1461 prout
1574 1419 1732 1463 conspicit
1756 1419 1790 1452 in
1808 1419 1871 1453 Do-

1126 1472 1213 1504 mino
1233 1470 1404 1504 salubriter
1421 1471 1584 1514 expedire.

1170 1524 1184 1567 ξ
1204 1524 1235 1556 ’1.
1259 1523 1341 1557 Sane
1361 1535 1447 1564 cum,
1463 1524 1753 1569 sicutaccepimus,
1777 1525 1875 1559 colle·
1908 1539 1966 1562 cauo

1888 1571 1974 1601 nomin·
1993 1567 1998 1571 ¹

1127 1577 1215 1619 gium
1232 1583 1354 1622 septem
1372 1577 1571 1610 notariorum
1592 1578 1631 1611 de
1650 1589 1787 1612 numero
1803 1590 1876 1624 par-

1129 1683 1174 1716 cis
1201 1684 1434 1717 recordationis
1443 1684 1639 1718 Clementem
1654 1685 1678 1726 1,
1698 1686 1876 1720 Antherum

1130 1736 1225 1769 etiam
1250 1737 1262 1770 1
1288 1743 1318 1770 et
1342 1737 1458 1770 Iulium
1491 1738 1638 1771 similiter
1666 1738 1690 1779 l,
1716 1738 1878 1772 Romanos

1130 1790 1304 1823 Pontifices
1342 1791 1608 1834 praedecessores
1651 1797 1799 1834 nostros,
1839 1793 1879 1826 ad

1133 1849 1306 1887 martyrum
1328 1850 1416 1887 gesta
1435 1850 1466 1877 et
1496 1855 1722 1889 quaecumque
1746 1846 1785 1879 ad
1815 1846 1879 1880 Ro-

1133 1907 1261 1930 manam
1301 1897 1477 1931 Ecclesiam
1506 1898 1705 1942 pertinerent
1742 1899 1881 1934 fideliter

1134 1950 1345 1983 describenda
1365 1956 1396 1984 et
1415 1951 1574 1995 descripta
1595 1952 1799 1986 recondenda
1830 1963 1882 1987 01·-

1135 2004 1279 2036 dinatum
1296 2010 1326 2036 et
1346 2004 1526 2037 institutum
1544 2005 1652 2046 suerit,
1674 2005 1828 2050 ipsisque,
1849 2007 1882 2040 in

1137 2063 1258 2101 septem
1297 2057 1390 2090 Urbis
1414 2057 1600 2100 regionibus
1629 2058 1748 2099 divisis,
1781 2065 1844 2092 tarn
1865 2070 1881 2092 a

1138 2110 1310 2153 praedictis
1329 2121 1425 2154 quam
1453 2111 1524 2143 aliis
1543 2111 1696 2144 Romanis
1719 2112 1884 2146 Pontifici-

1139 2166 1210 2205 bus,
1233 2165 1328 2197 etiam
1364 2165 1665 2208 praedecessoribus
1699 2166 1828 2207 nostris,
1849 2171 1886 2200 ut:

1140 2218 1292 2259 creditur,
1302 2218 1540 2262 quamplurima
1551 2219 1884 2262 privilegia,honores,

1141 2271 1273 2314 gratiae,
1303 2272 1563 2315 praeeminentiae
1589 2279 1618 2306 et
1648 2273 1887 2316 praerogativae

1143 2335 1294 2358 concessa
1318 2325 1449 2365 suerint,
1475 2325 1598 2369 ipsique
1623 2325 1739 2359 notarii
1771 2326 1888 2360 abinde

1144 2378 1224 2410 citra
1243 2378 1393 2411 omnibus
1409 2378 1560 2412 Romanis
1572 2378 1779 2412 Pontificibus
1798 2389 1890 2423 prae-

1146 2431 1229 2472 fatis,
1259 2437 1322 2464 tam
1352 2432 1385 2464 in
1418 2442 1530 2465 eorum
1560 2432 1705 2476 cappella
1725 2442 1820 2476 quam
1855 2431 1890 2464 in
1921 2464 1925 2467 ,

1147 2484 1216 2517 aliis
1238 2484 1373 2528 publicis
1392 2484 1483 2525 locis,
1514 2485 1567 2517 ubi
1600 2485 1696 2518 iidem
1720 2484 1890 2518 Pontifices

1149 2538 1364 2576 interfuerint,
1395 2539 1440 2572 uti
1475 2539 1606 2571 illorum
1633 2537 1763 2582 praelati
1781 2537 1892 2572 dome-

1149 2591 1230 2634 stici,
1244 2592 1458 2633 inservierint,
1474 2596 1505 2625 et
1519 2591 1558 2625 ad
1569 2591 1707 2625 diversas
1717 2590 1892 2635 legationes

1872 206 1925 235 An:
1937 183 2011 245 0223ss
2022 196 2037 266 l

1889 1532 2043 1633 „332

1129 1630 1333 1674 [icipantium
1355 1637 1628 1674 nuncupatorum,
1649 1631 1725 1665 olim
1738 1643 1796 1676 per
1805 1632 1874 1666 reli-
1890 1636 1943 1688 32⁵
1976 1628 2026 1683 {a
2042 1640 2043 1646 ¹

1979 2352 2003 2518 1⁷<J=>÷bn<⁶a
1984 2287 2002 2335 s:-
1995 2251 1998 2256 -
1987 2208 1999 2229 -·
