2059 3228
159 232 208 258 An.
230 232 258 256 C.
287 231 352 258 1519

193 728 339 748 Exerutorum

155 755 277 780 deputatio*

219 1780 335 1804 Dei-agano

149 1809 319 1830 couti-ariorum.

410 237 473 271 ⁶290
955 238 1132 265 numanum
1151 239 1300 264 ROMANUM

366 296 524 343 publicari
558 301 588 328 et
620 296 664 328 eis
695 293 834 328 intimari
867 292 994 333 fecerit,
1015 292 1104 324 nullo
1144 292 1190 324 vel
1205 291 1474 324 excommunicari
1487 300 1550 324 non
1564 291 1752 335 possintper
1766 291 1885 326 litteras

366 351 428 384 alio
448 361 464 382 a
484 349 576 382 nobis
594 347 733 390 desuper
752 351 914 390 expectato
935 345 1102 385 mandato,
1144 343 1334 387 apostolicas
1358 353 1423 376 non
1449 343 1599 377 facientes
1628 344 1755 387 plenam
1781 350 1811 377 et
1830 356 1883 378 ex-

365 403 541 441 dimittant;
563 401 618 444 qui
637 410 712 433 vero
733 399 764 432 id
784 400 889 433 facere
909 398 1106 441 neglexerint
1145 408 1286 440 pressam
1308 408 1344 430 ac
1363 398 1402 431 de
1428 397 1523 431 verbo
1548 398 1587 431 ad
1616 398 1747 431 verbum
1767 398 1806 432 de
1835 398 1884 431 in-

365 466 420 487 seu
442 453 677 493 recusaverint,
700 451 1039 486 excommunicationis
1058 451 1103 483 la-

364 518 459 550 queo,
482 518 500 540 a
519 517 583 550 quo
603 506 729 540 nonnisi
749 506 787 538 ab
807 505 987 549 Apostolica
1011 504 1103 542 Sede,

363 565 588 603 praeterquam
617 560 650 592 in
676 559 786 593 mortis
814 558 966 598 articulo,
988 557 1105 590 absolvi

363 613 496 657 possint,
519 613 712 646 innodamus
731 623 771 645 eo
791 612 871 656 ipso.

407 667 423 709 ξ
446 666 477 699 3.
504 665 662 706 Quocirca
690 665 925 699 venerabilibus
955 663 1106 696 fratribus

361 719 511 763 episcopo
539 719 739 752 Amerinensi
766 729 802 751 ac
827 716 998 751 ordinariis
1017 717 1105 749 loco-

362 783 447 813 rum,
470 772 525 805 ubi
552 772 686 815 collegia
718 772 821 804 dietae
852 768 1106 813 congregationis

361 825 517 866 existunt,
545 832 576 859 et
607 835 720 858 eorum
753 824 887 857 cuilibet
917 822 1106 855 mandamus

360 883 519 922 quatenus
538 878 598 922 ipsi
631 884 660 912 et
679 878 827 921 quilibet,
841 886 972 916 eorum,
992 886 1051 919 per
1074 886 1106 908 se

358 932 406 965 vel
426 931 525 964 alium
545 942 602 965 seu
621 932 711 972 alios,
734 935 917 974 praesentes
936 929 1057 962 litteras
1077 935 1106 962 ct

358 985 391 1018 in
403 985 448 1018 eis
459 990 607 1018 contenta
619 994 854 1028 quaecumque,
865 983 919 1016 ubi
931 988 962 1015 et
977 983 1105 1026 quando

356 1049 437 1083 opus
456 1039 563 1079 suerit,
586 1049 622 1072 ac
642 1038 769 1081 quoties
795 1047 852 1081 pro
881 1042 971 1080 parte
1000 1011 1127 1084 recto-i

355 1102 429 1125 rum
449 1102 505 1125 seu
523 1091 754 1124 canonicorum
777 1089 966 1123 huiusmodi
986 1089 1105 1122 fuerint
1124 1087 1126 1112 ἓ

355 1145 519 1188 requisiti,
541 1145 581 1177 ab
601 1144 752 1177 omnibus
785 1148 816 1176 et
848 1142 998 1184 singulis,
1024 1152 1105 1186 quos
1124 1136 1126 1175 ἶ

355 1198 428 1231 illae
445 1202 645 1231 concernunt
656 1203 687 1230 et
699 1201 894 1230 concernent
906 1196 936 1228 in
948 1196 1103 1235 futurum,

354 1252 491 1285 firmiter
498 1251 658 1285 observari
671 1251 799 1290 faciant,
810 1260 874 1283 non
886 1249 1104 1294 permittentes

354 1316 409 1339 eos
419 1305 558 1348 desuper
566 1315 583 1337 a
591 1314 755 1347 quoquam
765 1301 1103 1346 quomodolibetinde-

353 1359 418 1392 bite
443 1357 618 1391 molestari.
654 1356 913 1390 Contradietores
943 1355 1123 1401 quoslibet¹

353 1417 385 1446 et
394 1412 531 1445 rebelles
542 1416 573 1444 et
585 1410 769 1455 praemissis
786 1421 850 1443 non
867 1415 1028 1454 parentes,
1045 1420 1104 1453 per
1121 1406 1123 1429 ¹¹

353 1465 537 1503 sententias,
560 1474 713 1498 censuras
738 1469 768 1497 et
801 1473 921 1507 poenas
950 1463 1102 1496 ecclesia-

353 1519 448 1552 sticas
467 1517 594 1561 aliaque
615 1522 799 1561 opportuna
816 1516 895 1549 iuris
913 1521 944 1549 et
963 1516 1037 1549 sacti
1054 1526 1102 1548 re·
1120 1511 1122 1565 ἶ

353 1571 470 1611 medie,
496 1570 711 1615 appellatione
745 1569 933 1614 postposita,
969 1568 1122 1613 compe-¹

353 1624 484 1664 scendo,
516 1623 661 1656 invocato
689 1623 783 1656 etiam
804 1623 842 1655 ad
871 1623 953 1662 hoc,
976 1623 1001 1655 si
1022 1633 1103 1666 opus
1121 1615 1123 1633 ²

352 1677 461 1717 suerit,
483 1676 600 1709 auxilio
620 1676 744 1708 brachii
766 1675 953 1708 saecularis.
1120 1676 1122 1720 ξ

398 1731 413 1774 ξ
437 1730 468 1762 4.
495 1730 564 1763 Non
588 1729 791 1764 obstantibus
821 1729 924 1762 felicis
949 1727 1121 1762 recorda?

353 1784 449 1818 tionis
468 1782 622 1816 Bonifacii
649 1783 753 1826 Papae
772 1783 853 1823 VIII,
878 1782 1103 1825 praedecesso·
1120 1777 1122 1798 ¹·

355 1837 399 1870 ris
419 1836 531 1877 nostri,
551 1837 589 1869 de
609 1846 684 1876 una,
703 1841 733 1869 et
749 1835 877 1868 concilii
896 1836 1053 1879 generalis
1064 1837 1102 1869 de
1120 1832 1122 1840 ‘

357 1890 483 1925 duabus
518 1890 651 1931 diaetis,
687 1890 863 1922 dummodo
894 1890 966 1933 quis
995 1890 1102 1933 vigore

357 1944 574 1988 praesentium
586 1943 624 1976 ad
639 1942 795 1975 iudicium
811 1942 895 1974 ultra
906 1948 968 1976 tres
984 1942 1103 1976 diaetas

357 2008 421 2030 non
441 1997 598 2035 trahatur,
620 1995 753 2038 aliisque
774 1995 1054 2029 constitutionibus
1074 2001 1104 2030 et
1122 2029 1123 2033 ,

357 2049 614 2083 ordinationibus
645 2048 839 2093 apostolicis,
861 2059 897 2081 ac
930 2054 1123 2082 eonsuetu-¹

358 2102 501 2144 dinibus,
524 2102 618 2135 etiam
639 2101 961 2142 immemorabilibus;
979 2101 1105 2145 privile·
1122 2100 1124 2125 l

358 2156 418 2199 giis
438 2167 580 2200 quoque,
598 2155 731 2188 indultis
742 2161 773 2188 et
791 2155 905 2188 litteris
920 2154 1105 2198 apostolicis
1122 2168 1124 2172 ⁴
1156 2183 1162 2188 .

358 2209 391 2242 in
420 2208 616 2242 contrarium
652 2207 893 2251 quomodolibet
922 2207 1124 2248 concessis,t

360 2262 544 2306 approbatis
563 2268 593 2295 et
613 2261 786 2300 innovatis;
807 2260 923 2305 quibus
942 2259 1103 2300 omnibus,
1122 2257 1125 2289 ἶ

360 2325 472 2347 eorum
494 2320 622 2347 tenores
642 2313 862 2357 praesentibus
875 2323 934 2357 pro
950 2313 1106 2356 expressis
1123 2319 1126 2370 1Ι

362 2367 526 2408 babentes,
549 2367 612 2400 illis
631 2367 708 2416 alias
729 2367 760 2399 in
792 2377 849 2399 suo
883 2366 999 2400 robore
1032 2371 1126 2409 per-¹

363 2421 535 2462 mansuris,
557 2421 616 2453 liae
636 2420 702 2453 viee
729 2420 906 2459 dumtaxat,
926 2418 1107 2462 specialiter

364 2474 395 2500 et
421 2479 566 2512 expresse
593 2470 805 2511 derogamus.
835 2468 1009 2511 ceterisque
1030 2477 1106 2500 con-

364 2517 469 2549 trariis
497 2517 765 2560 quibuseuintpie.
798 2519 858 2549 Aut
886 2517 910 2549 si
931 2516 1104 2559 aliquibus,

367 2567 580 2599 communiter
595 2568 641 2599 vel
663 2566 854 2605 divisim,ab
871 2565 1054 2608 A105·01ica
1069 2566 1108 2597 sit
1147 2557 1269 2603 pulcri,
1301 2561 1511 2601 procuratore
1546 2556 1576 2586 in
1608 2553 1749 2585 Romana
1778 2549 1885 2590 Curia,

366 2613 446 2648 Sede
466 2614 622 2646 indultum
644 2615 729 2658 quod
763 2614 921 2655 interdICi,
956 2613 1107 2659 suspendi

1123 2394 1126 2431 Ι
1144 2397 1326 2442 provinciae
1346 2395 1585 2434 Romandiolae‚
1608 2398 1643 2426 ut
1662 2403 1726 2426 una
1746 2401 1819 2425 eum
1840 2390 1887 2423 di-

1144 451 1232 483 dulto
1253 450 1437 484 huiusmodi
1456 451 1664 484 mentionem.

1188 504 1202 546 g
1226 504 1257 536 5.
1280 504 1441 545 Ceterum,
1462 505 1537 548 quia
1553 505 1682 538 difficile
1695 506 1777 538 foret
1796 517 1885 549 prae-

1145 562 1248 593 sentes
1268 557 1387 590 litteras
1418 557 1456 590 ad
1489 558 1613 601 singula
1645 569 1793 604 quaeque
1813 559 1883 593 loca

1144 609 1270 650 deferri,
1291 611 1438 644 volumus
1463 616 1494 644 et
1519 611 1603 645 dieta
1621 613 1808 646 auctoritate
1828 613 1882 646 de-

1144 664 1305 697 cernimus
1324 664 1410 708 quod
1439 669 1639 709 transumpto
1666 668 1883 709 praesentium

1144 717 1335 757 litterarum,
1362 717 1464 759 sigillo
1495 717 1570 751 dieti
1597 721 1730 752 rectoris
1762 721 1885 755 munito

1144 775 1174 803 et
1191 781 1286 803 manu
1300 771 1415 803 notarii
1433 771 1552 814 publici
1565 771 1755 816 subscripto,
1773 775 1883 808 eadem

1144 823 1222 855 fides
1234 828 1297 856 tam
1315 823 1346 856 in
1360 823 1479 857 iudicio
1495 835 1591 867 quam
1608 831 1695 858 extra
1705 826 1785 859 illud
1797 827 1886 860 adhi-

1144 876 1257 908 beatur
1269 903 1276 917 ,
1312 888 1393 919 quae
1424 876 1500 920 ipsis
1532 877 1741 920 originalibus
1770 880 1885 914 litteris

1143 929 1363 971 adhiberetur,
1385 930 1410 963 si
1430 930 1534 963 forent
1547 931 1703 965 exhibitae
1717 933 1766 965 vel
1781 938 1885 967 osten-

1144 993 1208 1016 sae.
1995 1016 1997 1022 .

1186 1037 1298 1069 Datum
1320 1038 1437 1070 Romae
1463 1037 1548 1080 apud
1568 1037 1720 1071 Sanctum
1744 1039 1884 1078 Petrum,
1988 1031 1999 1078 ζ

1143 1090 1201 1122 sub
1219 1092 1337 1123 annulo
1351 1090 1532 1132 piscatoris,
1550 1091 1600 1124 die
1612 1091 1802 1125 duodecima
1815 1092 1885 1126 iulii
1985 1085 2001 1129 if

1142 1153 1290 1179 Manmx.
1312 1144 1516 1187 pontificatus
1535 1144 1635 1177 nostri
1655 1155 1740 1178 anno
1759 1155 1825 1178 vm.
1995 1135 1997 1137 ¹

1181 1200 1244 1232 Dat.
1265 1202 1312 1231 die
1329 1202 1365 1232 12
1383 1202 1450 1232 iulii
1468 1202 1554 1240 1579,
1571 1202 1673 1241 pontif.
1690 1212 1766 1233 anno
1781 1211 1844 1233 vm.

1894 547 1942 561 Eum

1473 1368 1545 1402 CIV.

1141 1445 1353 1488 Confirmatio
1365 1445 1632 1478 constitutionum
1645 1444 1787 1486 fratrum
1801 1446 1884 1479 Bea-

1185 1503 1234 1532 tae
1252 1499 1377 1531 Mur-iae
1396 1498 1567 1531 Servorum
1584 1508 1642 1540 per
1661 1499 1840 1540 yeneralem
1853 1502 1882 1531 el

1183 1552 1264 1584 alios
1282 1552 1447 1596 deputatos
1467 1556 1681 1584 correctarum
1711 1555 1741 1584 et
1764 1552 1882 1594 compi-

1182 1605 1336 1645 latarum,
1350 1610 1380 1638 et
1396 1615 1454 1648 per
1465 1604 1663 1638 cardinalem
1672 1600 1882 1648 protectorem

1183 1670 1215 1692 re
1221 1660 1361 1692 visarum
1373 1658 1399 1691 1.

1139 1740 1283 1775 Gregorius
1291 1740 1359 1775 Papa
1372 1739 1440 1772 xlii,
1449 1740 1483 1767 ad
1491 1740 1654 1774 perpetuam
1662 1738 1703 1767 rei
1712 1737 1880 1767 memoriam.

1183 1812 1198 1854 g
1217 1811 1248 1844 ’1.
1271 1810 1363 1852 Cum,
1381 1810 1463 1844 sicut
1482 1809 1677 1853 accepimus,
1700 1809 1808 1842 dilecti
1823 1808 1878 1841 filii
1923 1811 1969 1836 axo,

1139 1866 1252 1898 fratres
1280 1863 1406 1897 Ordinis
1433 1863 1603 1897 Servorum
1630 1862 1743 1895 Beatae
1767 1861 1881 1895 Mariae

1139 1928 1266 1962 semper
1284 1917 1431 1960 Virginis,
1453 1917 1512 1949 sub
1531 1915 1652 1959 Regula
1669 1914 1700 1948 S.
1714 1915 1881 1958 Augustini

1139 1971 1290 2010 viventes,
1305 1970 1338 2002 in
1349 1969 1488 2013 capitulo
1503 1967 1656 2012 generali,
1677 1978 1782 2010 nuper
1798 1978 1884 2000 men-

1140 2023 1228 2056 sibus
1247 2023 1426 2067 praeteritis
1445 2022 1484 2055 ab
1500 2022 1545 2055 eis
1560 2022 1693 2054 Parmae
1709 2021 1882 2060 celebrato,

1141 2077 1236 2109 simul
1261 2074 1455 2118 congregati,
1472 2075 1629 2108 nonnulla
1649 2079 1765 2107 statuta
1784 2074 1821 2105 ad
1844 2073 1886 2116 se-

1141 2129 1235 2162 licem
1255 2135 1371 2162 statum
1392 2134 1422 2161 et
1442 2128 1653 2161 directionem
1672 2137 1709 2159 ac
1728 2126 1884 2159 reforma-

1141 2188 1260 2216 tionem
1282 2182 1424 2215 eiusdem
1454 2181 1579 2215 Ordinis
1612 2179 1765 2219 fecerint,
1791 2184 1885 2222 atque

1142 2236 1288 2270 dederint
1311 2236 1344 2268 in
1368 2235 1525 2268 mandatis
1556 2233 1678 2267 dilectis
1712 2232 1787 2265 filiis
1812 2232 1885 2264 Ale-

1142 2291 1262 2324 xandro
1282 2285 1468 2334 provinciali
1490 2287 1711 2326 Lombardiae,
1733 2290 1764 2318 et
1787 2285 1886 2318 Paulo

1144 2343 1329 2388 provinciali
1353 2342 1575 2381 Venetiarum,
1604 2351 1640 2373 ac
1665 2339 1775 2372 Cirillo
1800 2337 1886 2371 socio

1145 2451 1236 2484 lectis
1255 2450 1328 2483 siliis
1351 2449 1465 2482 Iacobo
1494 2448 1532 2481 de
1561 2445 1742 2485 Florentia,
1777 2444 1886 2488 priore

1145 2504 1300 2548 generali,
1322 2508 1353 2536 et
1371 2501 1508 2535 Antonio
1527 2501 1565 2534 de
1582 2501 1687 2542 Burgo
1707 2497 1813 2534 Sancti
1833 2496 1888 2530 Se-

1958 2160 1999 2550 «τπ-Αΐέέφαω-ητυειηὲρμ·
1983 2130 1989 2137 -.
1971 1993 1995 2118 awa-„512
1978 1962 1989 1978 -,
1988 1943 1990 1946 ,
1970 1887 1997 1929 ‚aa

1184 2622 1194 2650 1
1216 2620 1259 2650 Ex
1277 2619 1387 2655 Regest.
1405 2618 1433 2646 in
1453 2617 1556 2645 Secret.
1573 2614 1713 2643 Brevium.
