<?xml version="1.0" encoding="UTF-8"?>
<!DOCTYPE html PUBLIC "-//W3C//DTD XHTML 1.0 Transitional//EN"
    "http://www.w3.org/TR/xhtml1/DTD/xhtml1-transitional.dtd">
<html xmlns="http://www.w3.org/1999/xhtml" xml:lang="en" lang="en">
 <head>
  <title>
</title>
<meta http-equiv="Content-Type" content="text/html;charset=utf-8" />
  <meta name='ocr-system' content='tesseract 3.04.00' />
  <meta name='ocr-capabilities' content='ocr_page ocr_carea ocr_par ocr_line ocrx_word'/>
</head>
<body>
  <div class='ocr_page' id='page_1' title='image "./bullarumdiplomat08cath_0813.png"; bbox 0 0 2059 3228; ppageno 0'>
   <div class='ocr_carea' id='block_1_1' title="bbox 845 156 1053 182">
    <p class='ocr_par' dir='ltr' id='par_1_1' title="bbox 845 156 1053 182">
     <span class='ocr_line' id='line_1_1' title="bbox 845 156 1053 182; baseline 0 -2"><span class='ocrx_word' id='word_1_1' title='bbox 845 156 947 182; x_wconf 69' lang='lat' dir='ltr'>SIXTUS</span> <span class='ocrx_word' id='word_1_2' title='bbox 966 158 985 181; x_wconf 87' lang='lat' dir='ltr'>V</span> <span class='ocrx_word' id='word_1_3' title='bbox 1006 156 1053 180; x_wconf 72' lang='lat' dir='ltr'><strong>PP-</strong></span> 
     </span>
    </p>
   </div>
   <div class='ocr_carea' id='block_1_2' title="bbox 150 207 948 1159">
    <p class='ocr_par' dir='ltr' id='par_1_2' title="bbox 150 207 933 1159">
     <span class='ocr_line' id='line_1_2' title="bbox 162 207 932 257; baseline 0 -15"><span class='ocrx_word' id='word_1_4' title='bbox 162 249 164 257; x_wconf 42' lang='grc' dir='ltr'>Ι</span> <span class='ocrx_word' id='word_1_5' title='bbox 185 207 262 242; x_wconf 87' lang='lat' dir='ltr'><strong>tiam</strong></span> <span class='ocrx_word' id='word_1_6' title='bbox 282 208 422 253; x_wconf 79' lang='lat' dir='ltr'>aliquam</span> <span class='ocrx_word' id='word_1_7' title='bbox 445 209 692 255; x_wconf 68' lang='lat' dir='ltr'><strong>dependendam</strong></span> <span class='ocrx_word' id='word_1_8' title='bbox 713 211 761 243; x_wconf 83' lang='lat' dir='ltr'><strong>vel</strong></span> <span class='ocrx_word' id='word_1_9' title='bbox 782 210 932 244; x_wconf 80' lang='lat' dir='ltr'><strong>connexi-</strong></span> 
     </span>
     <span class='ocr_line' id='line_1_3' title="bbox 185 263 932 307; baseline 0.001 -12"><span class='ocrx_word' id='word_1_10' title='bbox 185 266 283 295; x_wconf 86' lang='lat' dir='ltr'><strong>tatem</strong></span> <span class='ocrx_word' id='word_1_11' title='bbox 303 272 377 295; x_wconf 90' lang='lat' dir='ltr'><strong>cum</strong></span> <span class='ocrx_word' id='word_1_12' title='bbox 397 264 578 306; x_wconf 81' lang='lat' dir='ltr'><strong>symoniaca</strong></span> <span class='ocrx_word' id='word_1_13' title='bbox 601 265 647 297; x_wconf 86' lang='lat' dir='ltr'><strong>vel</strong></span> <span class='ocrx_word' id='word_1_14' title='bbox 667 264 727 296; x_wconf 81' lang='lat' dir='ltr'><strong>alia</strong></span> <span class='ocrx_word' id='word_1_15' title='bbox 748 263 858 296; x_wconf 89' lang='lat' dir='ltr'><strong>illicita</strong></span> <span class='ocrx_word' id='word_1_16' title='bbox 877 274 932 307; x_wconf 88' lang='lat' dir='ltr'><strong>pa-</strong></span> 
     </span>
     <span class='ocr_line' id='line_1_4' title="bbox 186 315 931 356; baseline -0.001 -7"><span class='ocrx_word' id='word_1_17' title='bbox 186 315 292 349; x_wconf 84' lang='lat' dir='ltr'><strong>ctione</strong></span> <span class='ocrx_word' id='word_1_18' title='bbox 311 315 512 356; x_wconf 76' lang='lat' dir='ltr'><strong>habentibus,</strong></span> <span class='ocrx_word' id='word_1_19' title='bbox 533 328 588 349; x_wconf 87' lang='lat' dir='ltr'><strong>seu</strong></span> <span class='ocrx_word' id='word_1_20' title='bbox 611 316 714 350; x_wconf 82' lang='lat' dir='ltr'>mixtis</span> <span class='ocrx_word' id='word_1_21' title='bbox 733 316 931 356; x_wconf 85' lang='lat' dir='ltr'><strong>huiusmodi,</strong></span> 
     </span>
     <span class='ocr_line' id='line_1_5' title="bbox 184 368 930 412; baseline 0.001 -11"><span class='ocrx_word' id='word_1_22' title='bbox 184 368 345 412; x_wconf 76' lang='lat' dir='ltr'><strong>rebusque</strong></span> <span class='ocrx_word' id='word_1_23' title='bbox 380 369 531 403; x_wconf 90' lang='lat' dir='ltr'><strong>omnibus</strong></span> <span class='ocrx_word' id='word_1_24' title='bbox 570 370 644 403; x_wconf 86' lang='lat' dir='ltr'><strong>inde</strong></span> <span class='ocrx_word' id='word_1_25' title='bbox 681 370 930 409; x_wconf 78' lang='lat' dir='ltr'><strong>resultantibus,</strong></span> 
     </span>
     <span class='ocr_line' id='line_1_6' title="bbox 184 422 932 466; baseline 0.001 -11"><span class='ocrx_word' id='word_1_26' title='bbox 184 426 247 455; x_wconf 80' lang='lat' dir='ltr'><strong>ta‘m</strong></span> <span class='ocrx_word' id='word_1_27' title='bbox 265 422 304 455; x_wconf 92' lang='lat' dir='ltr'><strong>ad</strong></span> <span class='ocrx_word' id='word_1_28' title='bbox 328 423 548 466; x_wconf 80' lang='lat' dir='ltr'><strong>procuratoris</strong></span> <span class='ocrx_word' id='word_1_29' title='bbox 569 423 687 457; x_wconf 74' lang='lat' dir='ltr'><strong>fiscalis</strong></span> <span class='ocrx_word' id='word_1_30' title='bbox 705 423 932 456; x_wconf 85' lang='lat' dir='ltr'><strong>denunciatio-</strong></span> 
     </span>
     <span class='ocr_line' id='line_1_7' title="bbox 183 477 933 520; baseline 0.003 -12"><span class='ocrx_word' id='word_1_31' title='bbox 183 484 258 509; x_wconf 87' lang='lat' dir='ltr'><strong>nem</strong></span> <span class='ocrx_word' id='word_1_32' title='bbox 282 480 313 508; x_wconf 90' lang='lat' dir='ltr'><strong>et</strong></span> <span class='ocrx_word' id='word_1_33' title='bbox 336 477 586 519; x_wconf 78' lang='lat' dir='ltr'><strong>promotionem,</strong></span> <span class='ocrx_word' id='word_1_34' title='bbox 619 487 717 520; x_wconf 89' lang='lat' dir='ltr'><strong>quam</strong></span> <span class='ocrx_word' id='word_1_35' title='bbox 743 477 840 518; x_wconf 83' lang='lat' dir='ltr'><strong>etiam</strong></span> <span class='ocrx_word' id='word_1_36' title='bbox 861 487 933 520; x_wconf 89' lang='lat' dir='ltr'><strong>par-</strong></span> 
     </span>
     <span class='ocr_line' id='line_1_8' title="bbox 183 523 931 569; baseline 0.001 -8"><span class='ocrx_word' id='word_1_37' title='bbox 183 523 266 562; x_wconf 84' lang='lat' dir='ltr'><strong>tium</strong></span> <span class='ocrx_word' id='word_1_38' title='bbox 286 530 537 569; x_wconf 79' lang='lat' dir='ltr'><strong>accusationem,</strong></span> <span class='ocrx_word' id='word_1_39' title='bbox 569 541 626 564; x_wconf 85' lang='lat' dir='ltr'><strong>scu</strong></span> <span class='ocrx_word' id='word_1_40' title='bbox 652 541 690 563; x_wconf 81' lang='lat' dir='ltr'><strong>ex</strong></span> <span class='ocrx_word' id='word_1_41' title='bbox 715 540 805 563; x_wconf 89' lang='lat' dir='ltr'><strong>mero</strong></span> <span class='ocrx_word' id='word_1_42' title='bbox 825 530 931 563; x_wconf 83' lang='lat' dir='ltr'><strong>officio</strong></span> 
     </span>
     <span class='ocr_line' id='line_1_9' title="bbox 183 580 931 626; baseline 0.001 -12"><span class='ocrx_word' id='word_1_43' title='bbox 183 580 384 626; x_wconf 87' lang='lat' dir='ltr'><strong>inquirendi,</strong></span> <span class='ocrx_word' id='word_1_44' title='bbox 409 593 586 626; x_wconf 87' lang='lat' dir='ltr'><strong>omnesque</strong></span> <span class='ocrx_word' id='word_1_45' title='bbox 611 588 641 616; x_wconf 90' lang='lat' dir='ltr'><strong>et</strong></span> <span class='ocrx_word' id='word_1_46' title='bbox 656 583 798 626; x_wconf 83' lang='lat' dir='ltr'><strong>singulas</strong></span> <span class='ocrx_word' id='word_1_47' title='bbox 818 582 931 615; x_wconf 85' lang='lat' dir='ltr'><strong>huius-</strong></span> 
     </span>
     <span class='ocr_line' id='line_1_10' title="bbox 179 634 931 681; baseline 0 -13"><span class='ocrx_word' id='word_1_48' title='bbox 179 634 271 679; x_wconf 75' lang='lat' dir='ltr'><strong>¹modi</strong></span> <span class='ocrx_word' id='word_1_49' title='bbox 291 635 553 670; x_wconf 87' lang='lat' dir='ltr'><strong>confidentialem</strong></span> <span class='ocrx_word' id='word_1_50' title='bbox 574 642 605 670; x_wconf 88' lang='lat' dir='ltr'><strong>et</strong></span> <span class='ocrx_word' id='word_1_51' title='bbox 624 636 839 681; x_wconf 78' lang='lat' dir='ltr'><strong>symoniacam</strong></span> <span class='ocrx_word' id='word_1_52' title='bbox 861 646 931 679; x_wconf 89' lang='lat' dir='ltr'><strong>pra-</strong></span> 
     </span>
     <span class='ocr_line' id='line_1_11' title="bbox 182 687 931 733; baseline 0.001 -12"><span class='ocrx_word' id='word_1_53' title='bbox 182 687 312 722; x_wconf 89' lang='lat' dir='ltr'><strong>vitatem</strong></span> <span class='ocrx_word' id='word_1_54' title='bbox 335 689 384 722; x_wconf 88' lang='lat' dir='ltr'><strong>vel</strong></span> <span class='ocrx_word' id='word_1_55' title='bbox 414 690 558 733; x_wconf 90' lang='lat' dir='ltr'><strong>quamvis</strong></span> <span class='ocrx_word' id='word_1_56' title='bbox 585 689 680 723; x_wconf 90' lang='lat' dir='ltr'><strong>aliam</strong></span> <span class='ocrx_word' id='word_1_57' title='bbox 706 689 853 722; x_wconf 82' lang='lat' dir='ltr'><strong>illicitam</strong></span> <span class='ocrx_word' id='word_1_58' title='bbox 874 700 931 733; x_wconf 88' lang='lat' dir='ltr'><strong>pa-</strong></span> 
     </span>
     <span class='ocr_line' id='line_1_12' title="bbox 182 741 932 787; baseline 0.001 -13"><span class='ocrx_word' id='word_1_59' title='bbox 182 741 323 776; x_wconf 83' lang='lat' dir='ltr'><strong>ctionem</strong></span> <span class='ocrx_word' id='word_1_60' title='bbox 343 741 581 783; x_wconf 82' lang='lat' dir='ltr'><strong>inducentium,</strong></span> <span class='ocrx_word' id='word_1_61' title='bbox 592 753 649 776; x_wconf 86' lang='lat' dir='ltr'><strong>scu</strong></span> <span class='ocrx_word' id='word_1_62' title='bbox 661 743 802 787; x_wconf 81' lang='lat' dir='ltr'><strong>aliquam</strong></span> <span class='ocrx_word' id='word_1_63' title='bbox 811 743 932 786; x_wconf 83' lang='lat' dir='ltr'><strong>depen-</strong></span> 
     </span>
     <span class='ocr_line' id='line_1_13' title="bbox 181 794 931 843; baseline 0.001 -15"><span class='ocrx_word' id='word_1_64' title='bbox 181 794 324 828; x_wconf 85' lang='lat' dir='ltr'><strong>dentiam</strong></span> <span class='ocrx_word' id='word_1_65' title='bbox 339 796 389 829; x_wconf 90' lang='lat' dir='ltr'><strong>vel</strong></span> <span class='ocrx_word' id='word_1_66' title='bbox 408 796 642 843; x_wconf 83' lang='lat' dir='ltr'><strong>connexitatem</strong></span> <span class='ocrx_word' id='word_1_67' title='bbox 660 796 859 837; x_wconf 84' lang='lat' dir='ltr'><strong>habentium,</strong></span> <span class='ocrx_word' id='word_1_68' title='bbox 879 806 931 829; x_wconf 84' lang='lat' dir='ltr'><strong>re-</strong></span> 
     </span>
     <span class='ocr_line' id='line_1_14' title="bbox 150 848 931 892; baseline 0.003 -11"><span class='ocrx_word' id='word_1_69' title='bbox 150 882 155 889; x_wconf 73' lang='grc'><strong>,</strong></span> <span class='ocrx_word' id='word_1_70' title='bbox 181 858 319 892; x_wconf 90' lang='lat' dir='ltr'><strong>rumque</strong></span> <span class='ocrx_word' id='word_1_71' title='bbox 348 848 423 882; x_wconf 89' lang='lat' dir='ltr'><strong>inde</strong></span> <span class='ocrx_word' id='word_1_72' title='bbox 452 849 679 883; x_wconf 84' lang='lat' dir='ltr'><strong>resultantium</strong></span> <span class='ocrx_word' id='word_1_73' title='bbox 714 860 844 890; x_wconf 79' lang='lat' dir='ltr'><strong>causas,</strong></span> <span class='ocrx_word' id='word_1_74' title='bbox 876 861 931 883; x_wconf 91' lang='lat' dir='ltr'><strong>co-</strong></span> 
     </span>
     <span class='ocr_line' id='line_1_15' title="bbox 181 901 931 946; baseline 0.001 -11"><span class='ocrx_word' id='word_1_75' title='bbox 181 912 250 935; x_wconf 87' lang='lat' dir='ltr'><strong>ram</strong></span> <span class='ocrx_word' id='word_1_76' title='bbox 270 901 435 946; x_wconf 87' lang='lat' dir='ltr'><strong>quibusvis</strong></span> <span class='ocrx_word' id='word_1_77' title='bbox 449 902 623 943; x_wconf 87' lang='lat' dir='ltr'><strong>iudicibus,</strong></span> <span class='ocrx_word' id='word_1_78' title='bbox 641 903 737 936; x_wconf 85' lang='lat' dir='ltr'><strong>etiam</strong></span> <span class='ocrx_word' id='word_1_79' title='bbox 758 903 868 936; x_wconf 84' lang='lat' dir='ltr'><strong>Palatii</strong></span> <span class='ocrx_word' id='word_1_80' title='bbox 890 904 931 935; x_wconf 88' lang='lat' dir='ltr'><strong>A-</strong></span> 
     </span>
     <span class='ocr_line' id='line_1_16' title="bbox 181 954 932 998; baseline 0.003 -10"><span class='ocrx_word' id='word_1_81' title='bbox 181 954 329 998; x_wconf 87' lang='lat' dir='ltr'><strong>postolici</strong></span> <span class='ocrx_word' id='word_1_82' title='bbox 371 965 541 989; x_wconf 88' lang='lat' dir='ltr'><strong>causarum</strong></span> <span class='ocrx_word' id='word_1_83' title='bbox 583 956 803 997; x_wconf 78' lang='lat' dir='ltr'><strong>auditoribus,</strong></span> <span class='ocrx_word' id='word_1_84' title='bbox 849 957 932 990; x_wconf 82' lang='lat' dir='ltr'><strong>inter</strong></span> 
     </span>
     <span class='ocr_line' id='line_1_17' title="bbox 181 1011 930 1057; baseline 0.003 -16"><span class='ocrx_word' id='word_1_85' title='bbox 181 1018 404 1057; x_wconf 77' lang='lat' dir='ltr'><strong>quascumque</strong></span> <span class='ocrx_word' id='word_1_86' title='bbox 418 1020 572 1053; x_wconf 79' lang='lat' dir='ltr'><strong>personas</strong></span> <span class='ocrx_word' id='word_1_87' title='bbox 588 1015 689 1043; x_wconf 87' lang='lat' dir='ltr'><strong>motas</strong></span> <span class='ocrx_word' id='word_1_88' title='bbox 707 1016 737 1043; x_wconf 85' lang='lat' dir='ltr'><strong>et</strong></span> <span class='ocrx_word' id='word_1_89' title='bbox 748 1011 930 1051; x_wconf 81' lang='lat' dir='ltr'><strong>movendas,</strong></span> 
     </span>
     <span class='ocr_line' id='line_1_18' title="bbox 182 1061 930 1103; baseline 0.004 -9"><span class='ocrx_word' id='word_1_90' title='bbox 182 1061 222 1094; x_wconf 86' lang='lat' dir='ltr'><strong>ad</strong></span> <span class='ocrx_word' id='word_1_91' title='bbox 241 1072 275 1095; x_wconf 89' lang='lat' dir='ltr'><strong>se</strong></span> <span class='ocrx_word' id='word_1_92' title='bbox 299 1066 332 1096; x_wconf 81' lang='lat' dir='ltr'><strong>et</strong></span> <span class='ocrx_word' id='word_1_93' title='bbox 355 1072 449 1095; x_wconf 90' lang='lat' dir='ltr'><strong>suum</strong></span> <span class='ocrx_word' id='word_1_94' title='bbox 470 1062 612 1095; x_wconf 82' lang='lat' dir='ltr'><strong>tribunal</strong></span> <span class='ocrx_word' id='word_1_95' title='bbox 631 1064 804 1103; x_wconf 87' lang='lat' dir='ltr'><strong>avocandi;</strong></span> <span class='ocrx_word' id='word_1_96' title='bbox 835 1075 872 1097; x_wconf 82' lang='lat' dir='ltr'><strong>a(</strong></span> <span class='ocrx_word' id='word_1_97' title='bbox 894 1075 930 1098; x_wconf 92' lang='lat' dir='ltr'><strong>o-</strong></span> 
     </span>
     <span class='ocr_line' id='line_1_19' title="bbox 182 1091 948 1159; baseline 0.004 -12"><span class='ocrx_word' id='word_1_98' title='bbox 182 1124 272 1149; x_wconf 88' lang='lat' dir='ltr'><strong>mnes</strong></span> <span class='ocrx_word' id='word_1_99' title='bbox 298 1121 329 1148; x_wconf 90' lang='lat' dir='ltr'><strong>et</strong></span> <span class='ocrx_word' id='word_1_100' title='bbox 358 1116 502 1159; x_wconf 83' lang='lat' dir='ltr'><strong>singulos</strong></span> <span class='ocrx_word' id='word_1_101' title='bbox 531 1116 688 1150; x_wconf 72' lang='lat' dir='ltr'><strong>dictamni</strong></span> <span class='ocrx_word' id='word_1_102' title='bbox 720 1091 948 1151; x_wconf 79' lang='lat' dir='ltr'><strong>confidentia--</strong></span> 
     </span>
    </p>
   </div>
   <div class='ocr_carea' id='block_1_3' title="bbox 946 205 1743 1163">
    <p class='ocr_par' dir='ltr' id='par_1_3' title="bbox 946 205 1743 1159">
     <span class='ocr_line' id='line_1_20' title="bbox 975 205 1722 252; baseline -0.004 -11"><span class='ocrx_word' id='word_1_103' title='bbox 975 209 1033 249; x_wconf 89' lang='lat' dir='ltr'><strong>da,</strong></span> <span class='ocrx_word' id='word_1_104' title='bbox 1064 219 1186 241; x_wconf 78' lang='lat' dir='ltr'><strong>necnon</strong></span> <span class='ocrx_word' id='word_1_105' title='bbox 1216 207 1375 252; x_wconf 73' lang='lat' dir='ltr'><strong>quoslibet</strong></span> <span class='ocrx_word' id='word_1_106' title='bbox 1402 211 1498 240; x_wconf 69' lang='lat' dir='ltr'><strong>testes</strong></span> <span class='ocrx_word' id='word_1_107' title='bbox 1527 205 1566 239; x_wconf 90' lang='lat' dir='ltr'><strong>ad</strong></span> <span class='ocrx_word' id='word_1_108' title='bbox 1591 216 1624 239; x_wconf 87' lang='lat' dir='ltr'><strong>sc</strong></span> <span class='ocrx_word' id='word_1_109' title='bbox 1650 215 1722 238; x_wconf 87' lang='lat' dir='ltr'><strong>exa-</strong></span> 
     </span>
     <span class='ocr_line' id='line_1_21' title="bbox 974 258 1721 300; baseline -0.003 -6"><span class='ocrx_word' id='word_1_110' title='bbox 974 262 1051 294; x_wconf 89' lang='lat' dir='ltr'><strong>mini</strong></span> <span class='ocrx_word' id='word_1_111' title='bbox 1079 261 1330 300; x_wconf 67' lang='lat' dir='ltr'><strong>subiiviendum,</strong></span> <span class='ocrx_word' id='word_1_112' title='bbox 1350 271 1387 293; x_wconf 86' lang='lat' dir='ltr'><strong>ac</strong></span> <span class='ocrx_word' id='word_1_113' title='bbox 1411 259 1551 293; x_wconf 78' lang='lat' dir='ltr'><strong>veritatis</strong></span> <span class='ocrx_word' id='word_1_114' title='bbox 1577 258 1721 293; x_wconf 88' lang='lat' dir='ltr'><strong>testimo-</strong></span> 
     </span>
     <span class='ocr_line' id='line_1_22' title="bbox 971 308 1740 358; baseline -0.001 -11"><span class='ocrx_word' id='word_1_115' title='bbox 971 314 1061 348; x_wconf 90' lang='lat' dir='ltr'><strong>nium</strong></span> <span class='ocrx_word' id='word_1_116' title='bbox 1090 315 1337 358; x_wconf 69' lang='lat' dir='ltr'><strong>perhibendum,</strong></span> <span class='ocrx_word' id='word_1_117' title='bbox 1366 315 1463 347; x_wconf 89' lang='lat' dir='ltr'><strong>etiam</strong></span> <span class='ocrx_word' id='word_1_118' title='bbox 1483 324 1520 347; x_wconf 85' lang='lat' dir='ltr'><strong>ex</strong></span> <span class='ocrx_word' id='word_1_119' title='bbox 1539 312 1646 347; x_wconf 86' lang='lat' dir='ltr'><strong>officio</strong></span> <span class='ocrx_word' id='word_1_120' title='bbox 1666 312 1716 346; x_wconf 89' lang='lat' dir='ltr'><strong>vel</strong></span> <span class='ocrx_word' id='word_1_121' title='bbox 1735 308 1740 313; x_wconf 62' lang='grc'><strong>”</strong></span> 
     </span>
     <span class='ocr_line' id='line_1_23' title="bbox 972 366 1719 411; baseline -0.001 -11"><span class='ocrx_word' id='word_1_122' title='bbox 972 368 1062 408; x_wconf 88' lang='lat' dir='ltr'><strong>alias,</strong></span> <span class='ocrx_word' id='word_1_123' title='bbox 1094 373 1192 411; x_wconf 86' lang='lat' dir='ltr'><strong>prout</strong></span> <span class='ocrx_word' id='word_1_124' title='bbox 1216 368 1274 400; x_wconf 76' lang='lat' dir='ltr'><strong>sibi</strong></span> <span class='ocrx_word' id='word_1_125' title='bbox 1310 367 1481 407; x_wconf 88' lang='lat' dir='ltr'><strong>videbitur,</strong></span> <span class='ocrx_word' id='word_1_126' title='bbox 1511 377 1570 411; x_wconf 87' lang='lat' dir='ltr'><strong>per</strong></span> <span class='ocrx_word' id='word_1_127' title='bbox 1597 366 1719 400; x_wconf 88' lang='lat' dir='ltr'><strong>similes</strong></span> 
     </span>
     <span class='ocr_line' id='line_1_24' title="bbox 972 420 1720 464; baseline -0.003 -10"><span class='ocrx_word' id='word_1_128' title='bbox 972 431 1124 454; x_wconf 88' lang='lat' dir='ltr'><strong>censuras</strong></span> <span class='ocrx_word' id='word_1_129' title='bbox 1149 427 1179 453; x_wconf 80' lang='lat' dir='ltr'><strong>et</strong></span> <span class='ocrx_word' id='word_1_130' title='bbox 1212 425 1329 463; x_wconf 73' lang='lat' dir='ltr'><strong>poenas</strong></span> <span class='ocrx_word' id='word_1_131' title='bbox 1358 421 1494 463; x_wconf 79' lang='lat' dir='ltr'><strong>cogendi</strong></span> <span class='ocrx_word' id='word_1_132' title='bbox 1518 425 1549 453; x_wconf 90' lang='lat' dir='ltr'><strong>et</strong></span> <span class='ocrx_word' id='word_1_133' title='bbox 1579 420 1720 464; x_wconf 91' lang='lat' dir='ltr'><strong>compel-</strong></span> 
     </span>
     <span class='ocr_line' id='line_1_25' title="bbox 972 474 1718 517; baseline 0.001 -11"><span class='ocrx_word' id='word_1_134' title='bbox 972 474 1071 514; x_wconf 80' lang='lat' dir='ltr'><strong>lendi3</strong></span> <span class='ocrx_word' id='word_1_135' title='bbox 1084 484 1202 516; x_wconf 81' lang='lat' dir='ltr'><strong>eosque</strong></span> <span class='ocrx_word' id='word_1_136' title='bbox 1214 485 1337 506; x_wconf 81' lang='lat' dir='ltr'><strong>necnon</strong></span> <span class='ocrx_word' id='word_1_137' title='bbox 1359 474 1615 507; x_wconf 84' lang='lat' dir='ltr'><strong>contradictores</strong></span> <span class='ocrx_word' id='word_1_138' title='bbox 1623 483 1718 517; x_wconf 87' lang='lat' dir='ltr'><strong>quos-</strong></span> 
     </span>
     <span class='ocr_line' id='line_1_26' title="bbox 971 526 1716 567; baseline 0.001 -8"><span class='ocrx_word' id='word_1_139' title='bbox 971 527 1051 559; x_wconf 87' lang='lat' dir='ltr'><strong>libet</strong></span> <span class='ocrx_word' id='word_1_140' title='bbox 1070 531 1101 560; x_wconf 87' lang='lat' dir='ltr'><strong>et.</strong></span> <span class='ocrx_word' id='word_1_141' title='bbox 1116 526 1263 567; x_wconf 77' lang='lat' dir='ltr'><strong>rebelles,</strong></span> <span class='ocrx_word' id='word_1_142' title='bbox 1276 527 1307 558; x_wconf 89' lang='lat' dir='ltr'><strong>iu</strong></span> <span class='ocrx_word' id='word_1_143' title='bbox 1317 527 1501 567; x_wconf 75' lang='lat' dir='ltr'><strong>sententias,</strong></span> <span class='ocrx_word' id='word_1_144' title='bbox 1518 538 1671 560; x_wconf 87' lang='lat' dir='ltr'><strong>censuras</strong></span> <span class='ocrx_word' id='word_1_145' title='bbox 1684 531 1716 560; x_wconf 90' lang='lat' dir='ltr'><strong>et</strong></span> 
     </span>
     <span class='ocr_line' id='line_1_27' title="bbox 970 580 1717 623; baseline 0 -10"><span class='ocrx_word' id='word_1_146' title='bbox 970 591 1106 623; x_wconf 86' lang='lat' dir='ltr'><strong>poenas,</strong></span> <span class='ocrx_word' id='word_1_147' title='bbox 1127 581 1223 613; x_wconf 87' lang='lat' dir='ltr'><strong>etiam</strong></span> <span class='ocrx_word' id='word_1_148' title='bbox 1246 580 1432 623; x_wconf 79' lang='lat' dir='ltr'><strong>privationis</strong></span> <span class='ocrx_word' id='word_1_149' title='bbox 1451 581 1650 622; x_wconf 90' lang='lat' dir='ltr'><strong>huiusmodi,</strong></span> <span class='ocrx_word' id='word_1_150' title='bbox 1669 581 1717 613; x_wconf 91' lang='lat' dir='ltr'><strong>in-</strong></span> 
     </span>
     <span class='ocr_line' id='line_1_28' title="bbox 948 634 1743 674; baseline 0.001 -8"><span class='ocrx_word' id='word_1_151' title='bbox 948 645 950 655; x_wconf 51' lang='lat' dir='ltr'><strong>t</strong></span> <span class='ocrx_word' id='word_1_152' title='bbox 970 634 1098 674; x_wconf 79' lang='lat' dir='ltr'><strong>cidisse,</strong></span> <span class='ocrx_word' id='word_1_153' title='bbox 1120 639 1243 667; x_wconf 89' lang='lat' dir='ltr'><strong>servata</strong></span> <span class='ocrx_word' id='word_1_154' title='bbox 1264 635 1367 667; x_wconf 82' lang='lat' dir='ltr'><strong>forma</strong></span> <span class='ocrx_word' id='word_1_155' title='bbox 1387 634 1515 667; x_wconf 90' lang='lat' dir='ltr'><strong>concilii</strong></span> <span class='ocrx_word' id='word_1_156' title='bbox 1529 634 1718 674; x_wconf 80' lang='lat' dir='ltr'><strong>Tridentini,</strong></span> <span class='ocrx_word' id='word_1_157' title='bbox 1740 656 1743 658; x_wconf 98' lang='lat'>-</span> 
     </span>
     <span class='ocr_line' id='line_1_29' title="bbox 947 686 1718 731; baseline 0.003 -12"><span class='ocrx_word' id='word_1_158' title='bbox 947 695 951 718; x_wconf 70' lang='lat' dir='ltr'><strong>t</strong></span> <span class='ocrx_word' id='word_1_159' title='bbox 969 686 1167 727; x_wconf 86' lang='lat' dir='ltr'><strong>declarandi,</strong></span> <span class='ocrx_word' id='word_1_160' title='bbox 1189 687 1410 731; x_wconf 80' lang='lat' dir='ltr'><strong>auxiliumque</strong></span> <span class='ocrx_word' id='word_1_161' title='bbox 1434 688 1558 720; x_wconf 85' lang='lat' dir='ltr'><strong>brachii</strong></span> <span class='ocrx_word' id='word_1_162' title='bbox 1578 688 1718 721; x_wconf 84' lang='lat' dir='ltr'><strong>saecula-</strong></span> 
     </span>
     <span class='ocr_line' id='line_1_30' title="bbox 970 739 1716 780; baseline 0.004 -8"><span class='ocrx_word' id='word_1_163' title='bbox 970 739 1012 772; x_wconf 87' lang='lat' dir='ltr'><strong>ris</strong></span> <span class='ocrx_word' id='word_1_164' title='bbox 1031 739 1201 773; x_wconf 88' lang='lat' dir='ltr'><strong>invocandi</strong></span> <span class='ocrx_word' id='word_1_165' title='bbox 1214 751 1221 780; x_wconf 82' lang='lat'><em>3</em></span> <span class='ocrx_word' id='word_1_166' title='bbox 1234 751 1361 774; x_wconf 86' lang='lat' dir='ltr'><strong>necnon</strong></span> <span class='ocrx_word' id='word_1_167' title='bbox 1374 751 1475 774; x_wconf 91' lang='lat' dir='ltr'><strong>unum</strong></span> <span class='ocrx_word' id='word_1_168' title='bbox 1492 742 1716 775; x_wconf 88' lang='lat' dir='ltr'><strong>locumtenen-</strong></span> 
     </span>
     <span class='ocr_line' id='line_1_31' title="bbox 971 793 1716 835; baseline 0.004 -10"><span class='ocrx_word' id='word_1_169' title='bbox 971 798 1033 826; x_wconf 87' lang='lat' dir='ltr'><strong>tem</strong></span> <span class='ocrx_word' id='word_1_170' title='bbox 1059 793 1093 826; x_wconf 93' lang='lat' dir='ltr'><strong>in</strong></span> <span class='ocrx_word' id='word_1_171' title='bbox 1112 794 1298 827; x_wconf 87' lang='lat' dir='ltr'><strong>huiusmodi</strong></span> <span class='ocrx_word' id='word_1_172' title='bbox 1319 795 1434 835; x_wconf 85' lang='lat' dir='ltr'><strong>causis,</strong></span> <span class='ocrx_word' id='word_1_173' title='bbox 1455 805 1527 827; x_wconf 90' lang='lat' dir='ltr'><strong>cum</strong></span> <span class='ocrx_word' id='word_1_174' title='bbox 1549 795 1645 828; x_wconf 88' lang='lat' dir='ltr'><strong>simili</strong></span> <span class='ocrx_word' id='word_1_175' title='bbox 1668 796 1716 828; x_wconf 85' lang='lat' dir='ltr'><strong>vel</strong></span> 
     </span>
     <span class='ocr_line' id='line_1_32' title="bbox 969 840 1715 892; baseline 0.004 -13"><span class='ocrx_word' id='word_1_176' title='bbox 969 847 1105 880; x_wconf 87' lang='lat' dir='ltr'><strong>limitata</strong></span> <span class='ocrx_word' id='word_1_177' title='bbox 1125 853 1295 891; x_wconf 80' lang='lat' dir='ltr'><strong>potestate,</strong></span> <span class='ocrx_word' id='word_1_178' title='bbox 1320 848 1447 892; x_wconf 86' lang='lat' dir='ltr'><strong>quoties</strong></span> <span class='ocrx_word' id='word_1_179' title='bbox 1465 849 1524 881; x_wconf 87' lang='lat' dir='ltr'><strong>sibi</strong></span> <span class='ocrx_word' id='word_1_180' title='bbox 1545 840 1715 887; x_wconf 77' lang='lat' dir='ltr'><strong>videbitur,</strong></span> 
     </span>
     <span class='ocr_line' id='line_1_33' title="bbox 969 901 1716 946; baseline 0.003 -13"><span class='ocrx_word' id='word_1_181' title='bbox 969 901 1183 934; x_wconf 83' lang='lat' dir='ltr'><strong>constituendi</strong></span> <span class='ocrx_word' id='word_1_182' title='bbox 1204 907 1235 934; x_wconf 83' lang='lat' dir='ltr'><strong>et.</strong></span> <span class='ocrx_word' id='word_1_183' title='bbox 1256 902 1442 945; x_wconf 74' lang='lat' dir='ltr'><strong>deputandi,</strong></span> <span class='ocrx_word' id='word_1_184' title='bbox 1462 913 1601 946; x_wconf 87' lang='lat' dir='ltr'><strong>eumque</strong></span> <span class='ocrx_word' id='word_1_185' title='bbox 1625 913 1716 935; x_wconf 90' lang='lat' dir='ltr'><strong>revo-</strong></span> 
     </span>
     <span class='ocr_line' id='line_1_34' title="bbox 968 954 1714 999; baseline 0 -12"><span class='ocrx_word' id='word_1_186' title='bbox 968 954 1074 996; x_wconf 86' lang='lat' dir='ltr'><strong>candi,</strong></span> <span class='ocrx_word' id='word_1_187' title='bbox 1106 965 1144 988; x_wconf 88' lang='lat' dir='ltr'><strong>ac</strong></span> <span class='ocrx_word' id='word_1_188' title='bbox 1172 955 1271 988; x_wconf 87' lang='lat' dir='ltr'><strong>alium</strong></span> <span class='ocrx_word' id='word_1_189' title='bbox 1302 956 1371 987; x_wconf 75' lang='lat' dir='ltr'><strong>eius</strong></span> <span class='ocrx_word' id='word_1_190' title='bbox 1395 956 1467 989; x_wconf 90' lang='lat' dir='ltr'><strong>loeo</strong></span> <span class='ocrx_word' id='word_1_191' title='bbox 1495 955 1714 999; x_wconf 72' lang='lat' dir='ltr'><strong>subrogandi;</strong></span> 
     </span>
     <span class='ocr_line' id='line_1_35' title="bbox 967 1009 1715 1042; baseline 0 -2"><span class='ocrx_word' id='word_1_192' title='bbox 967 1018 1094 1041; x_wconf 85' lang='lat' dir='ltr'><strong>necnon</strong></span> <span class='ocrx_word' id='word_1_193' title='bbox 1121 1009 1246 1041; x_wconf 84' lang='lat' dir='ltr'><strong>litteras</strong></span> <span class='ocrx_word' id='word_1_194' title='bbox 1268 1019 1323 1041; x_wconf 83' lang='lat' dir='ltr'><strong>seu</strong></span> <span class='ocrx_word' id='word_1_195' title='bbox 1347 1009 1592 1042; x_wconf 80' lang='lat' dir='ltr'><strong>constitutiones</strong></span> <span class='ocrx_word' id='word_1_196' title='bbox 1611 1009 1658 1041; x_wconf 89' lang='lat' dir='ltr'><strong>Pii</strong></span> <span class='ocrx_word' id='word_1_197' title='bbox 1679 1009 1715 1041; x_wconf 80' lang='lat' dir='ltr'><strong>IV</strong></span> 
     </span>
     <span class='ocr_line' id='line_1_36' title="bbox 946 1040 1714 1131; baseline 0.001 -37"><span class='ocrx_word' id='word_1_198' title='bbox 946 1040 950 1131; x_wconf 57' lang='lat'>³</span> <span class='ocrx_word' id='word_1_199' title='bbox 967 1067 999 1094; x_wconf 87' lang='lat' dir='ltr'><strong>et</strong></span> <span class='ocrx_word' id='word_1_200' title='bbox 1017 1061 1065 1094; x_wconf 91' lang='lat' dir='ltr'><strong>Pii</strong></span> <span class='ocrx_word' id='word_1_201' title='bbox 1084 1062 1119 1101; x_wconf 84' lang='lat' dir='ltr'><strong>V,</strong></span> <span class='ocrx_word' id='word_1_202' title='bbox 1139 1062 1295 1105; x_wconf 72' lang='lat' dir='ltr'><strong>plaedect</strong></span> <span class='ocrx_word' id='word_1_203' title='bbox 1299 1073 1424 1095; x_wconf 81' lang='lat' dir='ltr'><strong>ssoium</strong></span> <span class='ocrx_word' id='word_1_204' title='bbox 1446 1062 1643 1102; x_wconf 77' lang='lat' dir='ltr'><strong>huiusmodi,</strong></span> <span class='ocrx_word' id='word_1_205' title='bbox 1661 1073 1714 1095; x_wconf 87' lang='lat' dir='ltr'><strong>su-</strong></span> 
     </span>
     <span class='ocr_line' id='line_1_37' title="bbox 946 1115 1716 1163; baseline 0.003 -16.057"><span class='ocrx_word' id='word_1_206' title='bbox 946 1125 1026 1163; x_wconf 81' lang='lat' dir='ltr'><strong>pei</strong></span> <span class='ocrx_word' id='word_1_207' title='bbox 1043 1115 1231 1149; x_wconf 88' lang='lat' dir='ltr'><strong>huiusmodi</strong></span> <span class='ocrx_word' id='word_1_208' title='bbox 1261 1116 1466 1149; x_wconf 73' lang='lat' dir='ltr'><strong>eonfidc-ntiis</strong></span> <span class='ocrx_word' id='word_1_209' title='bbox 1487 1116 1599 1157; x_wconf 86' lang='lat' dir='ltr'><strong>editas,</strong></span> <span class='ocrx_word' id='word_1_210' title='bbox 1627 1127 1664 1149; x_wconf 92' lang='lat' dir='ltr'><strong>ac</strong></span> <span class='ocrx_word' id='word_1_211' title='bbox 1683 1126 1716 1149; x_wconf 93' lang='lat' dir='ltr'><strong>o-</strong></span> 
     </span>
    </p>
   </div>
   <div class='ocr_carea' id='block_1_4' title="bbox 1613 141 1918 179">
    <p class='ocr_par' dir='ltr' id='par_1_4' title="bbox 1613 141 1918 179">
     <span class='ocr_line' id='line_1_38' title="bbox 1613 141 1918 179; baseline -0.003 -2"><span class='ocrx_word' id='word_1_212' title='bbox 1613 141 1676 177; x_wconf 80' lang='grc'><strong>797</strong></span> <span class='ocrx_word' id='word_1_213' title='bbox 1734 147 1786 178; x_wconf 78' lang='lat' dir='ltr'><strong>An.</strong></span> <span class='ocrx_word' id='word_1_214' title='bbox 1803 149 1832 179; x_wconf 92' lang='lat' dir='ltr'><strong>C.</strong></span> <span class='ocrx_word' id='word_1_215' title='bbox 1850 147 1918 178; x_wconf 78' lang='lat'>1586</span> 
     </span>
    </p>
   </div>
   <div class='ocr_carea' id='block_1_5' title="bbox 139 1169 1715 1696">
    <p class='ocr_par' dir='ltr' id='par_1_5' title="bbox 139 1169 1715 1696">
     <span class='ocr_line' id='line_1_39' title="bbox 139 1169 1715 1212; baseline 0.003 -15"><span class='ocrx_word' id='word_1_216' title='bbox 139 1187 147 1197; x_wconf 87' lang='lat'><strong>.</strong></span> <span class='ocrx_word' id='word_1_217' title='bbox 181 1178 254 1201; x_wconf 87' lang='lat' dir='ltr'><strong>rum</strong></span> <span class='ocrx_word' id='word_1_218' title='bbox 279 1174 447 1210; x_wconf 79' lang='lat' dir='ltr'><strong>auctores,</strong></span> <span class='ocrx_word' id='word_1_219' title='bbox 482 1180 553 1202; x_wconf 78' lang='lat' dir='ltr'><strong>rn‘u</strong></span> <span class='ocrx_word' id='word_1_220' title='bbox 555 1170 717 1204; x_wconf 83' lang='lat' dir='ltr'><strong>lunat01e</strong></span> <span class='ocrx_word' id='word_1_221' title='bbox 728 1197 735 1211; x_wconf 89' lang='lat'><strong>,</strong></span> <span class='ocrx_word' id='word_1_222' title='bbox 768 1171 927 1212; x_wconf 81' lang='lat' dir='ltr'><strong>conscios,</strong></span> <span class='ocrx_word' id='word_1_223' title='bbox 945 1178 1058 1202; x_wconf 85' lang='lat' dir='ltr'><strong>mnes</strong></span> <span class='ocrx_word' id='word_1_224' title='bbox 1075 1175 1108 1202; x_wconf 84' lang='lat' dir='ltr'><strong>et</strong></span> <span class='ocrx_word' id='word_1_225' title='bbox 1127 1169 1268 1211; x_wconf 73' lang='lat' dir='ltr'><strong>singuhs</strong></span> <span class='ocrx_word' id='word_1_226' title='bbox 1287 1170 1461 1203; x_wconf 83' lang='lat' dir='ltr'><strong>sententias</strong></span> <span class='ocrx_word' id='word_1_227' title='bbox 1478 1170 1510 1202; x_wconf 86' lang='lat' dir='ltr'><strong>in</strong></span> <span class='ocrx_word' id='word_1_228' title='bbox 1531 1169 1624 1202; x_wconf 84' lang='lat' dir='ltr'><strong>dictis</strong></span> <span class='ocrx_word' id='word_1_229' title='bbox 1638 1180 1715 1202; x_wconf 83' lang='lat' dir='ltr'><strong>cau-</strong></span> 
     </span>
     <span class='ocr_line' id='line_1_40' title="bbox 181 1222 1714 1267; baseline 0 -12"><span class='ocrx_word' id='word_1_230' title='bbox 181 1222 356 1266; x_wconf 86' lang='lat' dir='ltr'><strong>complices</strong></span> <span class='ocrx_word' id='word_1_231' title='bbox 380 1227 412 1256; x_wconf 90' lang='lat' dir='ltr'><strong>et</strong></span> <span class='ocrx_word' id='word_1_232' title='bbox 435 1223 527 1265; x_wconf 66' lang='lat' dir='ltr'><strong>alim,</strong></span> <span class='ocrx_word' id='word_1_233' title='bbox 553 1234 635 1267; x_wconf 83' lang='lat' dir='ltr'><strong>quos</strong></span> <span class='ocrx_word' id='word_1_234' title='bbox 655 1235 737 1267; x_wconf 90' lang='lat' dir='ltr'><strong>opus</strong></span> <span class='ocrx_word' id='word_1_235' title='bbox 758 1224 866 1266; x_wconf 66' lang='lat' dir='ltr'><strong>fuerit,</strong></span> <span class='ocrx_word' id='word_1_236' title='bbox 893 1236 931 1258; x_wconf 77' lang='lat' dir='ltr'><strong>ac</strong></span> <span class='ocrx_word' id='word_1_237' title='bbox 960 1222 1010 1254; x_wconf 89' lang='lat' dir='ltr'><strong>sis</strong></span> <span class='ocrx_word' id='word_1_238' title='bbox 1030 1222 1314 1263; x_wconf 77' lang='lat' dir='ltr'><strong>confidentiaium,</strong></span> <span class='ocrx_word' id='word_1_239' title='bbox 1339 1228 1400 1255; x_wconf 88' lang='lat' dir='ltr'><strong>tam</strong></span> <span class='ocrx_word' id='word_1_240' title='bbox 1422 1223 1580 1256; x_wconf 82' lang='lat' dir='ltr'><strong>hactenus</strong></span> <span class='ocrx_word' id='word_1_241' title='bbox 1594 1233 1651 1266; x_wconf 87' lang='lat' dir='ltr'><strong>per</strong></span> <span class='ocrx_word' id='word_1_242' title='bbox 1661 1233 1714 1255; x_wconf 86' lang='lat' dir='ltr'><strong>ea-</strong></span> 
     </span>
     <span class='ocr_line' id='line_1_41' title="bbox 181 1271 1713 1321; baseline 0.001 -13"><span class='ocrx_word' id='word_1_243' title='bbox 181 1284 276 1308; x_wconf 92' lang='lat' dir='ltr'><strong>suum</strong></span> <span class='ocrx_word' id='word_1_244' title='bbox 287 1271 531 1319; x_wconf 82' lang='lat' dir='ltr'><strong>quomodolibet</strong></span> <span class='ocrx_word' id='word_1_245' title='bbox 549 1276 702 1310; x_wconf 81' lang='lat' dir='ltr'><strong>interesse</strong></span> <span class='ocrx_word' id='word_1_246' title='bbox 722 1283 882 1321; x_wconf 84' lang='lat' dir='ltr'><strong>putantes,</strong></span> <span class='ocrx_word' id='word_1_247' title='bbox 896 1290 947 1319; x_wconf 69' lang='lat' dir='ltr'><strong>e-2</strong></span> <span class='ocrx_word' id='word_1_248' title='bbox 965 1287 1038 1317; x_wconf 78' lang='lat' dir='ltr'><strong>rum</strong></span> <span class='ocrx_word' id='word_1_249' title='bbox 1070 1276 1205 1316; x_wconf 85' lang='lat' dir='ltr'><strong>iudices,</strong></span> <span class='ocrx_word' id='word_1_250' title='bbox 1231 1277 1285 1320; x_wconf 85' lang='lat' dir='ltr'><strong>qui</strong></span> <span class='ocrx_word' id='word_1_251' title='bbox 1317 1288 1375 1321; x_wconf 92' lang='lat' dir='ltr'><strong>pro</strong></span> <span class='ocrx_word' id='word_1_252' title='bbox 1404 1282 1551 1320; x_wconf 82' lang='lat' dir='ltr'><strong>tempore</strong></span> <span class='ocrx_word' id='word_1_253' title='bbox 1582 1277 1713 1316; x_wconf 86' lang='lat' dir='ltr'><strong>suerint,</strong></span> 
     </span>
     <span class='ocr_line' id='line_1_42' title="bbox 181 1328 1712 1374; baseline 0.001 -13"><span class='ocrx_word' id='word_1_254' title='bbox 181 1328 258 1362; x_wconf 81' lang='lat' dir='ltr'><strong>liam</strong></span> <span class='ocrx_word' id='word_1_255' title='bbox 286 1339 346 1373; x_wconf 82' lang='lat' dir='ltr'><strong>per</strong></span> <span class='ocrx_word' id='word_1_256' title='bbox 373 1329 516 1364; x_wconf 83' lang='lat' dir='ltr'><strong>edictum</strong></span> <span class='ocrx_word' id='word_1_257' title='bbox 542 1330 724 1373; x_wconf 87' lang='lat' dir='ltr'><strong>publicum,</strong></span> <span class='ocrx_word' id='word_1_258' title='bbox 755 1331 780 1364; x_wconf 89' lang='lat' dir='ltr'><strong>si</strong></span> <span class='ocrx_word' id='word_1_259' title='bbox 810 1332 849 1365; x_wconf 90' lang='lat' dir='ltr'><strong>ad</strong></span> <span class='ocrx_word' id='word_1_260' title='bbox 876 1329 949 1372; x_wconf 57' lang='lat' dir='ltr'><strong>eos}</strong></span> <span class='ocrx_word' id='word_1_261' title='bbox 965 1329 1056 1370; x_wconf 86' lang='lat' dir='ltr'><strong>latas,</strong></span> <span class='ocrx_word' id='word_1_262' title='bbox 1075 1331 1218 1373; x_wconf 86' lang='lat' dir='ltr'><strong>quamin</strong></span> <span class='ocrx_word' id='word_1_263' title='bbox 1232 1336 1396 1374; x_wconf 81' lang='lat' dir='ltr'><strong>posterum</strong></span> <span class='ocrx_word' id='word_1_264' title='bbox 1418 1341 1476 1374; x_wconf 88' lang='lat' dir='ltr'><strong>per</strong></span> <span class='ocrx_word' id='word_1_265' title='bbox 1496 1331 1642 1363; x_wconf 84' lang='lat' dir='ltr'><strong>futurum</strong></span> <span class='ocrx_word' id='word_1_266' title='bbox 1655 1341 1712 1363; x_wconf 87' lang='lat' dir='ltr'><strong>au-</strong></span> 
     </span>
     <span class='ocr_line' id='line_1_43' title="bbox 181 1375 1712 1431; baseline 0.003 -18"><span class='ocrx_word' id='word_1_267' title='bbox 181 1386 269 1416; x_wconf 79' lang='lat' dir='ltr'><strong>tutus</strong></span> <span class='ocrx_word' id='word_1_268' title='bbox 292 1393 357 1416; x_wconf 89' lang='lat' dir='ltr'><strong>non</strong></span> <span class='ocrx_word' id='word_1_269' title='bbox 389 1388 496 1427; x_wconf 78' lang='lat' dir='ltr'><strong>pateat</strong></span> <span class='ocrx_word' id='word_1_270' title='bbox 530 1394 698 1428; x_wconf 66' lang='lat' dir='ltr'><strong>accessus,</strong></span> <span class='ocrx_word' id='word_1_271' title='bbox 732 1384 863 1426; x_wconf 73' lang='lat' dir='ltr'><strong>citandi;</strong></span> <span class='ocrx_word' id='word_1_272' title='bbox 899 1375 1104 1431; x_wconf 70' lang='lat' dir='ltr'><strong>et⁴ditorem</strong></span> <span class='ocrx_word' id='word_1_273' title='bbox 1135 1383 1320 1417; x_wconf 87' lang='lat' dir='ltr'><strong>huiusmodi</strong></span> <span class='ocrx_word' id='word_1_274' title='bbox 1351 1385 1487 1427; x_wconf 71' lang='lat' dir='ltr'><strong>eiusque</strong></span> <span class='ocrx_word' id='word_1_275' title='bbox 1512 1394 1712 1417; x_wconf 79' lang='lat' dir='ltr'><strong>successoie</strong></span> 
     </span>
     <span class='ocr_line' id='line_1_44' title="bbox 180 1416 1712 1510; baseline 0.002 -40"><span class='ocrx_word' id='word_1_276' title='bbox 180 1436 325 1470; x_wconf 89' lang='lat' dir='ltr'><strong>constito</strong></span> <span class='ocrx_word' id='word_1_277' title='bbox 334 1436 395 1470; x_wconf 88' lang='lat' dir='ltr'><strong>sibi</strong></span> <span class='ocrx_word' id='word_1_278' title='bbox 420 1442 578 1481; x_wconf 84' lang='lat' dir='ltr'><strong>quantum</strong></span> <span class='ocrx_word' id='word_1_279' title='bbox 596 1439 745 1472; x_wconf 85' lang='lat' dir='ltr'><strong>sufficere</strong></span> <span class='ocrx_word' id='word_1_280' title='bbox 768 1439 930 1473; x_wconf 85' lang='lat' dir='ltr'><strong>videbitur</strong></span> <span class='ocrx_word' id='word_1_281' title='bbox 945 1416 1002 1510; x_wconf 66' lang='lat' dir='ltr'><strong>{ac</strong></span> <span class='ocrx_word' id='word_1_282' title='bbox 1025 1437 1284 1470; x_wconf 74' lang='lat' dir='ltr'><strong>locumtenentes</strong></span> <span class='ocrx_word' id='word_1_283' title='bbox 1305 1438 1462 1477; x_wconf 68' lang='lat' dir='ltr'><strong>selendaS,</strong></span> <span class='ocrx_word' id='word_1_284' title='bbox 1476 1437 1526 1470; x_wconf 73' lang='lat' dir='ltr'><strong>via</strong></span> <span class='ocrx_word' id='word_1_285' title='bbox 1538 1437 1712 1475; x_wconf 74' lang='lat' dir='ltr'><strong>executiva</strong></span> 
     </span>
     <span class='ocr_line' id='line_1_45' title="bbox 180 1481 1711 1537; baseline 0.001 -15"><span class='ocrx_word' id='word_1_286' title='bbox 180 1489 220 1523; x_wconf 87' lang='lat' dir='ltr'><strong>de</strong></span> <span class='ocrx_word' id='word_1_287' title='bbox 239 1489 379 1530; x_wconf 87' lang='lat' dir='ltr'><strong>iudiciis,</strong></span> <span class='ocrx_word' id='word_1_288' title='bbox 393 1491 432 1524; x_wconf 90' lang='lat' dir='ltr'><strong>ad</strong></span> <span class='ocrx_word' id='word_1_289' title='bbox 452 1492 669 1535; x_wconf 80' lang='lat' dir='ltr'><strong>personaliter</strong></span> <span class='ocrx_word' id='word_1_290' title='bbox 688 1493 735 1525; x_wconf 88' lang='lat' dir='ltr'><strong>vel</strong></span> <span class='ocrx_word' id='word_1_291' title='bbox 755 1493 835 1526; x_wconf 84' lang='lat' dir='ltr'><strong>alias</strong></span> <span class='ocrx_word' id='word_1_292' title='bbox 854 1494 947 1537; x_wconf 82' lang='lat' dir='ltr'><strong>legi-</strong></span> <span class='ocrx_word' id='word_1_293' title='bbox 945 1481 1053 1524; x_wconf 85' lang='lat' dir='ltr'><strong>&#39;nulla</strong></span> <span class='ocrx_word' id='word_1_294' title='bbox 1076 1492 1137 1524; x_wconf 85' lang='lat' dir='ltr'><strong>tela</strong></span> <span class='ocrx_word' id='word_1_295' title='bbox 1157 1491 1326 1524; x_wconf 80' lang='lat' dir='ltr'><strong>iudiciaiia</strong></span> <span class='ocrx_word' id='word_1_296' title='bbox 1345 1496 1481 1531; x_wconf 69' lang='lat' dir='ltr'><strong>senata,</strong></span> <span class='ocrx_word' id='word_1_297' title='bbox 1504 1497 1536 1524; x_wconf 85' lang='lat' dir='ltr'><strong>et</strong></span> <span class='ocrx_word' id='word_1_298' title='bbox 1555 1503 1711 1535; x_wconf 86' lang='lat' dir='ltr'><strong>quacum—</strong></span> 
     </span>
     <span class='ocr_line' id='line_1_46' title="bbox 180 1543 1711 1589; baseline 0.001 -13"><span class='ocrx_word' id='word_1_299' title='bbox 180 1543 533 1588; x_wconf 86' lang='lat' dir='ltr'><strong>timecomparendum,</strong></span> <span class='ocrx_word' id='word_1_300' title='bbox 547 1545 607 1578; x_wconf 88' lang='lat' dir='ltr'><strong>sub</strong></span> <span class='ocrx_word' id='word_1_301' title='bbox 619 1546 928 1580; x_wconf 83' lang='lat' dir='ltr'><strong>excommunicatio·</strong></span> <span class='ocrx_word' id='word_1_302' title='bbox 961 1555 1027 1588; x_wconf 88' lang='lat' dir='ltr'><strong>que</strong></span> <span class='ocrx_word' id='word_1_303' title='bbox 1047 1545 1264 1589; x_wconf 87' lang='lat' dir='ltr'><strong>appellatione</strong></span> <span class='ocrx_word' id='word_1_304' title='bbox 1290 1552 1422 1584; x_wconf 80' lang='lat' dir='ltr'><strong>iemota‚</strong></span> <span class='ocrx_word' id='word_1_305' title='bbox 1447 1556 1484 1577; x_wconf 90' lang='lat' dir='ltr'><strong>ac</strong></span> <span class='ocrx_word' id='word_1_306' title='bbox 1514 1544 1592 1577; x_wconf 89' lang='lat' dir='ltr'><strong>alias</strong></span> <span class='ocrx_word' id='word_1_307' title='bbox 1625 1545 1711 1578; x_wconf 83' lang='lat' dir='ltr'><strong>iuxta</strong></span> 
     </span>
     <span class='ocr_line' id='line_1_47' title="bbox 179 1539 1710 1643; baseline 0.001 -14"><span class='ocrx_word' id='word_1_308' title='bbox 179 1596 230 1643; x_wconf 85' lang='lat' dir='ltr'><strong>nis</strong></span> <span class='ocrx_word' id='word_1_309' title='bbox 248 1597 386 1641; x_wconf 86' lang='lat' dir='ltr'><strong>aliisque</strong></span> <span class='ocrx_word' id='word_1_310' title='bbox 401 1598 629 1632; x_wconf 83' lang='lat' dir='ltr'><strong>ecclesiasticis</strong></span> <span class='ocrx_word' id='word_1_311' title='bbox 649 1599 825 1640; x_wconf 79' lang='lat' dir='ltr'><strong>sententiis,</strong></span> <span class='ocrx_word' id='word_1_312' title='bbox 852 1612 928 1634; x_wconf 77' lang='lat' dir='ltr'><strong>cen·</strong></span> <span class='ocrx_word' id='word_1_313' title='bbox 943 1539 949 1630; x_wconf 77' lang='lat' dir='ltr'><strong>i</strong></span> <span class='ocrx_word' id='word_1_314' title='bbox 964 1598 1146 1631; x_wconf 80' lang='lat' dir='ltr'><strong>litterarum</strong></span> <span class='ocrx_word' id='word_1_315' title='bbox 1168 1609 1224 1631; x_wconf 88' lang='lat' dir='ltr'><strong>seu</strong></span> <span class='ocrx_word' id='word_1_316' title='bbox 1251 1598 1519 1631; x_wconf 85' lang='lat' dir='ltr'><strong>constitutionum</strong></span> <span class='ocrx_word' id='word_1_317' title='bbox 1552 1598 1710 1641; x_wconf 78' lang='lat' dir='ltr'><strong>praefata-</strong></span> 
     </span>
     <span class='ocr_line' id='line_1_48' title="bbox 179 1650 1711 1696; baseline 0.001 -13"><span class='ocrx_word' id='word_1_318' title='bbox 179 1650 264 1683; x_wconf 81' lang='lat' dir='ltr'><strong>suris</strong></span> <span class='ocrx_word' id='word_1_319' title='bbox 278 1655 310 1684; x_wconf 84' lang='lat' dir='ltr'><strong>et</strong></span> <span class='ocrx_word' id='word_1_320' title='bbox 324 1651 449 1695; x_wconf 86' lang='lat' dir='ltr'><strong>poenis,</strong></span> <span class='ocrx_word' id='word_1_321' title='bbox 472 1663 508 1685; x_wconf 87' lang='lat' dir='ltr'><strong>ac</strong></span> <span class='ocrx_word' id='word_1_322' title='bbox 528 1651 714 1696; x_wconf 89' lang='lat' dir='ltr'><strong>privationis</strong></span> <span class='ocrx_word' id='word_1_323' title='bbox 733 1654 880 1686; x_wconf 86' lang='lat' dir='ltr'><strong>omnium</strong></span> <span class='ocrx_word' id='word_1_324' title='bbox 899 1660 930 1688; x_wconf 85' lang='lat' dir='ltr'><strong>et</strong></span> <span class='ocrx_word' id='word_1_325' title='bbox 964 1662 1035 1684; x_wconf 72' lang='lat' dir='ltr'><strong>rum</strong></span> <span class='ocrx_word' id='word_1_326' title='bbox 1057 1663 1093 1684; x_wconf 87' lang='lat' dir='ltr'><strong>ac</strong></span> <span class='ocrx_word' id='word_1_327' title='bbox 1111 1652 1207 1685; x_wconf 83' lang='lat' dir='ltr'><strong>etiam</strong></span> <span class='ocrx_word' id='word_1_328' title='bbox 1226 1652 1415 1684; x_wconf 85' lang='lat' dir='ltr'><strong>facultatum</strong></span> <span class='ocrx_word' id='word_1_329' title='bbox 1436 1652 1532 1684; x_wconf 86' lang='lat' dir='ltr'><strong>dictis</strong></span> <span class='ocrx_word' id='word_1_330' title='bbox 1551 1651 1711 1685; x_wconf 79' lang='lat' dir='ltr'><strong>iudicibus</strong></span> 
     </span>
    </p>
   </div>
   <div class='ocr_carea' id='block_1_6' title="bbox 166 1703 928 1748">
    <p class='ocr_par' dir='ltr' id='par_1_6' title="bbox 166 1703 928 1748">
     <span class='ocr_line' id='line_1_49' title="bbox 166 1703 928 1748; baseline 0.007 -12"><span class='ocrx_word' id='word_1_331' title='bbox 166 1703 397 1748; x_wconf 68' lang='lat' dir='ltr'><strong>»singulorum‘</strong></span> <span class='ocrx_word' id='word_1_332' title='bbox 415 1705 650 1739; x_wconf 79' lang='lat' dir='ltr'><strong>beneficiorum</strong></span> <span class='ocrx_word' id='word_1_333' title='bbox 680 1712 713 1740; x_wconf 87' lang='lat' dir='ltr'><strong>et</strong></span> <span class='ocrx_word' id='word_1_334' title='bbox 744 1707 928 1742; x_wconf 85' lang='lat' dir='ltr'><strong>officiorum</strong></span> 
     </span>
    </p>
   </div>
   <div class='ocr_carea' id='block_1_7' title="bbox 122 1758 929 1801">
    <p class='ocr_par' dir='ltr' id='par_1_7' title="bbox 122 1758 929 1801">
     <span class='ocr_line' id='line_1_50' title="bbox 122 1758 929 1801; baseline 0.006 -12"><span class='ocrx_word' id='word_1_335' title='bbox 122 1772 132 1784; x_wconf 87' lang='lat'>·</span> <span class='ocrx_word' id='word_1_336' title='bbox 180 1766 240 1801; x_wconf 87' lang='lat' dir='ltr'><strong>per</strong></span> <span class='ocrx_word' id='word_1_337' title='bbox 258 1767 313 1790; x_wconf 90' lang='lat' dir='ltr'><strong>eos</strong></span> <span class='ocrx_word' id='word_1_338' title='bbox 337 1758 558 1799; x_wconf 84' lang='lat' dir='ltr'><strong>obtentorum,</strong></span> <span class='ocrx_word' id='word_1_339' title='bbox 587 1769 624 1792; x_wconf 86' lang='lat' dir='ltr'><strong>ac</strong></span> <span class='ocrx_word' id='word_1_340' title='bbox 652 1759 863 1793; x_wconf 80' lang='lat' dir='ltr'><strong>inhabilitatis</strong></span> <span class='ocrx_word' id='word_1_341' title='bbox 889 1762 929 1794; x_wconf 89' lang='lat' dir='ltr'><strong>ad</strong></span> 
     </span>
    </p>
   </div>
   <div class='ocr_carea' id='block_1_8' title="bbox 175 1809 928 2070">
    <p class='ocr_par' dir='ltr' id='par_1_8' title="bbox 175 1809 928 2070">
     <span class='ocr_line' id='line_1_51' title="bbox 175 1809 928 1857; baseline 0.005 -14"><span class='ocrx_word' id='word_1_342' title='bbox 175 1809 236 1849; x_wconf 65' lang='lat' dir='ltr'><strong>,illa</strong></span> <span class='ocrx_word' id='word_1_343' title='bbox 253 1815 287 1844; x_wconf 85' lang='lat' dir='ltr'><strong>et</strong></span> <span class='ocrx_word' id='word_1_344' title='bbox 304 1810 368 1847; x_wconf 82' lang='lat' dir='ltr'><strong>alia</strong></span> <span class='ocrx_word' id='word_1_345' title='bbox 391 1822 617 1855; x_wconf 85' lang='lat' dir='ltr'><strong>quaecumque</strong></span> <span class='ocrx_word' id='word_1_346' title='bbox 629 1812 661 1845; x_wconf 87' lang='lat' dir='ltr'><strong>in</strong></span> <span class='ocrx_word' id='word_1_347' title='bbox 686 1819 851 1857; x_wconf 89' lang='lat' dir='ltr'><strong>posterum</strong></span> <span class='ocrx_word' id='word_1_348' title='bbox 870 1815 928 1847; x_wconf 92' lang='lat' dir='ltr'><strong>ob-</strong></span> 
     </span>
     <span class='ocr_line' id='line_1_52' title="bbox 178 1862 927 1910; baseline 0.004 -13"><span class='ocrx_word' id='word_1_349' title='bbox 178 1862 324 1905; x_wconf 82' lang='lat' dir='ltr'><strong>tinenda,</strong></span> <span class='ocrx_word' id='word_1_350' title='bbox 345 1874 473 1898; x_wconf 90' lang='lat' dir='ltr'><strong>necnon</strong></span> <span class='ocrx_word' id='word_1_351' title='bbox 493 1866 690 1909; x_wconf 77' lang='lat' dir='ltr'><strong>pecuniariis</strong></span> <span class='ocrx_word' id='word_1_352' title='bbox 705 1867 840 1910; x_wconf 84' lang='lat' dir='ltr'><strong>aliisque</strong></span> <span class='ocrx_word' id='word_1_353' title='bbox 859 1868 927 1901; x_wconf 82' lang='lat' dir='ltr'><strong>eius</strong></span> 
     </span>
     <span class='ocr_line' id='line_1_53' title="bbox 177 1916 926 1959; baseline 0.007 -10"><span class='ocrx_word' id='word_1_354' title='bbox 177 1916 324 1958; x_wconf 74' lang='lat' dir='ltr'><strong>arbitrio,</strong></span> <span class='ocrx_word' id='word_1_355' title='bbox 351 1917 459 1959; x_wconf 88' lang='lat' dir='ltr'><strong>etiam,</strong></span> <span class='ocrx_word' id='word_1_356' title='bbox 483 1918 571 1952; x_wconf 87' lang='lat' dir='ltr'><strong>iuxta</strong></span> <span class='ocrx_word' id='word_1_357' title='bbox 601 1919 835 1953; x_wconf 77' lang='lat' dir='ltr'><strong>demeritorum</strong></span> <span class='ocrx_word' id='word_1_358' title='bbox 860 1922 926 1954; x_wconf 83' lang='lat' dir='ltr'><strong>exi-</strong></span> 
     </span>
     <span class='ocr_line' id='line_1_54' title="bbox 177 1970 926 2017; baseline 0.005 -14"><span class='ocrx_word' id='word_1_359' title='bbox 177 1970 331 2013; x_wconf 81' lang='lat' dir='ltr'><strong>gentiam,</strong></span> <span class='ocrx_word' id='word_1_360' title='bbox 361 1972 507 2015; x_wconf 80' lang='lat' dir='ltr'><strong>corporis</strong></span> <span class='ocrx_word' id='word_1_361' title='bbox 531 1972 685 2006; x_wconf 83' lang='lat' dir='ltr'><strong>alllictivis</strong></span> <span class='ocrx_word' id='word_1_362' title='bbox 710 1975 833 2017; x_wconf 80' lang='lat' dir='ltr'><strong>poenis,</strong></span> <span class='ocrx_word' id='word_1_363' title='bbox 857 1985 926 2008; x_wconf 91' lang='lat' dir='ltr'><strong>mo-</strong></span> 
     </span>
     <span class='ocr_line' id='line_1_55' title="bbox 177 2023 923 2070; baseline 0.005 -13"><span class='ocrx_word' id='word_1_364' title='bbox 177 2023 292 2066; x_wconf 71' lang='lat' dir='ltr'><strong>nendi:</strong></span> <span class='ocrx_word' id='word_1_365' title='bbox 323 2024 434 2069; x_wconf 87' lang='lat' dir='ltr'><strong>eisque</strong></span> <span class='ocrx_word' id='word_1_366' title='bbox 473 2037 510 2060; x_wconf 91' lang='lat' dir='ltr'><strong>ac</strong></span> <span class='ocrx_word' id='word_1_367' title='bbox 544 2026 710 2070; x_wconf 87' lang='lat' dir='ltr'><strong>quibusvis</strong></span> <span class='ocrx_word' id='word_1_368' title='bbox 744 2027 923 2069; x_wconf 84' lang='lat' dir='ltr'><strong>iudicibus,</strong></span> 
     </span>
    </p>
   </div>
   <div class='ocr_carea' id='block_1_9' title="bbox 78 2077 925 2129">
    <p class='ocr_par' dir='ltr' id='par_1_9' title="bbox 78 2077 925 2129">
     <span class='ocr_line' id='line_1_56' title="bbox 78 2077 925 2129; baseline 0.006 -20"><span class='ocrx_word' id='word_1_369' title='bbox 78 2122 82 2129; x_wconf 58' lang='lat'><strong>,</strong></span> <span class='ocrx_word' id='word_1_370' title='bbox 122 2077 126 2082; x_wconf 40' lang='lat'>⁸</span> <span class='ocrx_word' id='word_1_371' title='bbox 177 2082 242 2110; x_wconf 64' lang='lat' dir='ltr'><strong>mm</strong></span> <span class='ocrx_word' id='word_1_372' title='bbox 262 2077 434 2111; x_wconf 74' lang='lat' dir='ltr'><strong>ordinariis</strong></span> <span class='ocrx_word' id='word_1_373' title='bbox 455 2090 552 2123; x_wconf 70' lang='lat' dir='ltr'><strong>quan]</strong></span> <span class='ocrx_word' id='word_1_374' title='bbox 574 2090 679 2112; x_wconf 80' lang='lat' dir='ltr'><strong>comm</strong></span> <span class='ocrx_word' id='word_1_375' title='bbox 684 2080 802 2113; x_wconf 76' lang='lat' dir='ltr'><strong>lSSfflilS</strong></span> <span class='ocrx_word' id='word_1_376' title='bbox 807 2087 925 2121; x_wconf 81' lang='lat' dir='ltr'><strong>,ellam</strong></span> 
     </span>
    </p>
   </div>
   <div class='ocr_carea' id='block_1_10' title="bbox 962 1706 1711 2123">
    <p class='ocr_par' dir='ltr' id='par_1_10' title="bbox 962 1706 1711 2123">
     <span class='ocr_line' id='line_1_57' title="bbox 966 1706 1710 1750; baseline 0.001 -12"><span class='ocrx_word' id='word_1_377' title='bbox 966 1716 1022 1749; x_wconf 83' lang='lat' dir='ltr'><strong>pet·</strong></span> <span class='ocrx_word' id='word_1_378' title='bbox 1042 1715 1100 1739; x_wconf 89' lang='lat' dir='ltr'><strong>nos</strong></span> <span class='ocrx_word' id='word_1_379' title='bbox 1125 1711 1157 1739; x_wconf 89' lang='lat' dir='ltr'><strong>et</strong></span> <span class='ocrx_word' id='word_1_380' title='bbox 1182 1706 1445 1750; x_wconf 79' lang='lat' dir='ltr'><strong>praedecessores</strong></span> <span class='ocrx_word' id='word_1_381' title='bbox 1478 1711 1605 1738; x_wconf 88' lang='lat' dir='ltr'><strong>nostros</strong></span> <span class='ocrx_word' id='word_1_382' title='bbox 1633 1717 1710 1749; x_wconf 89' lang='lat' dir='ltr'><strong>quo-</strong></span> 
     </span>
     <span class='ocr_line' id='line_1_58' title="bbox 966 1759 1709 1799; baseline 0 -8"><span class='ocrx_word' id='word_1_383' title='bbox 966 1759 1143 1792; x_wconf 77' lang='lat' dir='ltr'><strong>modolibet</strong></span> <span class='ocrx_word' id='word_1_384' title='bbox 1167 1770 1393 1798; x_wconf 77' lang='lat' dir='ltr'><strong>concessarum</strong></span> <span class='ocrx_word' id='word_1_385' title='bbox 1424 1759 1573 1799; x_wconf 84' lang='lat' dir='ltr'><strong>sormam,</strong></span> <span class='ocrx_word' id='word_1_386' title='bbox 1605 1759 1709 1791; x_wconf 91' lang='lat' dir='ltr'><strong>conti-</strong></span> 
     </span>
     <span class='ocr_line' id='line_1_59' title="bbox 966 1813 1711 1856; baseline 0 -11"><span class='ocrx_word' id='word_1_387' title='bbox 966 1814 1105 1846; x_wconf 79' lang='lat' dir='ltr'><strong>nentiam</strong></span> <span class='ocrx_word' id='word_1_388' title='bbox 1124 1818 1156 1846; x_wconf 92' lang='lat' dir='ltr'><strong>et</strong></span> <span class='ocrx_word' id='word_1_389' title='bbox 1175 1819 1332 1853; x_wconf 81' lang='lat' dir='ltr'><strong>tenorem,</strong></span> <span class='ocrx_word' id='word_1_390' title='bbox 1355 1813 1498 1856; x_wconf 84' lang='lat' dir='ltr'><strong>plenarie</strong></span> <span class='ocrx_word' id='word_1_391' title='bbox 1515 1818 1547 1845; x_wconf 84' lang='lat' dir='ltr'><strong>et</strong></span> <span class='ocrx_word' id='word_1_392' title='bbox 1568 1813 1711 1845; x_wconf 78' lang='lat' dir='ltr'><strong>totaliter</strong></span> 
     </span>
     <span class='ocr_line' id='line_1_60' title="bbox 964 1866 1706 1911; baseline -0.001 -12"><span class='ocrx_word' id='word_1_393' title='bbox 964 1868 1143 1911; x_wconf 78' lang='lat' dir='ltr'><strong>exequendi</strong></span> <span class='ocrx_word' id='word_1_394' title='bbox 1186 1873 1217 1900; x_wconf 90' lang='lat' dir='ltr'><strong>et</strong></span> <span class='ocrx_word' id='word_1_395' title='bbox 1254 1866 1436 1899; x_wconf 79' lang='lat' dir='ltr'><strong>executioni</strong></span> <span class='ocrx_word' id='word_1_396' title='bbox 1475 1866 1706 1905; x_wconf 85' lang='lat' dir='ltr'><strong>demandandi,</strong></span> 
     </span>
     <span class='ocr_line' id='line_1_61' title="bbox 964 1920 1710 1965; baseline -0.003 -11"><span class='ocrx_word' id='word_1_397' title='bbox 964 1922 1178 1965; x_wconf 84' lang='lat' dir='ltr'><strong>mandataque</strong></span> <span class='ocrx_word' id='word_1_398' title='bbox 1194 1920 1359 1954; x_wconf 78' lang='lat' dir='ltr'><strong>executiva</strong></span> <span class='ocrx_word' id='word_1_399' title='bbox 1378 1925 1410 1953; x_wconf 66' lang='lat' dir='ltr'><strong>et,</strong></span> <span class='ocrx_word' id='word_1_400' title='bbox 1429 1920 1490 1952; x_wconf 85' lang='lat' dir='ltr'><strong>alia</strong></span> <span class='ocrx_word' id='word_1_401' title='bbox 1506 1920 1710 1963; x_wconf 86' lang='lat' dir='ltr'><strong>quomodoli-</strong></span> 
     </span>
     <span class='ocr_line' id='line_1_62' title="bbox 962 1973 1709 2017; baseline -0.003 -10"><span class='ocrx_word' id='word_1_402' title='bbox 962 1976 1014 2007; x_wconf 81' lang='lat' dir='ltr'><strong>bet</strong></span> <span class='ocrx_word' id='word_1_403' title='bbox 1039 1974 1220 2007; x_wconf 77' lang='lat' dir='ltr'><strong>necessaria</strong></span> <span class='ocrx_word' id='word_1_404' title='bbox 1245 1979 1277 2006; x_wconf 88' lang='lat' dir='ltr'><strong>et</strong></span> <span class='ocrx_word' id='word_1_405' title='bbox 1301 1978 1485 2017; x_wconf 86' lang='lat' dir='ltr'><strong>opportuna</strong></span> <span class='ocrx_word' id='word_1_406' title='bbox 1513 1973 1709 2005; x_wconf 86' lang='lat' dir='ltr'><strong>decernendi</strong></span> 
     </span>
     <span class='ocr_line' id='line_1_63' title="bbox 962 2026 1711 2066; baseline -0.004 -5"><span class='ocrx_word' id='word_1_407' title='bbox 962 2034 993 2061; x_wconf 89' lang='lat' dir='ltr'><strong>et</strong></span> <span class='ocrx_word' id='word_1_408' title='bbox 1014 2029 1070 2061; x_wconf 86' lang='lat' dir='ltr'><strong>rel</strong></span> <span class='ocrx_word' id='word_1_409' title='bbox 1064 2040 1110 2060; x_wconf 71' lang='lat' dir='ltr'><strong>axz</strong></span> <span class='ocrx_word' id='word_1_410' title='bbox 1112 2028 1198 2064; x_wconf 71' lang='grc' dir='ltr'>ιιιιὶί;</span> <span class='ocrx_word' id='word_1_411' title='bbox 1217 2038 1287 2063; x_wconf 82' lang='lat' dir='ltr'><strong>ac</strong></span> <span class='ocrx_word' id='word_1_412' title='bbox 1271 2038 1285 2066; x_wconf 65' lang='grc' dir='ltr'><em>ς</em></span> <span class='ocrx_word' id='word_1_413' title='bbox 1293 2037 1308 2059; x_wconf 87' lang='lat' dir='ltr'><strong>e</strong></span> <span class='ocrx_word' id='word_1_414' title='bbox 1312 2026 1465 2059; x_wconf 78' lang='lat' dir='ltr'><strong>ncralitel</strong></span> <span class='ocrx_word' id='word_1_415' title='bbox 1477 2026 1585 2058; x_wconf 89' lang='lat' dir='ltr'><strong>omnia</strong></span> <span class='ocrx_word' id='word_1_416' title='bbox 1602 2031 1633 2058; x_wconf 88' lang='lat' dir='ltr'><strong>et</strong></span> <span class='ocrx_word' id='word_1_417' title='bbox 1648 2026 1711 2058; x_wconf 88' lang='lat' dir='ltr'><strong>sin-</strong></span> 
     </span>
     <span class='ocr_line' id='line_1_64' title="bbox 962 2079 1710 2123; baseline -0.003 -9.997"><span class='ocrx_word' id='word_1_418' title='bbox 962 2082 1037 2123; x_wconf 49' lang='lat' dir='ltr'><strong>[ridi</strong></span> <span class='ocrx_word' id='word_1_419' title='bbox 1065 2081 1140 2119; x_wconf 69' lang='grc' dir='ltr'>ι,ι1ἰ3</span> <span class='ocrx_word' id='word_1_420' title='bbox 1167 2091 1249 2123; x_wconf 87' lang='lat' dir='ltr'><strong>quae</strong></span> <span class='ocrx_word' id='word_1_421' title='bbox 1281 2080 1313 2112; x_wconf 90' lang='lat' dir='ltr'><strong>in</strong></span> <span class='ocrx_word' id='word_1_422' title='bbox 1345 2079 1528 2122; x_wconf 74' lang='lat' dir='ltr'><strong>piaeniissis</strong></span> <span class='ocrx_word' id='word_1_423' title='bbox 1560 2079 1710 2112; x_wconf 83' lang='lat' dir='ltr'><strong>omnibus</strong></span> 
     </span>
    </p>
   </div>
   <div class='ocr_carea' id='block_1_11' title="bbox 177 2122 1755 2235">
    <p class='ocr_par' dir='ltr' id='par_1_11' title="bbox 177 2122 1755 2235">
     <span class='ocr_line' id='line_1_65' title="bbox 177 2122 1711 2177; baseline 0.001 -14"><span class='ocrx_word' id='word_1_424' title='bbox 177 2141 383 2175; x_wconf 86' lang='lat' dir='ltr'><strong>quacumque</strong></span> <span class='ocrx_word' id='word_1_425' title='bbox 425 2133 616 2165; x_wconf 82' lang='lat' dir='ltr'><strong>auctmitate</strong></span> <span class='ocrx_word' id='word_1_426' title='bbox 650 2133 856 2176; x_wconf 55' lang='lat' dir='ltr'><strong>sumentibus</strong></span> <span class='ocrx_word' id='word_1_427' title='bbox 895 2122 994 2177; x_wconf 71' lang='lat' dir='ltr'><strong>etfet</strong></span> <span class='ocrx_word' id='word_1_428' title='bbox 1022 2133 1090 2175; x_wconf 60' lang='lat' dir='ltr'><strong>sing</strong></span> <span class='ocrx_word' id='word_1_429' title='bbox 1088 2135 1127 2165; x_wconf 77' lang='lat' dir='ltr'><strong>·lu</strong></span> <span class='ocrx_word' id='word_1_430' title='bbox 1133 2134 1157 2165; x_wconf 81' lang='lat' dir='ltr'><strong>is</strong></span> <span class='ocrx_word' id='word_1_431' title='bbox 1185 2132 1427 2176; x_wconf 88' lang='lat' dir='ltr'><strong>quomodolibet</strong></span> <span class='ocrx_word' id='word_1_432' title='bbox 1461 2131 1643 2165; x_wconf 84' lang='lat' dir='ltr'><strong>necessaria</strong></span> <span class='ocrx_word' id='word_1_433' title='bbox 1680 2137 1711 2165; x_wconf 90' lang='lat' dir='ltr'><strong>et</strong></span> 
     </span>
     <span class='ocr_line' id='line_1_66' title="bbox 177 2184 1755 2235; baseline 0.001 -19"><span class='ocrx_word' id='word_1_434' title='bbox 177 2184 347 2224; x_wconf 78' lang='lat' dir='ltr'><strong>sunctutis,</strong></span> <span class='ocrx_word' id='word_1_435' title='bbox 373 2185 433 2218; x_wconf 89' lang='lat' dir='ltr'><strong>sub</strong></span> <span class='ocrx_word' id='word_1_436' title='bbox 462 2185 622 2218; x_wconf 80' lang='lat' dir='ltr'><strong>similibus</strong></span> <span class='ocrx_word' id='word_1_437' title='bbox 646 2187 824 2228; x_wconf 79' lang='lat' dir='ltr'><strong>sententiis,</strong></span> <span class='ocrx_word' id='word_1_438' title='bbox 852 2198 945 2221; x_wconf 87' lang='lat' dir='ltr'><strong>cen-</strong></span> <span class='ocrx_word' id='word_1_439' title='bbox 962 2192 1145 2229; x_wconf 81' lang='lat' dir='ltr'><strong>oppoituua</strong></span> <span class='ocrx_word' id='word_1_440' title='bbox 1166 2187 1296 2225; x_wconf 75' lang='lat' dir='ltr'><strong>suetint,</strong></span> <span class='ocrx_word' id='word_1_441' title='bbox 1316 2184 1466 2224; x_wconf 73' lang='lat' dir='ltr'><strong>faciendi,</strong></span> <span class='ocrx_word' id='word_1_442' title='bbox 1487 2185 1628 2224; x_wconf 83' lang='lat' dir='ltr'><strong>dicendi,</strong></span> <span class='ocrx_word' id='word_1_443' title='bbox 1654 2196 1710 2228; x_wconf 73' lang='lat' dir='ltr'><strong>gc·</strong></span> <span class='ocrx_word' id='word_1_444' title='bbox 1752 2230 1755 2235; x_wconf 34' lang='grc'><strong>-</strong></span> 
     </span>
    </p>
   </div>
   <div class='ocr_carea' id='block_1_12' title="bbox 177 2219 1711 2339">
    <p class='ocr_par' dir='ltr' id='par_1_12' title="bbox 177 2219 1711 2339">
     <span class='ocr_line' id='line_1_67' title="bbox 177 2219 1710 2284; baseline 0.001 -15"><span class='ocrx_word' id='word_1_445' title='bbox 177 2237 263 2270; x_wconf 87' lang='lat' dir='ltr'><strong>suris</strong></span> <span class='ocrx_word' id='word_1_446' title='bbox 279 2241 311 2270; x_wconf 70' lang='lat' dir='ltr'><strong>et</strong></span> <span class='ocrx_word' id='word_1_447' title='bbox 329 2237 453 2282; x_wconf 85' lang='lat' dir='ltr'><strong>poenis,</strong></span> <span class='ocrx_word' id='word_1_448' title='bbox 476 2244 541 2271; x_wconf 81' lang='lat' dir='ltr'><strong>tam</strong></span> <span class='ocrx_word' id='word_1_449' title='bbox 562 2239 594 2271; x_wconf 87' lang='lat' dir='ltr'><strong>in</strong></span> <span class='ocrx_word' id='word_1_450' title='bbox 609 2239 694 2272; x_wconf 72' lang='lat' dir='ltr'><strong>dit-ta</strong></span> <span class='ocrx_word' id='word_1_451' title='bbox 714 2240 809 2273; x_wconf 79' lang='lat' dir='ltr'><strong>Curia</strong></span> <span class='ocrx_word' id='word_1_452' title='bbox 827 2252 925 2284; x_wconf 89' lang='lat' dir='ltr'><strong>quam</strong></span> <span class='ocrx_word' id='word_1_453' title='bbox 941 2219 946 2261; x_wconf 70' lang='grc' dir='ltr'>Ι</span> <span class='ocrx_word' id='word_1_454' title='bbox 963 2240 1065 2279; x_wconf 79' lang='lat' dir='ltr'><strong>tendi,</strong></span> <span class='ocrx_word' id='word_1_455' title='bbox 1086 2239 1273 2279; x_wconf 80' lang='lat' dir='ltr'><strong>exercendi,</strong></span> <span class='ocrx_word' id='word_1_456' title='bbox 1292 2238 1477 2275; x_wconf 81' lang='lat' dir='ltr'><strong>mandandi,</strong></span> <span class='ocrx_word' id='word_1_457' title='bbox 1503 2239 1710 2274; x_wconf 78' lang='lat' dir='ltr'><strong>decetne-ndi</strong></span> 
     </span>
     <span class='ocr_line' id='line_1_68' title="bbox 177 2267 1711 2339; baseline -0.001 -16"><span class='ocrx_word' id='word_1_458' title='bbox 177 2296 268 2324; x_wconf 79' lang='lat' dir='ltr'><strong>extra</strong></span> <span class='ocrx_word' id='word_1_459' title='bbox 291 2301 374 2332; x_wconf 89' lang='lat' dir='ltr'><strong>eam,</strong></span> <span class='ocrx_word' id='word_1_460' title='bbox 401 2291 537 2324; x_wconf 85' lang='lat' dir='ltr'><strong>ubilibet</strong></span> <span class='ocrx_word' id='word_1_461' title='bbox 564 2292 744 2331; x_wconf 84' lang='lat' dir='ltr'><strong>inhibendi,</strong></span> <span class='ocrx_word' id='word_1_462' title='bbox 776 2294 923 2327; x_wconf 86' lang='lat' dir='ltr'><strong>detinen-</strong></span> <span class='ocrx_word' id='word_1_463' title='bbox 941 2267 1136 2339; x_wconf 65' lang='grc' dir='ltr'>ἰειιιιιιριιιὶί,</span> <span class='ocrx_word' id='word_1_464' title='bbox 1163 2291 1333 2325; x_wconf 86' lang='lat' dir='ltr'><strong>ordinandi</strong></span> <span class='ocrx_word' id='word_1_465' title='bbox 1356 2297 1385 2323; x_wconf 88' lang='lat' dir='ltr'><strong>et</strong></span> <span class='ocrx_word' id='word_1_466' title='bbox 1419 2291 1608 2334; x_wconf 79' lang='lat' dir='ltr'><strong>exequendi,</strong></span> <span class='ocrx_word' id='word_1_467' title='bbox 1644 2291 1711 2334; x_wconf 82' lang='lat' dir='ltr'><strong>ple-</strong></span> 
     </span>
    </p>
   </div>
   <div class='ocr_carea' id='block_1_13' title="bbox 158 2340 1906 2580">
    <p class='ocr_par' dir='ltr' id='par_1_13' title="bbox 178 2340 1709 2384">
     <span class='ocr_line' id='line_1_69' title="bbox 178 2340 1709 2384; baseline -0.001 -11"><span class='ocrx_word' id='word_1_468' title='bbox 178 2344 226 2373; x_wconf 85' lang='lat' dir='ltr'><strong>tes</strong></span> <span class='ocrx_word' id='word_1_469' title='bbox 248 2351 474 2384; x_wconf 85' lang='lat' dir='ltr'><strong>quoscumque</strong></span> <span class='ocrx_word' id='word_1_470' title='bbox 494 2341 605 2380; x_wconf 88' lang='lat' dir='ltr'><strong>libros,</strong></span> <span class='ocrx_word' id='word_1_471' title='bbox 628 2342 816 2384; x_wconf 77' lang='lat' dir='ltr'><strong>scripturas,</strong></span> <span class='ocrx_word' id='word_1_472' title='bbox 836 2354 924 2376; x_wconf 87' lang='lat' dir='ltr'><strong>com-</strong></span> <span class='ocrx_word' id='word_1_473' title='bbox 941 2342 1048 2379; x_wconf 80' lang='grc' dir='ltr'>ιιιιιιι,</span> <span class='ocrx_word' id='word_1_474' title='bbox 1082 2341 1217 2373; x_wconf 85' lang='lat' dir='ltr'><strong>liberam</strong></span> <span class='ocrx_word' id='word_1_475' title='bbox 1257 2346 1288 2373; x_wconf 90' lang='lat' dir='ltr'><strong>et</strong></span> <span class='ocrx_word' id='word_1_476' title='bbox 1321 2340 1540 2373; x_wconf 85' lang='lat' dir='ltr'><strong>omnimodam</strong></span> <span class='ocrx_word' id='word_1_477' title='bbox 1577 2340 1709 2372; x_wconf 74' lang='lat' dir='ltr'><strong>lac-ulta-</strong></span> 
     </span>
    </p>

    <p class='ocr_par' dir='ltr' id='par_1_14' title="bbox 178 2388 1711 2435">
     <span class='ocr_line' id='line_1_70' title="bbox 178 2388 1711 2435; baseline -0.002 -14"><span class='ocrx_word' id='word_1_478' title='bbox 178 2393 269 2431; x_wconf 86' lang='lat' dir='ltr'><strong>puta,</strong></span> <span class='ocrx_word' id='word_1_479' title='bbox 294 2388 508 2422; x_wconf 85' lang='lat' dir='ltr'><strong>instrumenta</strong></span> <span class='ocrx_word' id='word_1_480' title='bbox 529 2395 558 2421; x_wconf 86' lang='lat' dir='ltr'><strong>et</strong></span> <span class='ocrx_word' id='word_1_481' title='bbox 577 2389 638 2421; x_wconf 83' lang='lat' dir='ltr'><strong>alia</strong></span> <span class='ocrx_word' id='word_1_482' title='bbox 654 2390 848 2424; x_wconf 86' lang='lat' dir='ltr'><strong>documenta</strong></span> <span class='ocrx_word' id='word_1_483' title='bbox 863 2403 924 2435; x_wconf 83' lang='lat' dir='ltr'><strong>pu-</strong></span> <span class='ocrx_word' id='word_1_484' title='bbox 964 2396 1039 2430; x_wconf 86' lang='lat' dir='ltr'><strong>tem,</strong></span> <span class='ocrx_word' id='word_1_485' title='bbox 1071 2395 1260 2433; x_wconf 81' lang='lat' dir='ltr'><strong>potestatem</strong></span> <span class='ocrx_word' id='word_1_486' title='bbox 1281 2395 1311 2422; x_wconf 83' lang='lat' dir='ltr'><strong>ct</strong></span> <span class='ocrx_word' id='word_1_487' title='bbox 1338 2388 1564 2421; x_wconf 77' lang='lat' dir='ltr'><strong>auctoritatem</strong></span> <span class='ocrx_word' id='word_1_488' title='bbox 1593 2388 1711 2421; x_wconf 86' lang='lat' dir='ltr'><strong>habeat.</strong></span> 
     </span>
    </p>

    <p class='ocr_par' dir='ltr' id='par_1_15' title="bbox 158 2436 1276 2480">
     <span class='ocr_line' id='line_1_71' title="bbox 158 2436 1276 2480; baseline 0.001 -11"><span class='ocrx_word' id='word_1_489' title='bbox 158 2475 162 2480; x_wconf 43' lang='grc'>,</span> <span class='ocrx_word' id='word_1_490' title='bbox 176 2436 317 2470; x_wconf 87' lang='lat' dir='ltr'><strong>hlicavel</strong></span> <span class='ocrx_word' id='word_1_491' title='bbox 331 2437 452 2480; x_wconf 83' lang='lat' dir='ltr'><strong>privata</strong></span> <span class='ocrx_word' id='word_1_492' title='bbox 465 2438 626 2471; x_wconf 83' lang='lat' dir='ltr'><strong>dictarum</strong></span> <span class='ocrx_word' id='word_1_493' title='bbox 641 2438 923 2479; x_wconf 85' lang='lat' dir='ltr'><strong>conlidentiarum‚</strong></span> <span class='ocrx_word' id='word_1_494' title='bbox 962 2446 992 2472; x_wconf 82' lang='lat' dir='ltr'><strong>et</strong></span> <span class='ocrx_word' id='word_1_495' title='bbox 1017 2440 1047 2471; x_wconf 85' lang='grc' dir='ltr'><strong>Ιιι</strong></span> <span class='ocrx_word' id='word_1_496' title='bbox 1049 2439 1116 2471; x_wconf 75' lang='lat' dir='ltr'><strong>ibet</strong></span> <span class='ocrx_word' id='word_1_497' title='bbox 1119 2449 1135 2471; x_wconf 88' lang='lat' dir='ltr'><strong>c</strong></span> <span class='ocrx_word' id='word_1_498' title='bbox 1152 2439 1276 2471; x_wconf 83' lang='lat' dir='ltr'><strong>debeat</strong></span> 
     </span>
    </p>

    <p class='ocr_par' dir='ltr' id='par_1_16' title="bbox 178 2485 1906 2580">
     <span class='ocr_line' id='line_1_72' title="bbox 178 2485 1906 2531; baseline 0 -13"><span class='ocrx_word' id='word_1_499' title='bbox 178 2495 290 2525; x_wconf 80' lang='lat' dir='ltr'><strong>causas</strong></span> <span class='ocrx_word' id='word_1_500' title='bbox 307 2485 417 2531; x_wconf 72' lang='lat' dir='ltr'><strong>etiam}</strong></span> <span class='ocrx_word' id='word_1_501' title='bbox 442 2492 477 2519; x_wconf 86' lang='lat' dir='ltr'><strong>ut</strong></span> <span class='ocrx_word' id='word_1_502' title='bbox 496 2487 690 2529; x_wconf 78' lang='lat' dir='ltr'><strong>praefertur,</strong></span> <span class='ocrx_word' id='word_1_503' title='bbox 714 2487 825 2520; x_wconf 84' lang='lat' dir='ltr'><strong>mixtas</strong></span> <span class='ocrx_word' id='word_1_504' title='bbox 845 2498 925 2530; x_wconf 88' lang='lat' dir='ltr'><strong>quo·</strong></span> <span class='ocrx_word' id='word_1_505' title='bbox 1007 2488 1076 2529; x_wconf 53' lang='lat'><strong>§.6</strong></span> <span class='ocrx_word' id='word_1_506' title='bbox 1099 2488 1230 2531; x_wconf 86' lang='lat' dir='ltr'><strong>thuod</strong></span> <span class='ocrx_word' id='word_1_507' title='bbox 1243 2488 1384 2521; x_wconf 60' lang='lat' dir='ltr'><strong>ollii-ium</strong></span> <span class='ocrx_word' id='word_1_508' title='bbox 1398 2486 1711 2519; x_wconf 82' lang='lat' dir='ltr'><strong>notariatusearum-</strong></span> <span class='ocrx_word' id='word_1_509' title='bbox 1749 2495 1778 2516; x_wconf 67' lang='lat' dir='ltr'><strong>No</strong></span> <span class='ocrx_word' id='word_1_510' title='bbox 1782 2500 1868 2517; x_wconf 67' lang='lat' dir='ltr'><strong>[amm</strong></span> <span class='ocrx_word' id='word_1_511' title='bbox 1878 2497 1906 2516; x_wconf 54' lang='lat' dir='ltr'><strong>ms</strong></span> 
     </span>
     <span class='ocr_line' id='line_1_73' title="bbox 178 2506 1906 2580; baseline -0.001 -11"><span class='ocrx_word' id='word_1_512' title='bbox 178 2534 357 2580; x_wconf 78' lang='lat' dir='ltr'><strong>modolibet</strong></span> <span class='ocrx_word' id='word_1_513' title='bbox 375 2536 617 2577; x_wconf 85' lang='lat' dir='ltr'><strong>concernentia,</strong></span> <span class='ocrx_word' id='word_1_514' title='bbox 639 2536 677 2569; x_wconf 88' lang='lat' dir='ltr'><strong>ad</strong></span> <span class='ocrx_word' id='word_1_515' title='bbox 697 2536 751 2569; x_wconf 84' lang='lat' dir='ltr'><strong>itta</strong></span> <span class='ocrx_word' id='word_1_516' title='bbox 772 2536 924 2570; x_wconf 84' lang='lat' dir='ltr'><strong>exhiben-</strong></span> <span class='ocrx_word' id='word_1_517' title='bbox 964 2506 1034 2570; x_wconf 76' lang='lat' dir='ltr'><strong>lein</strong></span> <span class='ocrx_word' id='word_1_518' title='bbox 1060 2547 1231 2570; x_wconf 79' lang='lat' dir='ltr'><strong>causarum</strong></span> <span class='ocrx_word' id='word_1_519' title='bbox 1247 2537 1285 2571; x_wconf 89' lang='lat' dir='ltr'><strong>de</strong></span> <span class='ocrx_word' id='word_1_520' title='bbox 1298 2543 1417 2577; x_wconf 84' lang='lat' dir='ltr'><strong>cetero,</strong></span> <span class='ocrx_word' id='word_1_521' title='bbox 1439 2535 1604 2580; x_wconf 83' lang='lat' dir='ltr'><strong>petpetuis</strong></span> <span class='ocrx_word' id='word_1_522' title='bbox 1620 2535 1709 2568; x_wconf 86' lang='lat' dir='ltr'><strong>sutu-</strong></span> <span class='ocrx_word' id='word_1_523' title='bbox 1723 2527 1773 2547; x_wconf 69' lang='lat'><strong>“¹⁰¹⁵</strong></span> <span class='ocrx_word' id='word_1_524' title='bbox 1789 2529 1812 2547; x_wconf 70' lang='lat'><strong>”¹¹</strong></span> <span class='ocrx_word' id='word_1_525' title='bbox 1854 2531 1906 2548; x_wconf 70' lang='lat'><strong>‘¹¹‘¹⁰</strong></span> 
     </span>
    </p>
   </div>
   <div class='ocr_carea' id='block_1_14' title="bbox 1725 2559 1904 2581">
    <p class='ocr_par' dir='ltr' id='par_1_17' title="bbox 1725 2559 1904 2581">
     <span class='ocr_line' id='line_1_74' title="bbox 1725 2559 1904 2581; baseline 0 -2"><span class='ocrx_word' id='word_1_526' title='bbox 1725 2561 1781 2580; x_wconf 74' lang='lat' dir='ltr'><strong>talus</strong></span> <span class='ocrx_word' id='word_1_527' title='bbox 1813 2559 1859 2580; x_wconf 79' lang='lat' dir='ltr'><strong>unic</strong></span> <span class='ocrx_word' id='word_1_528' title='bbox 1863 2559 1904 2581; x_wconf 87' lang='lat' dir='ltr'><strong>ium</strong></span> 
     </span>
    </p>
   </div>
   <div class='ocr_carea' id='block_1_15' title="bbox 0 0 174 3228">
    <p class='ocr_par' dir='ltr' id='par_1_18' title="bbox 0 0 174 3228">
     <span class='ocr_line' id='line_1_75' title="bbox 0 0 174 3228; baseline 0 0"><span class='ocrx_word' id='word_1_529' title='bbox 0 0 174 3228; x_wconf 95' lang='lat' dir='ltr'><strong> </strong></span> 
     </span>
    </p>
   </div>
  </div>
 </body>
</html>
