2059 3228
27 208 113 243 [mc.
130 209 198 238 ¹587

212 259 475 305 pugnationibus,
494 258 732 293 toto'Yerrarum
754 257 830 291 orbe
843 259 957 292 ditl'usa

212 314 351 354 floreret,
387 313 556 357 omnisque
594 313 702 355 lingua
735 312 956 352 confiteretur,

211 367 365 411 quoniam
377 367 531 400 Dominus
551 367 637 398 lesus
657 365 842 398 Cliristusin
857 365 958 407 gloria

211 427 258 455 est
276 421 331 454 Dei
352 421 464 454 Patris.
481 421 599 454 Eorum
612 430 686 453 sane
708 419 862 462 ipsorum,
878 429 959 461 quos

210 475 376 509 constituit
394 475 549 508 Dominus
568 478 824 517 propugnatores
852 477 883 506 et
907 472 959 505 de-

210 529 353 562 fensores
373 528 534 561 Ecclesiae
554 538 643 567 suae,
670 526 807 559 illustria
827 526 878 570 pie
891 536 958 558 rec-

210 588 305 625 teque
331 583 487 615 t'actorum
502 581 663 624 exempla,
685 580 724 612 ad
745 589 872 612 omnem
894 579 960 621 glo-

210 635 291 668 riam
319 635 468 678 insignia,
502 633 754 676 imitationisque
784 633 890 666 studio
914 632 961 665 di-

209 688 374 731 gnissima,
387 698 424 721 ac
436 687 551 720 merita
564 686 738 730 praeclara,
750 696 823 718 cum
833 696 960 730 semper

209 753 268 787 pro
288 742 369 785 grati
390 742 423 774 in
442 752 497 775 eos
531 741 630 773 animi
654 740 822 773 testatione
843 746 874 773 et
894 740 960 773 offi-

209 795 262 830 cio
293 805 550 829 commemorare
588 794 764 834 debemus,
786 799 867 834 tum,
898 794 960 827 hoc

209 848 414 894 potissimum
440 853 598 891 tempore,
626 857 691 891 quo
724 846 816 879 nobis
847 857 959 880 eorum

38 935 41 938 ⁴
209 901 400 935 memoriam
433 900 610 933 renovandi
639 899 775 932 miritica
808 899 960 932 divinitus

35 960 49 1003 f·
209 954 316 988 oblata
335 960 383 988 est
417 954 556 994 occasio,
583 953 615 986 id
642 952 819 996 impensius
843 952 960 986 facien-

34 1001 46 1042 5²
211 1008 290 1042 dum
309 1008 518 1042 arbitramur.

255 1063 271 1107 ᾗ
289 1062 322 1095 t.
343 1062 436 1102 Nam,
449 1072 523 1095 cum
539 1061 578 1094 ab
598 1060 667 1104 ipso
677 1060 778 1094 nostri
794 1060 960 1104 pontifica-

39 1108 65 1148 ἰή
81 1115 197 1161 νὀιυιυγις-
210 1121 261 1150 tus
279 1115 385 1156 initio,
399 1115 439 1148 ad
459 1114 677 1148 exornandam
698 1114 787 1147 novis
807 1114 960 1147 aedificiis

33 1156 197 1209 ’‘Lmffi'ssss'.
211 1170 458 1203 Lateranensem
468 1169 644 1213 praecipue
664 1168 844 1208 basilicam,
863 1168 960 1201 nullis

75 1219 137 1277 plur-n
151 1249 198 1270 im·
212 1222 555 1267 parcentesimpensis,
567 1222 710 1255 animum
724 1221 956 1261 adiicissemus,

31 1282 197 1335 ffiffrffirffi
212 1276 364 1311 effectum
384 1281 443 1316 est,
464 1286 530 1309 non
543 1275 681 1309 obseura
701 1274 826 1307 divinae
846 1274 959 1307 volun-

31 1346 102 1365 nmm
113 1328 199 1364 nomini
212 1329 286 1364 tatis
304 1328 550 1373 significatione,
581 1334 617 1361 ut
647 1328 859 1361 demoliendis
888 1328 960 1370 qui-

29 1374 199 1428 ζ’ἱῗξῗζζξξ·
211 1382 347 1416 busdam
367 1382 460 1415 aulae
479 1381 699 1414 Lateranensis
714 1381 903 1424 pervetustis
923 1391 960 1414 ac

27 1437 169 1464 ⁸³·'ffi0'i002-
212 1447 297 1481 pene
312 1435 547 1470 collabentibus
576 1434 764 1478 parietibus,
792 1434 961 1478 complura

212 1490 344 1534 antiqua
363 1489 540 1522 diversisin
561 1488 640 1522 locis
661 1488 825 1521 recondita
840 1488 960 1521 numis-

213 1549 312 1584 mata,
325 1554 363 1576 ex
381 1553 461 1576 auro
479 1542 651 1586 purissimo
673 1542 787 1586 obryzo
801 1542 958 1581 confecta,

212 1596 445 1637 invenirentur,
472 1597 504 1629 in
524 1597 644 1640 quibus
661 1607 696 1629 ex
717 1606 782 1628 una
802 1602 893 1640 parte
912 1607 961 1629 sa-

211 1650 361 1684 lutiferae
381 1650 488 1683 crucis
508 1650 633 1692 signum
654 1656 708 1682 aut
728 1649 833 1692 imago
853 1649 960 1692 aliqua

212 1701 325 1734 eadem
346 1710 442 1733 cruce
459 1700 612 1743 insignita
628 1699 781 1739 cernitur,
804 1710 841 1732 ex
861 1699 960 1732 altera

161 1764 165 1771 ·
211 1763 286 1786 vero
305 1753 412 1786 vultus
430 1753 616 1796 effigiesque
633 1762 800 1795 expressae
823 1757 897 1784 sunt
914 1752 960 1783 di-

209 1815 376 1839 versorum
396 1810 553 1846 veterum,
579 1805 636 1849 qui
655 1810 728 1838 ante
748 1814 849 1837 annos
864 1804 959 1837 circi-

211 1865 260 1893 ter
279 1859 368 1893 mille
396 1859 589 1898 ssoruerunn
615 1864 825 1902 augustorum
856 1858 958 1901 impe-

210 1918 376 1953 ratorum,
403 1913 556 1946 nimirum
587 1912 758 1945 Theodosii
788 1912 956 1952 senior-iis,

212 1967 353 2000 duorum
369 1966 511 2000 filiorum
533 1966 601 2000 eius
616 1966 742 1999 Arcadii
759 1972 790 1998 et
810 1966 956 2005 Honorii,

212 2030 340 2053 necnon
372 2020 544 2053 Theodosii
576 2019 720 2060 iunioris,
746 2018 958 2052 Valentiniani

212 2073 310 2114 tertii,
323 2073 486 2113 Marciani,
506 2074 630 2113 Leonis,
646 2072 957 2113 lustini‚1ustiniani,

210 2126 350 2171 Tyberii,
367 2127 516 2167 Mauritii,
532 2127 657 2160 Phocae
673 2132 703 2159 et.
723 2126 873 2166 Heraclii,
891 2126 957 2169 qui,

211 2180 269 2213 etsi
291 2180 389 2224 longo
413 2181 561 2214 locorum
590 2180 757 2212 intervallo
791 2179 954 2220 disiuncti,

211 2233 325 2267 urbem
336 2233 523 2267 Romamne
543 2235 676 2267 sortasse
696 2233 825 2276 quidem
846 2243 958 2266 omnes

210 2296 367 2330 umquam
390 2287 539 2328 viderint,
561 2287 664 2330 Magni
681 2292 787 2319 tamen
806 2286 958 2319 Constan-

210 2339 269 2371 tini
289 2340 424 2383 piissimi
444 2341 648 2384 imperatoris
668 2340 814 2383 exemplo
835 2346 863 2372 et
884 2351 957 2372 mu-

209 2387 374 2422 nificentia
398 2390 538 2431 excitati,
565 2390 603 2422 ad
630 2388 857 2422 declarandum
888 2388 955 2432 pie-

209 2438 281 2471 tatis
300 2448 376 2471 suae
396 2439 537 2472 studium
558 2449 633 2481 erga
652 2438 808 2481 gloriosos
827 2444 955 2480 aposto·

208 2487 314 2520 lorum
330 2487 492 2532 principes
507 2494 537 2521 et
549 2487 734 2520 fortissimos
746 2486 861 2519 Christi
874 2497 956 2519 mar-

209 2541 305 2579 tyres,
334 2546 474 2579 quorum
499 2536 743 2570 innumerabilis
781 2536 954 2568 multitudo

208 2583 240 2618 in
260 2584 320 2618 hac
343 2591 452 2619 sancta
472 2586 598 2620 civitate
619 2584 803 2629 requiescit,
831 2590 862 2618 et
878 2595 957 2628 quo—

49 3153 65 3171 i(

47 3189 77 3228 ,ΒΓ

860 205 963 230 Stx'rus
985 205 1003 228 V
1023 205 1070 229 Pr’.

1638 193 1701 228 967

1000 268 1071 290 rum
1096 254 1256 301 praesenti
1277 266 1337 300 ope
1357 261 1389 290 et
1412 256 1531 291 auxilio
1555 256 1641 290 domi
1655 258 1746 291 t'oris-

999 322 1061 354 que
1078 311 1158 343 votis
1177 310 1333 354 susceptis
1351 321 1445 355 saepe
1461 321 1597 345 numero
1613 322 1745 357 rempu-

1001 363 1115 397 blicam
1140 364 1264 396 sortiter
1291 369 1323 397 ct
1346 365 1483 398 feliciter
1501 365 1745 399 administrave-

1001 422 1081 457 rant,
1104 422 1134 450 et
1151 417 1343 451 clarissimas
1371 418 1409 452 de
1428 418 1574 452 hostibus
1597 420 1746 453 victorias

1000 475 1250 514 reportaverant,
1279 472 1374 505 huius
1399 473 1501 506 almae
1521 473 1614 507 Urbis
1639 484 1745 507 sacras

999 522 1158 564 basilicas,
1197 530 1292 567 atquc
1326 526 1409 558 hanc
1439 526 1471 558 in
1498 526 1610 569 primis
1639 537 1745 559 sacro-

999 582 1139 610 sanctam
1159 577 1417 618 Lateranensem‚
1444 580 1586 613 donariis
1605 585 1635 613 et
1655 580 1744 613 obla-

998 630 1139 664 tionibus
1159 633 1418 676 quamplurimis,
1441 633 1598 675 augustali
1628 633 1745 677 pietate

1000 689 1031 717 et
1050 684 1288 727 magnificentia
1316 686 1429 729 dignis,
1455 687 1672 728 cumularunt,
1699 687 1746 720 di-

999 737 1163 781 versisque
1187 744 1242 771 aut
1266 749 1421 772 novorum
1443 740 1665 773 aedificiorum
1695 752 1746 773 cx-

999 790 1225 832 tructionibus,
1238 798 1292 825 aut
1306 799 1449 826 veterum
1459 793 1745 826 instaurationibus

1001 854 1058 886 pro
1083 849 1264 888 temporum
1285 845 1434 879 varietate
1458 852 1625 879 ornarunt.
1654 846 1743 885 Quod

999 907 1073 929 cum
1097 897 1160 930 alia
1184 899 1285 931 multa
1305 898 1504 943 antiquitatis
1521 905 1742 940 monumenta,

998 955 1067 983 tum
1092 952 1139 984 vel
1159 951 1239 985 haec
1269 953 1336 996 ipsa
1363 963 1467 997 nuper
1495 958 1623 997 reperta
1647 964 1745 987 aurea

999 1009 1044 1037 tot
1064 1004 1257 1048 inclytorum
1290 1006 1523 1050 imperatorum
1553 1007 1745 1040 numismata

1000 1062 1167 1098 testantur,
1195 1059 1345 1101 religioso
1365 1060 1459 1103 plane
1480 1060 1614 1093 consilio
1636 1066 1665 1093 et
1691 1071 1745 1093 oc-

999 1111 1086 1144 culto
1106 1112 1244 1155 quodam
1263 1113 1316 1145 Dei
1338 1113 1503 1153 instinctu,
1530 1114 1561 1146 in
1586 1114 1635 1146 liis
1658 1113 1748 1147 aedi-

1000 1165 1080 1198 ficiis
1116 1166 1268 1210 reposita,
1304 1172 1340 1199 ut
1376 1172 1448 1210 post
1480 1167 1581 1199 multa
1620 1168 1748 1204 saecula

999 1218 1173 1261 aliquando
1192 1219 1322 1252 tandein
1339 1222 1496 1263 patefacta
1520 1220 1551 1252 in
1574 1220 1744 1264 lucemque

999 1271 1134 1314 prolata,
1168 1273 1358 1306 eorumdem
1383 1273 1614 1317 imperatorum
1641 1274 1749 1317 singu-

1001 1324 1099 1357 larem
1142 1324 1332 1367 religionem
1376 1331 1406 1358 et
1444 1331 1632 1369 perpetuam
1672 1337 1747 1369 erga

999 1381 1141 1411 sancta'm
1161 1378 1337 1411 Romanam
1350 1378 1523 1412 Ecclesiam
1543 1379 1745 1412 devotionem

999 1431 1115 1473 insigni
1132 1432 1218 1476 apud
1239 1439 1384 1475 posteros
1400 1432 1582 1466 testimonio
1599 1443 1746 1476 compro-

999 1484 1123 1518 barent.
1145 1486 1212 1524 Qua
1231 1486 1263 1518 in
1292 1496 1326 1519 re
1350 1485 1487 1518 divinam
1513 1486 1744 1529 providentiam

1000 1539 1212 1581 agnoscimus,
1224 1540 1418 1583 suspicimus
1429 1546 1524 1584 atque
1536 1540 1741 1580 admiramur

998 1592 1085 1635 quod
1106 1593 1294 1626 calamitoso
1313 1593 1375 1626 hoc
1396 1599 1553 1637 tempore,
1576 1604 1648 1626 cum
1680 1599 1743 1625 tam

999 1646 1090 1678 multi
1112 1646 1215 1679 crucis
1235 1646 1350 1679 Christi
1371 1646 1497 1679 Domini
1514 1647 1620 1679 hostes
1635 1647 1705 1679 cath
1732 1666 1745 1671 -

999 1698 1068 1731 licae
1080 1698 1155 1732 fidei
1167 1699 1330 1732 veritatem
1344 1699 1532 1742 impiissime
1544 1658 1743 1747 oppugnanz,

999 1752 1239 1795 praedictorum
1251 1753 1482 1795 imperatorum
1495 1752 1615 1794 effigies
1631 1753 1661 1785 in
1678 1752 1745 1796 ipsa

998 1805 1202 1839 Lateranensi
1235 1806 1379 1846 basilica,
1407 1805 1460 1839 ubi
1499 1805 1624 1848 primus
1661 1806 1745 1838 idem

998 1858 1129 1901 Magnus
1152 1859 1377 1892 Constantinus
1400 1860 1561 1901 Augustus
1584 1859 1666 1892 sacri
1691 1859 1745 1891 ba-

1000 1912 1106 1955 ptismi
1126 1913 1253 1946 lavacro
1270 1913 1462 1946 emundatus
1481 1918 1539 1952 est,
1561 1912 1657 1945 simul
1692 1923 1743 1945 re-

1001 1966 1098 2008 periri
1112 1966 1258 2007 voluerit,
1270 1977 1352 2009 quae
1369 1976 1527 1999 summam
1539 1976 1650 1998 eorum
1667 1976 1742 2012 erga

999 2019 1237 2052 invictissimam
1272 2029 1400 2052 crucem
1428 2018 1578 2062 pietatem
1613 2024 1643 2051 et
1676 2017 1742 2051 exi-

1000 2072 1095 2104 miam
1112 2072 1301 2115 religionem
1335 2077 1444 2116 aperte
1479 2072 1650 2116 palamque
1670 2082 1743 2114 pro-

999 2125 1177 2158 fuerentur.

1043 2180 1058 2222 ἓ
1078 2178 1108 2211 ⁶2.
1131 2179 1301 2211 Theodosii
1321 2178 1419 2222 igitur
1438 2178 1573 2211 senioris
1598 2178 1740 2222 impera-

999 2233 1077 2265 toris
1096 2232 1327 2275 religiosissimi
1356 2232 1511 2265 memoria
1531 2232 1563 2264 in
1592 2231 1741 2266 benedic—

999 2286 1083 2318 tione
1103 2285 1153 2326 sit,
1172 2285 1227 2328 qui
1243 2296 1275 2318 se
1286 2285 1443 2318 Nicaenae
1456 2285 1529 2318 tidei
1541 2285 1740 2319 defensorem

993 2339 1191 2372 acerrimum
1207 2338 1375 2382 praestitit,
1395 2338 1448 2381 qui
1469 2339 1538 2381 lege
1559 2337 1654 2378 edita,
1669 2349 1740 2371 eam

998 2398 1030 2420 sc
1051 2393 1174 2420 tantum
1200 2388 1294 2420 fidem
1317 2387 1418 2430 sequi,
1451 2397 1547 2430 quam
1581 2397 1599 2419 a
1622 2387 1740 2419 beatis-

998 2437 1078 2469 simo
1110 2437 1254 2480 apostolo
1292 2437 1385 2469 Petro
1409 2436 1560 2469 Romanis
1593 2436 1740 2469 traditam

997 2486 1150 2518 Damasus
1168 2485 1312 2518 Pontifex
1331 2486 1476 2525 docebat,
1496 2485 1582 2529 apud
1608 2491 1741 2518 cunctos

998 2535 1135 2579 populos
1162 2535 1291 2578 publice
1319 2534 1506 2567 testificatus
1539 2540 1597 2573 θεὶς
1627 2534 1683 2576 qui
1706 2534 1740 2566 in

997 2584 1152 2618 ecclesiae
1164 2584 1253 2618 cultu
1263 2594 1300 2618 ac
1319 2584 1522 2618 veneratione
1537 2583 1738 2627 disciplinam

1753 187 1811 230 lin.
1827 200 1857 230 c.
1873 197 1948 231 {587'

1771 2185 1892 2221 *Theodosii
1906 2192 1940 2208 ne·

1755 2223 1829 2238 ulons.
