2059 3228
51 194 55 199 ’
104 211 156 240 An.
172 212 202 241 c.
220 214 289 243 1585

109 1175 216 1197 Clausulas
227 1181 277 1196 con-

95 1211 114 1228 tr
122 1213 206 1226 morum
217 1207 280 1227 dero-

96 1238 187 1262 gaterius
197 1237 277 1259 subdit.

347 202 409 235 618

302 269 432 302 stentes‚
459 265 646 302 ceterosque
679 266 802 296 omnes,
824 265 907 299 quos
931 255 1052 288 eaedem

302 320 486 362 praesentes
513 310 757 357 quomodolibet
790 314 991 343 concernunt
1021 313 1052 342 et

303 372 498 403 concernent
519 366 551 398 in
571 365 738 404 futurum,
760 362 823 396 illis
849 362 1000 396 omnibus
1021 367 1051 395 et

301 421 436 465 singulis
450 419 584 464 pacifice
601 418 664 451 frui
684 423 715 450 et
730 416 885 459 gaudere,
898 426 962 449 non
979 426 1051 459 per—

302 475 464 508 mittentes
483 484 538 507 eos
555 473 605 506 vel
625 470 811 516 quempiam
827 480 865 503 ex
884 469 974 513 ipsiS,
997 469 1051 501 de-

300 539 399 572 super
417 538 476 572 per
498 535 720 570 quoscumque
744 523 1049 569 quomodolibetin-

300 581 405 615 debite
433 579 610 621 molestari,
637 577 822 623 perturbari
844 577 892 610 vel
923 576 1049 620 inquic-

299 634 370 667 tari.
385 633 646 668 Contradictores
666 631 827 676 quoslibet
852 635 883 663 et
897 629 1045 668 rebelles,

297 699 357 733 per
379 687 563 727 sententias,
586 696 738 720 censuras
757 690 788 718 et
806 693 925 728 poenas
950 683 1049 716 ecclc-

296 741 438 775 siasticas
471 741 600 784 aliaque
619 744 805 784 opportuna
825 737 904 770 iuris
924 741 954 770 et
973 735 1047 768 sacti

296 795 451 835 remedia,
466 794 682 839 appellatione
702 791 891 837 postposita,
915 800 1046 833 compc-

295 849 437 890 scendo;
456 860 505 889 ac,
528 847 680 891 legitimis
700 856 798 890 super
816 845 867 878 his
889 843 1046 877 habendis

294 902 426 935 servatis
446 901 661 945 processibus,
682 899 867 939 sententias,
894 907 1047 931 censuras

294 961 325 988 et
345 966 465 998 poenas
485 955 570 999 ipsas
589 955 685 988 etiam
706 953 829 987 iteratis
848 951 973 985 vicibus
992 961 1045 993 ag-

292 1009 467 1053 gravando,
490 1009 635 1041 invocato
657 1007 753 1040 etiam
773 1007 812 1039 ad
827 1006 901 1047 hoc,
920 1005 946 1038 si
963 1014 1045 1048 opus

292 1063 403 1104 fuerit,
429 1062 550 1096 auxilio
563 1061 688 1095 brachii
709 1060 896 1094 saecularis.

337 1117 353 1160 ξ
376 1117 429 1150 14.
456 1117 527 1149 Non
546 1115 746 1149 obstantibus
765 1113 868 1158 priori
879 1113 1043 1146 voluntate

291 1176 414 1211 nostra,
437 1176 467 1203 et
486 1169 557 1202 aliis
576 1168 773 1213 pracmissis;
795 1178 832 1200 ac
847 1167 1043 1199 Lateranen-

292 1224 335 1258 sis
366 1222 495 1258 concilii
525 1222 698 1256 novissime
718 1220 883 1261 celebrati,
905 1220 1043 1253 uniones

291 1283 476 1323 perpetuas,
489 1276 550 1309 nisi
565 1277 599 1309 in
609 1276 736 1309 casibus
752 1285 770 1308 a
785 1274 855 1307 iure
867 1273 1042 1318 permissis,

292 1332 363 1365 fieri
388 1330 588 1375 prohibentis
601 1357 608 1370 ,
627 1339 754 1363 necnon
775 1327 847 1372 piae
866 1326 1043 1360 memoriae

293 1385 449 1418 Bonifacii
471 1385 576 1428 Papae
592 1383 706 1423 octavi,
729 1382 825 1416 etiam
851 1381 1045 1426 praedeces-

293 1439 375 1473 soris
398 1439 511 1479 nostri,
547 1438 642 1471 etiam
676 1437 731 1470 illa
764 1447 829 1480 qua
848 1440 979 1469 cavetur
1001 1445 1042 1468 ne

293 1493 365 1536 quis
382 1498 469 1525 extra
494 1502 584 1525 suam
605 1491 765 1524 civitatem
784 1490 834 1523 vel
853 1488 1040 1528 dioecesim,

293 1546 353 1579 nisi
377 1545 408 1578 in
430 1545 524 1579 certis
544 1544 702 1588 expressis
716 1543 855 1583 casibus,
877 1548 908 1576 et
926 1542 959 1575 in
979 1541 1044 1575 illis

293 1600 378 1632 ultra
397 1610 496 1632 unam
516 1599 653 1632 diaetam
673 1609 691 1631 a
709 1597 774 1631 fine
793 1607 870 1630 suae
887 1595 1044 1629 dioecesis

293 1653 331 1686 ad
360 1652 518 1685 iudicium
539 1655 706 1692 evocetur,
733 1661 789 1683 seu
809 1660 851 1683 ne
874 1649 998 1683 iudices
1025 1659 1042 1681 a

294 1706 374 1739 Sede
394 1706 536 1750 praefata
557 1704 702 1748 deputati
716 1710 804 1737 extra
815 1703 973 1736 civitatem
994 1703 1042 1735 vel

295 1761 482 1801 dioecesim,
514 1760 547 1792 in
580 1759 697 1803 quibus
731 1757 873 1802 deputati
908 1756 1041 1795 fuerint,

294 1821 405 1847 contra
433 1824 657 1858 quoscumque
686 1811 876 1856 procedere,
908 1816 963 1843 aut
990 1809 1043 1843 alii

293 1868 340 1901 vel
365 1868 436 1901 aliis
465 1867 550 1900 vices
580 1877 653 1899 suas
683 1865 886 1899 committere
905 1864 1043 1897 debeant

293 1933 349 1954 seu
373 1926 592 1965 praesumant,
626 1925 658 1953 et
684 1920 718 1952 in
738 1918 878 1952 concilio
898 1918 1039 1961 generali

294 1975 377 2008 edita
397 1976 435 2008 de
456 1975 581 2007 duabus
605 1973 730 2013 diaetis,
756 1971 934 2004 dummodo
957 1971 1043 2003 ultra

295 2035 357 2061 tres
385 2028 505 2060 diaetas
528 2027 645 2070 aliquis
669 2025 861 2059 auctoritate
890 2034 1042 2068 praesen-

296 2083 374 2115 tium
400 2082 439 2114 ad
460 2082 617 2114 iudicium
634 2091 699 2114 non
721 2080 869 2112 trahatur
882 2105 890 2120 ,
907 2077 1043 2121 aliisque

295 2135 477 2179 apostolicis
497 2146 533 2168 ac
548 2135 581 2167 in
595 2133 848 2179 provincialibus
863 2137 894 2165 et
909 2131 1044 2176 synoda-

296 2189 380 2221 libus
397 2188 542 2221 coneiliis
562 2187 667 2227 editis,
690 2186 882 2231 specialibus
894 2186 1045 2228 velgene-

298 2242 427 2281 ralibus,
440 2240 722 2274 constitutionibus
730 2245 761 2272 et
774 2238 1042 2278 ordinationibus,

299 2305 421 2327 necnon
442 2295 595 2327 ecclesiae
616 2293 800 2327 Valentinae
829 2299 859 2326 et
883 2291 1043 2326 Universi-

300 2348 369 2380 tatis·
382 2347 578 2387 huiusmodi,
592 2347 772 2380 iuramento
784 2345 1043 2387 ,confirmatione

299 2397 474 2438 apostolica
494 2397 541 2428 rel
562 2397 668 2438 quavis
689 2395 840 2428 firmitate
865 2395 926 2427 alia
948 2395 1044 2426 robo—

301 2444 386 2483 ratis,
409 2445 534 2478 statutis
554 2450 584 2477 et
609 2444 923 2483 consuctudinibus;
945 2442 1044 2486 privi-

301 2493 389 2531 legiis
409 2504 550 2536 qnoque,
572 2493 703 2526 indultis
723 2500 753 2526 et
775 2493 889 2526 litteris
917 2497 1045 2536 aposto-

301 2541 369 2573 licis
390 2541 461 2582 illis,
482 2553 518 2575 ac
548 2542 648 2586 ipsius
677 2542 830 2575 ecclesiae
858 2541 1042 2575 Valentinae

300 2590 438 2634 prat-suli
469 2601 526 2634 pro
556 2598 700 2635 tempore
729 2590 888 2633 existenti,
918 2599 1044 2624 necnon

896 202 1073 226 BULLARIUM
1092 201 1242 226 ROMANL'M

1090 254 1243 296 capitulo,
1266 255 1457 295 rectoribus,
1489 256 1675 290 consulibus
1707 257 1831 298 iuratis,

1090 306 1238 340 rationali
1256 312 1287 340 et
1305 307 1437 351 syndico
1458 309 1629 352 praedictis
1647 321 1684 343 ac
1703 310 1832 355 quibus-

1089 360 1133 392 vis
1148 360 1218 393 aliis
1233 361 1391 405 personis,
1408 361 1466 395 sub
1477 361 1734 408 quibuscumque
1747 369 1834 398 teno-

1090 414 1179 446 ribus
1196 420 1225 447 et
1238 414 1484 455 formis,accum
1495 415 1768 459 quibusvis,etiam
1776 417 1833 450 de·

1090 467 1325 510 rogatoriarum
1343 468 1555 512 derogatoriis
1577 469 1712 514 aliisque
1727 470 1833 504 effica-

1090 520 1231 554 cioribus
1247 526 1277 554 et
1290 521 1608 563 insolitis,clausulis,
1618 533 1745 556 necnon
1758 523 1832 556 irri-

1089 574 1232 607 tantibus
1256 580 1286 608 et
1300 575 1371 608 aliis
1391 575 1539 615 decretis,
1556 576 1652 609 etiam
1673 576 1712 610 ad
1731 576 1834 621 impe-

1090 627 1216 668 ratoris,
1249 639 1374 671 regum,
1404 629 1601 672 reginarum,
1637 630 1757 663 ducum
1785 631 1833 664 vel

1089 680 1227 714 aliorum
1249 682 1435 726 principum
1454 682 1652 724 instantiam,
1669 693 1727 717 seu
1737 683 1833 717 etiam

1089 740 1178 767 motu
1213 736 1346 779 proprio
1366 741 1396 768 et
1416 746 1452 768 ex
1475 741 1563 769 certa
1585 736 1720 770 scientia
1738 748 1776 770 ac
1795 731 1846 770 de*

1088 788 1283 832 apostolicae
1313 789 1476 832 potestatis
1497 789 1711 833 plenitudine,
1737 790 1833 824 etiam

1088 842 1363 883 consistorialiter,
1386 843 1419 876 in
1438 854 1555 887 genere
1585 844 1633 877 vel
1661 844 1696 877 in
1726 845 1833 888 specie

1087 905 1124 928 ac
1152 896 1230 928 alias
1257 896 1500 940 quomodolibet
1520 897 1692 938 concessis,
1713 907 1832 942 appro-

1086 947 1168 981 batis
1185 949 1391 991 etinnovatis;
1404 950 1522 994 quibus
1531 950 1693 992 omnibus,
1706 950 1836 985 etiamsi*

1087 1001 1126 1034 de
1147 1002 1210 1036 illis
1230 1009 1410 1048 eorumque
1431 1004 1504 1037 totis
1525 1004 1691 1038 tenoribus
1708 1004 1833 1049 specia-

1085 1054 1134 1096 lis,
1155 1056 1317 1100 specifica,
1334 1068 1483 1102 expressa
1503 1063 1534 1091 et.
1552 1057 1716 1092 individua
1740 1069 1778 1091 ac
1793 1059 1834 1093 de

1084 1109 1180 1142 verbo
1198 1110 1237 1143 ad
1256 1111 1403 1151 verbum,
1424 1121 1490 1144 non
1509 1116 1617 1144 autem
1637 1122 1696 1156 per
1705 1111 1834 1146 clausu-
1851 1105 1854 1106 ⁷

1084 1162 1130 1196 las
1154 1165 1322 1207 generales
1346 1164 1429 1197 idem
1459 1165 1680 1209 importanteS‚
1710 1165 1832 1200 mentio

1084 1227 1141 1250 seu
1166 1218 1296 1262 quaevis
1322 1218 1384 1251 alia
1404 1218 1566 1262 expressio
1593 1218 1754 1261 habenda,
1776 1225 1832 1254 aut

1084 1270 1191 1314 aliqua
1210 1271 1272 1305 alia
1303 1271 1461 1316 exquisita
1483 1272 1586 1306 forma
1615 1273 1657 1306 ad
1674 1272 1737 1307 hoc
1764 1283 1832 1307 ser-

1083 1325 1185 1358 vanda
1199 1331 1293 1366 esset,
1311 1325 1375 1359 illis
1398 1325 1476 1359 alias
1491 1326 1524 1358 in
1539 1336 1598 1359 suo
1617 1327 1736 1360 robore
1754 1337 1831 1371 per-

1084 1379 1254 1420 mansuris,
1273 1379 1334 1412 hac
1353 1379 1421 1412 vice
1440 1379 1616 1421 dumtaxat,
1647 1380 1831 1424 specialiter

1084 1438 1115 1465 et
1129 1443 1276 1477 expresse
1289 1433 1495 1477 derogamus,
1513 1433 1683 1467 contrariis
1698 1433 1831 1477 quibus-

1084 1497 1236 1531 cumque.
1255 1487 1317 1520 Aut
1342 1487 1368 1520 si
1393 1486 1495 1531 aliqui
1514 1498 1613 1532 super
1637 1487 1830 1532 provisioni·

1083 1540 1144 1573 bus
1167 1540 1228 1574 sibi
1258 1540 1412 1574 faciendis
1436 1541 1475 1574 de
1495 1540 1612 1574 officiis
1638 1541 1745 1575 dictae
1775 1551 1830 1575 ec-

1084 1594 1200 1628 clesiae
1243 1594 1430 1628 Valentinae
1465 1594 1621 1638 speciales
1667 1595 1718 1628 vel
1759 1594 1831 1628 aliis

1083 1647 1249 1681 beneficiis
1280 1647 1504 1682 ecclesiasticis
1535 1649 1569 1682 in
1596 1648 1660 1682 illis
1683 1649 1832 1693 partibus

1083 1702 1250 1742 generales
1267 1702 1370 1736 dictae
1390 1702 1481 1736 Sedis
1496 1702 1545 1736 vel
1565 1702 1744 1745 legatorum
1761 1702 1832 1736 eius

1085 1755 1207 1788 litteras
1227 1755 1444 1799 impetrarint,
1467 1755 1613 1789 etiamsi
1642 1765 1700 1799 per
1717 1766 1772 1789 eas
1789 1755 1832 1789 ad

1083 1808 1320 1849 inhibitionem,
1345 1809 1594 1842 reservationem
1614 1814 1646 1842 et
1663 1808 1830 1845 decretu'm

1083 1864 1132 1896 vel
1165 1863 1244 1896 alias
1275 1863 1519 1906 quomodolibet
1551 1862 1591 1896 sit
1619 1873 1828 1906 processum,

1083 1926 1163 1958 quas
1181 1916 1312 1960 quidem
1327 1916 1447 1949 litteras
1465 1922 1497 1949 et
1515 1926 1685 1960 processus
1703 1916 1831 1951 habitos

1085 1980 1142 2012 per
1157 1970 1286 2004 easdem
1316 1981 1353 2004 ac
1378 1970 1452 2003 inde
1472 1975 1582 2003 secuta
1605 1980 1830 2014 quaecumque

1084 2023 1122 2055 ad
1142 2022 1261 2056 dictam
1286 2023 1543 2067 praeposituram
1563 2023 1681 2057 mensis
1699 2023 1830 2057 februa·

1084 2076 1122 2108 rii
1141 2077 1290 2110 volumus
1309 2087 1375 2110 non
1393 2076 1540 2116 extendi;
1559 2077 1615 2110 sed
1634 2077 1762 2110 nullum
1770 2087 1830 2121 per

1084 2129 1145 2162 hoc
1175 2130 1232 2171 eis,
1260 2131 1366 2174 quoad
1391 2130 1625 2163 assecutionem
1646 2130 1828 2164 officiorum

1083 2183 1131 2216 vel
1161 2183 1395 2216 beneficiorum
1419 2183 1570 2224 aliorum,
1592 2183 1830 2227 praeiudicium

1083 2237 1248 2279 generari;
1271 2242 1302 2270 et
1321 2236 1518 2280 quibuslibet
1541 2236 1612 2270 aliis
1641 2236 1827 2280 privilegiis,

1084 2289 1292 2332 indulgentiis
1311 2289 1830 2334 etlitterisapostolicis,quorum-

1085 2354 1224 2386 cumque
1237 2348 1383 2377 tenorum
1400 2343 1550 2384 existant,
1565 2354 1623 2387 per
1641 2353 1725 2386 quae,
1740 2354 1832 2387 prae-

1085 2392 1230 2425 sentibus
1253 2402 1316 2425 non
1347 2402 1496 2436 expressa
1525 2393 1571 2425 vel
1597 2393 1738 2425 totaliter
1765 2401 1832 2425 non

1085 2440 1224 2481 inserta,
1258 2441 1391 2474 effectus
1418 2451 1530 2474 earum
1559 2439 1707 2484 impediri
1730 2440 1832 2473 valeat

1085 2489 1327 2532 quomodolibet
1353 2490 1400 2522 vel
1428 2489 1564 2530 differri,
1595 2495 1623 2523 et
1649 2490 1688 2523 de.
1712 2489 1829 2532 quibus

1085 2549 1289 2583 quorumque
1310 2539 1383 2572 totis
1402 2539 1569 2572 tenoribus
1588 2538 1828 2572 habendasitde

1085 2588 1181 2622 verbo
1200 2589 1240 2622 ad
1255 2588 1388 2622 verbum
1408 2588 1440 2621 in
1457 2587 1692 2622 nosti-islitteris
1707 2586 1828 2621 mentio

1849 205 1902 232 An.
1915 203 1959 233 (λ’,
1972 221 1981 236 ι,
2011 203 2017 227 ἶ
