2059 3228
94 225 143 250 An.
161 222 189 252 C.
210 225 275 252 157&

106 818 188 839 Erectio
204 819 272 837 ort-tc>

93 855 136 868 siue
161 850 272 869 liuiucusis·

92 886 112 898 tu
130 879 273 904 metr-ipoliti·-

93 916 145 931 nam.
162 912 195 930 cui
210 910 273 930 subii-

91 942 120 961 cit

96 1714 205 1736 Ecclesias
219 1714 268 1735 Pani

96 1747 191 1772 pilonen.
207 1748 228 1766 et
243 1746 279 1764 (ἰ..-

95 1775 207 1802 laguritan.

336 216 400 269 insi

881 223 955 247 BULI
963 224 1055 247 amm!
1082 224 1098 246 Π
1104 225 1145 247 m!
1153 225 1162 247 Κ
1169 224 1233 246 wit

291 278 485 322 periei-itate,
507 280 674 319 potestate,
700 273 910 312 subiectione.
932 275 1037 307 visita·
1075 274 1179 313 ritate,
1199 271 1393 306 scientervel
1407 271 1606 315 ignoranter,
1628 271 1823 315 contingerit

290 331 388 371 tione,
411 329 610 362 correctione
630 339 667 360 ac
677 338 765 360 omni
781 334 812 360 et
831 339 1035 371 quacumque

290 383 351 416 alia
371 382 607 421 iurisdictione,
630 391 756 414 necnon
771 391 789 413 a
808 381 967 414 solutione
985 380 1035 412 iu-

292 437 374 469 rium
384 445 679 479 ,quorumcumque
703 435 824 467 ratione
839 433 1035 467 iurisdictio·

291 490 348 529 nis,
359 487 569 521 subiectionis
583 494 613 521 et
628 487 708 529 legis
717 487 980 531 metropoliticae,
992 486 1034 518 ita

291 548 324 574 ut
345 542 411 586 ipse
440 546 496 574 aut
520 541 569 573 sui
592 541 624 573 in
644 541 815 584 praedictis
835 551 867 573 se
886 546 955 583 post
976 540 1035 571 hac

291 597 496 638 {utet-ponere
530 605 595 628 non
630 594 770 627 audeant
804 593 1035 637 quoquomodo

289 660 345 681 scu
358 653 575 692 praesumant,
591 647 686 681 etiam
700 653 856 691 perpetuo
866 646 1036 680 eximimus

289 708 317 734 ct
340 702 528 734 liberamus.
569 716 571 718 ·

333 756 347 796 g*
372 753 403 786 a.
431 755 474 787 Ac
497 754 616 786 dictam
646 753 815 787 ecclesiam
838 753 1035 794 Burgensem

289 807 320 840 iu
351 807 628 851 metropolitanam
665 806 844 846 ecclesiam,
869 811 898 838 et
927 805 1034 837 sedem

288 861 505 905 episcopalem
537 861 733 904 Burgensem
765 860 798 892 in
821 858 1036 902 archiepisco-

288 911 406 958 palein,
429 914 776 958 arcliiepiscopalisque
801 919 831 945 et
846 911 1034 955 metropoli-

289 967 351 1000 tani
370 967 526 1010 praesulis
545 967 652 1000 sedem
674 972 705 999 et
724 966 909 1008 provinciae
925 969 1033 1009 caput,

289 1031 348 1064 pro
384 1031 449 1053 uno
485 1020 637 1064 deinceps
678 1019 922 1063 archiepiscopo
940 1044 948 1057 ,
979 1016 1035 1060 qui

288 1074 377 1117 pallii
388 1078 419 1106 et
435 1073 655 1111 crucisusum,
667 1072 804 1106 aliorum
819 1071 1036 1114 archiepisco-

288 1137 406 1170 porum
423 1137 526 1166 more,
554 1126 691 1165 habeat,
723 1125 937 1167 omnibusque
964 1123 1035 1155 aliis

288 1179 468 1221 insignibus
481 1178 823 1222 archiepiscopalibus,
832 1186 959 1209 necnon
971 1175 1036 1219 pri-

288 1232 423 1274 vilegiis,
436 1232 616 1265 honoribus
627 1237 657 1264 ct
668 1230 895 1274 praerogativis
910 1229 1036 1262 archie-

289 1284 432 1328 piscopis
443 1284 557 1317 debitis
572 1289 603 1317 et
619 1284 780 1317 concessis
793 1282 940 1326 gaudeat,
954 1292 1035 1325 pra·-

290 1337 376 1370 dicto
395 1337 464 1370 iure
476 1342 663 1381 patronatus
684 1337 722 1368 ad
741 1336 840 1380 ipsam
866 1335 1036 1368 ecclesiam

290 1390 489 1433 Burgensem
510 1390 595 1422 dicto
622 1390 770 1432 Philippo
791 1388 858 1431 regi
880 1389 964 1421 salvo
984 1399 1036 1421 re-

291 1448 460 1485 manente,
482 1443 631 1476 similiter
650 1447 806 1486 perpetuo
827 1441 981 1484 erigimus
1006 1445 1037 1474 et

291 1495 501 1537 instituimus,
517 1507 554 1529 ac
576 1496 717 1534 nomine,
741 1495 832 1527 titulo
858 1500 889 1527 et
913 1495 1036 1527 honore

293 1548 558 1592 archiepiscopali
586 1553 616 1581 et
642 1547 887 1591 metropolitano
906 1546 1038 1580 decora-

294 1612 376 1635 mus.

331 1655 353 1698 ,ξ
372 1655 403 1688 4.
426 1656 595 1688 Praeterea
608 1654 761 1688 ecclesiae
773 1653 927 1696 Burgensi
946 1663 1038 1697 prae-

295 1707 398 1741 dictae
417 1708 695 1752 Pampilonensem
721 1713 752 1739 et
776 1706 1038 1749 Calaguritaneu-

292 1772 357 1794 sem
370 1761 510 1795 civitates
526 1768 557 1794 et
567 1762 727 1794 dioeceses
737 1771 794 1803 pro
808 1759 865 1792 sua
875 1764 1038 1803 metropo-

292 1815 390 1847 litana
418 1815 602 1858 provincia,
631 1826 668 1847 ac
701 1813 979 1856 Pampilonensem
1009 1818 1039 1846 et

292 1868 606 1911 Calaguritanensem
632 1867 783 1901 ecclesias
798 1867 1038 1909 modernosque

293 1927 324 1953 ct
339 1932 397 1964 pro
413 1928 558 1966 tempore
573 1922 744 1954 existentes
754 1921 884 1953 illarum
904 1931 1038 1963 praesu-

294 1975 350 2014 les,
376 1985 433 2018 pro
462 1975 529 2008 suis
554 1979 584 2008 et
612 1985 671 2019 pro
696 1980 842 2017 tempore
877 1972 1040 2006 existentis

295 2028 530 2072 archiepiscopi
547 2028 720 2072 Burgensis
733 2027 955 2069 suffraganeis,
969 2026 1037 2069 qui,

296 2085 459 2124 tamquam
487 2081 634 2118 membra
661 2079 770 2124 capiti,
788 2079 892 2112 eidem
916 2079 1041 2112 archie-

298 2133 429 2177 piscopo
443 2134 599 2177 Burgensi
617 2133 687 2166 iure
706 2132 944 2176 metropolitico
964 2133 1041 2165 sub-

298 2186 372 2225 sint3
390 2187 570 2230 provinciae
582 2197 710 2231 quoque
726 2185 896 2229 Burgensis
914 2185 1040 2228 praedi-

299 2244 367 2271 ctae
377 2240 498 2272 clerum
510 2246 539 2272 et
548 2240 706 2284 populum
718 2239 978 2281 universum,pro
990 2249 1042 2271 co-

299 2292 445 2324 rumdem
473 2293 627 2325 ecclesiae
646 2299 677 2326 et
703 2291 940 2335 archiepiscopi
962 2291 1042 2324 Bur-

300 2345 405 2387 gensis
415 2346 674 2388 provincialibus,
686 2355 826 2389 quorum
841 2344 1043 2387 singulorum

301 2408 416 2431 causac
433 2404 459 2430 et
474 2400 624 2442 querelae
641 2399 679 2432 ad
695 2399 818 2431 dictum
831 2397 1044 2441 archiepisco—

302 2458 379 2491 pum
395 2448 589 2489 burgensem
607 2449 692 2481 iuxta
707 2458 872 2482 sacrorum
884 2457 1044 2480 canonum

303 2502 418 2529 statuta
433 2498 621 2536 reseranttu,
637 2497 846 2530 concedimus
863 2500 893 2529 et
904 2495 1045 2537 assigna-

304 2556 384 2578 mus.
397 2545 610 2578 Dccerueutcs
618 2556 654 2578 cx
663 2556 749 2579 nunc
760 2545 888 2578 irritum
899 2550 929 2578 et
941 2544 1046 2584 inane,

1073 326 1234 359 attentari.

1118 380 1133 422 ξ
1149 379 1180 412 5.
1193 379 1263 412 Non
1274 378 1476 412 obstantibus
1489 377 1772 412 constitutionibus
1790 383 1822 412 et

1074 433 1332 466 ordinationibus
1347 431 1541 476 apostolicis,
1554 442 1591 465 ac
1598 432 1824 476 pampilonen-

1074 487 1116 519 sis
1127 492 1157 519 et
1169 484 1460 529 Calaguritanensis
1471 495 1598 517 necnon
1607 484 1825 528 Caesaraugu-

1074 540 1233 573 stanensis
1252 540 1462 573 ecclesiarum
1483 538 1822 582 praedictarum,iura·

1075 599 1194 634 mento,
1207 593 1453 626 confirmatione
1461 591 1637 636 apostolica
1648 593 1697 625 vel
1712 592 1824 635 quavis

1074 646 1223 680 firmitate
1236 647 1297 679 alia
1310 646 1480 686 roboratis,
1497 644 1622 678 statutis
1640 650 1671 678 et
1686 655 1824 678 consue-

1074 699 1252 741 tudinibus3
1262 698 1435 744 privilegiis
1445 707 1585 742 quoque,
1594 697 1726 731 indultis
1736 698 1824 731 etlit-

1074 753 1152 786 teris
1170 752 1356 797 apostolicis
1372 751 1493 786 eisdem
1512 750 1656 784 ecclesiis
1674 751 1822 785 illarum-¹

1074 817 1138 850 que
1160 806 1364 850 praesulibus
1390 811 1421 839 et
1444 804 1760 838 administratoribus
1785 815 1824 839 ac

1074 859 1232 903 capitulis,
1253 860 1312 893 sub
1332 859 1592 902 quibuscumque
1612 858 1777 891 tenoribus
1793 864 1824 892 et

1074 907 1198 954 formis,
1212 924 1248 946 ac
1260 924 1333 946 cum
1350 911 1526 956 quibusvis,
1544 911 1639 944 etiam
1655 911 1824 954 derogato-

1074 965 1196 998 riarum
1211 966 1421 1009 derogatoriis
1439 965 1574 1009 aliisque
1585 964 1824 998 efficacioribus

1074 1023 1105 1051 et
1124 1017 1270 1059 insolitis,
1291 1019 1454 1058 clausulis,
1474 1028 1601 1051 necnon
1622 1017 1823 1050 irritantibus

1074 1077 1105 1105 et
1124 1072 1195 1105 aliis
1214 1072 1362 1113 decretis,
1376 1072 1471 1105 etiam
1482 1077 1570 1104 motu
1583 1071 1718 1115 proprio
1737 1076 1769 1104 et
1784 1081 1824 1104 ex

1075 1130 1162 1158 certa
1177 1125 1322 1166 scientia,
1336 1136 1373 1158 ac
1391 1126 1429 1158 de
1441 1125 1536 1158 simili
1553 1124 1748 1169 apostolicae
1761 1133 1823 1168 po·-

1074 1178 1193 1211 testatis
1212 1178 1425 1222 plenitudine,
1447 1177 1711 1211 consistorialiter
1729 1188 1767 1211 ac
1782 1176 1822 1210 de

1074 1232 1210 1264 fratrum
1251 1232 1441 1265 eorumdem
1477 1231 1612 1265 consilio
1625 1257 1633 1272 ,
1672 1242 1709 1264 ac
1742 1230 1822 1264 alias

1074 1285 1332 1328 quomodolibet,
1358 1285 1453 1319 etiam
1484 1284 1607 1329 pluries
1641 1284 1821 1326 concessis,

1075 1337 1273 1371 confirmatis
1287 1343 1318 1371 et
1328 1337 1502 1378 innovatis;
1518 1337 1636 1380 quibus
1656 1337 1822 1380 omnibus,

1075 1391 1170 1424 etiam
1190 1391 1230 1432 si,
1252 1402 1311 1435 pro
1337 1391 1468 1425 illorum
1495 1390 1670 1424 sufficienti
1689 1391 1826 1434 deroga-

1075 1444 1161 1478 tione
1175 1472 1182 1486 ,
1210 1445 1249 1478 de
1269 1445 1332 1478 illis
1352 1455 1531 1488 eorumque
1554 1444 1629 1477 totis
1655 1443 1824 1478 tenoribus

1075 1498 1234 1542 specialis,
1252 1498 1402 1542 specifica
1416 1504 1447 1531 et
1461 1508 1619 1542 expressa,
1633 1508 1700 1531 non
1713 1502 1824 1531 autem

1076 1562 1133 1595 per
1144 1551 1305 1585 clausulas
1321 1552 1487 1595 generales
1498 1551 1583 1584 idem
1598 1550 1822 1595 imponantes,

1076 1605 1196 1638 mentio
1208 1616 1264 1638 seu
1276 1605 1404 1649 quaevis
1415 1605 1477 1638 alia
1492 1604 1651 1648 expressio
1659 1603 1822 1646 habenda,

1049 1700 1051 1703 v
1076 1664 1131 1691 aut
1154 1659 1263 1702 aliqua
1295 1658 1358 1691 alia
1381 1658 1537 1701 exquisita
1564 1658 1668 1691 forma
1696 1658 1738 1691 ad
1759 1657 1825 1691 hoc

1076 1713 1231 1745 servanda
1249 1713 1347 1753 soret,
1368 1718 1495 1746 tenores
1514 1711 1714 1752 huiusmodi,
1738 1721 1777 1745 ac
1794 1710 1824 1744 si

1077 1760 1115 1793 de
1136 1761 1233 1794 verbo
1257 1761 1296 1793 ad
1323 1761 1457 1794 verbum
1483 1761 1705 1794 insererentur
1726 1770 1824 1804 prae-

1077 1810 1238 1850 sentibus,
1255 1821 1314 1854 pro
1333 1809 1531 1843 sufficienter
1549 1809 1708 1853 expressis
1722 1814 1754 1843 et
1769 1809 1823 1842 in-

1077 1859 1169 1891 sertis
1188 1859 1356 1899 habentes,
1377 1859 1440 1892 iffis
1465 1858 1544 1892 alias
1562 1859 1597 1891 in
1624 1868 1683 1891 suo
1703 1858 1824 1891 robore

1078 1909 1307 1950 permansuris,
1327 1908 1388 1941 hac
1411 1907 1479 1941 vice
1503 1908 1683 1948 dumtaxat,
1703 1907 1823 1940 harum

1078 1957 1177 1995 serie,
1205 1957 1243 1990 de
1270 1957 1404 1990 consilio
1431 1962 1464 1990 et
1494 1956 1657 2000 potestatis
1681 1955 1824 2000 plenitu-

1078 2005 1151 2037 dine
1171 2005 1339 2047 similibus,
1353 2005 1535 2050 specialiter
1553 2010 1584 2039 et
1602 2015 1749 2048 expresse
1768 2004 1825 2038 de-

1079 2065 1250 2097 rogamus,
1281 2055 1458 2100 ceterisque
1491 2054 1662 2088 contrariis
1686 2054 1824 2098 quibus·-

1080 2114 1230 2147 cumque.
1438 2107 1445 2117 '

1836 218 1888 247 ΑΠ’.
1903 219 1933 249 c.

2023 307 2039 326 ,ε

1986 361 2002 375 Q

1836 388 1951 415 nerogatto
1963 393 1976 411 e

1836 420 1958 441 tut-iorum.

2019 1484 2031 1506 -,
2023 1434 2029 1454 ,,
2017 1367 2027 1413 ’.φ
1984 496 2029 1346 m.„wofflmwmi=⁶nuumfflv·
1991 459 2006 483 ἰ
1977 375 2016 442 '⁴⁴‘

1123 2153 1138 2195 ξ
1159 2152 1188 2185 G.
1207 2153 1294 2187 Nulli
1305 2164 1382 2197 ergo
1393 2152 1526 2187 omnino
1540 2152 1711 2186 hominum
1729 2151 1825 2186 liceat
1836 2160 1948 2187 clamne
1960 2166 1987 2184 co
2006 2161 2022 2166 ·’
2037 2179 2039 2183 ,

1081 2201 1163 2233 hauc
1184 2203 1333 2245 paginam
1344 2207 1528 2235 nostrarum
1543 2200 1719 2242 divisionis,
1734 2210 1826 2245 sepa-

1082 2250 1230 2289 rationis,
1259 2250 1488 2295 exemptionis,
1510 2249 1730 2292 liberationis,
1756 2259 1826 2283 ere-

1083 2300 1213 2339 ctionis,
1233 2299 1458 2340 institutionis,
1479 2298 1727 2340 declarationis,
1749 2307 1826 2331 con-

1083 2347 1245 2388 cessionis,
1256 2347 1490 2390 assignationis,
1508 2347 1628 2381 decreti
1643 2352 1674 2381 et
1692 2347 1827 2390 deroga-

1084 2397 1178 2429 tionis
1202 2397 1395 2439 infringere,
1422 2397 1473 2429 vel
1496 2396 1525 2430 ei
1547 2407 1631 2430 ausu
1654 2394 1826 2429 temerario

1085 2445 1266 2485 contrait-133
1295 2446 1320 2477 si
1353 2444 1427 2489 quis
1449 2450 1558 2478 autem
1581 2445 1642 2478 hoc
1670 2449 1827 2477 attentare

1085 2495 1348 2538 praesumpserit,
1362 2494 1615 2537 indignationem
1627 2492 1829 2537 omnipoten-

1086 2543 1123 2576 tis
1142 2543 1196 2576 Dei
1217 2554 1254 2576 ac
1268 2543 1437 2576 beatorum
1453 2542 1538 2576 Petri
1552 2547 1583 2576 et
1593 2542 1682 2575 Pauli
1698 2547 1828 2586 aposto⁶

304 2594 327 2626 εἰ
339 2605 430 2627 secus
442 2593 614 2636 superiisa
632 2595 924 2638 quoqttam‚c111avis
936 2601 1047 2629 aucto-
1065 2590 1070 2626 Ι
1088 2595 1192 2627 lorum
1207 2595 1274 2629 eius
1294 2607 1326 2629 se
1346 2591 1468 2630 noverit
1487 2595 1707 2629 incursurum.

1837 2194 1972 2217 minster-tu.
