2059 3228
64 691 171 717 pultum

75 224 190 256 &lm

81 638 184 686 „0ssssss
195 656 429 698 praepositurae
451 657 553 689 Sancti
579 656 714 699 Spiritus
738 655 932 693 huiusmodi,

197 289 290 323 tentis
312 289 446 333 laudem,
463 301 499 323 ac
515 296 640 324 sanctae
656 291 815 324 Romanae
833 292 934 324 Eccle-

195 343 261 377 siae
277 342 519 382 incrementum,
537 349 564 375 et
584 343 751 386 praecipue
769 343 934 375 nationum

194 401 226 430 et
248 396 437 440 populorum
455 395 634 428 huiusmodi
654 396 786 428 salutem
803 400 834 427 et
850 404 935 426 com-

196 447 324 481 modum
338 474 346 487 ,
380 448 549 491 apostolica
585 448 770 481 auctoritate
786 474 792 487 ‚
827 452 934 479 tenore

193 499 418 543 praesentium,
453 500 519 533 sine
554 501 685 533 alicuius
719 499 912 543 praeiudicio
925 525 933 539 ,

193 556 346 593 perpetuo
361 551 512 594 erigimus
530 557 557 583 et
577 552 785 583 instituimus.

237 601 297 646 §3—
314 603 440 636 Necnon
457 604 630 643 ecclesiam,
648 604 775 636 domurn
794 608 820 635 et
842 603 932 635 aedes

54 719 70 738 u
92 717 257 742 spiritu-una
285 718 356 740 cum
391 709 473 741 illius
508 708 742 741 continentibus
771 707 932 741 aediliciis.

54 769 139 796 ottus-to.

60 749 87 765 n·
92 743 177 768 applle-

192 759 303 800 hortis‚
321 761 480 794 viridariis
495 771 531 794 ac
543 760 742 804 pertinentiis
754 760 837 792 intra
851 759 934 791 dicta

190 813 328 846 claustra
361 813 575 853 existentibus,
601 823 724 845 necnon
760 823 846 844 sacra
884 823 933 843 su-

191 866 352 910 pellectili,
380 866 567 899 utensilibus
597 876 631 898 ac
662 866 756 898 rebus
784 871 813 898 et
843 864 934 897 bonis

191 919 369 960 mobilibus,
386 929 466 962 quae
482 918 598 951 ibidem
623 918 661 950 ad
679 927 827 961 praesens
845 926 934 959 repe-

189 972 327 1012 riuntur,
355 976 386 1005 et
412 982 470 1014 per
497 972 598 1014 ipsum
628 971 807 1004 Michaclem
832 969 933 1002 cardi-

189 1025 294 1058 nalem
317 1025 365 1057 vel
387 1024 454 1057 eius
477 1030 606 1067 agentes
629 1034 684 1067 per
719 1022 930 1055 inventarium

186 1076 459 1120 consignabumur
489 1077 659 1116 dumtaxat,
685 1076 724 1108 ab
749 1075 816 1118 ipsa
841 1085 929 1118 prae—

181 1129 324 1173 positura
336 1129 442 1163 Sancti
455 1129 599 1172 Spiritus,
614 1129 694 1161 illius
708 1134 813 1161 tamen
827 1138 930 1160 essen-

181 1182 236 1222 tia,
265 1186 363 1222 statu,
387 1181 555 1221 fructibus,
580 1181 771 1220 redditibus,
796 1191 927 1222 proven-

181 1234 277 1275 tibus,
301 1233 433 1274 iuribus,
457 1233 710 1273 obventionibus,
735 1234 927 1265 emolumen-

180 1287 242 1328 tis,
265 1286 526 1330 proprietatibus,
541 1286 713 1318 honoribus
741 1291 771 1318 et
800 1297 926 1328 prat-ro-

181 1340 296 1383 gativis
307 1339 462 1373 universis
474 1349 520 1380 ac,
533 1344 754 1382 praeterquam
778 1337 808 1369 in
831 1339 924 1369 cccle-

179 1392 259 1425 siam
282 1403 319 1426 ac
333 1402 484 1436 personas
497 1391 618 1434 collegii
636 1392 817 1424 huiusmodi
833 1391 925 1423 iuris-

178 1444 328 1486 dictione,
352 1444 604 1488 quibuscumque
629 1449 656 1476 et
688 1444 922 1486 quomodolibet

179 1497 403 1538 denominatis,
426 1497 528 1529 eidem
552 1497 692 1529 Michaeli
718 1497 870 1529 cardinali
895 1503 923 1528 et

180 1549 416 1583 successoribus
439 1550 514 1590 suis,
539 1549 654 1582 dictam
672 1550 923 1592 praeposituram

181 1602 287 1636 Sancti
315 1602 451 1646 Spiritus
478 1613 536 1646 pro
564 1608 706 1646 tempore
728 1602 924 1645 quomodoli-

181 1654 236 1688 bet
258 1654 490 1695 obtinentibus,
518 1665 643 1698 semper
671 1655 703 1687 in
726 1655 874 1687 omnibus
897 1661 925 1687 et

181 1717 240 1750 per
261 1707 380 1748 omnia,
402 1707 534 1750 perinde
558 1719 594 1741 ac
617 1708 643 1741 si
659 1714 839 1752 praesentes
862 1720 924 1741 non

181 1766 396 1802 emanassent,
430 1761 523 1794 salvis
555 1766 585 1794 et
614 1761 795 1801 reservatis,
824 1761 925 1793 nomi-

179 1822 293 1857 neque,
309 1813 400 1846 titulo
430 1818 462 1845 et
487 1813 743 1846 denominatione
767 1812 925 1856 praeposi-

179 1870 272 1899 turae
288 1865 394 1899 Sancti
412 1865 548 1909 Spiritus
567 1866 601 1898 in
618 1866 700 1898 dicta
718 1866 855 1905 civitate,
871 1866 923 1897 ubi

179 1919 221 1952 ad
243 1928 393 1962 praesens
415 1918 603 1958 consistunt,
621 1919 805 1961 suppressis,
831 1923 859 1951 et
886 1919 923 1951 ad

179 1971 345 2005 ecclesiam
379 1971 485 2004 Sancti
513 1971 700 2014 Apollinaris
728 1972 822 2004 Villae
850 1972 925 2003 Tcr-

179 2024 286 2068 zaghi,
321 2024 560 2057 Mediolanensis
594 2025 758 2064 dioecesis,
788 2025 827 2057 ab
857 2027 922 2067 ipsa

179 2077 306 2110 civitate
328 2082 399 2110 octo
422 2077 610 2110 milliaribus
634 2078 679 2110 vel
696 2077 778 2109 circa
804 2077 923 2110 distan-

179 2134 259 2171 tem,
282 2134 313 2162 et
335 2129 438 2163 eidem
466 2130 706 2173 praepositurae
736 2131 921 2167 subiectam.

178 2182 276 2215 etiam
297 2188 450 2226 perpetuo
474 2183 647 2223 translatis,
673 2184 771 2215 eiusd.
790 2184 922 2216 Michae-

179 2235 218 2268 lis
241 2235 411 2268 cardinalis
434 2236 474 2268 ad
502 2236 561 2269 hoc
585 2247 731 2279 expresso
756 2238 921 2269 accedente

178 2297 347 2327 consensu,
364 2288 551 2321 auctoritate
567 2295 598 2321 et
615 2294 725 2322 tenore
743 2290 922 2332 praedictis.

179 2338 326 2372 similiter
348 2345 500 2382 perpetuo
517 2351 699 2383 separamus
723 2348 753 2374 et
775 2342 924 2375 dismem-

179 2392 319 2430 hramus,
344 2391 457 2434 ittaque
480 2392 524 2424 sic
548 2399 690 2436 separata
721 2400 749 2426 et
775 2395 924 2428 dismem-

180 2446 283 2486 brata,
307 2455 380 2477 cum
403 2445 552 2478 omnibus
580 2446 730 2478 oneribus
754 2457 848 2489 super
866 2448 924 2480 illis

180 2508 218 2531 ex
245 2498 355 2541 quavis
386 2508 479 2530 causa
507 2498 612 2531 forsan
640 2499 797 2543 impositis
825 2507 855 2533 et
884 2503 922 2534 ad

181 2561 415 2595 quamcumque
442 2562 597 2584 summam
611 2553 862 2594 ascendentibus,
885 2556 925 2588 ad

796 225 977 263 caecemus
1003 239 1059 263 xm
1085 241 1132 262 ιφ.

1609 230 1669 262 271

964 290 1136 333 posituram
1172 292 1271 334 ipsam
1301 304 1358 336 pro
1393 298 1534 337 tempore
1569 292 1715 327 obtinens

963 341 1002 373 ab
1026 342 1085 374 illis
1109 350 1270 386 exemptus
1292 350 1321 378 et
1345 345 1424 378 liber
1446 345 1578 379 omnino
1608 355 1710 378 rema-

964 397 1048 425 neat.

1005 445 1073 487 §4
1103 446 1229 479 Necnon
1262 449 1419 482 redditum
1453 460 1596 484 annuum
1628 451 1708 484 duo-

963 507 1034 529 rum
1058 498 1190 531 millium
1214 505 1244 532 et
1268 502 1577 544 quadringentorum
1604 509 1706 537 scuto-

962 559 1032 581 rum
1057 550 1125 582 auri
1150 561 1186 582 ex
1211 551 1356 586 Gamerae
1387 556 1579 597 Apostolicae
1610 566 1703 599 pecu-

963 602 1031 641 niis,
1056 604 1225 645 quotannis
1241 616 1296 647 per
1312 612 1453 640 nostrum
1477 614 1507 641 et
1530 619 1587 652 pro
1627 613 1705 641 tem-

962 665 1037 697 pore
1061 656 1260 689 existentium
1280 658 1492 691 Romanorum
1517 660 1704 693 Pontificum

963 718 1179 742 successorum
1203 716 1384 743 nostrorum
1404 712 1640 755 depositarium,
1659 713 1715 746 di:

963 760 1097 793 stributa
1122 761 1154 793 in
1178 762 1317 805 singulos
1343 774 1464 797 menses
1489 771 1555 796 rata
1579 765 1706 798 solutio-

963 812 1021 852 nis,
1046 813 1144 847 donec
1181 815 1219 847 de
1243 816 1303 848 alio
1339 817 1552 859 aequivalente
1582 819 1706 851 redditu

963 874 1068 898 annuo
1096 866 1130 898 in
1157 867 1248 900 bonis
1276 869 1438 901 stabilibus
1468 870 1549 902 dicto
1573 871 1704 913 collegio

963 926 1018 958 per
1046 927 1103 950 nos
1131 929 1186 951 seu
1215 919 1313 953 dictos
1352 932 1544 955 successores
1580 930 1703 957 nostros

961 969 1121 1011 provisum
1146 971 1249 1011 fuerit,
1275 974 1514 1015 persolvendum
1539 981 1566 1007 ct
1593 986 1703 1008 nume-

962 1021 1106 1062 randum,
1130 1023 1230 1056 eidem
1249 1025 1387 1067 collegio,
1405 1036 1462 1068 pro
1487 1027 1569 1060 illius
1586 1029 1656 1061 dote
1672 1035 1701 1061 ct

959 1073 1115 1107 (lictorum
1154 1087 1326 1119 puerorum
1369 1080 1596 1111 sustentatione
1612 1108 1619 1119 ‚
1660 1081 1702 1112 ita

959 1126 1041 1167 quod
1065 1126 1168 1161 dictus
1195 1128 1325 1162 Carolus
1356 1132 1525 1164 cardinalis
1553 1133 1701 1165 ecclcsiae

958 1187 992 1209 ac
1015 1178 1129 1211 domus
1152 1185 1179 1212 et
1198 1181 1331 1214 aliorum
1356 1184 1509 1216 bonorum
1536 1185 1574 1217 ab
1592 1187 1699 1219 eadem

958 1231 1176 1273 praepositura
1199 1240 1416 1276 separatorum
1441 1242 1469 1268 et
1495 1237 1700 1270 disinembra-

957 1288 1058 1317 torum
1083 1286 1316 1328 praedictorum
1341 1289 1580 1331 possessionem,
1605 1291 1699 1323 etiam

955 1338 1082 1380 propria
1106 1340 1303 1381 auctoritate,
1327 1341 1393 1373 sine
1417 1342 1548 1374 alicuius
1587 1342 1701 1375 iudicis

953 1391 1140 1424 auctoritate
1169 1393 1215 1424 vel
1244 1392 1436 1434 interventu,
1461 1395 1699 1437 apprehendere

953 1449 982 1475 et
1021 1444 1250 1486 apprehensam
1279 1446 1425 1486 retinere,
1451 1458 1485 1479 ac
1510 1447 1560 1479 illa
1576 1457 1698 1480 necnon

955 1496 1111 1529 redditum
1127 1508 1269 1530 annuum
1283 1498 1419 1532 duorum
1433 1499 1566 1532 millium
1580 1505 1608 1532 et
1623 1510 1698 1542 qua-

955 1548 1197 1591 dringentorum
1210 1556 1369 1584 scutorum
1386 1552 1566 1585 huiusmodi
1578 1552 1610 1584 in
1625 1552 1699 1584 dicti

955 1602 1077 1643 collegii
1094 1613 1169 1635 usus
1181 1608 1208 1635 et
1228 1604 1394 1636 utilitatem
1409 1610 1590 1637 convertere
1604 1604 1698 1637 libere

955 1661 985 1687 et
1009 1655 1092 1687 licite
1116 1656 1224 1695 valeat,
1249 1656 1364 1689 eisdem
1391 1657 1576 1689 auctoritate
1600 1661 1629 1688 et
1655 1661 1699 1688 te-

955 1718 1031 1740 nore
1067 1708 1212 1740 similiter
1247 1715 1399 1751 perpetuo
1439 1709 1632 1752 applicamus
1668 1713 1697 1740 et

954 1760 1207 1803 appropriamus.

1727 232 1780 257 An,
1800 231 1827 257 C.
1850 231 1914 258 1579

1733 456 1861 475 Reddituuin
1879 463 1910 476 ass-

1718 485 1817 507 signatio.

998 1814 1065 1857 35.
1101 1814 1228 1847 Necnon
1264 1815 1365 1847 cidem
1402 1816 1532 1857 collegio
1567 1817 1899 1872 eiusquecgrigflzffircioff

1731 1860 1751 1871 ss
1782 1860 1792 1872 r
1889 1864 1898 1868 ·-

955 1867 1138 1907 rectoribus,
1164 1868 1443 1909 gubernatoribus,
1457 1868 1654 1900 scholaribus
1666 1874 1786 1903 Cibisque
1808 1880 1834 1900 de
1854 1880 1898 1898 col-

955 1919 1054 1958 bonis,
1079 1924 1114 1951 ut
1137 1920 1284 1952 omnibus
1309 1926 1337 1952 et
1355 1920 1607 1962 quibuscumque
1632 1931 1696 1963 pri-

953 1972 1088 2015 vilegiis,
1111 1972 1377 2015 exemptionibus,
1407 1973 1619 2013 libertatibus,
1653 1974 1698 2006 fa-

952 2026 1121 2058 cultatibus
1145 2030 1174 2058 et
1199 2026 1338 2065 indultis,
1364 2026 1489 2067 quibus,
1514 2026 1643 2058 ecclesia
1667 2032 1698 2059 et

951 2078 1179 2111 ecclesiasticae
1203 2088 1356 2121 personae
1370 2078 1478 2120 quoxis
1491 2078 1584 2110 modo
1602 2083 1696 2110 utun-

951 2136 1012 2167 tur,
1037 2131 1202 2173 potiuntur
1230 2136 1256 2162 et
1285 2130 1432 2172 gaudent,
1459 2130 1514 2167 uti,
1540 2131 1635 2173 potiri
1661 2137 1691 2164 et

952 2185 1087 2226 gaudere
1117 2184 1237 2215 valeant
1272 2183 1482 2225 indulgemus.
1514 2184 1555 2216 Ac
1592 2184 1695 2217 eidem

953 2238 1062 2269 Carolo
1087 2236 1254 2275 cardinali,
1284 2235 1350 2267 eius
1375 2235 1436 2267 vita
1461 2236 1608 2276 durante,
1637 2248 1694 2279 pro

952 2290 1068 2323 salubri
1096 2289 1267 2321 directione
1297 2295 1323 2321 et
1351 2289 1588 2321 conservatione
1618 2289 1691 2322 dicti

952 2342 1085 2384 collegii,
1110 2341 1254 2383 illiusque
1274 2341 1438 2373 ‘bonorum
1468 2347 1495 2373 et
1521 2352 1628 2374 rerum
1658 2353 1694 2374 ac

953 2395 1082 2434 iuriuni,
1097 2399 1159 2425 tam
1183 2393 1391 2435 spiritualium
1418 2405 1512 2437 quam
1538 2401 1694 2438 tempora-

954 2448 1039 2484 lium,
1065 2456 1258 2483 oeconomos,
1284 2452 1431 2486 rectores,
1455 2448 1693 2489 gubernatores,

954 2502 1132 2543 magistros,
1161 2505 1391 2542 praeceptores,
1416 2500 1595 2539 advocatos,
1620 2511 1693 2542 pro-

953 2560 1122 2590 curatores,
1137 2552 1297 2584 ministros
1321 2558 1350 2584 et
1373 2552 1520 2585 officiales
1543 2563 1579 2584 ac
1594 2552 1689 2585 etiam

181 2616 263 2648 quae
286 2605 404 2639 dictum
430 2606 597 2649 collegium
614 2613 769 2649 teneatur,
787 2614 817 2641 et
834 2592 1109 2649 prae-ischolares
1137 2607 1169 2638 in
1193 2607 1276 2639 dicto
1300 2606 1430 2649 collegio
1457 2606 1627 2650 deputandi
1661 2612 1690 2638 et

1673 1920 1679 1925 .
1707 1906 1774 1930 legio.
