2059 3228
857 166 960 190 SthUS
979 166 997 189 v
1017 166 1065 190 rr.

204 228 361 249 summam
374 219 482 251 statuit
501 220 653 253 excedere
669 231 729 252 uon
749 230 838 262 posse
859 226 946 254 scuta
964 225 970 271 l

203 269 445 314 quinquaginta,
464 279 761 317 quantumcumque
786 274 948 317 quantitas
988 283 1041 304 sus
1058 278 1164 305 extare
1190 284 1331 307 errorem
1358 276 1585 317 intelleximus,
1611 277 1734 312 scilicet

203 332 318 366 magna
343 324 394 364 sit,
423 325 453 357 iu
487 337 583 368 quam
614 337 687 359 reus
713 328 948 360 condemnatur
990 326 1167 368 praefultum
1184 327 1363 360 auditorem
1380 339 1442 361 non
1453 329 1557 362 solum
1570 340 1628 373 pro
1642 341 1734 374 prae-

202 376 250 409 vel
267 377 491 420 componitur;
508 384 538 410 et
557 384 674 415 tamen,
692 379 859 412 hominum
876 380 949 412 sub·
989 378 1164 411 scntationz¹
1185 385 1214 412 et
1235 379 1354 413 visione
1369 381 1612 425 supplicationis
1624 383 1732 417 cuius-

204 429 316 463 tilitate
339 436 507 474 acceptum
520 437 578 470 est,
593 437 625 464 ut
646 433 869 475 particulailla
886 434 946 473 vel,
989 430 1078 470 libet,
1099 437 1224 465 scutum
1251 444 1364 474 unum,
1382 435 1436 467 sed
1456 441 1487 468 et
1507 447 1565 479 pro
1583 447 1733 480 praesen-

203 487 263 515 stet
295 481 494 522 disiunctive,
531 494 595 516 non
620 490 727 517 autem
749 487 946 529 copulative,
989 483 1108 518 tatione
1132 486 1323 525 litterarum,
1347 489 1486 521 etetiam
1499 489 1669 533 praedictis
1681 501 1733 524 ca-

204 539 236 569 et
251 535 292 569 ob
309 535 340 568 id
361 546 475 579 magna
495 536 665 570 difficultas
678 544 786 570 exorta
799 545 857 578 est,
875 550 949 571 cum
989 537 1075 571 sibus
1096 539 1297 582 praedictum
1316 546 1441 574 scutum
1459 553 1559 575 unum
1572 544 1733 588 accepisse

204 598 278 622 vere
297 599 410 622 sensus
429 600 498 623 esse
523 590 668 623 videatur
692 597 723 623 ut
745 592 948 626 coniunctive
968 614 972 638 ι
1001 591 1118 633 wando
1137 591 1234 625 habet
1255 593 1406 633 decima&
1431 594 1502 628 ideo
1530 606 1603 629 cum
1629 598 1732 630 mani-

204 647 236 675 et
249 642 427 686 copulative
447 643 549 687 accipi
570 644 697 683 debeat,
720 654 759 677 ne
775 644 949 678 absurdum
991 646 1065 676 t'este
1093 651 1217 678 constet
1242 657 1307 679 esse
1333 653 1444 680 contra
1463 649 1620 692 Magalotti
1642 661 1732 684 men-

205 700 379 739 sequatur‚
414 696 486 740 plus
517 695 609 730 illum
642 707 735 741 posse
773 699 947 742 consequi,
993 703 1066 736 ³cm‚
1094 699 1284 732 mandamus
1318 701 1521 743 praedictum
1547 708 1674 736 scutum
1696 704 1734 737 il-

1624 158 1690 194 923
1748 169 1802 198 An.
1819 168 1928 199 c.¹551·1

1033 219 1154 252 l‘aritcr
1173 226 1203 253 et
1223 222 1359 254 alterum
1381 222 1466 255 eirea
1494 224 1654 266 praefatos
1678 234 1732 258 ca-

205 760 302 793 quam
323 749 363 782 sit
387 748 468 790 eius,
498 750 586 794 quod
615 750 816 793 ingrediatur
842 752 950 785 Came·
992 752 1055 782 lum
1076 761 1135 794 pro
1155 753 1414 794 praesentatione
1434 760 1466 787 et
1489 755 1554 788 visa
1572 758 1733 800 supplica-

204 812 285 835 ram:
307 802 379 836 ideo
405 802 612 843 arbitramur,
640 804 787 837 tollentes
814 806 949 838 alterca-

204 854 307 889 tiones
335 862 367 890 et
397 857 500 901 iurgia
523 868 605 900 quae
635 868 733 901 super
765 858 949 892 huiusmodi

205 919 281 942 casu
295 910 522 951 audiebantur,
542 910 678 943 maxime
689 922 762 943 cum
776 911 950 954 aliquando

206 973 352 1007 perverse
373 964 470 997 fuerit
488 975 506 997 a
532 964 725 1007 quibusdam
746 965 777 997 id
796 965 950 998 hactenus

205 1022 388 1061 acceptum,
410 1018 640 1051 declarandum
661 1029 728 1052 esse
749 1019 950 1052 coniunctive

206 1075 238 1103 et
257 1070 437 1114 copulative
463 1071 637 1105 dictionem
669 1071 755 1104 illam
785 1073 832 1105 vel
864 1084 950 1105 assu-

206 1124 356 1157 mendam
378 1135 459 1165 esse,
479 1125 529 1158 vel
550 1126 621 1158 loco
644 1125 795 1158 dictionis
819 1130 847 1158 c!
865 1126 950 1159 acci-

207 1176 359 1220 piendam
387 1188 468 1218 esse,
495 1178 587 1211 sicuti
618 1190 653 1211 ex
684 1179 951 1222 praecedentibus

207 1231 390 1264 ostenditur
404 1231 500 1264 etiam
512 1232 717 1274 Magalottum
740 1243 809 1265 eam
835 1233 950 1266 dictio-

207 1293 281 1317 nem
301 1284 349 1316 vel
368 1285 589 1329 assumpsisse.

252 1337 331 1371 Male
350 1348 368 1370 a
383 1338 576 1382 quibusdam
594 1338 690 1371 fuisse
707 1346 874 1382 acceptum
887 1350 951 1372 non

209 1401 376 1434 negamus,
397 1392 484 1434 quod
513 1392 687 1425 clarissime
717 1393 825 1425 statuit
846 1393 951 1435 Maga-

210 1445 309 1478 lottus
329 1445 414 1478 circa
434 1445 726 1489 praesentationem
748 1452 779 1478 et
799 1445 953 1479 visionem

210 1497 383 1531 cuiuslibet
420 1499 542 1541 gratiae
570 1504 598 1531 et
632 1499 843 1532 absolutionis
876 1500 954 1533 alias

210 1557 433 1595 praesentatae
458 1557 490 1584 et
509 1552 605 1590 visam
624 1563 697 1584 nam
718 1553 879 1586 mandavit
894 1564 954 1598 pro

211 1604 316 1648 prima
334 1604 413 1638 nihil
439 1605 586 1649 accipere
607 1606 723 1639 debere
751 1606 952 1648 auditorem,

211 1663 245 1691 et
267 1669 325 1702 pro
344 1658 410 1699 illa,
435 1669 517 1701 quae
538 1670 600 1692 non
628 1659 685 1691 fuit
706 1660 845 1703 amplius
865 1671 956 1704 prae-

210 1717 336 1744 sentata
361 1717 394 1745 et
420 1712 497 1751 visa,
529 1718 654 1745 scutum
683 1723 783 1745 unum
809 1723 866 1756 pro
887 1713 957 1746 eius

211 1765 320 1798 labore
340 1776 434 1809 posse
454 1765 618 1809 recipere:
642 1772 670 1798 et
700 1772 808 1799 tamen
829 1766 956 1799 intelle-

212 1823 301 1851 ctum
321 1824 370 1852 est
387 1829 447 1862 pro
468 1819 573 1862 primo
595 1819 699 1863 capite
712 1819 803 1852 illum
818 1820 958 1853 voluisse

212 1876 405 1915 extorquere
424 1883 560 1905 aureum
580 1883 692 1913 unum,
713 1883 786 1905 cum
812 1884 958 1917 expresse

212 1924 294 1957 nihil
314 1925 461 1969 accipere
485 1936 577 1969 posse
598 1925 650 1958 tali
672 1937 747 1959 casu
768 1926 956 1964 decreverit:

213 1978 316 2011 altero
335 1989 412 2012 vero
432 1989 509 2012 casu
530 1985 574 2012 tot
597 1984 684 2012 scuta
702 1979 851 2019 voluisse,
880 1986 960 2023 quot

215 2037 322 2065 essent
349 2032 507 2065 nominati
539 2033 572 2065 in
596 2033 681 2065 dicta
701 2034 960 2076 praesentatione

215 2091 249 2119 et
274 2085 395 2119 visione
426 2087 548 2130 gratiae
579 2092 611 2119 et
639 2087 863 2127 absolutionis,
887 2098 959 2120 cum

216 2149 318 2172 unum
336 2144 460 2172 tantum
482 2150 517 2173 ex
539 2145 646 2172 mente
659 2140 818 2182 Magalotti
834 2146 962 2173 scutum

217 2203 291 2226 eum
305 2203 398 2236 posse
418 2193 563 2236 recipere
584 2188 856 2236 compertum'‘'est:
878 2194 963 2228 unde

218 2245 422 2286 mandamus,
449 2246 652 2290 supradictos
670 2246 788 2279 abusus
800 2247 961 2289 tollentes,

219 2298 324 2341 primo
345 2309 433 2338 casu,
455 2298 536 2331 nihil
553 2299 644 2331 illum
665 2300 783 2332 habere
803 2310 908 2343 posse,
922 2301 964 2333 si-

221 2347 286 2379 cuti
298 2347 488 2390 Magalottus
505 2348 661 2383 decrevit:
676 2349 776 2381 altero
789 2359 863 2382 vcro
881 2361 965 2389 casu,

224 2395 349 2427 nonnisi
369 2404 495 2429 scutum
516 2407 629 2437 unum,
652 2397 727 2430 licet
744 2398 852 2440 plures
871 2398 903 2431 in
914 2399 966 2431 illa

226 2444 345 2476 l'ucrint
363 2446 618 2487 praesentatione
646 2452 678 2479 et
707 2446 826 2479 visione
847 2447 967 2489 gratiae

993 804 1085 837 .ionis
1106 810 1231 838 tantum
1253 807 1397 851 recipere
1415 819 1517 851 posse,
1539 820 1603 845 non
1623 817 1731 844 nutem

992 867 1048 899 pro
1061 859 1524 902 praesentationelitterarum,
1535 873 1592 896 nec
1603 866 1732 906 quando

990 910 1131 944 decimas
1160 913 1298 956 percipit
1326 914 1501 958 quidquam
1527 927 1584 959 pro
1604 918 1733 961 praedi·

989 963 1049 996 ctis
1073 965 1226 1008 consequi
1252 966 1363 999 valeat.

1032 1017 1240 1062 Compertum
1261 1025 1308 1053 est
1327 1021 1511 1064 aliquando,
1533 1023 1589 1056 ubi
1609 1025 1735 1058 auditor

990 1070 1099 1104 euriae
1110 1072 1288 1105 criminalis
1308 1075 1469 1107 mandavit
1483 1075 1567 1109 bona
1582 1077 1732 1118 describi,

992 1125 1112 1168 pluries
1134 1126 1273 1159 voluisse
1306 1129 1488 1161 mercedem
1514 1140 1578 1163 non
1611 1132 1742 1183 simpli-¹

992 1188 1073 1218 cem,
1108 1179 1163 1212 sed
1192 1179 1421 1223 multiplicasse
1452 1182 1537 1215 illam
1568 1189 1631 1217 tam
1675 1189 1741 1229 pro'

991 1242 1021 1263 se
1035 1242 1132 1274 quam
1144 1242 1203 1275 pro
1220 1232 1384 1275 baricello;
1399 1234 1481 1275 ideo,
1494 1237 1636 1271 tollendo
1649 1239 1736 1271 hunc

992 1295 1176 1328 ¹{xpressum
1187 1296 1342 1327 errorem,
1358 1289 1547 1323 mandamus
1556 1291 1735 1325 auditorem

993 1338 1203 1380 praedictum,
1227 1350 1285 1382 pro
1297 1342 1497 1375 confectione
1513 1343 1737 1388 descriptionis

993 1392 1151 1424 bonorum
1172 1392 1426 1437 uniuscuiusque
1447 1406 1548 1436 casuS,
1565 1397 1597 1429 in
1617 1408 1682 1440 quo
1697 1389 1744 1444 de¹

993 1445 1062 1478 iure
1080 1445 1226 1479 venirent
1244 1446 1329 1480 hona
1349 1448 1565 1491 confiscanda,
1587 1461 1651 1484 non
1678 1452 1737 1485 nisi

992 1498 1121 1531 unicam
1142 1504 1173 1532 et
1191 1499 1371 1543 simplicem
1389 1503 1580 1544 mercedem,
1599 1510 1661 1537 tam
1679 1517 1738 1549 pro

993 1562 1025 1584 se
1035 1563 1132 1595 quam
1143 1563 1203 1596 pro
1218 1554 1343 1587 notario
1358 1561 1387 1587 et
1403 1556 1568 1597 haricello,
1588 1558 1737 1601 accipere

994 1615 1106 1648 posse;
1128 1606 1316 1640 mandantes
1328 1608 1422 1641 etiam
1436 1609 1466 1641 in
1488 1609 1663 1644 inventario
1673 1623 1737 1645 non

994 1658 1055 1691 nisi
1084 1659 1265 1693 necessaria
1297 1661 1435 1694 describi
1466 1663 1594 1701 debere,
1621 1670 1652 1697 et
1678 1660 1746 1709 proi

995 1723 1059 1745 non
1088 1714 1277 1747 necessariis
1305 1714 1338 1747 in
1372 1716 1473 1749 nihilo
1501 1728 1559 1760 pro
1591 1720 1742 1753 mercede

996 1771 1143 1799 teneatur
1162 1766 1236 1799 illis.
1421 1755 1430 1765 ⁶

1039 1820 1204 1855 Notarium
1221 1821 1397 1854 criminalis
1406 1822 1515 1855 curiae
1524 1834 1580 1856 seu
1596 1824 1742 1858 eiusdem

998 1883 1054 1915 pro
1067 1878 1211 1917 tempore
1222 1875 1450 1907 cancellarium
1466 1876 1642 1918 coegissem
1657 1879 1743 1911 mul-

998 1925 1036 1958 tis
1055 1926 1147 1959 annis
1171 1927 1261 1967 citra,
1284 1933 1315 1960 et
1348 1928 1443 1961 hodie
1473 1929 1591 1971 pariter
1614 1941 1742 1973 cogere,

999 1979 1141 2022 singulos
1161 1990 1232 2013 reos
1252 1987 1418 2014 accusatos
1434 1988 1465 2014 et
1484 1982 1666 2025 inquisitos,
1685 1995 1744 2027 pro

1002 2043 1065 2065 uno
1086 2033 1262 2077 eodemque
1279 2033 1408 2073 delicto,
1428 2039 1458 2067 et
1473 2045 1530 2077 pro
1551 2036 1652 2079 copiis
1668 2037 1745 2069 sim-

1002 2086 1150 2129 plicibus,
1177 2092 1208 2119 et
1226 2097 1284 2130 pro
1313 2087 1507 2120 authenticis
1537 2089 1662 2122 actibus
1690 2101 1747 2124 seu

1003 2140 1180 2183 scripturis,
1207 2140 1304 2173 veluti
1325 2141 1527 2182 inditiorum,
1557 2144 1747 2177 constituto-

1004 2203 1087 2232 rum,
1110 2193 1366 2236 inquisitionum,
1389 2195 1530 2237 tertium‚
1553 2202 1584 2229 et
1611 2198 1747 2230 aliorum

1005 2246 1099 2278 etiam
1114 2247 1347 2289 productorum
1367 2254 1498 2281 actuum
1519 2249 1750 2294 multiplicasse

1005 2310 1107 2342 usque
1127 2300 1165 2332 ad
1181 2300 1427 2344 triplicationem
1444 2302 1625 2336 mercedem
1645 2313 1747 2343 suam,

1007 2354 1037 2380 et
1048 2348 1190 2391 singulos
1203 2349 1441 2392 praedictorum
1455 2361 1586 2384 reorum
1595 2356 1625 2384 et
1634 2362 1752 2385 unum-

1008 2409 1169 2441 quemque
1202 2398 1365 2442 triplicare
1385 2399 1641 2442 supradictarum
1669 2410 1752 2434 mer-

1009 2447 1133 2487 cedem,
1159 2448 1246 2491 quod
1276 2448 1395 2481 nedum
1429 2449 1614 2482 irrationale
1639 2455 1670 2483 et
1690 2449 1753 2483 ini-

225 2497 253 2525 οἱ
280 2493 493 2526 absolutionis
512 2495 680 2535 nominati,
702 2501 797 2538 prout
822 2507 968 2540 expresse
990 2520 992 2535 l
1010 2506 1109 2539 quum
1130 2502 1188 2535 est,
1210 2497 1264 2529 sed
1285 2503 1311 2529 et
1335 2497 1560 2538 inhumanum,
1578 2508 1679 2531 unum
1694 2509 1753 2542 pro

226 2540 369 2585 disponit
388 2542 590 2585 Magalottus.
732 2561 832 2592 :Utus

951 2569 961 2585 ,
988 2539 1111 2581 ltribus
1130 2545 1253 2579 solvere
1269 2545 1398 2587 debere,
1425 2557 1498 2580 cum
1528 2546 1587 2580 nisi
1620 2546 1754 2581 unicum
