2059 3228
300 222 363 255 ΜΞ

254 283 408 315 stolorum
425 282 581 325 principis
600 291 778 320 successor,
796 280 829 313 in
846 280 999 314 altissima

254 334 418 368 militantis
438 333 596 367 Ecclesiae
617 334 758 377 specula,
775 333 881 367 divina
894 335 999 378 dispo-

254 388 365 421 sitione
386 388 572 427 collocatus,
595 398 631 420 ex
652 387 772 420 credito
790 387 849 421 sibi
869 394 998 432 aposto-

253 442 332 474 licae
360 440 520 473 servitutis
541 440 658 479 officio,
678 441 824 474 omnium
849 442 1000 475 ecclesia-

252 504 326 527 rum
345 493 593 526 sollicitudinem
608 494 739 535 habere,
761 494 924 538 totiusque
941 495 998 528 do-

252 546 362 580 minici
383 547 498 590 gregis,
522 547 576 590 qui
599 548 694 580 unius
713 553 841 581 sanctae
865 548 999 581 catholi-

254 610 308 633 cae
329 605 357 632 et
383 600 578 643 apostolicae
607 601 768 634 Ecclesiae
788 612 846 646 per
869 602 998 635 univer-

251 663 320 686 sum
337 653 447 686 orbem
470 659 628 688 terrarum
649 654 784 688 diffusae
806 665 897 688 sacro
924 655 998 688 ovili

252 706 465 745 concluditur,
480 718 590 739 curam
611 718 722 751 gerere
737 713 875 741 tenetur.
898 709 998 741 Huius

250 769 323 791 vcro
344 765 406 792 tam
432 761 535 802 gravis
547 767 577 793 et
597 760 733 804 ingentis
758 761 877 802 oneris,
904 772 999 805 ange-

249 811 318 844 licis
336 813 429 856 plane
455 813 600 846 humeris
629 814 845 855 formidandi,
877 815 1000 858 magni-

251 858 393 898 tudinein
423 872 458 899 ut
477 867 602 900 facilius
621 868 704 901 serre
729 873 848 912 posset,
868 878 999 902 venera-

248 919 329 952 biles
348 920 462 953 fratres
481 931 556 953 suos
576 921 750 954 catholicos
771 922 941 966 episcopos
965 923 998 955 in

249 978 373 1016 partem
393 984 468 1006 suae
494 973 719 1008 sollicitudinis
745 974 926 1016 advocavit,
943 975 998 1018 qui

250 1031 414 1069 tamquam
443 1027 587 1060 seniores
616 1027 648 1059 in
675 1028 796 1071 populo
815 1028 883 1069 Dei,
910 1028 998 1072 pleni

248 1078 424 1122 sapientiae
444 1080 570 1123 spiritu,
602 1082 634 1113 in
655 1091 712 1114 sua
732 1081 866 1125 quisque
890 1087 998 1125 pasto-

249 1132 308 1164 rali
328 1132 436 1175 vigilia
461 1134 666 1174 excubantes,
688 1134 776 1167 illius
796 1134 939 1178 supremi
966 1135 999 1168 in

248 1185 342 1218 terris
361 1187 497 1229 pastoris
517 1187 693 1221 immensos
712 1188 838 1221 labores
851 1188 997 1221 subleva-

248 1245 331 1279 rent,
354 1240 386 1272 in
405 1251 469 1284 quo
489 1251 568 1281 uno,
590 1241 654 1274 Deo
674 1247 817 1282 auctore,
831 1242 998 1286 plenitudo

248 1293 365 1326 residet
386 1295 562 1337 potestatis.
585 1295 744 1327 Nimirum
765 1301 812 1337 ut,
830 1296 998 1340 episcopo-

248 1356 319 1379 rum
345 1358 443 1390 opere
472 1353 502 1381 et
533 1347 732 1389 adiumento,
762 1349 884 1392 ubique
913 1350 999 1382 loco-

248 1410 319 1432 rum
339 1401 444 1444 gregis
468 1401 527 1433 sibi
552 1402 713 1435 commissi
743 1403 867 1435 vultum
897 1413 997 1446 agno-

247 1459 362 1494 sceret,
385 1460 417 1487 et
440 1455 656 1498 spiritualium
668 1455 774 1488 ovium
796 1456 928 1489 morbos
947 1456 997 1489 in-

246 1507 416 1549 telligeret,
430 1509 675 1551 curationesque
686 1509 872 1542 adhiberet:
887 1514 994 1553 atque,

248 1571 284 1593 ex
301 1561 350 1593 sui
371 1562 514 1595 muneris
526 1562 645 1604 officio,
662 1563 787 1607 perdita
802 1563 994 1607 requireret,

247 1613 371 1647 abiecta
390 1615 570 1656 reduceret,
598 1617 760 1650 confracta
771 1616 928 1660 alligaret,
947 1617 995 1650 in-

247 1667 340 1700 firma
359 1668 585 1709 consolidaret,
615 1669 748 1712 pinguia
768 1676 798 1702 et
822 1670 917 1704 sortia
942 1682 997 1703 cu-

248 1720 400 1754 stodiret:
422 1721 562 1765 denique
587 1723 722 1756 assiduis
734 1729 899 1767 pastorum
909 1725 995 1758 voci-

248 1773 307 1806 bus
331 1774 527 1815 admonitus,
554 1775 592 1809 de
613 1781 678 1809 toto
699 1777 906 1810 ecclesiarum
933 1777 997 1810 sin-

247 1828 396 1869 gularum
436 1834 519 1862 statu
555 1829 675 1862 certior
713 1830 916 1872 redderetur,
955 1842 995 1865 ne

247 1880 418 1924 quicquam
438 1882 671 1916 omninoillum
687 1883 801 1916 lateret.
821 1894 930 1917 earum
948 1895 996 1918 re-

248 1944 332 1974 rum,
355 1945 434 1978 quas
453 1935 493 1967 ad
514 1935 568 1968 Dei
588 1935 725 1979 gloriam
745 1937 939 1979 augendam,
957 1937 995 1970 ad

247 1987 453 2021 christianam
475 1989 664 2032 religionem
685 1990 939 2034 propagandam,
956 1991 995 2023 ad

247 2040 427 2074 animarum
447 2042 582 2075 salutem
598 2043 838 2087 procurandam
848 2054 994 2077 necessa-

248 2093 294 2125 rio
314 2095 463 2128 eumdem
483 2096 565 2129 scire
586 2102 680 2139 atque
701 2097 880 2140 intelligere
901 2103 996 2141 opor-

247 2152 301 2187 tct,
328 2154 375 2188 ut,
396 2149 548 2182 omnibus
577 2150 715 2192 cognitis
743 2156 774 2184 et
794 2150 993 2191 examinatis,

248 2210 304 2242 pro
317 2211 365 2241 ea,
379 2212 461 2245 quae
478 2202 537 2235 sibi
562 2213 578 2235 a
591 2202 714 2237 Christo
725 2204 861 2237 Domino
878 2204 996 2236 tributa

248 2261 306 2294 est,
322 2267 446 2289 summa
462 2263 629 2301 potestate,
642 2259 704 2292 alia
720 2259 752 2292 in
764 2259 856 2292 vinea
870 2259 995 2292 Domini

247 2308 382 2341 Sabaoth
400 2311 523 2352 evellat,
537 2312 599 2344 alia
616 2312 749 2355 plantet,
761 2313 824 2345 alia
839 2312 995 2353 aedificet,

249 2361 310 2393 alia
329 2360 482 2403 destruat,
509 2365 783 2406 quemadmodum
796 2377 832 2399 ex
846 2376 954 2399 rerum
967 2372 996 2398 et

250 2414 429 2452 temporum
440 2413 625 2446 conditione
642 2414 802 2448 salubrius
813 2415 846 2447 in
860 2413 995 2447 Domino

250 2457 363 2490 viderit
383 2460 544 2503 expedire.

294 2507 308 2549 g
326 2507 356 2539 l.
384 2508 428 2540 Ob
444 2520 522 2552 quas
543 2520 618 2543 sane
639 2521 763 2551 causas,
785 2511 856 2545 iure
873 2511 995 2555 optimo

72 2571 167 2598 gffimffi
184 2573 234 2596 μα,
249 2561 280 2588 et
299 2555 436 2598 Spiritus
460 2557 567 2591 Sancti
597 2559 761 2600 instinctu,
793 2571 810 2593 a
834 2559 995 2593 sanctissi-

52 2608 77 2625 ⁸¹
101 2603 186 2630 ³⁰¹³q¹¹⁰
207 2608 236 2623 ¹¹¹·
252 2603 311 2637 mis
330 2604 537 2639 Pontificibus
557 2608 860 2651 praedecessoribus
878 2608 995 2642 nostris

58 227 103 256 An
126 227 155 256 C.
173 229 240 258 1585

847 226 1026 253 majanum
1049 226 1200 253 ROMANUM

1042 279 1105 312 iam
1129 279 1168 312 ab
1186 278 1418 323 antiquissimiS
1436 278 1636 323 temporibus
1657 279 1788 314 institu-

1040 337 1109 364 tum
1130 337 1188 372 est,
1211 337 1242 365 et
1262 341 1319 375 per
1335 331 1453 364 multas
1473 336 1592 367 aetates
1605 342 1720 374 magno
1731 342 1785 365 ec-

1041 385 1157 418 clesiae
1179 376 1236 418 Dei
1254 385 1424 418 commodo
1445 384 1660 426 observatum,
1677 390 1714 418 ut
1723 384 1789 418 sin-

1039 438 1106 482 guli
1132 437 1289 482 episcopi,
1312 437 1562 482 archiepiscopi,
1580 437 1733 481 primates
1757 443 1788 471 et

1040 491 1254 535 patriarchae,
1282 492 1376 525 certis
1402 490 1608 535 praescriptis
1632 491 1788 536 tempori-

1040 546 1112 586 bus,
1134 552 1193 589 per
1218 555 1251 578 se
1271 545 1356 589 ipsos
1376 545 1426 578 vel
1449 553 1508 588 per
1528 549 1652 578 certum
1673 555 1788 578 eorum

1040 599 1208 640 nuncium,
1233 599 1322 632 omni
1343 598 1512 632 occasione
1536 598 1687 642 seposita,
1712 598 1789 631 hea-

1040 653 1238 687 tissimorum
1269 653 1490 697 apostolorum
1519 651 1612 690 Petri,
1628 656 1659 685 et
1688 647 1788 692 Pauli,

1039 707 1095 751 qui
1124 707 1208 740 hanc
1240 707 1358 740 almam
1389 706 1509 740 Urbem
1536 711 1595 739 suo
1632 704 1790 748 sanguine

1040 767 1282 801 consecrarunt,
1302 760 1427 801 limina,
1450 764 1615 804 tamquam
1636 758 1711 793 fidei
1732 768 1789 802 pe-

1040 820 1122 846 tram
1143 819 1173 847 et
1202 814 1301 847 totius
1330 813 1538 847 sacerdotalis
1561 812 1693 846 unitatis
1717 811 1788 844 fon-

1039 872 1115 909 tem,
1143 867 1353 900 iureiurando
1380 877 1414 901 se
1441 867 1624 900 visitaturos
1651 865 1788 910 pollice-

1039 926 1163 961 rentur,
1190 926 1284 964 atque
1310 921 1365 961 ita,
1389 921 1422 955 S.
1444 920 1482 953 R.
1508 920 1544 953 E.
1571 919 1683 953 matris
1711 929 1789 952 suae

1040 974 1210 1018 complexu
1239 974 1388 1015 recreati,
1429 979 1460 1007 et
1492 979 1628 1018 paterno
1669 970 1789 1005 summi

1039 1027 1202 1061 Pontificis
1222 1051 1224 1053 -
1247 1028 1409 1072 colloquio
1438 1027 1595 1067 roborati,
1617 1026 1657 1060 ad
1682 1026 1788 1059 eccle-

1040 1080 1101 1113 sias
1120 1092 1194 1114 suas
1210 1082 1365 1125 regendas
1376 1080 1549 1114 alacriores
1561 1085 1592 1113 et
1602 1078 1788 1113 instructio-

1039 1145 1090 1168 res
1109 1135 1264 1168 redirent.

1084 1188 1103 1232 }
1123 1187 1154 1220 2.
1181 1187 1332 1221 Ceterum
1365 1188 1445 1222 haec
1479 1192 1545 1220 tam
1569 1185 1718 1220 salutaris
1737 1191 1786 1219 at-

1039 1251 1102 1285 que
1126 1242 1308 1275 necessaria
1328 1241 1527 1282 constitutio,
1547 1240 1560 1264 1
1578 1240 1694 1285 partim
1709 1238 1787 1273 anti-

1039 1295 1095 1339 qui
1114 1295 1247 1328 humani
1267 1295 1393 1339 generis
1417 1294 1518 1328 hostis
1537 1294 1665 1334 astutia,
1689 1292 1787 1326 variis

1039 1349 1136 1382 etiam
1157 1349 1398 1392 insurgentibus
1418 1354 1604 1393 temporum
1625 1346 1788 1381 calamita-

1038 1402 1135 1443 tibus,
1158 1403 1248 1436 valde
1272 1403 1430 1446 refriguit,
1442 1402 1512 1436 aliis
1531 1402 1594 1435 alia
1613 1406 1709 1446 atque
1724 1401 1787 1435 alia

1038 1455 1267 1499 impedimenta
1287 1456 1558 1500 praetexentibus,
1571 1455 1603 1488 in
1614 1465 1707 1499 grave
1716 1453 1786 1492 ani-

1038 1521 1166 1543 marum
1176 1521 1307 1544 suarum
1316 1511 1512 1555 periculum,
1526 1515 1556 1543 et
1566 1509 1685 1553 quibus
1696 1518 1787 1553 prae-

1038 1569 1112 1597 sunt
1132 1564 1341 1598 ecclesiarum
1366 1563 1606 1597 detrimentum.
1628 1562 1693 1597 Nec
1711 1571 1786 1596 vero

1037 1616 1251 1651 dubitandum
1271 1624 1330 1658 est,
1349 1617 1434 1662 quod
1455 1617 1524 1650 sine
1534 1616 1673 1650 maximo
1686 1615 1785 1650 animi

1311 1151 1324 1162 ,θ

1037 1681 1186 1705 ῙὩΟΕΓΟΓΘ
1221 1681 1479 1705 commemorare
1504 1678 1571 1703 1⁷10ss
1597 1680 1782 1714 pOSSlellS,
1827 1697 1833 1703 .

1037 1725 1325 1769 perniciosissimas
1348 1725 1509 1764 haereses,
1535 1723 1654 1768 quibus
1672 1723 1784 1757 multis

1036 1780 1100 1812 iam
1125 1779 1230 1820 annis,
1248 1778 1418 1812 hominum
1435 1777 1577 1822 peccatis
1596 1777 1639 1810 ita
1659 1787 1786 1821 prome-

1036 1833 1194 1875 rentibus,
1221 1832 1363 1866 Ecclesia
1382 1837 1525 1873 vexatur,
1547 1837 1578 1865 et
1594 1830 1710 1865 Christi
1720 1830 1797 1864 Dos

1036 1886 1115 1919 mini
1132 1886 1227 1919 vestis
1246 1886 1453 1927 dilaceratur,
1475 1895 1513 1918 ex
1532 1882 1691 1918 eiusmodi
1701 1884 1784 1918 salu-

1014 1939 1196 1998 ¹berrimae
1223 1939 1412 1973 visitationis
1445 1937 1682 1971 intermissione
1709 1947 1785 1982 par-

1037 1993 1094 2026 tim
1113 1999 1200 2027 ortas
1219 2005 1300 2035 esse,
1320 1993 1436 2037 partim
1452 1992 1562 2025 latenti
1584 1991 1784 2036 progressio-

1036 2058 1076 2080 ne
1087 2059 1241 2092 magnum
1260 2049 1499 2082 incrementum
1514 2045 1687 2090 accepisse.
1705 2045 1783 2079 Nam

1036 2102 1062 2134 si
1083 2102 1244 2142 celeriter,
1265 2102 1298 2134 in
1315 2102 1385 2146 ipso
1401 2099 1564 2134 nascentis
1582 2099 1658 2132 mali
1678 2098 1782 2140 initio,

1037 2151 1076 2184 ab
1096 2150 1173 2194 ipsis
1190 2150 1349 2195 episcopis
1370 2160 1427 2194 pro
1449 2148 1495 2182 rei
1507 2147 1708 2191 gravitatead
1723 2147 1784 2181 Ro-

1038 2211 1169 2233 manum
1195 2199 1384 2233 Pontificem
1408 2199 1546 2232 relatum
1579 2202 1676 2239 esset,
1708 2207 1783 2230 saue

1036 2248 1123 2282 illius
1146 2249 1349 2294 providentia
1382 2253 1414 2282 et
1436 2247 1646 2288 auctoritate,
1676 2245 1782 2279 statim

1035 2304 1210 2331 venenatae
1227 2299 1343 2342 stirpes
1361 2308 1399 2331 ex
1416 2306 1493 2340 agro
1508 2295 1636 2329 Domini
1656 2295 1781 2329 evulsae

1036 2353 1153 2387 essent,
1176 2353 1207 2381 et
1225 2346 1377 2381 diabolici
1397 2346 1480 2389 ignis
1495 2345 1665 2386 scintillae,
1677 2344 1782 2377 subito

1036 2406 1208 2440 oppressae
1232 2402 1328 2439 atque
1355 2395 1540 2436 restinctae,
1562 2393 1596 2427 in
1620 2398 1668 2426 tot
1690 2393 1783 2426 flam-

1037 2454 1105 2477 mas
1120 2451 1151 2478 et
1167 2445 1314 2478 luctuosa
1333 2444 1483 2478 incendia
1502 2453 1567 2476 non
1588 2442 1780 2486 erupissent.

1080 2492 1094 2536 ἓ
1117 2493 1149 2526 3.
1172 2494 1256 2526 llaec
1277 2500 1373 2537 atque
1390 2491 1782 2536 aliagravissimaincom-

1037 2541 1148 2582 moda,
1172 2552 1245 2575 cum
1265 2543 1407 2586 primum
1427 2542 1468 2574 ad
1487 2540 1605 2575 summi
1625 2539 1782 2585 apostola-

1073 2619 1083 2645 1
1102 2617 1223 2646 Cherub?
1239 2617 1342 2653 partim
1352 2617 1491 2646 hominum
1500 2616 1670 2652 neqliyentia,
1680 2616 1719 2650 (a.
1730 2614 1778 2650 r.).

1802 222 1931 253 320.st

1802 286 1885 313 sumto,
1992 303 1993 306 ,

1802 316 1933 344 temporib-1

1801 349 1858 369 mint
1875 347 1932 375 Apo·
1963 376 1966 377 V

1801 385 1846 400 rum
1900 379 1940 401 viui

1802 409 1912 432 curabunt.
1962 404 1969 413 “
1994 419 1998 421 -

1964 456 1994 486 ’Ἀ

1968 487 1993 516 Α·
