<?xml version="1.0" encoding="UTF-8"?>
<!DOCTYPE html PUBLIC "-//W3C//DTD XHTML 1.0 Transitional//EN"
    "http://www.w3.org/TR/xhtml1/DTD/xhtml1-transitional.dtd">
<html xmlns="http://www.w3.org/1999/xhtml" xml:lang="en" lang="en">
 <head>
  <title>
</title>
<meta http-equiv="Content-Type" content="text/html;charset=utf-8" />
  <meta name='ocr-system' content='tesseract 3.04.00' />
  <meta name='ocr-capabilities' content='ocr_page ocr_carea ocr_par ocr_line ocrx_word'/>
</head>
<body>
  <div class='ocr_page' id='page_1' title='image "./bullarumdiplomat08cath_0993.png"; bbox 0 0 2059 3228; ppageno 0'>
   <div class='ocr_carea' id='block_1_1' title="bbox 78 281 261 316">
    <p class='ocr_par' dir='ltr' id='par_1_1' title="bbox 78 281 261 316">
     <span class='ocr_line' id='line_1_1' title="bbox 78 281 261 316; baseline -0.022 0"><span class='ocrx_word' id='word_1_1' title='bbox 78 285 132 316; x_wconf 71' lang='lat' dir='ltr'>An.</span> <span class='ocrx_word' id='word_1_2' title='bbox 149 285 180 314; x_wconf 86' lang='lat' dir='ltr'>C.</span> <span class='ocrx_word' id='word_1_3' title='bbox 192 281 261 314; x_wconf 80' lang='lat'>¹587</span> 
     </span>
    </p>
   </div>
   <div class='ocr_carea' id='block_1_2' title="bbox 85 655 269 708">
    <p class='ocr_par' dir='ltr' id='par_1_2' title="bbox 85 655 269 708">
     <span class='ocr_line' id='line_1_2' title="bbox 110 655 269 676; baseline -0.013 0"><span class='ocrx_word' id='word_1_4' title='bbox 110 655 194 676; x_wconf 67' lang='lat' dir='ltr'>Poenae</span> <span class='ocrx_word' id='word_1_5' title='bbox 210 659 269 675; x_wconf 83' lang='lat' dir='ltr'>ton—</span> 
     </span>
     <span class='ocr_line' id='line_1_3' title="bbox 85 686 255 708; baseline -0.012 0"><span class='ocrx_word' id='word_1_6' title='bbox 85 691 117 708; x_wconf 71' lang='lat' dir='ltr'>tra</span> <span class='ocrx_word' id='word_1_7' title='bbox 131 686 255 707; x_wconf 68' lang='lat' dir='ltr'>vtolatoren.</span> 
     </span>
    </p>
   </div>
   <div class='ocr_carea' id='block_1_3' title="bbox 107 1955 290 2008">
    <p class='ocr_par' dir='ltr' id='par_1_3' title="bbox 107 1955 290 2008">
     <span class='ocr_line' id='line_1_4' title="bbox 133 1955 290 1982; baseline 0.006 -7"><span class='ocrx_word' id='word_1_8' title='bbox 133 1955 230 1982; x_wconf 73' lang='lat' dir='ltr'>nepumt</span> <span class='ocrx_word' id='word_1_9' title='bbox 240 1958 290 1976; x_wconf 78' lang='lat' dir='ltr'>exe-</span> 
     </span>
     <span class='ocr_line' id='line_1_5' title="bbox 107 1991 203 2008; baseline -0.021 0"><span class='ocrx_word' id='word_1_10' title='bbox 107 1991 203 2008; x_wconf 77' lang='lat' dir='ltr'>tutores.</span> 
     </span>
    </p>
   </div>
   <div class='ocr_carea' id='block_1_4' title="bbox 930 276 1138 304">
    <p class='ocr_par' dir='ltr' id='par_1_4' title="bbox 930 276 1138 304">
     <span class='ocr_line' id='line_1_6' title="bbox 930 276 1138 304; baseline -0.019 0"><span class='ocrx_word' id='word_1_11' title='bbox 930 278 1034 304; x_wconf 74' lang='lat' dir='ltr'>Slst</span> <span class='ocrx_word' id='word_1_12' title='bbox 1053 278 1072 301; x_wconf 84' lang='lat' dir='ltr'>V</span> <span class='ocrx_word' id='word_1_13' title='bbox 1090 276 1138 301; x_wconf 84' lang='lat' dir='ltr'>PP.</span> 
     </span>
    </p>
   </div>
   <div class='ocr_carea' id='block_1_5' title="bbox 280 334 1066 2419">
    <p class='ocr_par' dir='ltr' id='par_1_5' title="bbox 280 334 1036 585">
     <span class='ocr_line' id='line_1_7' title="bbox 280 334 1034 376; baseline -0.005 -7"><span class='ocrx_word' id='word_1_14' title='bbox 280 335 418 370; x_wconf 84' lang='lat' dir='ltr'>deffiniri</span> <span class='ocrx_word' id='word_1_15' title='bbox 439 335 576 376; x_wconf 85' lang='lat' dir='ltr'>deherc;</span> <span class='ocrx_word' id='word_1_16' title='bbox 605 344 732 369; x_wconf 88' lang='lat' dir='ltr'>necnon</span> <span class='ocrx_word' id='word_1_17' title='bbox 757 334 782 367; x_wconf 82' lang='lat' dir='ltr'>si</span> <span class='ocrx_word' id='word_1_18' title='bbox 816 344 907 367; x_wconf 84' lang='lat' dir='ltr'>secus</span> <span class='ocrx_word' id='word_1_19' title='bbox 936 343 1034 376; x_wconf 87' lang='lat' dir='ltr'>super</span> 
     </span>
     <span class='ocr_line' id='line_1_8' title="bbox 281 387 1033 434; baseline -0.007 -10"><span class='ocrx_word' id='word_1_20' title='bbox 281 391 330 424; x_wconf 86' lang='lat' dir='ltr'>his</span> <span class='ocrx_word' id='word_1_21' title='bbox 350 402 366 424; x_wconf 89' lang='lat' dir='ltr'>a</span> <span class='ocrx_word' id='word_1_22' title='bbox 384 401 562 434; x_wconf 82' lang='lat' dir='ltr'>quoquam,</span> <span class='ocrx_word' id='word_1_23' title='bbox 586 389 696 434; x_wconf 70' lang='lat' dir='ltr'>quavis·</span> <span class='ocrx_word' id='word_1_24' title='bbox 712 388 916 429; x_wconf 86' lang='lat' dir='ltr'>anctoritate,</span> <span class='ocrx_word' id='word_1_25' title='bbox 930 387 1033 420; x_wconf 87' lang='lat' dir='ltr'>scien-</span> 
     </span>
     <span class='ocr_line' id='line_1_9' title="bbox 281 441 1033 488; baseline -0.007 -10"><span class='ocrx_word' id='word_1_26' title='bbox 281 451 330 478; x_wconf 87' lang='lat' dir='ltr'>ter</span> <span class='ocrx_word' id='word_1_27' title='bbox 362 446 409 478; x_wconf 79' lang='lat' dir='ltr'>vel</span> <span class='ocrx_word' id='word_1_28' title='bbox 446 445 642 488; x_wconf 80' lang='lat' dir='ltr'>ignoranter,</span> <span class='ocrx_word' id='word_1_29' title='bbox 673 442 843 486; x_wconf 79' lang='lat' dir='ltr'>contigerit</span> <span class='ocrx_word' id='word_1_30' title='bbox 872 441 1033 483; x_wconf 85' lang='lat' dir='ltr'>attentari,</span> 
     </span>
     <span class='ocr_line' id='line_1_10' title="bbox 282 494 1036 532; baseline -0.007 0"><span class='ocrx_word' id='word_1_31' title='bbox 282 498 410 532; x_wconf 88' lang='lat' dir='ltr'>irritum</span> <span class='ocrx_word' id='word_1_32' title='bbox 442 504 472 532; x_wconf 92' lang='lat' dir='ltr'>et</span> <span class='ocrx_word' id='word_1_33' title='bbox 503 499 596 531; x_wconf 86' lang='lat' dir='ltr'>inane</span> <span class='ocrx_word' id='word_1_34' title='bbox 626 497 831 531; x_wconf 79' lang='lat' dir='ltr'>decernimus</span> <span class='ocrx_word' id='word_1_35' title='bbox 865 501 895 529; x_wconf 85' lang='lat' dir='ltr'>et</span> <span class='ocrx_word' id='word_1_36' title='bbox 928 494 1036 529; x_wconf 87' lang='lat' dir='ltr'>decla-</span> 
     </span>
     <span class='ocr_line' id='line_1_11' title="bbox 282 563 404 585; baseline 0 0"><span class='ocrx_word' id='word_1_37' title='bbox 282 563 404 585; x_wconf 84' lang='lat' dir='ltr'>ramus.</span> 
     </span>
    </p>

    <p class='ocr_par' dir='ltr' id='par_1_6' title="bbox 284 593 1054 1870">
     <span class='ocr_line' id='line_1_12' title="bbox 329 593 1038 641; baseline -0.006 -11"><span class='ocrx_word' id='word_1_38' title='bbox 329 597 417 641; x_wconf 50' lang='grc' dir='ltr'>ἐμὲ.</span> <span class='ocrx_word' id='word_1_39' title='bbox 445 596 626 630; x_wconf 88' lang='lat' dir='ltr'>Districtius</span> <span class='ocrx_word' id='word_1_40' title='bbox 651 596 833 629; x_wconf 68' lang='lat' dir='ltr'>inhibentes</span> <span class='ocrx_word' id='word_1_41' title='bbox 862 593 1038 639; x_wconf 85' lang='lat' dir='ltr'>praedictis</span> 
     </span>
     <span class='ocr_line' id='line_1_13' title="bbox 284 648 1038 693; baseline -0.003 -10"><span class='ocrx_word' id='word_1_42' title='bbox 284 651 410 693; x_wconf 77' lang='lat' dir='ltr'>legatis,</span> <span class='ocrx_word' id='word_1_43' title='bbox 433 650 527 683; x_wconf 83' lang='lat' dir='ltr'>etiam</span> <span class='ocrx_word' id='word_1_44' title='bbox 548 650 587 683; x_wconf 90' lang='lat' dir='ltr'>de</span> <span class='ocrx_word' id='word_1_45' title='bbox 612 650 725 690; x_wconf 87' lang='lat' dir='ltr'>latere,</span> <span class='ocrx_word' id='word_1_46' title='bbox 752 648 948 691; x_wconf 71' lang='lat' dir='ltr'>vicelegatis,</span> <span class='ocrx_word' id='word_1_47' title='bbox 981 659 1038 692; x_wconf 83' lang='lat' dir='ltr'>gu-</span> 
     </span>
     <span class='ocr_line' id='line_1_14' title="bbox 284 702 1038 743; baseline -0.003 -7"><span class='ocrx_word' id='word_1_48' title='bbox 284 703 524 743; x_wconf 87' lang='lat' dir='ltr'>bernatoribus,</span> <span class='ocrx_word' id='word_1_49' title='bbox 558 702 799 743; x_wconf 68' lang='lat' dir='ltr'>commissariis,</span> <span class='ocrx_word' id='word_1_50' title='bbox 829 702 1038 735; x_wconf 90' lang='lat' dir='ltr'>locatenenti-</span> 
     </span>
     <span class='ocr_line' id='line_1_15' title="bbox 284 755 1040 800; baseline -0.004 -9"><span class='ocrx_word' id='word_1_51' title='bbox 284 757 347 791; x_wconf 90' lang='lat' dir='ltr'>bus</span> <span class='ocrx_word' id='word_1_52' title='bbox 366 757 538 791; x_wconf 87' lang='lat' dir='ltr'>ordinariis</span> <span class='ocrx_word' id='word_1_53' title='bbox 567 762 597 790; x_wconf 88' lang='lat' dir='ltr'>et</span> <span class='ocrx_word' id='word_1_54' title='bbox 622 755 896 795; x_wconf 71' lang='lat' dir='ltr'>extraordinariis,</span> <span class='ocrx_word' id='word_1_55' title='bbox 930 755 1040 800; x_wconf 87' lang='lat' dir='ltr'>quavis</span> 
     </span>
     <span class='ocr_line' id='line_1_16' title="bbox 286 810 1040 854; baseline -0.003 -9"><span class='ocrx_word' id='word_1_56' title='bbox 286 811 490 851; x_wconf 88' lang='lat' dir='ltr'>auctoritate,</span> <span class='ocrx_word' id='word_1_57' title='bbox 502 810 644 854; x_wconf 82' lang='lat' dir='ltr'>generali</span> <span class='ocrx_word' id='word_1_58' title='bbox 656 810 705 842; x_wconf 75' lang='lat' dir='ltr'>vel</span> <span class='ocrx_word' id='word_1_59' title='bbox 719 810 865 854; x_wconf 76' lang='lat' dir='ltr'>speciali,</span> <span class='ocrx_word' id='word_1_60' title='bbox 889 810 1040 854; x_wconf 81' lang='lat' dir='ltr'>specifica</span> 
     </span>
     <span class='ocr_line' id='line_1_17' title="bbox 287 864 1040 909; baseline 0 -11"><span class='ocrx_word' id='word_1_61' title='bbox 287 870 318 899; x_wconf 88' lang='lat' dir='ltr'>et</span> <span class='ocrx_word' id='word_1_62' title='bbox 337 875 497 909; x_wconf 85' lang='lat' dir='ltr'>expressa,</span> <span class='ocrx_word' id='word_1_63' title='bbox 520 864 729 908; x_wconf 81' lang='lat' dir='ltr'>fungentibus</span> <span class='ocrx_word' id='word_1_64' title='bbox 750 869 779 898; x_wconf 89' lang='lat' dir='ltr'>et</span> <span class='ocrx_word' id='word_1_65' title='bbox 800 864 969 904; x_wconf 77' lang='lat' dir='ltr'>functuris,</span> <span class='ocrx_word' id='word_1_66' title='bbox 988 875 1040 898; x_wconf 78' lang='lat' dir='ltr'>ce-</span> 
     </span>
     <span class='ocr_line' id='line_1_18' title="bbox 289 918 1042 962; baseline -0.003 -10"><span class='ocrx_word' id='word_1_67' title='bbox 289 919 430 962; x_wconf 88' lang='lat' dir='ltr'>terisque</span> <span class='ocrx_word' id='word_1_68' title='bbox 441 918 645 958; x_wconf 84' lang='lat' dir='ltr'>officialibus,</span> <span class='ocrx_word' id='word_1_69' title='bbox 658 918 804 957; x_wconf 83' lang='lat' dir='ltr'>notariis,</span> <span class='ocrx_word' id='word_1_70' title='bbox 815 918 1042 951; x_wconf 73' lang='lat' dir='ltr'>executoribus</span> 
     </span>
     <span class='ocr_line' id='line_1_19' title="bbox 289 971 1042 1016; baseline -0.003 -10"><span class='ocrx_word' id='word_1_71' title='bbox 289 979 320 1007; x_wconf 87' lang='lat' dir='ltr'>et</span> <span class='ocrx_word' id='word_1_72' title='bbox 338 972 479 1006; x_wconf 88' lang='lat' dir='ltr'>iustitiae</span> <span class='ocrx_word' id='word_1_73' title='bbox 498 971 655 1005; x_wconf 74' lang='lat' dir='ltr'>ministris</span> <span class='ocrx_word' id='word_1_74' title='bbox 674 972 936 1016; x_wconf 86' lang='lat' dir='ltr'>quibuscumque</span> <span class='ocrx_word' id='word_1_75' title='bbox 956 972 1042 1005; x_wconf 86' lang='lat' dir='ltr'>eius-</span> 
     </span>
     <span class='ocr_line' id='line_1_20' title="bbox 289 1026 1043 1070; baseline 0 -10"><span class='ocrx_word' id='word_1_76' title='bbox 289 1027 362 1061; x_wconf 86' lang='lat' dir='ltr'>dem</span> <span class='ocrx_word' id='word_1_77' title='bbox 383 1027 543 1060; x_wconf 82' lang='lat' dir='ltr'>Marcliiae</span> <span class='ocrx_word' id='word_1_78' title='bbox 556 1027 605 1059; x_wconf 80' lang='lat' dir='ltr'>vel</span> <span class='ocrx_word' id='word_1_79' title='bbox 631 1026 763 1059; x_wconf 88' lang='lat' dir='ltr'>alterins</span> <span class='ocrx_word' id='word_1_80' title='bbox 784 1026 967 1070; x_wconf 79' lang='lat' dir='ltr'>provinciae</span> <span class='ocrx_word' id='word_1_81' title='bbox 979 1026 1043 1060; x_wconf 78' lang='lat' dir='ltr'>sire</span> 
     </span>
     <span class='ocr_line' id='line_1_21' title="bbox 290 1079 1041 1124; baseline -0.003 -9"><span class='ocrx_word' id='word_1_82' title='bbox 290 1081 367 1121; x_wconf 90' lang='lat' dir='ltr'>loci,</span> <span class='ocrx_word' id='word_1_83' title='bbox 389 1092 426 1114; x_wconf 89' lang='lat' dir='ltr'>ac</span> <span class='ocrx_word' id='word_1_84' title='bbox 446 1081 599 1114; x_wconf 88' lang='lat' dir='ltr'>omnibus</span> <span class='ocrx_word' id='word_1_85' title='bbox 624 1085 654 1113; x_wconf 90' lang='lat' dir='ltr'>et</span> <span class='ocrx_word' id='word_1_86' title='bbox 678 1079 939 1124; x_wconf 85' lang='lat' dir='ltr'>quibuscumque</span> <span class='ocrx_word' id='word_1_87' title='bbox 959 1080 1041 1121; x_wconf 83' lang='lat' dir='ltr'>aliis,</span> 
     </span>
     <span class='ocr_line' id='line_1_22' title="bbox 292 1134 1042 1178; baseline -0.001 -10"><span class='ocrx_word' id='word_1_88' title='bbox 292 1135 529 1178; x_wconf 86' lang='lat' dir='ltr'>cuiuscumque</span> <span class='ocrx_word' id='word_1_89' title='bbox 559 1134 736 1177; x_wconf 74' lang='lat' dir='ltr'>dignitatis,</span> <span class='ocrx_word' id='word_1_90' title='bbox 769 1139 880 1174; x_wconf 87' lang='lat' dir='ltr'>status,</span> <span class='ocrx_word' id='word_1_91' title='bbox 911 1135 1042 1176; x_wconf 76' lang='lat' dir='ltr'>gradus,</span> 
     </span>
     <span class='ocr_line' id='line_1_23' title="bbox 292 1188 1044 1222; baseline -0.001 0"><span class='ocrx_word' id='word_1_92' title='bbox 292 1188 417 1222; x_wconf 83' lang='lat' dir='ltr'>ordinis</span> <span class='ocrx_word' id='word_1_93' title='bbox 436 1194 467 1222; x_wconf 88' lang='lat' dir='ltr'>et</span> <span class='ocrx_word' id='word_1_94' title='bbox 482 1188 677 1222; x_wconf 90' lang='lat' dir='ltr'>conditionis</span> <span class='ocrx_word' id='word_1_95' title='bbox 693 1188 901 1221; x_wconf 66' lang='lat' dir='ltr'>existentibus</span> <span class='ocrx_word' id='word_1_96' title='bbox 922 1193 951 1221; x_wconf 88' lang='lat' dir='ltr'>et</span> <span class='ocrx_word' id='word_1_97' title='bbox 969 1188 1044 1221; x_wconf 83' lang='lat' dir='ltr'>exti-</span> 
     </span>
     <span class='ocr_line' id='line_1_24' title="bbox 291 1242 1046 1286; baseline -0.001 -10"><span class='ocrx_word' id='word_1_98' title='bbox 291 1242 384 1284; x_wconf 86' lang='lat' dir='ltr'>turis,</span> <span class='ocrx_word' id='word_1_99' title='bbox 404 1242 547 1286; x_wconf 82' lang='lat' dir='ltr'>exceptis</span> <span class='ocrx_word' id='word_1_100' title='bbox 568 1242 792 1275; x_wconf 88' lang='lat' dir='ltr'>tantummodo</span> <span class='ocrx_word' id='word_1_101' title='bbox 817 1242 970 1275; x_wconf 77' lang='lat' dir='ltr'>Gamerae</span> <span class='ocrx_word' id='word_1_102' title='bbox 990 1253 1046 1275; x_wconf 91' lang='lat' dir='ltr'>no-</span> 
     </span>
     <span class='ocr_line' id='line_1_25' title="bbox 293 1295 1045 1340; baseline -0.003 -10"><span class='ocrx_word' id='word_1_103' title='bbox 293 1302 376 1330; x_wconf 86' lang='lat' dir='ltr'>strae</span> <span class='ocrx_word' id='word_1_104' title='bbox 395 1295 600 1340; x_wconf 89' lang='lat' dir='ltr'>Apostolicae</span> <span class='ocrx_word' id='word_1_105' title='bbox 616 1296 760 1339; x_wconf 82' lang='lat' dir='ltr'>generali</span> <span class='ocrx_word' id='word_1_106' title='bbox 786 1295 933 1329; x_wconf 87' lang='lat' dir='ltr'>auditore</span> <span class='ocrx_word' id='word_1_107' title='bbox 954 1296 1045 1329; x_wconf 88' lang='lat' dir='ltr'>etiu-</span> 
     </span>
     <span class='ocr_line' id='line_1_26' title="bbox 293 1349 1047 1394; baseline 0 -11"><span class='ocrx_word' id='word_1_108' title='bbox 293 1350 432 1391; x_wconf 89' lang='lat' dir='ltr'>dicibus,</span> <span class='ocrx_word' id='word_1_109' title='bbox 453 1350 573 1394; x_wconf 90' lang='lat' dir='ltr'>quibus</span> <span class='ocrx_word' id='word_1_110' title='bbox 597 1360 614 1383; x_wconf 87' lang='lat' dir='ltr'>a</span> <span class='ocrx_word' id='word_1_111' title='bbox 649 1349 741 1383; x_wconf 87' lang='lat' dir='ltr'>nobis</span> <span class='ocrx_word' id='word_1_112' title='bbox 761 1350 808 1382; x_wconf 84' lang='lat' dir='ltr'>vel</span> <span class='ocrx_word' id='word_1_113' title='bbox 829 1361 846 1383; x_wconf 87' lang='lat' dir='ltr'>a</span> <span class='ocrx_word' id='word_1_114' title='bbox 879 1360 1047 1383; x_wconf 62' lang='lat' dir='ltr'>successO«</span> 
     </span>
     <span class='ocr_line' id='line_1_27' title="bbox 293 1403 1048 1447; baseline 0 -10"><span class='ocrx_word' id='word_1_115' title='bbox 293 1404 386 1438; x_wconf 89' lang='lat' dir='ltr'>ribus</span> <span class='ocrx_word' id='word_1_116' title='bbox 403 1404 534 1444; x_wconf 90' lang='lat' dir='ltr'>nostris,</span> <span class='ocrx_word' id='word_1_117' title='bbox 555 1403 618 1437; x_wconf 79' lang='lat' dir='ltr'>sive</span> <span class='ocrx_word' id='word_1_118' title='bbox 636 1415 673 1437; x_wconf 83' lang='lat' dir='ltr'>ex</span> <span class='ocrx_word' id='word_1_119' title='bbox 693 1403 877 1447; x_wconf 81' lang='lat' dir='ltr'>signaturae</span> <span class='ocrx_word' id='word_1_120' title='bbox 890 1403 1048 1447; x_wconf 87' lang='lat' dir='ltr'>rescripto</span> 
     </span>
     <span class='ocr_line' id='line_1_28' title="bbox 296 1457 1048 1499; baseline 0 -8"><span class='ocrx_word' id='word_1_121' title='bbox 296 1469 412 1492; x_wconf 86' lang='lat' dir='ltr'>causae</span> <span class='ocrx_word' id='word_1_122' title='bbox 433 1458 624 1492; x_wconf 85' lang='lat' dir='ltr'>commissae</span> <span class='ocrx_word' id='word_1_123' title='bbox 646 1458 777 1499; x_wconf 82' lang='lat' dir='ltr'>fuerint,</span> <span class='ocrx_word' id='word_1_124' title='bbox 810 1468 850 1491; x_wconf 88' lang='lat' dir='ltr'>ne</span> <span class='ocrx_word' id='word_1_125' title='bbox 879 1459 940 1491; x_wconf 92' lang='lat' dir='ltr'>sub</span> <span class='ocrx_word' id='word_1_126' title='bbox 965 1457 1048 1491; x_wconf 90' lang='lat' dir='ltr'>indi-</span> 
     </span>
     <span class='ocr_line' id='line_1_29' title="bbox 297 1511 1046 1556; baseline -0.001 -11"><span class='ocrx_word' id='word_1_127' title='bbox 297 1511 460 1556; x_wconf 81' lang='lat' dir='ltr'>gnationis</span> <span class='ocrx_word' id='word_1_128' title='bbox 479 1517 620 1553; x_wconf 89' lang='lat' dir='ltr'>nostrae,</span> <span class='ocrx_word' id='word_1_129' title='bbox 642 1516 792 1556; x_wconf 89' lang='lat' dir='ltr'>respectu</span> <span class='ocrx_word' id='word_1_130' title='bbox 819 1512 1046 1549; x_wconf 75' lang='lat' dir='ltr'>cardinalium,</span> 
     </span>
     <span class='ocr_line' id='line_1_30' title="bbox 298 1565 1047 1609; baseline -0.003 -9"><span class='ocrx_word' id='word_1_131' title='bbox 298 1572 329 1600; x_wconf 87' lang='lat' dir='ltr'>et</span> <span class='ocrx_word' id='word_1_132' title='bbox 346 1565 703 1606; x_wconf 79' lang='lat' dir='ltr'>excommunicationis,</span> <span class='ocrx_word' id='word_1_133' title='bbox 725 1572 875 1609; x_wconf 88' lang='lat' dir='ltr'>respectu</span> <span class='ocrx_word' id='word_1_134' title='bbox 895 1565 1047 1606; x_wconf 89' lang='lat' dir='ltr'>aliorum,</span> 
     </span>
     <span class='ocr_line' id='line_1_31' title="bbox 297 1620 1052 1665; baseline 0 -11"><span class='ocrx_word' id='word_1_135' title='bbox 297 1621 424 1665; x_wconf 89' lang='lat' dir='ltr'>poenis,</span> <span class='ocrx_word' id='word_1_136' title='bbox 443 1620 622 1664; x_wconf 85' lang='lat' dir='ltr'>quidquam</span> <span class='ocrx_word' id='word_1_137' title='bbox 643 1625 756 1654; x_wconf 86' lang='lat' dir='ltr'>contra</span> <span class='ocrx_word' id='word_1_138' title='bbox 773 1621 990 1664; x_wconf 88' lang='lat' dir='ltr'>praesentium</span> <span class='ocrx_word' id='word_1_139' title='bbox 1008 1626 1052 1654; x_wconf 90' lang='lat' dir='ltr'>te-</span> 
     </span>
     <span class='ocr_line' id='line_1_32' title="bbox 298 1674 1052 1719; baseline 0.001 -12"><span class='ocrx_word' id='word_1_140' title='bbox 298 1684 413 1707; x_wconf 88' lang='lat' dir='ltr'>norem</span> <span class='ocrx_word' id='word_1_141' title='bbox 433 1674 555 1707; x_wconf 86' lang='lat' dir='ltr'>directe</span> <span class='ocrx_word' id='word_1_142' title='bbox 571 1674 619 1707; x_wconf 80' lang='lat' dir='ltr'>vel</span> <span class='ocrx_word' id='word_1_143' title='bbox 640 1674 811 1714; x_wconf 86' lang='lat' dir='ltr'>indirecte,</span> <span class='ocrx_word' id='word_1_144' title='bbox 826 1674 939 1718; x_wconf 84' lang='lat' dir='ltr'>quovis</span> <span class='ocrx_word' id='word_1_145' title='bbox 952 1685 1052 1719; x_wconf 87' lang='lat' dir='ltr'>quae-</span> 
     </span>
     <span class='ocr_line' id='line_1_33' title="bbox 299 1727 1052 1772; baseline 0.001 -11"><span class='ocrx_word' id='word_1_146' title='bbox 299 1727 361 1762; x_wconf 87' lang='lat' dir='ltr'>sito</span> <span class='ocrx_word' id='word_1_147' title='bbox 382 1727 503 1768; x_wconf 88' lang='lat' dir='ltr'>colore,</span> <span class='ocrx_word' id='word_1_148' title='bbox 527 1733 683 1761; x_wconf 86' lang='lat' dir='ltr'>attentare</span> <span class='ocrx_word' id='word_1_149' title='bbox 707 1733 762 1760; x_wconf 86' lang='lat' dir='ltr'>aut</span> <span class='ocrx_word' id='word_1_150' title='bbox 779 1728 857 1760; x_wconf 85' lang='lat' dir='ltr'>alias</span> <span class='ocrx_word' id='word_1_151' title='bbox 882 1728 946 1761; x_wconf 91' lang='lat' dir='ltr'>illis</span> <span class='ocrx_word' id='word_1_152' title='bbox 971 1739 1052 1772; x_wconf 88' lang='lat' dir='ltr'>qno-</span> 
     </span>
     <span class='ocr_line' id='line_1_34' title="bbox 300 1781 1054 1827; baseline 0 -12"><span class='ocrx_word' id='word_1_153' title='bbox 300 1782 477 1816; x_wconf 88' lang='lat' dir='ltr'>modolibet</span> <span class='ocrx_word' id='word_1_154' title='bbox 497 1781 719 1815; x_wconf 80' lang='lat' dir='ltr'>contravenire</span> <span class='ocrx_word' id='word_1_155' title='bbox 739 1781 878 1815; x_wconf 85' lang='lat' dir='ltr'>audeant</span> <span class='ocrx_word' id='word_1_156' title='bbox 894 1783 942 1816; x_wconf 79' lang='lat' dir='ltr'>vel</span> <span class='ocrx_word' id='word_1_157' title='bbox 963 1793 1054 1827; x_wconf 88' lang='lat' dir='ltr'>prae-</span> 
     </span>
     <span class='ocr_line' id='line_1_35' title="bbox 301 1842 442 1870; baseline 0 0"><span class='ocrx_word' id='word_1_158' title='bbox 301 1842 442 1870; x_wconf 86' lang='lat' dir='ltr'>sumant.</span> 
     </span>
    </p>

    <p class='ocr_par' dir='ltr' id='par_1_7' title="bbox 304 1890 1066 2419">
     <span class='ocr_line' id='line_1_36' title="bbox 347 1890 1055 1934; baseline 0 -10"><span class='ocrx_word' id='word_1_159' title='bbox 347 1891 362 1934; x_wconf 61' lang='grc' dir='ltr'>ᾗ</span> <span class='ocrx_word' id='word_1_160' title='bbox 377 1890 432 1924; x_wconf 75' lang='grc'>13.</span> <span class='ocrx_word' id='word_1_161' title='bbox 454 1890 493 1924; x_wconf 89' lang='lat' dir='ltr'>Et</span> <span class='ocrx_word' id='word_1_162' title='bbox 512 1890 726 1924; x_wconf 86' lang='lat' dir='ltr'>nihilominus</span> <span class='ocrx_word' id='word_1_163' title='bbox 746 1891 872 1924; x_wconf 89' lang='lat' dir='ltr'>dilectis</span> <span class='ocrx_word' id='word_1_164' title='bbox 888 1891 963 1924; x_wconf 87' lang='lat' dir='ltr'>filiis</span> <span class='ocrx_word' id='word_1_165' title='bbox 979 1903 1055 1925; x_wconf 87' lang='lat' dir='ltr'>cau-</span> 
     </span>
     <span class='ocr_line' id='line_1_37' title="bbox 304 1944 1056 1989; baseline 0 -11"><span class='ocrx_word' id='word_1_166' title='bbox 304 1955 414 1979; x_wconf 87' lang='lat' dir='ltr'>sarum</span> <span class='ocrx_word' id='word_1_167' title='bbox 433 1944 549 1978; x_wconf 85' lang='lat' dir='ltr'>Curiae</span> <span class='ocrx_word' id='word_1_168' title='bbox 563 1944 714 1978; x_wconf 81' lang='lat' dir='ltr'>Gamerae</span> <span class='ocrx_word' id='word_1_169' title='bbox 735 1945 937 1989; x_wconf 85' lang='lat' dir='ltr'>Apostolicae</span> <span class='ocrx_word' id='word_1_170' title='bbox 958 1956 1056 1988; x_wconf 80' lang='lat' dir='ltr'>gene-</span> 
     </span>
     <span class='ocr_line' id='line_1_38' title="bbox 304 1998 1056 2042; baseline -0.003 -10"><span class='ocrx_word' id='word_1_171' title='bbox 304 1998 364 2032; x_wconf 86' lang='lat' dir='ltr'>rali</span> <span class='ocrx_word' id='word_1_172' title='bbox 375 1998 516 2032; x_wconf 83' lang='lat' dir='ltr'>auditori</span> <span class='ocrx_word' id='word_1_173' title='bbox 527 2009 614 2031; x_wconf 91' lang='lat' dir='ltr'>nunc</span> <span class='ocrx_word' id='word_1_174' title='bbox 627 2003 654 2031; x_wconf 88' lang='lat' dir='ltr'>et</span> <span class='ocrx_word' id='word_1_175' title='bbox 668 2009 726 2042; x_wconf 89' lang='lat' dir='ltr'>pro</span> <span class='ocrx_word' id='word_1_176' title='bbox 739 2004 885 2042; x_wconf 82' lang='lat' dir='ltr'>tempore</span> <span class='ocrx_word' id='word_1_177' title='bbox 897 1998 1056 2039; x_wconf 70' lang='lat' dir='ltr'>existenti,</span> 
     </span>
     <span class='ocr_line' id='line_1_39' title="bbox 307 2051 1058 2096; baseline 0 -10"><span class='ocrx_word' id='word_1_178' title='bbox 307 2064 344 2086; x_wconf 90' lang='lat' dir='ltr'>ac</span> <span class='ocrx_word' id='word_1_179' title='bbox 371 2051 527 2086; x_wconf 88' lang='lat' dir='ltr'>universis</span> <span class='ocrx_word' id='word_1_180' title='bbox 551 2058 581 2086; x_wconf 89' lang='lat' dir='ltr'>et</span> <span class='ocrx_word' id='word_1_181' title='bbox 611 2052 745 2096; x_wconf 83' lang='lat' dir='ltr'>singulis</span> <span class='ocrx_word' id='word_1_182' title='bbox 770 2053 883 2095; x_wconf 72' lang='lat' dir='ltr'>legatis</span> <span class='ocrx_word' id='word_1_183' title='bbox 907 2053 1002 2085; x_wconf 89' lang='lat' dir='ltr'>etiam</span> <span class='ocrx_word' id='word_1_184' title='bbox 1021 2053 1058 2086; x_wconf 91' lang='lat' dir='ltr'>de</span> 
     </span>
     <span class='ocr_line' id='line_1_40' title="bbox 306 2105 1058 2151; baseline 0 -11"><span class='ocrx_word' id='word_1_185' title='bbox 306 2107 420 2147; x_wconf 87' lang='lat' dir='ltr'>latere,</span> <span class='ocrx_word' id='word_1_186' title='bbox 432 2117 561 2140; x_wconf 89' lang='lat' dir='ltr'>necnon</span> <span class='ocrx_word' id='word_1_187' title='bbox 576 2105 780 2151; x_wconf 86' lang='lat' dir='ltr'>patriarchis,</span> <span class='ocrx_word' id='word_1_188' title='bbox 792 2106 1058 2151; x_wconf 79' lang='lat' dir='ltr'>archiepiscopis,</span> 
     </span>
     <span class='ocr_line' id='line_1_41' title="bbox 309 2159 1062 2205; baseline 0 -11"><span class='ocrx_word' id='word_1_189' title='bbox 309 2159 470 2205; x_wconf 87' lang='lat' dir='ltr'>episcopis</span> <span class='ocrx_word' id='word_1_190' title='bbox 503 2165 535 2193; x_wconf 89' lang='lat' dir='ltr'>et</span> <span class='ocrx_word' id='word_1_191' title='bbox 568 2160 639 2193; x_wconf 89' lang='lat' dir='ltr'>aliis</span> <span class='ocrx_word' id='word_1_192' title='bbox 667 2159 878 2194; x_wconf 84' lang='lat' dir='ltr'>ecclesiarum</span> <span class='ocrx_word' id='word_1_193' title='bbox 911 2161 1062 2204; x_wconf 87' lang='lat' dir='ltr'>praelatis</span> 
     </span>
     <span class='ocr_line' id='line_1_42' title="bbox 310 2213 1059 2257; baseline 0 -11"><span class='ocrx_word' id='word_1_194' title='bbox 310 2224 367 2248; x_wconf 87' lang='lat' dir='ltr'>seu</span> <span class='ocrx_word' id='word_1_195' title='bbox 387 2214 419 2247; x_wconf 93' lang='lat' dir='ltr'>in</span> <span class='ocrx_word' id='word_1_196' title='bbox 446 2214 664 2247; x_wconf 84' lang='lat' dir='ltr'>ecclesiastica</span> <span class='ocrx_word' id='word_1_197' title='bbox 688 2214 843 2257; x_wconf 79' lang='lat' dir='ltr'>dignitate</span> <span class='ocrx_word' id='word_1_198' title='bbox 867 2213 1059 2255; x_wconf 89' lang='lat' dir='ltr'>constitutis,</span> 
     </span>
     <span class='ocr_line' id='line_1_43' title="bbox 311 2267 1062 2311; baseline 0.001 -11"><span class='ocrx_word' id='word_1_199' title='bbox 311 2272 414 2308; x_wconf 89' lang='lat' dir='ltr'>motu,</span> <span class='ocrx_word' id='word_1_200' title='bbox 446 2268 580 2301; x_wconf 87' lang='lat' dir='ltr'>scientia</span> <span class='ocrx_word' id='word_1_201' title='bbox 609 2274 639 2300; x_wconf 89' lang='lat' dir='ltr'>et</span> <span class='ocrx_word' id='word_1_202' title='bbox 667 2267 831 2311; x_wconf 85' lang='lat' dir='ltr'>potestatis</span> <span class='ocrx_word' id='word_1_203' title='bbox 860 2267 1062 2310; x_wconf 79' lang='lat' dir='ltr'>plenitudine</span> 
     </span>
     <span class='ocr_line' id='line_1_44' title="bbox 313 2321 1064 2366; baseline 0 -12"><span class='ocrx_word' id='word_1_204' title='bbox 313 2321 484 2363; x_wconf 88' lang='lat' dir='ltr'>similibus,</span> <span class='ocrx_word' id='word_1_205' title='bbox 504 2333 564 2366; x_wconf 87' lang='lat' dir='ltr'>per</span> <span class='ocrx_word' id='word_1_206' title='bbox 581 2327 766 2366; x_wconf 82' lang='lat' dir='ltr'>praesentes</span> <span class='ocrx_word' id='word_1_207' title='bbox 785 2321 1018 2354; x_wconf 83' lang='lat' dir='ltr'>committimus</span> <span class='ocrx_word' id='word_1_208' title='bbox 1035 2327 1064 2355; x_wconf 88' lang='lat' dir='ltr'>et</span> 
     </span>
     <span class='ocr_line' id='line_1_45' title="bbox 315 2375 1066 2419; baseline 0 -11"><span class='ocrx_word' id='word_1_209' title='bbox 315 2375 678 2419; x_wconf 86' lang='lat' dir='ltr'>mandamusquatenus</span> <span class='ocrx_word' id='word_1_210' title='bbox 689 2375 760 2419; x_wconf 90' lang='lat' dir='ltr'>ipsi,</span> <span class='ocrx_word' id='word_1_211' title='bbox 772 2375 818 2408; x_wconf 75' lang='lat' dir='ltr'>vet</span> <span class='ocrx_word' id='word_1_212' title='bbox 833 2375 897 2408; x_wconf 90' lang='lat' dir='ltr'>duo</span> <span class='ocrx_word' id='word_1_213' title='bbox 911 2381 967 2408; x_wconf 84' lang='lat' dir='ltr'>aut</span> <span class='ocrx_word' id='word_1_214' title='bbox 982 2386 1066 2409; x_wconf 90' lang='lat' dir='ltr'>unus</span> 
     </span>
    </p>
   </div>
   <div class='ocr_carea' id='block_1_6' title="bbox 315 2428 1070 2669">
    <p class='ocr_par' dir='ltr' id='par_1_8' title="bbox 315 2428 1070 2669">
     <span class='ocr_line' id='line_1_46' title="bbox 316 2428 1065 2473; baseline 0 -11"><span class='ocrx_word' id='word_1_215' title='bbox 316 2439 441 2470; x_wconf 90' lang='lat' dir='ltr'>eorum,</span> <span class='ocrx_word' id='word_1_216' title='bbox 457 2440 515 2473; x_wconf 90' lang='lat' dir='ltr'>per</span> <span class='ocrx_word' id='word_1_217' title='bbox 534 2440 567 2462; x_wconf 87' lang='lat' dir='ltr'>se</span> <span class='ocrx_word' id='word_1_218' title='bbox 586 2429 635 2462; x_wconf 85' lang='lat' dir='ltr'>vel</span> <span class='ocrx_word' id='word_1_219' title='bbox 652 2428 751 2462; x_wconf 89' lang='lat' dir='ltr'>alium</span> <span class='ocrx_word' id='word_1_220' title='bbox 763 2439 818 2462; x_wconf 90' lang='lat' dir='ltr'>seu</span> <span class='ocrx_word' id='word_1_221' title='bbox 831 2428 922 2468; x_wconf 89' lang='lat' dir='ltr'>alios,</span> <span class='ocrx_word' id='word_1_222' title='bbox 937 2430 1065 2462; x_wconf 86' lang='lat' dir='ltr'>easdem</span> 
     </span>
     <span class='ocr_line' id='line_1_47' title="bbox 315 2478 1067 2522; baseline 0.003 -12"><span class='ocrx_word' id='word_1_223' title='bbox 315 2484 500 2522; x_wconf 85' lang='lat' dir='ltr'>praesentes</span> <span class='ocrx_word' id='word_1_224' title='bbox 519 2478 641 2512; x_wconf 85' lang='lat' dir='ltr'>litteras</span> <span class='ocrx_word' id='word_1_225' title='bbox 657 2489 693 2511; x_wconf 90' lang='lat' dir='ltr'>ac</span> <span class='ocrx_word' id='word_1_226' title='bbox 715 2478 821 2511; x_wconf 84' lang='lat' dir='ltr'>omnia</span> <span class='ocrx_word' id='word_1_227' title='bbox 838 2484 866 2510; x_wconf 91' lang='lat' dir='ltr'>et</span> <span class='ocrx_word' id='word_1_228' title='bbox 888 2478 1015 2521; x_wconf 82' lang='lat' dir='ltr'>singula</span> <span class='ocrx_word' id='word_1_229' title='bbox 1035 2479 1067 2512; x_wconf 90' lang='lat' dir='ltr'>in</span> 
     </span>
     <span class='ocr_line' id='line_1_48' title="bbox 317 2526 1067 2571; baseline 0.001 -11"><span class='ocrx_word' id='word_1_230' title='bbox 317 2527 364 2560; x_wconf 84' lang='lat' dir='ltr'>eis</span> <span class='ocrx_word' id='word_1_231' title='bbox 383 2532 533 2561; x_wconf 88' lang='lat' dir='ltr'>contenta</span> <span class='ocrx_word' id='word_1_232' title='bbox 552 2537 790 2571; x_wconf 85' lang='lat' dir='ltr'>quaecumque,</span> <span class='ocrx_word' id='word_1_233' title='bbox 819 2526 874 2559; x_wconf 89' lang='lat' dir='ltr'>ubi</span> <span class='ocrx_word' id='word_1_234' title='bbox 892 2531 922 2559; x_wconf 92' lang='lat' dir='ltr'>et</span> <span class='ocrx_word' id='word_1_235' title='bbox 937 2528 1067 2569; x_wconf 78' lang='lat' dir='ltr'>quando</span> 
     </span>
     <span class='ocr_line' id='line_1_49' title="bbox 318 2575 1070 2619; baseline -0.001 -10"><span class='ocrx_word' id='word_1_236' title='bbox 318 2585 401 2619; x_wconf 91' lang='lat' dir='ltr'>opus</span> <span class='ocrx_word' id='word_1_237' title='bbox 420 2576 528 2617; x_wconf 89' lang='lat' dir='ltr'>fuerit,</span> <span class='ocrx_word' id='word_1_238' title='bbox 552 2587 589 2609; x_wconf 89' lang='lat' dir='ltr'>ac</span> <span class='ocrx_word' id='word_1_239' title='bbox 609 2575 737 2619; x_wconf 87' lang='lat' dir='ltr'>quoties</span> <span class='ocrx_word' id='word_1_240' title='bbox 756 2586 815 2619; x_wconf 88' lang='lat' dir='ltr'>pro</span> <span class='ocrx_word' id='word_1_241' title='bbox 845 2580 935 2618; x_wconf 90' lang='lat' dir='ltr'>parte</span> <span class='ocrx_word' id='word_1_242' title='bbox 966 2576 1070 2609; x_wconf 85' lang='lat' dir='ltr'>dictae</span> 
     </span>
     <span class='ocr_line' id='line_1_50' title="bbox 319 2624 1070 2669; baseline 0 -12"><span class='ocrx_word' id='word_1_243' title='bbox 319 2625 455 2658; x_wconf 86' lang='lat' dir='ltr'>civitatis</span> <span class='ocrx_word' id='word_1_244' title='bbox 466 2626 617 2669; x_wconf 81' lang='lat' dir='ltr'>illiusque</span> <span class='ocrx_word' id='word_1_245' title='bbox 630 2624 880 2665; x_wconf 77' lang='lat' dir='ltr'>communitatis,</span> <span class='ocrx_word' id='word_1_246' title='bbox 889 2625 1070 2665; x_wconf 85' lang='lat' dir='ltr'>hominum,</span> 
     </span>
    </p>
   </div>
   <div class='ocr_carea' id='block_1_7' title="bbox 321 2673 1070 2754">
    <p class='ocr_par' dir='ltr' id='par_1_9' title="bbox 321 2673 1070 2754">
     <span class='ocr_line' id='line_1_51' title="bbox 321 2673 1070 2718; baseline 0.001 -12"><span class='ocrx_word' id='word_1_247' title='bbox 321 2673 514 2713; x_wconf 85' lang='lat' dir='ltr'>incolarum,</span> <span class='ocrx_word' id='word_1_248' title='bbox 548 2674 765 2707; x_wconf 77' lang='lat' dir='ltr'>habitatorum</span> <span class='ocrx_word' id='word_1_249' title='bbox 796 2680 826 2707; x_wconf 88' lang='lat' dir='ltr'>et</span> <span class='ocrx_word' id='word_1_250' title='bbox 857 2684 1070 2718; x_wconf 84' lang='lat' dir='ltr'>personarum</span> 
     </span>
     <span class='ocr_line' id='line_1_52' title="bbox 400 2720 954 2754; baseline 0 -2"><span class='ocrx_word' id='word_1_251' title='bbox 400 2721 479 2752; x_wconf 85' lang='lat' dir='ltr'>Bull.</span> <span class='ocrx_word' id='word_1_252' title='bbox 499 2722 578 2754; x_wconf 86' lang='lat' dir='ltr'>Rom.</span> <span class='ocrx_word' id='word_1_253' title='bbox 602 2721 659 2753; x_wconf 87' lang='lat' dir='ltr'>Vol.</span> <span class='ocrx_word' id='word_1_254' title='bbox 682 2720 757 2752; x_wconf 88' lang='lat' dir='ltr'><em>VIII.</em></span> <span class='ocrx_word' id='word_1_255' title='bbox 896 2721 954 2752; x_wconf 74' lang='lat'>123</span> 
     </span>
    </p>
   </div>
   <div class='ocr_carea' id='block_1_8' title="bbox 1075 325 1847 1939">
    <p class='ocr_par' dir='ltr' id='par_1_10' title="bbox 1075 325 1846 1887">
     <span class='ocr_line' id='line_1_53' title="bbox 1075 325 1827 363; baseline -0.007 0"><span class='ocrx_word' id='word_1_256' title='bbox 1075 329 1261 363; x_wconf 82' lang='lat' dir='ltr'>huiusmodi</span> <span class='ocrx_word' id='word_1_257' title='bbox 1283 340 1340 363; x_wconf 70' lang='lat' dir='ltr'>seu</span> <span class='ocrx_word' id='word_1_258' title='bbox 1361 328 1493 362; x_wconf 86' lang='lat' dir='ltr'>alterius</span> <span class='ocrx_word' id='word_1_259' title='bbox 1511 337 1625 360; x_wconf 87' lang='lat' dir='ltr'>eorum</span> <span class='ocrx_word' id='word_1_260' title='bbox 1641 325 1759 360; x_wconf 78' lang='lat' dir='ltr'>suerint</span> <span class='ocrx_word' id='word_1_261' title='bbox 1779 336 1827 359; x_wconf 86' lang='lat' dir='ltr'>re-</span> 
     </span>
     <span class='ocr_line' id='line_1_54' title="bbox 1077 381 1825 429; baseline -0.005 -11"><span class='ocrx_word' id='word_1_262' title='bbox 1077 385 1199 429; x_wconf 86' lang='lat' dir='ltr'>quisiti,</span> <span class='ocrx_word' id='word_1_263' title='bbox 1214 384 1403 418; x_wconf 84' lang='lat' dir='ltr'>solemniter</span> <span class='ocrx_word' id='word_1_264' title='bbox 1424 382 1637 427; x_wconf 76' lang='lat' dir='ltr'>publicantes,</span> <span class='ocrx_word' id='word_1_265' title='bbox 1657 381 1768 425; x_wconf 87' lang='lat' dir='ltr'>eisque</span> <span class='ocrx_word' id='word_1_266' title='bbox 1795 381 1825 414; x_wconf 92' lang='lat' dir='ltr'>in</span> 
     </span>
     <span class='ocr_line' id='line_1_55' title="bbox 1079 434 1827 482; baseline -0.009 -10"><span class='ocrx_word' id='word_1_267' title='bbox 1079 438 1262 482; x_wconf 72' lang='lat' dir='ltr'>praemissis</span> <span class='ocrx_word' id='word_1_268' title='bbox 1287 437 1427 471; x_wconf 81' lang='lat' dir='ltr'>etlicacis</span> <span class='ocrx_word' id='word_1_269' title='bbox 1446 434 1642 469; x_wconf 78' lang='lat' dir='ltr'>defensionis</span> <span class='ocrx_word' id='word_1_270' title='bbox 1666 434 1827 479; x_wconf 85' lang='lat' dir='ltr'>praesidio</span> 
     </span>
     <span class='ocr_line' id='line_1_56' title="bbox 1078 489 1830 533; baseline -0.005 -8"><span class='ocrx_word' id='word_1_271' title='bbox 1078 492 1271 532; x_wconf 83' lang='lat' dir='ltr'>assistentes,</span> <span class='ocrx_word' id='word_1_272' title='bbox 1283 491 1399 524; x_wconf 76' lang='lat' dir='ltr'>saciant</span> <span class='ocrx_word' id='word_1_273' title='bbox 1415 489 1605 523; x_wconf 81' lang='lat' dir='ltr'>auctoritate</span> <span class='ocrx_word' id='word_1_274' title='bbox 1617 494 1726 522; x_wconf 85' lang='lat' dir='ltr'>nostra</span> <span class='ocrx_word' id='word_1_275' title='bbox 1738 499 1830 533; x_wconf 89' lang='lat' dir='ltr'>prae-</span> 
     </span>
     <span class='ocr_line' id='line_1_57' title="bbox 1079 542 1828 579; baseline -0.005 -1"><span class='ocrx_word' id='word_1_276' title='bbox 1079 550 1184 579; x_wconf 76' lang='lat' dir='ltr'>sentes</span> <span class='ocrx_word' id='word_1_277' title='bbox 1204 545 1325 578; x_wconf 86' lang='lat' dir='ltr'>litteras</span> <span class='ocrx_word' id='word_1_278' title='bbox 1345 550 1375 578; x_wconf 89' lang='lat' dir='ltr'>et</span> <span class='ocrx_word' id='word_1_279' title='bbox 1396 543 1427 576; x_wconf 90' lang='lat' dir='ltr'>in</span> <span class='ocrx_word' id='word_1_280' title='bbox 1461 543 1506 576; x_wconf 76' lang='lat' dir='ltr'>eis</span> <span class='ocrx_word' id='word_1_281' title='bbox 1531 547 1682 575; x_wconf 83' lang='lat' dir='ltr'>contenta</span> <span class='ocrx_word' id='word_1_282' title='bbox 1715 542 1828 575; x_wconf 80' lang='lat' dir='ltr'>liuius-</span> 
     </span>
     <span class='ocr_line' id='line_1_58' title="bbox 1081 595 1830 639; baseline -0.007 -7"><span class='ocrx_word' id='word_1_283' title='bbox 1081 598 1166 632; x_wconf 90' lang='lat' dir='ltr'>modi</span> <span class='ocrx_word' id='word_1_284' title='bbox 1188 598 1228 631; x_wconf 86' lang='lat' dir='ltr'>ab</span> <span class='ocrx_word' id='word_1_285' title='bbox 1245 597 1397 632; x_wconf 87' lang='lat' dir='ltr'>omnibns</span> <span class='ocrx_word' id='word_1_286' title='bbox 1417 602 1447 630; x_wconf 74' lang='lat' dir='ltr'>et</span> <span class='ocrx_word' id='word_1_287' title='bbox 1461 595 1596 639; x_wconf 77' lang='lat' dir='ltr'>singulis</span> <span class='ocrx_word' id='word_1_288' title='bbox 1615 595 1653 628; x_wconf 85' lang='lat' dir='ltr'>ad</span> <span class='ocrx_word' id='word_1_289' title='bbox 1669 605 1750 639; x_wconf 86' lang='lat' dir='ltr'>quos</span> <span class='ocrx_word' id='word_1_290' title='bbox 1762 605 1830 639; x_wconf 85' lang='lat' dir='ltr'>spe-</span> 
     </span>
     <span class='ocr_line' id='line_1_59' title="bbox 1081 649 1830 697; baseline -0.007 -10"><span class='ocrx_word' id='word_1_291' title='bbox 1081 659 1144 687; x_wconf 89' lang='lat' dir='ltr'>ctat</span> <span class='ocrx_word' id='word_1_292' title='bbox 1169 659 1197 687; x_wconf 86' lang='lat' dir='ltr'>et</span> <span class='ocrx_word' id='word_1_293' title='bbox 1219 664 1278 697; x_wconf 89' lang='lat' dir='ltr'>pro</span> <span class='ocrx_word' id='word_1_294' title='bbox 1305 659 1449 697; x_wconf 89' lang='lat' dir='ltr'>tempore</span> <span class='ocrx_word' id='word_1_295' title='bbox 1475 649 1830 695; x_wconf 75' lang='lat' dir='ltr'>spectabit,inviolabi-</span> 
     </span>
     <span class='ocr_line' id='line_1_60' title="bbox 1081 705 1830 748; baseline -0.007 -7"><span class='ocrx_word' id='word_1_296' title='bbox 1081 708 1155 741; x_wconf 86' lang='lat' dir='ltr'>liter</span> <span class='ocrx_word' id='word_1_297' title='bbox 1174 706 1348 746; x_wconf 75' lang='lat' dir='ltr'>observari,</span> <span class='ocrx_word' id='word_1_298' title='bbox 1365 717 1401 739; x_wconf 88' lang='lat' dir='ltr'>ac</span> <span class='ocrx_word' id='word_1_299' title='bbox 1421 705 1666 748; x_wconf 78' lang='lat' dir='ltr'>gubernatores,</span> <span class='ocrx_word' id='word_1_300' title='bbox 1683 713 1830 736; x_wconf 87' lang='lat' dir='ltr'>commn-</span> 
     </span>
     <span class='ocr_line' id='line_1_61' title="bbox 1082 757 1831 801; baseline -0.008 -6"><span class='ocrx_word' id='word_1_301' title='bbox 1082 761 1226 801; x_wconf 87' lang='lat' dir='ltr'>nitatem,</span> <span class='ocrx_word' id='word_1_302' title='bbox 1247 761 1341 801; x_wconf 78' lang='lat' dir='ltr'>cives,</span> <span class='ocrx_word' id='word_1_303' title='bbox 1361 759 1521 799; x_wconf 87' lang='lat' dir='ltr'>homines,</span> <span class='ocrx_word' id='word_1_304' title='bbox 1549 758 1681 798; x_wconf 88' lang='lat' dir='ltr'>incolas,</span> <span class='ocrx_word' id='word_1_305' title='bbox 1706 757 1831 790; x_wconf 88' lang='lat' dir='ltr'>habita-</span> 
     </span>
     <span class='ocr_line' id='line_1_62' title="bbox 1083 811 1833 858; baseline -0.008 -9"><span class='ocrx_word' id='word_1_306' title='bbox 1083 822 1168 849; x_wconf 80' lang='lat' dir='ltr'>tores</span> <span class='ocrx_word' id='word_1_307' title='bbox 1188 822 1217 849; x_wconf 89' lang='lat' dir='ltr'>et</span> <span class='ocrx_word' id='word_1_308' title='bbox 1227 825 1381 858; x_wconf 81' lang='lat' dir='ltr'>personas</span> <span class='ocrx_word' id='word_1_309' title='bbox 1393 813 1529 848; x_wconf 76' lang='lat' dir='ltr'>civitatis</span> <span class='ocrx_word' id='word_1_310' title='bbox 1541 812 1667 852; x_wconf 80' lang='lat' dir='ltr'>Esinae,</span> <span class='ocrx_word' id='word_1_311' title='bbox 1682 811 1833 855; x_wconf 86' lang='lat' dir='ltr'>illiusque</span> 
     </span>
     <span class='ocr_line' id='line_1_63' title="bbox 1084 868 1831 910; baseline -0.009 -6"><span class='ocrx_word' id='word_1_312' title='bbox 1084 870 1259 910; x_wconf 87' lang='lat' dir='ltr'>districtus,</span> <span class='ocrx_word' id='word_1_313' title='bbox 1272 868 1455 909; x_wconf 86' lang='lat' dir='ltr'>comitatus,</span> <span class='ocrx_word' id='word_1_314' title='bbox 1468 872 1639 906; x_wconf 85' lang='lat' dir='ltr'>terrarum,</span> <span class='ocrx_word' id='word_1_315' title='bbox 1651 871 1831 899; x_wconf 86' lang='lat' dir='ltr'>castrorum</span> 
     </span>
     <span class='ocr_line' id='line_1_64' title="bbox 1084 919 1834 960; baseline -0.009 -2"><span class='ocrx_word' id='word_1_316' title='bbox 1084 930 1114 958; x_wconf 84' lang='lat' dir='ltr'>el</span> <span class='ocrx_word' id='word_1_317' title='bbox 1133 925 1282 958; x_wconf 85' lang='lat' dir='ltr'>locorum</span> <span class='ocrx_word' id='word_1_318' title='bbox 1307 920 1506 960; x_wconf 85' lang='lat' dir='ltr'>huiusmodi,</span> <span class='ocrx_word' id='word_1_319' title='bbox 1533 920 1595 953; x_wconf 91' lang='lat' dir='ltr'>illis</span> <span class='ocrx_word' id='word_1_320' title='bbox 1619 919 1769 953; x_wconf 89' lang='lat' dir='ltr'>omnibus</span> <span class='ocrx_word' id='word_1_321' title='bbox 1804 924 1834 952; x_wconf 89' lang='lat' dir='ltr'>et</span> 
     </span>
     <span class='ocr_line' id='line_1_65' title="bbox 1085 973 1833 1023; baseline -0.013 -9"><span class='ocrx_word' id='word_1_322' title='bbox 1085 979 1231 1023; x_wconf 84' lang='lat' dir='ltr'>singulis,</span> <span class='ocrx_word' id='word_1_323' title='bbox 1271 977 1356 1010; x_wconf 80' lang='lat' dir='ltr'>iuxta</span> <span class='ocrx_word' id='word_1_324' title='bbox 1392 974 1580 1009; x_wconf 89' lang='lat' dir='ltr'>eorumdem</span> <span class='ocrx_word' id='word_1_325' title='bbox 1615 973 1833 1018; x_wconf 85' lang='lat' dir='ltr'>praesentium</span> 
     </span>
     <span class='ocr_line' id='line_1_66' title="bbox 1086 1026 1833 1072; baseline -0.013 -4"><span class='ocrx_word' id='word_1_326' title='bbox 1086 1031 1316 1069; x_wconf 83' lang='lat' dir='ltr'>continentiam</span> <span class='ocrx_word' id='word_1_327' title='bbox 1339 1036 1366 1063; x_wconf 88' lang='lat' dir='ltr'>et</span> <span class='ocrx_word' id='word_1_328' title='bbox 1391 1036 1549 1069; x_wconf 88' lang='lat' dir='ltr'>tenorem,</span> <span class='ocrx_word' id='word_1_329' title='bbox 1571 1027 1705 1072; x_wconf 81' lang='lat' dir='ltr'>pacifice</span> <span class='ocrx_word' id='word_1_330' title='bbox 1726 1026 1788 1060; x_wconf 89' lang='lat' dir='ltr'>srui</span> <span class='ocrx_word' id='word_1_331' title='bbox 1806 1031 1833 1059; x_wconf 91' lang='lat' dir='ltr'>et</span> 
     </span>
     <span class='ocr_line' id='line_1_67' title="bbox 1086 1082 1835 1132; baseline -0.012 -10"><span class='ocrx_word' id='word_1_332' title='bbox 1086 1088 1240 1132; x_wconf 83' lang='lat' dir='ltr'>gaudere,</span> <span class='ocrx_word' id='word_1_333' title='bbox 1263 1096 1326 1119; x_wconf 91' lang='lat' dir='ltr'>non</span> <span class='ocrx_word' id='word_1_334' title='bbox 1346 1084 1570 1129; x_wconf 83' lang='lat' dir='ltr'>permittentes</span> <span class='ocrx_word' id='word_1_335' title='bbox 1586 1093 1640 1115; x_wconf 84' lang='lat' dir='ltr'>eos</span> <span class='ocrx_word' id='word_1_336' title='bbox 1659 1082 1707 1115; x_wconf 74' lang='lat' dir='ltr'>vel</span> <span class='ocrx_word' id='word_1_337' title='bbox 1723 1092 1835 1115; x_wconf 90' lang='lat' dir='ltr'>eorum</span> 
     </span>
     <span class='ocr_line' id='line_1_68' title="bbox 1086 1136 1838 1186; baseline -0.009 -10"><span class='ocrx_word' id='word_1_338' title='bbox 1086 1141 1271 1186; x_wconf 87' lang='lat' dir='ltr'>qnempiam</span> <span class='ocrx_word' id='word_1_339' title='bbox 1293 1140 1435 1183; x_wconf 78' lang='lat' dir='ltr'>desuper</span> <span class='ocrx_word' id='word_1_340' title='bbox 1458 1136 1700 1181; x_wconf 87' lang='lat' dir='ltr'>quomodolibet</span> <span class='ocrx_word' id='word_1_341' title='bbox 1737 1137 1838 1169; x_wconf 89' lang='lat' dir='ltr'>mole-</span> 
     </span>
     <span class='ocr_line' id='line_1_69' title="bbox 1087 1190 1836 1237; baseline -0.011 -8"><span class='ocrx_word' id='word_1_342' title='bbox 1087 1196 1163 1229; x_wconf 82' lang='lat' dir='ltr'>stari</span> <span class='ocrx_word' id='word_1_343' title='bbox 1178 1200 1208 1228; x_wconf 88' lang='lat' dir='ltr'>et</span> <span class='ocrx_word' id='word_1_344' title='bbox 1228 1193 1400 1237; x_wconf 86' lang='lat' dir='ltr'>inquietari</span> <span class='ocrx_word' id='word_1_345' title='bbox 1421 1190 1686 1235; x_wconf 79' lang='lat' dir='ltr'>velpertnrhari3</span> <span class='ocrx_word' id='word_1_346' title='bbox 1710 1195 1836 1223; x_wconf 86' lang='lat' dir='ltr'>contra-</span> 
     </span>
     <span class='ocr_line' id='line_1_70' title="bbox 1088 1245 1836 1292; baseline -0.011 -9"><span class='ocrx_word' id='word_1_347' title='bbox 1088 1250 1227 1283; x_wconf 85' lang='lat' dir='ltr'>dictores</span> <span class='ocrx_word' id='word_1_348' title='bbox 1251 1247 1411 1292; x_wconf 81' lang='lat' dir='ltr'>quoslibet</span> <span class='ocrx_word' id='word_1_349' title='bbox 1431 1245 1479 1279; x_wconf 84' lang='lat' dir='ltr'>vel</span> <span class='ocrx_word' id='word_1_350' title='bbox 1513 1245 1650 1278; x_wconf 89' lang='lat' dir='ltr'>rebelles</span> <span class='ocrx_word' id='word_1_351' title='bbox 1679 1254 1715 1277; x_wconf 89' lang='lat' dir='ltr'>ac</span> <span class='ocrx_word' id='word_1_352' title='bbox 1744 1254 1836 1288; x_wconf 86' lang='lat' dir='ltr'>prae-</span> 
     </span>
     <span class='ocr_line' id='line_1_71' title="bbox 1088 1298 1837 1345; baseline -0.009 -8"><span class='ocrx_word' id='word_1_353' title='bbox 1088 1302 1192 1337; x_wconf 87' lang='lat' dir='ltr'>missis</span> <span class='ocrx_word' id='word_1_354' title='bbox 1208 1312 1273 1335; x_wconf 90' lang='lat' dir='ltr'>non</span> <span class='ocrx_word' id='word_1_355' title='bbox 1293 1305 1455 1345; x_wconf 86' lang='lat' dir='ltr'>parentes,</span> <span class='ocrx_word' id='word_1_356' title='bbox 1478 1309 1536 1343; x_wconf 86' lang='lat' dir='ltr'>per</span> <span class='ocrx_word' id='word_1_357' title='bbox 1556 1298 1743 1338; x_wconf 89' lang='lat' dir='ltr'>sententias,</span> <span class='ocrx_word' id='word_1_358' title='bbox 1762 1307 1837 1330; x_wconf 82' lang='lat' dir='ltr'>cen-</span> 
     </span>
     <span class='ocr_line' id='line_1_72' title="bbox 1089 1351 1840 1399; baseline -0.011 -8"><span class='ocrx_word' id='word_1_359' title='bbox 1089 1367 1179 1391; x_wconf 89' lang='lat' dir='ltr'>suras</span> <span class='ocrx_word' id='word_1_360' title='bbox 1200 1361 1230 1389; x_wconf 88' lang='lat' dir='ltr'>ct</span> <span class='ocrx_word' id='word_1_361' title='bbox 1246 1365 1368 1399; x_wconf 90' lang='lat' dir='ltr'>poenas</span> <span class='ocrx_word' id='word_1_362' title='bbox 1387 1351 1622 1387; x_wconf 84' lang='lat' dir='ltr'>ecclesiasticas</span> <span class='ocrx_word' id='word_1_363' title='bbox 1650 1363 1687 1385; x_wconf 89' lang='lat' dir='ltr'>ac</span> <span class='ocrx_word' id='word_1_364' title='bbox 1719 1357 1840 1395; x_wconf 88' lang='lat' dir='ltr'>tempo-</span> 
     </span>
     <span class='ocr_line' id='line_1_73' title="bbox 1090 1404 1840 1452; baseline -0.009 -8"><span class='ocrx_word' id='word_1_365' title='bbox 1090 1412 1173 1445; x_wconf 86' lang='lat' dir='ltr'>rales</span> <span class='ocrx_word' id='word_1_366' title='bbox 1206 1409 1333 1452; x_wconf 84' lang='lat' dir='ltr'>aliaque</span> <span class='ocrx_word' id='word_1_367' title='bbox 1362 1413 1547 1452; x_wconf 88' lang='lat' dir='ltr'>opportuna</span> <span class='ocrx_word' id='word_1_368' title='bbox 1579 1405 1659 1438; x_wconf 88' lang='lat' dir='ltr'>iuris</span> <span class='ocrx_word' id='word_1_369' title='bbox 1698 1410 1727 1437; x_wconf 86' lang='lat' dir='ltr'>et</span> <span class='ocrx_word' id='word_1_370' title='bbox 1765 1404 1840 1438; x_wconf 83' lang='lat' dir='ltr'>sacti</span> 
     </span>
     <span class='ocr_line' id='line_1_74' title="bbox 1090 1459 1842 1507; baseline -0.011 -8"><span class='ocrx_word' id='word_1_371' title='bbox 1090 1464 1244 1504; x_wconf 87' lang='lat' dir='ltr'>remedia,</span> <span class='ocrx_word' id='word_1_372' title='bbox 1267 1461 1482 1507; x_wconf 87' lang='lat' dir='ltr'>appellatione</span> <span class='ocrx_word' id='word_1_373' title='bbox 1503 1459 1690 1504; x_wconf 87' lang='lat' dir='ltr'>postposita,</span> <span class='ocrx_word' id='word_1_374' title='bbox 1710 1469 1842 1503; x_wconf 81' lang='lat' dir='ltr'>compe-</span> 
     </span>
     <span class='ocr_line' id='line_1_75' title="bbox 1091 1513 1842 1559; baseline -0.011 -6"><span class='ocrx_word' id='word_1_375' title='bbox 1091 1519 1223 1559; x_wconf 87' lang='lat' dir='ltr'>scendo,</span> <span class='ocrx_word' id='word_1_376' title='bbox 1251 1528 1378 1551; x_wconf 85' lang='lat' dir='ltr'>necnon</span> <span class='ocrx_word' id='word_1_377' title='bbox 1402 1515 1553 1559; x_wconf 81' lang='lat' dir='ltr'>legitimis</span> <span class='ocrx_word' id='word_1_378' title='bbox 1572 1525 1670 1558; x_wconf 88' lang='lat' dir='ltr'>super</span> <span class='ocrx_word' id='word_1_379' title='bbox 1702 1514 1752 1546; x_wconf 86' lang='lat' dir='ltr'>his</span> <span class='ocrx_word' id='word_1_380' title='bbox 1784 1513 1842 1546; x_wconf 86' lang='lat' dir='ltr'>ha-</span> 
     </span>
     <span class='ocr_line' id='line_1_76' title="bbox 1091 1566 1842 1615; baseline -0.009 -9"><span class='ocrx_word' id='word_1_381' title='bbox 1091 1570 1345 1606; x_wconf 79' lang='lat' dir='ltr'>bendisservatis</span> <span class='ocrx_word' id='word_1_382' title='bbox 1354 1568 1649 1615; x_wconf 82' lang='lat' dir='ltr'>processibus,illas</span> <span class='ocrx_word' id='word_1_383' title='bbox 1658 1566 1842 1606; x_wconf 82' lang='lat' dir='ltr'>sententias,</span> 
     </span>
     <span class='ocr_line' id='line_1_77' title="bbox 1094 1620 1842 1668; baseline -0.011 -8"><span class='ocrx_word' id='word_1_384' title='bbox 1094 1636 1247 1660; x_wconf 88' lang='lat' dir='ltr'>censuras</span> <span class='ocrx_word' id='word_1_385' title='bbox 1266 1630 1297 1658; x_wconf 90' lang='lat' dir='ltr'>et</span> <span class='ocrx_word' id='word_1_386' title='bbox 1315 1634 1436 1668; x_wconf 87' lang='lat' dir='ltr'>poenas</span> <span class='ocrx_word' id='word_1_387' title='bbox 1456 1622 1636 1667; x_wconf 84' lang='lat' dir='ltr'>praedictas</span> <span class='ocrx_word' id='word_1_388' title='bbox 1655 1620 1842 1660; x_wconf 85' lang='lat' dir='ltr'>incurrisse,</span> 
     </span>
     <span class='ocr_line' id='line_1_78' title="bbox 1095 1674 1843 1715; baseline -0.012 0"><span class='ocrx_word' id='word_1_389' title='bbox 1095 1689 1216 1715; x_wconf 84' lang='lat' dir='ltr'>servata</span> <span class='ocrx_word' id='word_1_390' title='bbox 1236 1686 1344 1713; x_wconf 84' lang='lat' dir='ltr'>tamen</span> <span class='ocrx_word' id='word_1_391' title='bbox 1373 1679 1476 1711; x_wconf 80' lang='lat' dir='ltr'>forma</span> <span class='ocrx_word' id='word_1_392' title='bbox 1497 1675 1626 1710; x_wconf 87' lang='lat' dir='ltr'>concilii</span> <span class='ocrx_word' id='word_1_393' title='bbox 1651 1674 1843 1715; x_wconf 88' lang='lat' dir='ltr'>Tridentini,</span> 
     </span>
     <span class='ocr_line' id='line_1_79' title="bbox 1095 1729 1846 1776; baseline -0.012 -7"><span class='ocrx_word' id='word_1_394' title='bbox 1095 1734 1302 1774; x_wconf 85' lang='lat' dir='ltr'>declarando,</span> <span class='ocrx_word' id='word_1_395' title='bbox 1321 1734 1455 1776; x_wconf 82' lang='lat' dir='ltr'>illasque</span> <span class='ocrx_word' id='word_1_396' title='bbox 1471 1732 1566 1765; x_wconf 89' lang='lat' dir='ltr'>etiam</span> <span class='ocrx_word' id='word_1_397' title='bbox 1588 1730 1710 1763; x_wconf 87' lang='lat' dir='ltr'>iteratis</span> <span class='ocrx_word' id='word_1_398' title='bbox 1724 1729 1846 1762; x_wconf 74' lang='lat' dir='ltr'>vicibus</span> 
     </span>
     <span class='ocr_line' id='line_1_80' title="bbox 1096 1783 1846 1832; baseline -0.008 -10"><span class='ocrx_word' id='word_1_399' title='bbox 1096 1787 1310 1832; x_wconf 80' lang='lat' dir='ltr'>aggravando,</span> <span class='ocrx_word' id='word_1_400' title='bbox 1346 1787 1492 1819; x_wconf 79' lang='lat' dir='ltr'>invocato</span> <span class='ocrx_word' id='word_1_401' title='bbox 1522 1784 1617 1817; x_wconf 86' lang='lat' dir='ltr'>etiam</span> <span class='ocrx_word' id='word_1_402' title='bbox 1644 1784 1683 1816; x_wconf 90' lang='lat' dir='ltr'>ad</span> <span class='ocrx_word' id='word_1_403' title='bbox 1716 1783 1791 1824; x_wconf 81' lang='lat' dir='ltr'>hoe,</span> <span class='ocrx_word' id='word_1_404' title='bbox 1822 1783 1846 1816; x_wconf 84' lang='lat' dir='ltr'>si</span> 
     </span>
     <span class='ocr_line' id='line_1_81' title="bbox 1097 1837 1801 1887; baseline -0.009 -11"><span class='ocrx_word' id='word_1_405' title='bbox 1097 1854 1177 1887; x_wconf 83' lang='lat' dir='ltr'>opus</span> <span class='ocrx_word' id='word_1_406' title='bbox 1197 1841 1305 1879; x_wconf 86' lang='lat' dir='ltr'>suerit,</span> <span class='ocrx_word' id='word_1_407' title='bbox 1328 1839 1447 1873; x_wconf 81' lang='lat' dir='ltr'>auxilio</span> <span class='ocrx_word' id='word_1_408' title='bbox 1468 1838 1592 1872; x_wconf 89' lang='lat' dir='ltr'>brachii</span> <span class='ocrx_word' id='word_1_409' title='bbox 1617 1837 1801 1871; x_wconf 85' lang='lat' dir='ltr'>saecularis.</span> 
     </span>
    </p>

    <p class='ocr_par' dir='ltr' id='par_1_11' title="bbox 1143 1892 1847 1939">
     <span class='ocr_line' id='line_1_82' title="bbox 1143 1892 1847 1939; baseline -0.004 -11"><span class='ocrx_word' id='word_1_410' title='bbox 1143 1897 1157 1939; x_wconf 63' lang='grc' dir='ltr'><strong>ἓ</strong></span> <span class='ocrx_word' id='word_1_411' title='bbox 1182 1895 1234 1928; x_wconf 78' lang='grc'>14.</span> <span class='ocrx_word' id='word_1_412' title='bbox 1257 1895 1326 1927; x_wconf 85' lang='lat' dir='ltr'>Non</span> <span class='ocrx_word' id='word_1_413' title='bbox 1344 1893 1548 1927; x_wconf 86' lang='lat' dir='ltr'>obstantibus</span> <span class='ocrx_word' id='word_1_414' title='bbox 1567 1892 1612 1926; x_wconf 88' lang='lat' dir='ltr'>Pii</span> <span class='ocrx_word' id='word_1_415' title='bbox 1633 1892 1669 1925; x_wconf 77' lang='lat' dir='ltr'>lv</span> <span class='ocrx_word' id='word_1_416' title='bbox 1696 1892 1733 1925; x_wconf 89' lang='lat' dir='ltr'>de</span> <span class='ocrx_word' id='word_1_417' title='bbox 1754 1902 1847 1936; x_wconf 89' lang='lat' dir='ltr'>prae-</span> 
     </span>
    </p>
   </div>
   <div class='ocr_carea' id='block_1_9' title="bbox 1718 260 2023 299">
    <p class='ocr_par' dir='ltr' id='par_1_12' title="bbox 1718 260 2023 299">
     <span class='ocr_line' id='line_1_83' title="bbox 1718 260 2023 299; baseline 0.007 -3"><span class='ocrx_word' id='word_1_418' title='bbox 1718 260 1781 296; x_wconf 82' lang='lat'>977</span> <span class='ocrx_word' id='word_1_419' title='bbox 1838 269 1891 299; x_wconf 80' lang='lat' dir='ltr'>An.</span> <span class='ocrx_word' id='word_1_420' title='bbox 1908 268 1936 299; x_wconf 85' lang='lat' dir='ltr'>C.</span> <span class='ocrx_word' id='word_1_421' title='bbox 1956 268 2023 299; x_wconf 80' lang='lat'>¹587</span> 
     </span>
    </p>
   </div>
   <div class='ocr_carea' id='block_1_10' title="bbox 1935 1916 2047 1942">
    <p class='ocr_par' dir='ltr' id='par_1_13' title="bbox 1935 1916 2047 1942">
     <span class='ocr_line' id='line_1_84' title="bbox 1935 1916 2047 1942; baseline -0.027 -4"><span class='ocrx_word' id='word_1_422' title='bbox 1935 1916 2047 1942; x_wconf 62' lang='lat' dir='ltr'>octog-uo</span> 
     </span>
    </p>
   </div>
   <div class='ocr_carea' id='block_1_11' title="bbox 1099 1945 2025 1990">
    <p class='ocr_par' dir='ltr' id='par_1_14' title="bbox 1099 1945 2025 1990">
     <span class='ocr_line' id='line_1_85' title="bbox 1099 1945 2025 1990; baseline -0.009 -7"><span class='ocrx_word' id='word_1_423' title='bbox 1099 1948 1263 1983; x_wconf 87' lang='lat' dir='ltr'>sentandis</span> <span class='ocrx_word' id='word_1_424' title='bbox 1285 1953 1314 1981; x_wconf 90' lang='lat' dir='ltr'>et</span> <span class='ocrx_word' id='word_1_425' title='bbox 1336 1945 1545 1990; x_wconf 78' lang='lat' dir='ltr'>registrandis</span> <span class='ocrx_word' id='word_1_426' title='bbox 1559 1946 1592 1978; x_wconf 93' lang='lat' dir='ltr'>in</span> <span class='ocrx_word' id='word_1_427' title='bbox 1612 1946 1698 1979; x_wconf 86' lang='lat' dir='ltr'>dicta</span> <span class='ocrx_word' id='word_1_428' title='bbox 1717 1946 1849 1979; x_wconf 87' lang='lat' dir='ltr'>Camera</span> <span class='ocrx_word' id='word_1_429' title='bbox 1864 1949 2025 1971; x_wconf 62' lang='lat' dir='ltr'>contrariorum-</span> 
     </span>
    </p>
   </div>
   <div class='ocr_carea' id='block_1_12' title="bbox 1100 1999 1850 2047">
    <p class='ocr_par' dir='ltr' id='par_1_15' title="bbox 1100 1999 1850 2047">
     <span class='ocr_line' id='line_1_86' title="bbox 1100 1999 1850 2047; baseline -0.005 -11"><span class='ocrx_word' id='word_1_430' title='bbox 1100 2003 1284 2047; x_wconf 72' lang='lat' dir='ltr'>Apostoliea</span> <span class='ocrx_word' id='word_1_431' title='bbox 1314 2001 1425 2044; x_wconf 71' lang='lat' dir='ltr'>gratiis</span> <span class='ocrx_word' id='word_1_432' title='bbox 1445 2006 1475 2033; x_wconf 91' lang='lat' dir='ltr'>et</span> <span class='ocrx_word' id='word_1_433' title='bbox 1494 1999 1666 2044; x_wconf 82' lang='lat' dir='ltr'>privilegiis</span> <span class='ocrx_word' id='word_1_434' title='bbox 1694 2000 1780 2033; x_wconf 89' lang='lat' dir='ltr'>illius</span> <span class='ocrx_word' id='word_1_435' title='bbox 1800 2000 1850 2033; x_wconf 90' lang='lat' dir='ltr'>in-</span> 
     </span>
    </p>
   </div>
   <div class='ocr_carea' id='block_1_13' title="bbox 1079 2053 1853 2102">
    <p class='ocr_par' dir='ltr' id='par_1_16' title="bbox 1079 2053 1853 2102">
     <span class='ocr_line' id='line_1_87' title="bbox 1079 2053 1853 2102; baseline -0.006 -12"><span class='ocrx_word' id='word_1_436' title='bbox 1079 2098 1082 2102; x_wconf 36' lang='lat'>·</span> <span class='ocrx_word' id='word_1_437' title='bbox 1101 2063 1221 2090; x_wconf 82' lang='lat' dir='ltr'>teresse</span> <span class='ocrx_word' id='word_1_438' title='bbox 1239 2054 1524 2094; x_wconf 85' lang='lat' dir='ltr'>concernentibus,</span> <span class='ocrx_word' id='word_1_439' title='bbox 1544 2053 1628 2086; x_wconf 82' lang='lat' dir='ltr'>infra</span> <span class='ocrx_word' id='word_1_440' title='bbox 1647 2058 1711 2086; x_wconf 87' lang='lat' dir='ltr'>tres</span> <span class='ocrx_word' id='word_1_441' title='bbox 1726 2063 1853 2086; x_wconf 89' lang='lat' dir='ltr'>menses</span> 
     </span>
    </p>
   </div>
   <div class='ocr_carea' id='block_1_14' title="bbox 1102 2106 1864 2718">
    <p class='ocr_par' dir='ltr' id='par_1_17' title="bbox 1102 2106 1864 2718">
     <span class='ocr_line' id='line_1_88' title="bbox 1102 2106 1852 2153; baseline -0.007 -10"><span class='ocrx_word' id='word_1_442' title='bbox 1102 2122 1118 2144; x_wconf 91' lang='lat' dir='ltr'>a</span> <span class='ocrx_word' id='word_1_443' title='bbox 1131 2110 1182 2143; x_wconf 85' lang='lat' dir='ltr'>dic</span> <span class='ocrx_word' id='word_1_444' title='bbox 1198 2108 1445 2153; x_wconf 83' lang='lat' dir='ltr'>impetrationis;</span> <span class='ocrx_word' id='word_1_445' title='bbox 1458 2117 1585 2141; x_wconf 88' lang='lat' dir='ltr'>necnon</span> <span class='ocrx_word' id='word_1_446' title='bbox 1605 2106 1758 2139; x_wconf 90' lang='lat' dir='ltr'>Bonisacii</span> <span class='ocrx_word' id='word_1_447' title='bbox 1775 2107 1852 2148; x_wconf 70' lang='lat' dir='ltr'>wll,</span> 
     </span>
     <span class='ocr_line' id='line_1_89' title="bbox 1103 2160 1854 2203; baseline -0.005 -7"><span class='ocrx_word' id='word_1_448' title='bbox 1103 2164 1142 2196; x_wconf 86' lang='lat' dir='ltr'>de</span> <span class='ocrx_word' id='word_1_449' title='bbox 1168 2173 1243 2203; x_wconf 85' lang='lat' dir='ltr'>una,</span> <span class='ocrx_word' id='word_1_450' title='bbox 1267 2168 1297 2195; x_wconf 90' lang='lat' dir='ltr'>ct</span> <span class='ocrx_word' id='word_1_451' title='bbox 1324 2162 1357 2194; x_wconf 91' lang='lat' dir='ltr'>in</span> <span class='ocrx_word' id='word_1_452' title='bbox 1378 2161 1518 2195; x_wconf 89' lang='lat' dir='ltr'>concilio</span> <span class='ocrx_word' id='word_1_453' title='bbox 1538 2160 1680 2203; x_wconf 84' lang='lat' dir='ltr'>generali</span> <span class='ocrx_word' id='word_1_454' title='bbox 1712 2160 1796 2193; x_wconf 87' lang='lat' dir='ltr'>edita</span> <span class='ocrx_word' id='word_1_455' title='bbox 1816 2160 1854 2193; x_wconf 85' lang='lat' dir='ltr'>de</span> 
     </span>
     <span class='ocr_line' id='line_1_90' title="bbox 1105 2213 1855 2256; baseline -0.005 -6"><span class='ocrx_word' id='word_1_456' title='bbox 1105 2217 1229 2250; x_wconf 81' lang='lat' dir='ltr'>duabus</span> <span class='ocrx_word' id='word_1_457' title='bbox 1241 2215 1368 2256; x_wconf 72' lang='lat' dir='ltr'>diaetis,</span> <span class='ocrx_word' id='word_1_458' title='bbox 1391 2213 1687 2254; x_wconf 82' lang='lat' dir='ltr'>constitutionibus,</span> <span class='ocrx_word' id='word_1_459' title='bbox 1706 2225 1742 2247; x_wconf 90' lang='lat' dir='ltr'>ac</span> <span class='ocrx_word' id='word_1_460' title='bbox 1756 2220 1855 2247; x_wconf 88' lang='lat' dir='ltr'>terra-</span> 
     </span>
     <span class='ocr_line' id='line_1_91' title="bbox 1105 2269 1857 2313; baseline -0.004 -9"><span class='ocrx_word' id='word_1_461' title='bbox 1105 2281 1189 2310; x_wconf 87' lang='lat' dir='ltr'>rum,</span> <span class='ocrx_word' id='word_1_462' title='bbox 1210 2275 1390 2303; x_wconf 85' lang='lat' dir='ltr'>castrorum</span> <span class='ocrx_word' id='word_1_463' title='bbox 1412 2274 1442 2302; x_wconf 90' lang='lat' dir='ltr'>et</span> <span class='ocrx_word' id='word_1_464' title='bbox 1461 2269 1608 2302; x_wconf 87' lang='lat' dir='ltr'>locorum</span> <span class='ocrx_word' id='word_1_465' title='bbox 1625 2279 1857 2313; x_wconf 88' lang='lat' dir='ltr'>quorumcum-</span> 
     </span>
     <span class='ocr_line' id='line_1_92' title="bbox 1106 2323 1857 2368; baseline -0.001 -11"><span class='ocrx_word' id='word_1_466' title='bbox 1106 2335 1181 2368; x_wconf 88' lang='lat' dir='ltr'>que,</span> <span class='ocrx_word' id='word_1_467' title='bbox 1195 2323 1289 2357; x_wconf 90' lang='lat' dir='ltr'>etiam</span> <span class='ocrx_word' id='word_1_468' title='bbox 1312 2324 1507 2362; x_wconf 88' lang='lat' dir='ltr'>iuramento,</span> <span class='ocrx_word' id='word_1_469' title='bbox 1521 2323 1768 2356; x_wconf 84' lang='lat' dir='ltr'>confirmatione</span> <span class='ocrx_word' id='word_1_470' title='bbox 1780 2334 1857 2368; x_wconf 88' lang='lat' dir='ltr'>apo-</span> 
     </span>
     <span class='ocr_line' id='line_1_93' title="bbox 1108 2376 1856 2421; baseline 0 -11"><span class='ocrx_word' id='word_1_471' title='bbox 1108 2377 1219 2411; x_wconf 85' lang='lat' dir='ltr'>stolica</span> <span class='ocrx_word' id='word_1_472' title='bbox 1239 2378 1285 2410; x_wconf 71' lang='lat' dir='ltr'>vel</span> <span class='ocrx_word' id='word_1_473' title='bbox 1302 2377 1413 2421; x_wconf 73' lang='lat' dir='ltr'>quavis</span> <span class='ocrx_word' id='word_1_474' title='bbox 1438 2376 1589 2410; x_wconf 82' lang='lat' dir='ltr'>firmitate</span> <span class='ocrx_word' id='word_1_475' title='bbox 1605 2377 1666 2410; x_wconf 83' lang='lat' dir='ltr'>alia</span> <span class='ocrx_word' id='word_1_476' title='bbox 1683 2378 1856 2418; x_wconf 77' lang='lat' dir='ltr'>roboratis,</span> 
     </span>
     <span class='ocr_line' id='line_1_94' title="bbox 1109 2430 1862 2472; baseline 0 -9"><span class='ocrx_word' id='word_1_477' title='bbox 1109 2431 1236 2464; x_wconf 86' lang='lat' dir='ltr'>statutis</span> <span class='ocrx_word' id='word_1_478' title='bbox 1255 2436 1286 2463; x_wconf 84' lang='lat' dir='ltr'>et</span> <span class='ocrx_word' id='word_1_479' title='bbox 1309 2430 1611 2471; x_wconf 83' lang='lat' dir='ltr'>consuetudinibus,</span> <span class='ocrx_word' id='word_1_480' title='bbox 1646 2431 1770 2472; x_wconf 88' lang='lat' dir='ltr'>usibus,</span> <span class='ocrx_word' id='word_1_481' title='bbox 1802 2437 1862 2463; x_wconf 86' lang='lat' dir='ltr'>sta-</span> 
     </span>
     <span class='ocr_line' id='line_1_95' title="bbox 1109 2480 1862 2523; baseline 0 -11"><span class='ocrx_word' id='word_1_482' title='bbox 1109 2480 1296 2518; x_wconf 75' lang='lat' dir='ltr'>bilimentis,</span> <span class='ocrx_word' id='word_1_483' title='bbox 1316 2480 1465 2519; x_wconf 76' lang='lat' dir='ltr'>decretis,</span> <span class='ocrx_word' id='word_1_484' title='bbox 1479 2480 1775 2519; x_wconf 72' lang='lat' dir='ltr'>refomuationibus;</span> <span class='ocrx_word' id='word_1_485' title='bbox 1799 2480 1862 2523; x_wconf 83' lang='lat' dir='ltr'>pri-</span> 
     </span>
     <span class='ocr_line' id='line_1_96' title="bbox 1111 2528 1863 2572; baseline -0.001 -11"><span class='ocrx_word' id='word_1_486' title='bbox 1111 2528 1235 2572; x_wconf 68' lang='lat' dir='ltr'>vilegiis</span> <span class='ocrx_word' id='word_1_487' title='bbox 1254 2540 1395 2572; x_wconf 80' lang='lat' dir='ltr'>quoque,</span> <span class='ocrx_word' id='word_1_488' title='bbox 1425 2528 1567 2568; x_wconf 86' lang='lat' dir='ltr'>indultis,</span> <span class='ocrx_word' id='word_1_489' title='bbox 1597 2528 1803 2561; x_wconf 80' lang='lat' dir='ltr'>facultatibus</span> <span class='ocrx_word' id='word_1_490' title='bbox 1831 2534 1863 2561; x_wconf 90' lang='lat' dir='ltr'>et</span> 
     </span>
     <span class='ocr_line' id='line_1_97' title="bbox 1112 2577 1862 2622; baseline 0 -12"><span class='ocrx_word' id='word_1_491' title='bbox 1112 2577 1226 2610; x_wconf 86' lang='lat' dir='ltr'>litteris</span> <span class='ocrx_word' id='word_1_492' title='bbox 1245 2578 1432 2621; x_wconf 77' lang='lat' dir='ltr'>apostolicis</span> <span class='ocrx_word' id='word_1_493' title='bbox 1453 2578 1515 2610; x_wconf 83' lang='lat' dir='ltr'>illis</span> <span class='ocrx_word' id='word_1_494' title='bbox 1544 2589 1723 2622; x_wconf 70' lang='lat' dir='ltr'>eorumque</span> <span class='ocrx_word' id='word_1_495' title='bbox 1740 2578 1862 2621; x_wconf 81' lang='lat' dir='ltr'>legatis,</span> 
     </span>
     <span class='ocr_line' id='line_1_98' title="bbox 1112 2626 1863 2671; baseline 0.001 -13"><span class='ocrx_word' id='word_1_496' title='bbox 1112 2626 1304 2669; x_wconf 81' lang='lat' dir='ltr'>vicelegatis,</span> <span class='ocrx_word' id='word_1_497' title='bbox 1336 2627 1606 2670; x_wconf 77' lang='lat' dir='ltr'>praesidentibus,</span> <span class='ocrx_word' id='word_1_498' title='bbox 1637 2628 1863 2671; x_wconf 85' lang='lat' dir='ltr'>gubernatori-</span> 
     </span>
     <span class='ocr_line' id='line_1_99' title="bbox 1113 2674 1864 2718; baseline -0.001 -11"><span class='ocrx_word' id='word_1_499' title='bbox 1113 2674 1185 2714; x_wconf 84' lang='lat' dir='ltr'>bus,</span> <span class='ocrx_word' id='word_1_500' title='bbox 1200 2674 1470 2716; x_wconf 84' lang='lat' dir='ltr'>locatenentibus,</span> <span class='ocrx_word' id='word_1_501' title='bbox 1484 2676 1547 2708; x_wconf 71' lang='lat' dir='ltr'>ossi(</span> <span class='ocrx_word' id='word_1_502' title='bbox 1563 2676 1687 2718; x_wconf 65' lang='lat' dir='ltr'>ialibus,</span> <span class='ocrx_word' id='word_1_503' title='bbox 1702 2676 1864 2709; x_wconf 81' lang='lat' dir='ltr'>iudicibus</span> 
     </span>
    </p>
   </div>
  </div>
 </body>
</html>
