<?xml version="1.0" encoding="UTF-8"?>
<!DOCTYPE html PUBLIC "-//W3C//DTD XHTML 1.0 Transitional//EN"
    "http://www.w3.org/TR/xhtml1/DTD/xhtml1-transitional.dtd">
<html xmlns="http://www.w3.org/1999/xhtml" xml:lang="en" lang="en">
 <head>
  <title>
</title>
<meta http-equiv="Content-Type" content="text/html;charset=utf-8" />
  <meta name='ocr-system' content='tesseract 3.04.00' />
  <meta name='ocr-capabilities' content='ocr_page ocr_carea ocr_par ocr_line ocrx_word'/>
</head>
<body>
  <div class='ocr_page' id='page_1' title='image "./bullarumdiplomat08cath_0040.png"; bbox 0 0 2059 3228; ppageno 0'>
   <div class='ocr_carea' id='block_1_1' title="bbox 92 276 266 304">
    <p class='ocr_par' dir='ltr' id='par_1_1' title="bbox 92 276 266 304">
     <span class='ocr_line' id='line_1_1' title="bbox 92 276 266 304; baseline 0.006 -2"><span class='ocrx_word' id='word_1_1' title='bbox 92 278 143 304; x_wconf 75' lang='lat' dir='ltr'>Au.</span> <span class='ocrx_word' id='word_1_2' title='bbox 156 277 184 303; x_wconf 92' lang='lat' dir='ltr'>C.</span> <span class='ocrx_word' id='word_1_3' title='bbox 203 276 266 303; x_wconf 69' lang='lat'>1572</span> 
     </span>
    </p>
   </div>
   <div class='ocr_carea' id='block_1_2' title="bbox 120 864 266 884">
    <p class='ocr_par' dir='ltr' id='par_1_2' title="bbox 120 864 266 884">
     <span class='ocr_line' id='line_1_2' title="bbox 120 864 266 884; baseline 0.007 -1"><span class='ocrx_word' id='word_1_4' title='bbox 120 864 176 883; x_wconf 67' lang='lat' dir='ltr'>Facti</span> <span class='ocrx_word' id='word_1_5' title='bbox 191 864 266 884; x_wconf 61' lang='lat' dir='ltr'>series.</span> 
     </span>
    </p>
   </div>
   <div class='ocr_carea' id='block_1_3' title="bbox 83 2550 268 2601">
    <p class='ocr_par' dir='ltr' id='par_1_3' title="bbox 83 2550 268 2601">
     <span class='ocr_line' id='line_1_3' title="bbox 106 2550 268 2576; baseline 0.012 -8"><span class='ocrx_word' id='word_1_6' title='bbox 106 2550 202 2569; x_wconf 61' lang='lat' dir='ltr'>rnen-nm</span> <span class='ocrx_word' id='word_1_7' title='bbox 217 2557 268 2576; x_wconf 76' lang='lat' dir='ltr'>sup-</span> 
     </span>
     <span class='ocr_line' id='line_1_4' title="bbox 83 2577 178 2601; baseline 0.011 -5"><span class='ocrx_word' id='word_1_8' title='bbox 83 2577 178 2601; x_wconf 62' lang='lat' dir='ltr'>plicatio.</span> 
     </span>
    </p>
   </div>
   <div class='ocr_carea' id='block_1_4' title="bbox 288 277 1027 901">
    <p class='ocr_par' dir='ltr' id='par_1_4' title="bbox 288 277 1027 798">
     <span class='ocr_line' id='line_1_5' title="bbox 333 277 373 310; baseline 0.025 -1"><span class='ocrx_word' id='word_1_9' title='bbox 333 277 373 310; x_wconf 73' lang='lat'>⁶36</span> 
     </span>
     <span class='ocr_line' id='line_1_6' title="bbox 290 337 1024 382; baseline 0 -13"><span class='ocrx_word' id='word_1_10' title='bbox 290 339 349 382; x_wconf 82' lang='lat' dir='ltr'>piis</span> <span class='ocrx_word' id='word_1_11' title='bbox 373 339 581 382; x_wconf 82' lang='lat' dir='ltr'>quarumlibet</span> <span class='ocrx_word' id='word_1_12' title='bbox 619 339 675 370; x_wconf 87' lang='lat' dir='ltr'>sub</span> <span class='ocrx_word' id='word_1_13' title='bbox 709 337 878 380; x_wconf 73' lang='lat' dir='ltr'>Religionis</span> <span class='ocrx_word' id='word_1_14' title='bbox 900 338 974 379; x_wconf 71' lang='lat' dir='ltr'>iugo</span> <span class='ocrx_word' id='word_1_15' title='bbox 998 343 1024 369; x_wconf 88' lang='lat' dir='ltr'>et</span> 
     </span>
     <span class='ocr_line' id='line_1_7' title="bbox 290 390 1025 435; baseline -0.007 -10"><span class='ocrx_word' id='word_1_16' title='bbox 290 392 424 435; x_wconf 72' lang='lat' dir='ltr'>regulari</span> <span class='ocrx_word' id='word_1_17' title='bbox 451 391 646 423; x_wconf 73' lang='lat' dir='ltr'>observantia</span> <span class='ocrx_word' id='word_1_18' title='bbox 671 391 800 422; x_wconf 78' lang='lat' dir='ltr'>Domino</span> <span class='ocrx_word' id='word_1_19' title='bbox 826 390 1025 422; x_wconf 76' lang='lat' dir='ltr'>militantium</span> 
     </span>
     <span class='ocr_line' id='line_1_8' title="bbox 289 441 1026 487; baseline -0.004 -12"><span class='ocrx_word' id='word_1_20' title='bbox 289 454 491 487; x_wconf 79' lang='lat' dir='ltr'>personarum</span> <span class='ocrx_word' id='word_1_21' title='bbox 516 443 594 474; x_wconf 76' lang='lat' dir='ltr'>votis</span> <span class='ocrx_word' id='word_1_22' title='bbox 619 442 749 474; x_wconf 88' lang='lat' dir='ltr'>libenter</span> <span class='ocrx_word' id='word_1_23' title='bbox 772 442 891 481; x_wconf 77' lang='lat' dir='ltr'>annuit,</span> <span class='ocrx_word' id='word_1_24' title='bbox 916 447 942 473; x_wconf 86' lang='lat' dir='ltr'>et</span> <span class='ocrx_word' id='word_1_25' title='bbox 970 441 1026 473; x_wconf 81' lang='lat' dir='ltr'>illis</span> 
     </span>
     <span class='ocr_line' id='line_1_9' title="bbox 289 493 1025 538; baseline -0.007 -10"><span class='ocrx_word' id='word_1_26' title='bbox 289 507 367 538; x_wconf 79' lang='lat' dir='ltr'>quae</span> <span class='ocrx_word' id='word_1_27' title='bbox 391 496 429 527; x_wconf 85' lang='lat' dir='ltr'>ab</span> <span class='ocrx_word' id='word_1_28' title='bbox 454 495 561 527; x_wconf 81' lang='lat' dir='ltr'>eadem</span> <span class='ocrx_word' id='word_1_29' title='bbox 587 494 662 526; x_wconf 85' lang='lat' dir='ltr'>Sede</span> <span class='ocrx_word' id='word_1_30' title='bbox 686 504 742 537; x_wconf 91' lang='lat' dir='ltr'>pro</span> <span class='ocrx_word' id='word_1_31' title='bbox 767 494 843 537; x_wconf 87' lang='lat' dir='ltr'>ipsis</span> <span class='ocrx_word' id='word_1_32' title='bbox 878 493 1025 535; x_wconf 72' lang='lat' dir='ltr'>personis,</span> 
     </span>
     <span class='ocr_line' id='line_1_10' title="bbox 289 546 1027 589; baseline -0.008 -9"><span class='ocrx_word' id='word_1_33' title='bbox 289 558 458 589; x_wconf 69' lang='lat' dir='ltr'>eurumqiw</span> <span class='ocrx_word' id='word_1_34' title='bbox 483 547 557 578; x_wconf 83' lang='lat' dir='ltr'>loeis</span> <span class='ocrx_word' id='word_1_35' title='bbox 584 546 768 588; x_wconf 76' lang='lat' dir='ltr'>processisse,</span> <span class='ocrx_word' id='word_1_36' title='bbox 803 546 1027 587; x_wconf 65' lang='lat' dir='ltr'>dignoscuntur</span> 
     </span>
     <span class='ocr_line' id='line_1_11' title="bbox 288 595 1027 640; baseline -0.009 -8"><span class='ocrx_word' id='word_1_37' title='bbox 288 600 442 632; x_wconf 78' lang='lat' dir='ltr'>uberioris</span> <span class='ocrx_word' id='word_1_38' title='bbox 465 598 622 630; x_wconf 85' lang='lat' dir='ltr'>interdum</span> <span class='ocrx_word' id='word_1_39' title='bbox 653 597 811 640; x_wconf 72' lang='lat' dir='ltr'>apostolici</span> <span class='ocrx_word' id='word_1_40' title='bbox 845 595 1027 628; x_wconf 83' lang='lat' dir='ltr'>muniminis</span> 
     </span>
     <span class='ocr_line' id='line_1_12' title="bbox 291 648 1027 686; baseline -0.008 -3"><span class='ocrx_word' id='word_1_41' title='bbox 291 651 515 683; x_wconf 69' lang='lat' dir='ltr'>:ulminirulutu</span> <span class='ocrx_word' id='word_1_42' title='bbox 539 650 655 686; x_wconf 63' lang='lat' dir='ltr'>adiit-it,</span> <span class='ocrx_word' id='word_1_43' title='bbox 673 655 704 681; x_wconf 87' lang='lat' dir='ltr'>ut</span> <span class='ocrx_word' id='word_1_44' title='bbox 722 660 757 681; x_wconf 83' lang='lat' dir='ltr'>eo</span> <span class='ocrx_word' id='word_1_45' title='bbox 776 649 895 681; x_wconf 83' lang='lat' dir='ltr'>tirmius</span> <span class='ocrx_word' id='word_1_46' title='bbox 912 648 1027 680; x_wconf 82' lang='lat' dir='ltr'>illibata</span> 
     </span>
     <span class='ocr_line' id='line_1_13' title="bbox 289 702 1027 746; baseline -0.004 -11"><span class='ocrx_word' id='word_1_47' title='bbox 289 704 474 746; x_wconf 78' lang='lat' dir='ltr'>persistant,</span> <span class='ocrx_word' id='word_1_48' title='bbox 499 714 560 746; x_wconf 88' lang='lat' dir='ltr'>quo</span> <span class='ocrx_word' id='word_1_49' title='bbox 591 703 792 746; x_wconf 70' lang='lat' dir='ltr'>frequentiori</span> <span class='ocrx_word' id='word_1_50' title='bbox 817 702 932 734; x_wconf 86' lang='lat' dir='ltr'>suerint</span> <span class='ocrx_word' id='word_1_51' title='bbox 955 711 1027 743; x_wconf 87' lang='lat' dir='ltr'>apo-</span> 
     </span>
     <span class='ocr_line' id='line_1_14' title="bbox 289 755 746 798; baseline -0.002 -11"><span class='ocrx_word' id='word_1_52' title='bbox 289 756 396 787; x_wconf 78' lang='lat' dir='ltr'>stolico</span> <span class='ocrx_word' id='word_1_53' title='bbox 420 755 576 798; x_wconf 86' lang='lat' dir='ltr'>praesidio</span> <span class='ocrx_word' id='word_1_54' title='bbox 600 755 746 787; x_wconf 88' lang='lat' dir='ltr'>stabilita.</span> 
     </span>
    </p>

    <p class='ocr_par' dir='ltr' id='par_1_5' title="bbox 288 805 1026 901">
     <span class='ocr_line' id='line_1_15' title="bbox 331 805 1026 850; baseline -0.007 -10"><span class='ocrx_word' id='word_1_55' title='bbox 331 808 346 850; x_wconf 63' lang='grc' dir='ltr'>ξ</span> <span class='ocrx_word' id='word_1_56' title='bbox 369 808 398 840; x_wconf 68' lang='lat' dir='ltr'>⁴l.</span> <span class='ocrx_word' id='word_1_57' title='bbox 423 807 513 848; x_wconf 86' lang='lat' dir='ltr'>Sanc,</span> <span class='ocrx_word' id='word_1_58' title='bbox 526 817 583 850; x_wconf 90' lang='lat' dir='ltr'>pro</span> <span class='ocrx_word' id='word_1_59' title='bbox 597 815 682 850; x_wconf 84' lang='lat' dir='ltr'>parte</span> <span class='ocrx_word' id='word_1_60' title='bbox 697 807 878 839; x_wconf 71' lang='lat' dir='ltr'>dilectorum</span> <span class='ocrx_word' id='word_1_61' title='bbox 894 805 1026 836; x_wconf 86' lang='lat' dir='ltr'>tiliorum</span> 
     </span>
     <span class='ocr_line' id='line_1_16' title="bbox 288 858 1024 901; baseline -0.005 -10"><span class='ocrx_word' id='word_1_62' title='bbox 288 859 425 899; x_wconf 84' lang='lat' dir='ltr'>maioris,</span> <span class='ocrx_word' id='word_1_63' title='bbox 450 859 656 894; x_wconf 77' lang='lat' dir='ltr'>visitatorum,</span> <span class='ocrx_word' id='word_1_64' title='bbox 680 859 833 901; x_wconf 84' lang='lat' dir='ltr'>priorum,</span> <span class='ocrx_word' id='word_1_65' title='bbox 852 858 982 889; x_wconf 82' lang='lat' dir='ltr'>fratrum</span> <span class='ocrx_word' id='word_1_66' title='bbox 999 861 1024 886; x_wconf 44' lang='lat' dir='ltr'>‹vt</span> 
     </span>
    </p>
   </div>
   <div class='ocr_carea' id='block_1_5' title="bbox 862 284 1806 429">
    <p class='ocr_par' dir='ltr' id='par_1_6' title="bbox 862 284 1806 429">
     <span class='ocr_line' id='line_1_17' title="bbox 862 284 1223 310; baseline -0.011 0"><span class='ocrx_word' id='word_1_67' title='bbox 862 286 1045 310; x_wconf 59' lang='lat' dir='ltr'>summurn</span> <span class='ocrx_word' id='word_1_68' title='bbox 1070 284 1223 308; x_wconf 57' lang='lat' dir='ltr'>nouarum</span> 
     </span>
     <span class='ocr_line' id='line_1_18' title="bbox 1055 332 1797 377; baseline -0.004 -9"><span class='ocrx_word' id='word_1_69' title='bbox 1055 337 1195 368; x_wconf 76' lang='lat' dir='ltr'>sistentia</span> <span class='ocrx_word' id='word_1_70' title='bbox 1221 334 1365 375; x_wconf 80' lang='lat' dir='ltr'>firmiori,</span> <span class='ocrx_word' id='word_1_71' title='bbox 1389 333 1487 366; x_wconf 86' lang='lat' dir='ltr'>robur</span> <span class='ocrx_word' id='word_1_72' title='bbox 1510 332 1699 377; x_wconf 80' lang='lat' dir='ltr'>apostolicae</span> <span class='ocrx_word' id='word_1_73' title='bbox 1722 341 1797 365; x_wconf 92' lang='lat' dir='ltr'>con-</span> 
     </span>
     <span class='ocr_line' id='line_1_19' title="bbox 1057 384 1806 429; baseline 0.001 -12"><span class='ocrx_word' id='word_1_74' title='bbox 1057 387 1241 419; x_wconf 70' lang='lat' dir='ltr'>firmationis</span> <span class='ocrx_word' id='word_1_75' title='bbox 1265 386 1410 425; x_wconf 81' lang='lat' dir='ltr'>adiicere,</span> <span class='ocrx_word' id='word_1_76' title='bbox 1424 390 1454 418; x_wconf 86' lang='lat' dir='ltr'>et</span> <span class='ocrx_word' id='word_1_77' title='bbox 1466 386 1542 420; x_wconf 87' lang='lat' dir='ltr'>alias</span> <span class='ocrx_word' id='word_1_78' title='bbox 1559 387 1591 419; x_wconf 92' lang='lat' dir='ltr'>in</span> <span class='ocrx_word' id='word_1_79' title='bbox 1615 384 1806 429; x_wconf 62' lang='lat' dir='ltr'>praemissis</span> 
     </span>
    </p>
   </div>
   <div class='ocr_carea' id='block_1_6' title="bbox 1056 439 1798 897">
    <p class='ocr_par' dir='ltr' id='par_1_7' title="bbox 1056 439 1796 533">
     <span class='ocr_line' id='line_1_20' title="bbox 1056 439 1796 483; baseline 0 -12"><span class='ocrx_word' id='word_1_80' title='bbox 1056 446 1228 482; x_wconf 76' lang='lat' dir='ltr'>opportune</span> <span class='ocrx_word' id='word_1_81' title='bbox 1257 439 1420 482; x_wconf 75' lang='lat' dir='ltr'>providere</span> <span class='ocrx_word' id='word_1_82' title='bbox 1443 439 1481 472; x_wconf 91' lang='lat' dir='ltr'>de</span> <span class='ocrx_word' id='word_1_83' title='bbox 1503 439 1697 483; x_wconf 79' lang='lat' dir='ltr'>benignitate</span> <span class='ocrx_word' id='word_1_84' title='bbox 1720 448 1796 482; x_wconf 82' lang='lat' dir='ltr'>apo-</span> 
     </span>
     <span class='ocr_line' id='line_1_21' title="bbox 1056 492 1397 533; baseline 0 -11"><span class='ocrx_word' id='word_1_85' title='bbox 1056 492 1160 523; x_wconf 74' lang='lat' dir='ltr'>stolica</span> <span class='ocrx_word' id='word_1_86' title='bbox 1185 492 1397 533; x_wconf 66' lang='lat' dir='ltr'>dignaremur.</span> 
     </span>
    </p>

    <p class='ocr_par' dir='ltr' id='par_1_8' title="bbox 1057 541 1798 897">
     <span class='ocr_line' id='line_1_22' title="bbox 1099 541 1795 586; baseline -0.001 -11"><span class='ocrx_word' id='word_1_87' title='bbox 1099 546 1113 583; x_wconf 55' lang='grc' dir='ltr'>ς’</span> <span class='ocrx_word' id='word_1_88' title='bbox 1137 544 1166 575; x_wconf 73' lang='grc'>3,</span> <span class='ocrx_word' id='word_1_89' title='bbox 1190 544 1250 575; x_wconf 74' lang='lat' dir='ltr'>Nos</span> <span class='ocrx_word' id='word_1_90' title='bbox 1274 542 1380 584; x_wconf 75' lang='lat' dir='ltr'>igitur,</span> <span class='ocrx_word' id='word_1_91' title='bbox 1419 542 1472 585; x_wconf 88' lang='lat' dir='ltr'>qui</span> <span class='ocrx_word' id='word_1_92' title='bbox 1507 542 1658 586; x_wconf 78' lang='lat' dir='ltr'>Religioni</span> <span class='ocrx_word' id='word_1_93' title='bbox 1682 541 1795 575; x_wconf 87' lang='lat' dir='ltr'>deditis</span> 
     </span>
     <span class='ocr_line' id='line_1_23' title="bbox 1057 593 1796 637; baseline 0.003 -12"><span class='ocrx_word' id='word_1_94' title='bbox 1057 594 1215 637; x_wconf 74' lang='lat' dir='ltr'>apostolici</span> <span class='ocrx_word' id='word_1_95' title='bbox 1239 594 1352 626; x_wconf 66' lang='lat' dir='ltr'>sax-oris</span> <span class='ocrx_word' id='word_1_96' title='bbox 1376 593 1567 637; x_wconf 78' lang='lat' dir='ltr'>praesidium</span> <span class='ocrx_word' id='word_1_97' title='bbox 1591 595 1721 627; x_wconf 83' lang='lat' dir='ltr'>libenter</span> <span class='ocrx_word' id='word_1_98' title='bbox 1737 594 1796 626; x_wconf 93' lang='lat' dir='ltr'>im-</span> 
     </span>
     <span class='ocr_line' id='line_1_24' title="bbox 1058 645 1796 687; baseline 0.003 -11"><span class='ocrx_word' id='word_1_99' title='bbox 1058 645 1241 687; x_wconf 77' lang='lat' dir='ltr'>pendimus,</span> <span class='ocrx_word' id='word_1_100' title='bbox 1266 645 1407 677; x_wconf 91' lang='lat' dir='ltr'>omnium</span> <span class='ocrx_word' id='word_1_101' title='bbox 1436 650 1465 677; x_wconf 87' lang='lat' dir='ltr'>et</span> <span class='ocrx_word' id='word_1_102' title='bbox 1494 645 1688 687; x_wconf 73' lang='lat' dir='ltr'>singularum</span> <span class='ocrx_word' id='word_1_103' title='bbox 1716 645 1796 678; x_wconf 79' lang='lat' dir='ltr'>titte-</span> 
     </span>
     <span class='ocr_line' id='line_1_25' title="bbox 1058 697 1798 740; baseline 0.001 -11"><span class='ocrx_word' id='word_1_104' title='bbox 1058 709 1162 729; x_wconf 81' lang='lat' dir='ltr'>rarum</span> <span class='ocrx_word' id='word_1_105' title='bbox 1186 697 1380 737; x_wconf 88' lang='lat' dir='ltr'>huiusmodi,</span> <span class='ocrx_word' id='word_1_106' title='bbox 1405 707 1498 740; x_wconf 88' lang='lat' dir='ltr'>super</span> <span class='ocrx_word' id='word_1_107' title='bbox 1521 697 1690 739; x_wconf 82' lang='lat' dir='ltr'>praedictis</span> <span class='ocrx_word' id='word_1_108' title='bbox 1713 708 1798 730; x_wconf 87' lang='lat' dir='ltr'>ema-</span> 
     </span>
     <span class='ocr_line' id='line_1_26' title="bbox 1058 750 1798 792; baseline -0.001 -9"><span class='ocrx_word' id='word_1_109' title='bbox 1058 756 1211 790; x_wconf 75' lang='lat' dir='ltr'>naturum,</span> <span class='ocrx_word' id='word_1_110' title='bbox 1236 756 1266 783; x_wconf 86' lang='lat' dir='ltr'>et</span> <span class='ocrx_word' id='word_1_111' title='bbox 1289 750 1362 783; x_wconf 90' lang='lat' dir='ltr'>inde</span> <span class='ocrx_word' id='word_1_112' title='bbox 1379 755 1557 783; x_wconf 86' lang='lat' dir='ltr'>secutorum</span> <span class='ocrx_word' id='word_1_113' title='bbox 1574 759 1798 792; x_wconf 87' lang='lat' dir='ltr'>quorumcum-</span> 
     </span>
     <span class='ocr_line' id='line_1_27' title="bbox 1057 801 1797 847; baseline -0.004 -11"><span class='ocrx_word' id='word_1_114' title='bbox 1057 815 1116 847; x_wconf 87' lang='lat' dir='ltr'>que</span> <span class='ocrx_word' id='word_1_115' title='bbox 1150 809 1273 836; x_wconf 82' lang='lat' dir='ltr'>tenores</span> <span class='ocrx_word' id='word_1_116' title='bbox 1307 802 1524 846; x_wconf 86' lang='lat' dir='ltr'>praesentibus</span> <span class='ocrx_word' id='word_1_117' title='bbox 1558 811 1616 844; x_wconf 87' lang='lat' dir='ltr'>pro</span> <span class='ocrx_word' id='word_1_118' title='bbox 1647 801 1797 844; x_wconf 83' lang='lat' dir='ltr'>expressis</span> 
     </span>
     <span class='ocr_line' id='line_1_28' title="bbox 1058 854 1796 897; baseline -0.003 -10"><span class='ocrx_word' id='word_1_119' title='bbox 1058 856 1215 895; x_wconf 82' lang='lat' dir='ltr'>babentes,</span> <span class='ocrx_word' id='word_1_120' title='bbox 1242 855 1422 888; x_wconf 87' lang='lat' dir='ltr'>huiusmodi</span> <span class='ocrx_word' id='word_1_121' title='bbox 1446 854 1726 897; x_wconf 79' lang='lat' dir='ltr'>supplicationibus</span> <span class='ocrx_word' id='word_1_122' title='bbox 1748 854 1796 886; x_wconf 93' lang='lat' dir='ltr'>in-</span> 
     </span>
    </p>
   </div>
   <div class='ocr_carea' id='block_1_7' title="bbox 286 907 1797 1014">
    <p class='ocr_par' dir='ltr' id='par_1_9' title="bbox 286 907 1797 1014">
     <span class='ocr_line' id='line_1_29' title="bbox 286 907 1797 954; baseline -0.002 -11"><span class='ocrx_word' id='word_1_123' title='bbox 286 922 491 954; x_wconf 88' lang='lat' dir='ltr'>personarum</span> <span class='ocrx_word' id='word_1_124' title='bbox 516 911 672 943; x_wconf 80' lang='lat' dir='ltr'>societatis</span> <span class='ocrx_word' id='word_1_125' title='bbox 689 911 891 943; x_wconf 81' lang='lat' dir='ltr'>eremitarum</span> <span class='ocrx_word' id='word_1_126' title='bbox 917 910 944 942; x_wconf 97' lang='lat' dir='ltr'>S</span> <span class='ocrx_word' id='word_1_127' title='bbox 970 910 1027 941; x_wconf 78' lang='lat' dir='ltr'>Ho—</span> <span class='ocrx_word' id='word_1_128' title='bbox 1056 908 1183 945; x_wconf 75' lang='lat' dir='ltr'>rlinati,</span> <span class='ocrx_word' id='word_1_129' title='bbox 1207 909 1313 940; x_wconf 89' lang='lat' dir='ltr'>onmia</span> <span class='ocrx_word' id='word_1_130' title='bbox 1336 914 1366 941; x_wconf 83' lang='lat' dir='ltr'>et</span> <span class='ocrx_word' id='word_1_131' title='bbox 1389 908 1512 950; x_wconf 79' lang='lat' dir='ltr'>singula</span> <span class='ocrx_word' id='word_1_132' title='bbox 1536 907 1700 950; x_wconf 82' lang='lat' dir='ltr'>privilegia</span> <span class='ocrx_word' id='word_1_133' title='bbox 1717 933 1724 942; x_wconf 81' lang='grc'>,</span> <span class='ocrx_word' id='word_1_134' title='bbox 1749 907 1797 940; x_wconf 88' lang='lat' dir='ltr'>in-</span> 
     </span>
     <span class='ocr_line' id='line_1_30' title="bbox 286 955 1792 1014; baseline -0.001 -19"><span class='ocrx_word' id='word_1_135' title='bbox 286 963 413 1001; x_wconf 90' lang='lat' dir='ltr'>mualdi,</span> <span class='ocrx_word' id='word_1_136' title='bbox 437 963 680 996; x_wconf 85' lang='lat' dir='ltr'>Camaldulensis</span> <span class='ocrx_word' id='word_1_137' title='bbox 693 963 826 1002; x_wconf 83' lang='lat' dir='ltr'>Ordinis,</span> <span class='ocrx_word' id='word_1_138' title='bbox 841 955 1153 1014; x_wconf 63' lang='lat' dir='ltr'>11&lt;·tiisexl1i-&#39;‹liittzi‚</span> <span class='ocrx_word' id='word_1_139' title='bbox 1177 960 1393 993; x_wconf 80' lang='lat' dir='ltr'>concessiones</span> <span class='ocrx_word' id='word_1_140' title='bbox 1411 988 1418 999; x_wconf 90' lang='lat'>‚</span> <span class='ocrx_word' id='word_1_141' title='bbox 1443 960 1603 992; x_wconf 82' lang='lat' dir='ltr'>facultates</span> <span class='ocrx_word' id='word_1_142' title='bbox 1620 987 1627 999; x_wconf 92' lang='lat'>,</span> <span class='ocrx_word' id='word_1_143' title='bbox 1652 960 1792 1002; x_wconf 75' lang='lat' dir='ltr'>gratias,</span> 
     </span>
    </p>
   </div>
   <div class='ocr_carea' id='block_1_8' title="bbox 285 1014 1030 1581">
    <p class='ocr_par' dir='ltr' id='par_1_10' title="bbox 285 1014 1030 1581">
     <span class='ocr_line' id='line_1_31' title="bbox 286 1014 1028 1059; baseline -0.007 -10"><span class='ocrx_word' id='word_1_144' title='bbox 286 1017 350 1049; x_wconf 91' lang='lat' dir='ltr'>bita</span> <span class='ocrx_word' id='word_1_145' title='bbox 364 1016 473 1059; x_wconf 88' lang='lat' dir='ltr'>petitio</span> <span class='ocrx_word' id='word_1_146' title='bbox 483 1016 661 1048; x_wconf 84' lang='lat' dir='ltr'>continebat</span> <span class='ocrx_word' id='word_1_147' title='bbox 673 1016 766 1058; x_wconf 79' lang='lat' dir='ltr'>quod,</span> <span class='ocrx_word' id='word_1_148' title='bbox 781 1014 933 1047; x_wconf 83' lang='lat' dir='ltr'>lieetalias</span> <span class='ocrx_word' id='word_1_149' title='bbox 947 1014 1028 1045; x_wconf 78' lang='lat' dir='ltr'>dieta</span> 
     </span>
     <span class='ocr_line' id='line_1_32' title="bbox 285 1066 1027 1110; baseline -0.005 -10"><span class='ocrx_word' id='word_1_150' title='bbox 285 1067 416 1101; x_wconf 82' lang='lat' dir='ltr'>societas</span> <span class='ocrx_word' id='word_1_151' title='bbox 440 1078 494 1110; x_wconf 88' lang='lat' dir='ltr'>per</span> <span class='ocrx_word' id='word_1_152' title='bbox 518 1067 612 1100; x_wconf 86' lang='lat' dir='ltr'>felicis</span> <span class='ocrx_word' id='word_1_153' title='bbox 637 1066 861 1099; x_wconf 84' lang='lat' dir='ltr'>recordationis</span> <span class='ocrx_word' id='word_1_154' title='bbox 897 1066 1027 1098; x_wconf 78' lang='lat' dir='ltr'>Leonem</span> 
     </span>
     <span class='ocr_line' id='line_1_33' title="bbox 285 1119 1030 1164; baseline -0.007 -11"><span class='ocrx_word' id='word_1_155' title='bbox 285 1122 424 1164; x_wconf 83' lang='lat' dir='ltr'>Papam,</span> <span class='ocrx_word' id='word_1_156' title='bbox 463 1120 629 1159; x_wconf 87' lang='lat' dir='ltr'>decimum,</span> <span class='ocrx_word' id='word_1_157' title='bbox 670 1119 938 1162; x_wconf 81' lang='lat' dir='ltr'>praedecessorem</span> <span class='ocrx_word' id='word_1_158' title='bbox 975 1128 1030 1149; x_wconf 88' lang='lat' dir='ltr'>no-</span> 
     </span>
     <span class='ocr_line' id='line_1_34' title="bbox 287 1170 1028 1214; baseline -0.003 -9"><span class='ocrx_word' id='word_1_159' title='bbox 287 1179 397 1212; x_wconf 85' lang='lat' dir='ltr'>strum,</span> <span class='ocrx_word' id='word_1_160' title='bbox 436 1171 604 1214; x_wconf 85' lang='lat' dir='ltr'>apostolica</span> <span class='ocrx_word' id='word_1_161' title='bbox 643 1171 827 1203; x_wconf 74' lang='lat' dir='ltr'>aiu-toritate</span> <span class='ocrx_word' id='word_1_162' title='bbox 866 1170 1028 1203; x_wconf 80' lang='lat' dir='ltr'>instituta.</span> 
     </span>
     <span class='ocr_line' id='line_1_35' title="bbox 286 1220 1027 1268; baseline -0.011 -10"><span class='ocrx_word' id='word_1_163' title='bbox 286 1236 321 1258; x_wconf 87' lang='lat' dir='ltr'>ac</span> <span class='ocrx_word' id='word_1_164' title='bbox 345 1226 411 1268; x_wconf 82' lang='lat' dir='ltr'>ipsa</span> <span class='ocrx_word' id='word_1_165' title='bbox 434 1229 463 1256; x_wconf 82' lang='lat' dir='ltr'>et</span> <span class='ocrx_word' id='word_1_166' title='bbox 488 1224 527 1256; x_wconf 85' lang='lat' dir='ltr'>ad</span> <span class='ocrx_word' id='word_1_167' title='bbox 554 1223 621 1256; x_wconf 85' lang='lat' dir='ltr'>eius</span> <span class='ocrx_word' id='word_1_168' title='bbox 649 1222 815 1264; x_wconf 74' lang='lat' dir='ltr'>cappellae,</span> <span class='ocrx_word' id='word_1_169' title='bbox 839 1220 1027 1255; x_wconf 77' lang='lat' dir='ltr'>eremitoria,</span> 
     </span>
     <span class='ocr_line' id='line_1_36' title="bbox 285 1275 1029 1317; baseline -0.008 -7"><span class='ocrx_word' id='word_1_170' title='bbox 285 1277 440 1317; x_wconf 84' lang='lat' dir='ltr'>ecclcsiae,</span> <span class='ocrx_word' id='word_1_171' title='bbox 465 1275 665 1314; x_wconf 77' lang='lat' dir='ltr'>monasteria,</span> <span class='ocrx_word' id='word_1_172' title='bbox 691 1275 755 1307; x_wconf 76' lang='lat' dir='ltr'>loca</span> <span class='ocrx_word' id='word_1_173' title='bbox 794 1279 821 1306; x_wconf 87' lang='lat' dir='ltr'>et</span> <span class='ocrx_word' id='word_1_174' title='bbox 863 1284 1029 1316; x_wconf 66' lang='lat' dir='ltr'>qmeeum-</span> 
     </span>
     <span class='ocr_line' id='line_1_37' title="bbox 286 1326 1027 1373; baseline -0.007 -11"><span class='ocrx_word' id='word_1_175' title='bbox 286 1341 350 1373; x_wconf 72' lang='lat' dir='ltr'>quev</span> <span class='ocrx_word' id='word_1_176' title='bbox 371 1330 454 1362; x_wconf 88' lang='lat' dir='ltr'>bona</span> <span class='ocrx_word' id='word_1_177' title='bbox 478 1339 512 1361; x_wconf 91' lang='lat' dir='ltr'>ac</span> <span class='ocrx_word' id='word_1_178' title='bbox 536 1333 638 1361; x_wconf 85' lang='lat' dir='ltr'>cetera</span> <span class='ocrx_word' id='word_1_179' title='bbox 677 1327 735 1359; x_wconf 90' lang='lat' dir='ltr'>alia</span> <span class='ocrx_word' id='word_1_180' title='bbox 770 1326 907 1358; x_wconf 77' lang='lat' dir='ltr'>eiusdem</span> <span class='ocrx_word' id='word_1_181' title='bbox 932 1326 1027 1358; x_wconf 77' lang='lat' dir='ltr'>socie—</span> 
     </span>
     <span class='ocr_line' id='line_1_38' title="bbox 287 1377 1026 1423; baseline -0.011 -8"><span class='ocrx_word' id='word_1_182' title='bbox 287 1383 358 1415; x_wconf 83' lang='lat' dir='ltr'>tatis</span> <span class='ocrx_word' id='word_1_183' title='bbox 380 1387 410 1414; x_wconf 88' lang='lat' dir='ltr'>et.</span> <span class='ocrx_word' id='word_1_184' title='bbox 435 1382 519 1414; x_wconf 89' lang='lat' dir='ltr'>illam</span> <span class='ocrx_word' id='word_1_185' title='bbox 554 1391 611 1423; x_wconf 90' lang='lat' dir='ltr'>pro</span> <span class='ocrx_word' id='word_1_186' title='bbox 651 1385 790 1422; x_wconf 87' lang='lat' dir='ltr'>tempore</span> <span class='ocrx_word' id='word_1_187' title='bbox 828 1377 1026 1420; x_wconf 86' lang='lat' dir='ltr'>pertinentia,</span> 
     </span>
     <span class='ocr_line' id='line_1_39' title="bbox 288 1430 1025 1476; baseline -0.007 -10"><span class='ocrx_word' id='word_1_188' title='bbox 288 1441 350 1466; x_wconf 89' lang='lat' dir='ltr'>tam</span> <span class='ocrx_word' id='word_1_189' title='bbox 374 1444 429 1476; x_wconf 89' lang='lat' dir='ltr'>per</span> <span class='ocrx_word' id='word_1_190' title='bbox 452 1433 597 1466; x_wconf 83' lang='lat' dir='ltr'>eumdem</span> <span class='ocrx_word' id='word_1_191' title='bbox 636 1433 769 1464; x_wconf 88' lang='lat' dir='ltr'>Leonem</span> <span class='ocrx_word' id='word_1_192' title='bbox 805 1441 896 1473; x_wconf 85' lang='lat' dir='ltr'>quam</span> <span class='ocrx_word' id='word_1_193' title='bbox 932 1430 1025 1462; x_wconf 83' lang='lat' dir='ltr'>etiam</span> 
     </span>
     <span class='ocr_line' id='line_1_40' title="bbox 286 1482 1024 1529; baseline -0.007 -11"><span class='ocrx_word' id='word_1_194' title='bbox 286 1497 344 1529; x_wconf 92' lang='lat' dir='ltr'>pcr</span> <span class='ocrx_word' id='word_1_195' title='bbox 377 1485 514 1517; x_wconf 79' lang='lat' dir='ltr'>diversos</span> <span class='ocrx_word' id='word_1_196' title='bbox 549 1484 625 1516; x_wconf 87' lang='lat' dir='ltr'>alios</span> <span class='ocrx_word' id='word_1_197' title='bbox 660 1484 815 1515; x_wconf 78' lang='lat' dir='ltr'>Romanos</span> <span class='ocrx_word' id='word_1_198' title='bbox 850 1482 1024 1521; x_wconf 74' lang='lat' dir='ltr'>Pontifices,</span> 
     </span>
     <span class='ocr_line' id='line_1_41' title="bbox 286 1535 1026 1581; baseline -0.008 -10"><span class='ocrx_word' id='word_1_199' title='bbox 286 1538 527 1581; x_wconf 84' lang='lat' dir='ltr'>quamplurimis</span> <span class='ocrx_word' id='word_1_200' title='bbox 558 1536 740 1580; x_wconf 73' lang='lat' dir='ltr'>privilegiis,</span> <span class='ocrx_word' id='word_1_201' title='bbox 780 1535 918 1574; x_wconf 80' lang='lat' dir='ltr'>indultis,</span> <span class='ocrx_word' id='word_1_202' title='bbox 953 1545 1026 1565; x_wconf 70' lang='lat' dir='ltr'>con-</span> 
     </span>
    </p>
   </div>
   <div class='ocr_carea' id='block_1_9' title="bbox 1054 1011 1798 1578">
    <p class='ocr_par' dir='ltr' id='par_1_11' title="bbox 1054 1011 1798 1578">
     <span class='ocr_line' id='line_1_42' title="bbox 1057 1011 1797 1054; baseline 0.003 -12"><span class='ocrx_word' id='word_1_203' title='bbox 1057 1011 1279 1051; x_wconf 82' lang='lat' dir='ltr'>immunitates,</span> <span class='ocrx_word' id='word_1_204' title='bbox 1292 1012 1511 1054; x_wconf 78' lang='lat' dir='ltr'>exemptiones,</span> <span class='ocrx_word' id='word_1_205' title='bbox 1525 1012 1693 1053; x_wconf 83' lang='lat' dir='ltr'>libertates,</span> <span class='ocrx_word' id='word_1_206' title='bbox 1703 1012 1797 1044; x_wconf 88' lang='lat' dir='ltr'>etiam</span> 
     </span>
     <span class='ocr_line' id='line_1_43' title="bbox 1056 1062 1797 1105; baseline 0.005 -11"><span class='ocrx_word' id='word_1_207' title='bbox 1056 1062 1096 1093; x_wconf 86' lang='lat' dir='ltr'>ab</span> <span class='ocrx_word' id='word_1_208' title='bbox 1119 1063 1264 1095; x_wconf 87' lang='lat' dir='ltr'>omnibus</span> <span class='ocrx_word' id='word_1_209' title='bbox 1287 1064 1425 1105; x_wconf 83' lang='lat' dir='ltr'>decimis,</span> <span class='ocrx_word' id='word_1_210' title='bbox 1461 1065 1604 1105; x_wconf 82' lang='lat' dir='ltr'>collectis,</span> <span class='ocrx_word' id='word_1_211' title='bbox 1629 1065 1797 1098; x_wconf 82' lang='lat' dir='ltr'>exactioni-</span> 
     </span>
     <span class='ocr_line' id='line_1_44' title="bbox 1058 1116 1797 1157; baseline 0.003 -10"><span class='ocrx_word' id='word_1_212' title='bbox 1058 1116 1124 1155; x_wconf 90' lang='lat' dir='ltr'>bus,</span> <span class='ocrx_word' id='word_1_213' title='bbox 1149 1116 1287 1157; x_wconf 64' lang='lat' dir='ltr'>gabellis,</span> <span class='ocrx_word' id='word_1_214' title='bbox 1312 1117 1408 1157; x_wconf 82' lang='lat' dir='ltr'>taleis,</span> <span class='ocrx_word' id='word_1_215' title='bbox 1433 1117 1536 1157; x_wconf 84' lang='lat' dir='ltr'>datiis,</span> <span class='ocrx_word' id='word_1_216' title='bbox 1552 1117 1669 1155; x_wconf 83' lang='lat' dir='ltr'>tractis,</span> <span class='ocrx_word' id='word_1_217' title='bbox 1695 1116 1797 1149; x_wconf 88' lang='lat' dir='ltr'>subsi-</span> 
     </span>
     <span class='ocr_line' id='line_1_45' title="bbox 1058 1168 1795 1212; baseline 0.001 -14"><span class='ocrx_word' id='word_1_218' title='bbox 1058 1168 1115 1199; x_wconf 83' lang='lat' dir='ltr'>diis</span> <span class='ocrx_word' id='word_1_219' title='bbox 1139 1168 1316 1208; x_wconf 80' lang='lat' dir='ltr'>caritativis,</span> <span class='ocrx_word' id='word_1_220' title='bbox 1342 1168 1604 1212; x_wconf 80' lang='lat' dir='ltr'>impositionibus,</span> <span class='ocrx_word' id='word_1_221' title='bbox 1633 1168 1795 1211; x_wconf 85' lang='lat' dir='ltr'>quibusvis</span> 
     </span>
     <span class='ocr_line' id='line_1_46' title="bbox 1058 1220 1795 1263; baseline 0.001 -12"><span class='ocrx_word' id='word_1_222' title='bbox 1058 1221 1197 1262; x_wconf 84' lang='lat' dir='ltr'>personis</span> <span class='ocrx_word' id='word_1_223' title='bbox 1214 1248 1221 1261; x_wconf 92' lang='lat'>‚</span> <span class='ocrx_word' id='word_1_224' title='bbox 1246 1231 1444 1263; x_wconf 87' lang='lat' dir='ltr'>quacumque</span> <span class='ocrx_word' id='word_1_225' title='bbox 1467 1220 1672 1259; x_wconf 86' lang='lat' dir='ltr'>auctoritate,</span> <span class='ocrx_word' id='word_1_226' title='bbox 1697 1220 1795 1252; x_wconf 87' lang='lat' dir='ltr'>etiam</span> 
     </span>
     <span class='ocr_line' id='line_1_47' title="bbox 1056 1272 1795 1316; baseline 0.001 -12"><span class='ocrx_word' id='word_1_227' title='bbox 1056 1272 1177 1304; x_wconf 87' lang='lat' dir='ltr'>ratione</span> <span class='ocrx_word' id='word_1_228' title='bbox 1200 1273 1387 1305; x_wconf 82' lang='lat' dir='ltr'>visitationis</span> <span class='ocrx_word' id='word_1_229' title='bbox 1410 1272 1597 1313; x_wconf 85' lang='lat' dir='ltr'>ordinariae,</span> <span class='ocrx_word' id='word_1_230' title='bbox 1630 1272 1795 1316; x_wconf 86' lang='lat' dir='ltr'>impositis,</span> 
     </span>
     <span class='ocr_line' id='line_1_48' title="bbox 1056 1325 1797 1368; baseline 0.001 -11"><span class='ocrx_word' id='word_1_231' title='bbox 1056 1336 1089 1357; x_wconf 88' lang='lat' dir='ltr'>ac</span> <span class='ocrx_word' id='word_1_232' title='bbox 1114 1325 1181 1357; x_wconf 86' lang='lat' dir='ltr'>aliis</span> <span class='ocrx_word' id='word_1_233' title='bbox 1220 1325 1491 1368; x_wconf 88' lang='lat' dir='ltr'>quibuscumque,</span> <span class='ocrx_word' id='word_1_234' title='bbox 1526 1330 1590 1358; x_wconf 84' lang='lat' dir='ltr'>tam</span> <span class='ocrx_word' id='word_1_235' title='bbox 1628 1325 1797 1358; x_wconf 89' lang='lat' dir='ltr'>ordinariis</span> 
     </span>
     <span class='ocr_line' id='line_1_49' title="bbox 1055 1376 1798 1420; baseline 0.001 -12"><span class='ocrx_word' id='word_1_236' title='bbox 1055 1388 1149 1420; x_wconf 85' lang='lat' dir='ltr'>quam</span> <span class='ocrx_word' id='word_1_237' title='bbox 1173 1377 1438 1418; x_wconf 76' lang='lat' dir='ltr'>extraordinariis,</span> <span class='ocrx_word' id='word_1_238' title='bbox 1456 1377 1606 1410; x_wconf 87' lang='lat' dir='ltr'>oneribus</span> <span class='ocrx_word' id='word_1_239' title='bbox 1622 1382 1651 1409; x_wconf 87' lang='lat' dir='ltr'>ct</span> <span class='ocrx_word' id='word_1_240' title='bbox 1668 1376 1798 1419; x_wconf 88' lang='lat' dir='ltr'>imposi-</span> 
     </span>
     <span class='ocr_line' id='line_1_50' title="bbox 1056 1430 1796 1473; baseline -0.003 -10"><span class='ocrx_word' id='word_1_241' title='bbox 1056 1431 1201 1471; x_wconf 81' lang='lat' dir='ltr'>tionibus,</span> <span class='ocrx_word' id='word_1_242' title='bbox 1226 1441 1423 1473; x_wconf 84' lang='lat' dir='ltr'>quocumque</span> <span class='ocrx_word' id='word_1_243' title='bbox 1447 1430 1574 1462; x_wconf 89' lang='lat' dir='ltr'>nomine</span> <span class='ocrx_word' id='word_1_244' title='bbox 1608 1433 1796 1462; x_wconf 87' lang='lat' dir='ltr'>censeantur</span> 
     </span>
     <span class='ocr_line' id='line_1_51' title="bbox 1054 1482 1794 1525; baseline 0 -11"><span class='ocrx_word' id='word_1_245' title='bbox 1054 1487 1081 1514; x_wconf 89' lang='lat' dir='ltr'>et</span> <span class='ocrx_word' id='word_1_246' title='bbox 1106 1482 1178 1523; x_wconf 88' lang='lat' dir='ltr'>sint,</span> <span class='ocrx_word' id='word_1_247' title='bbox 1203 1493 1239 1514; x_wconf 87' lang='lat' dir='ltr'>ac</span> <span class='ocrx_word' id='word_1_248' title='bbox 1263 1483 1529 1525; x_wconf 77' lang='lat' dir='ltr'>indulgentiarum</span> <span class='ocrx_word' id='word_1_249' title='bbox 1560 1482 1794 1522; x_wconf 89' lang='lat' dir='ltr'>concessiones,</span> 
     </span>
     <span class='ocr_line' id='line_1_52' title="bbox 1056 1533 1794 1578; baseline -0.001 -12"><span class='ocrx_word' id='word_1_250' title='bbox 1056 1546 1207 1578; x_wconf 85' lang='lat' dir='ltr'>usumque</span> <span class='ocrx_word' id='word_1_251' title='bbox 1230 1540 1259 1567; x_wconf 86' lang='lat' dir='ltr'>et</span> <span class='ocrx_word' id='word_1_252' title='bbox 1282 1535 1562 1578; x_wconf 85' lang='lat' dir='ltr'>partecipationem</span> <span class='ocrx_word' id='word_1_253' title='bbox 1593 1533 1737 1567; x_wconf 88' lang='lat' dir='ltr'>omnium</span> <span class='ocrx_word' id='word_1_254' title='bbox 1762 1539 1794 1565; x_wconf 85' lang='lat' dir='ltr'>et</span> 
     </span>
    </p>
   </div>
   <div class='ocr_carea' id='block_1_10' title="bbox 284 1586 1794 1630">
    <p class='ocr_par' dir='ltr' id='par_1_12' title="bbox 284 1586 1794 1630">
     <span class='ocr_line' id='line_1_53' title="bbox 284 1586 1794 1630; baseline -0.004 -7"><span class='ocrx_word' id='word_1_255' title='bbox 284 1591 492 1630; x_wconf 75' lang='lat' dir='ltr'>cessionibus,</span> <span class='ocrx_word' id='word_1_256' title='bbox 515 1589 734 1627; x_wconf 82' lang='lat' dir='ltr'>facultatibus,</span> <span class='ocrx_word' id='word_1_257' title='bbox 760 1587 887 1630; x_wconf 64' lang='lat' dir='ltr'>gratiis,</span> <span class='ocrx_word' id='word_1_258' title='bbox 913 1586 1250 1629; x_wconf 71' lang='lat' dir='ltr'>immu-[singularum</span> <span class='ocrx_word' id='word_1_259' title='bbox 1273 1587 1540 1629; x_wconf 76' lang='lat' dir='ltr'>indulgentiarum</span> <span class='ocrx_word' id='word_1_260' title='bbox 1556 1614 1563 1625; x_wconf 88' lang='lat'>,</span> <span class='ocrx_word' id='word_1_261' title='bbox 1594 1591 1794 1630; x_wconf 85' lang='lat' dir='ltr'>peccatorum</span> 
     </span>
    </p>
   </div>
   <div class='ocr_carea' id='block_1_11' title="bbox 283 1639 1024 1685">
    <p class='ocr_par' dir='ltr' id='par_1_13' title="bbox 283 1639 1024 1685">
     <span class='ocr_line' id='line_1_54' title="bbox 283 1639 1024 1685; baseline -0.009 -9"><span class='ocrx_word' id='word_1_262' title='bbox 283 1644 458 1682; x_wconf 79' lang='lat' dir='ltr'>nitatibus,</span> <span class='ocrx_word' id='word_1_263' title='bbox 498 1640 771 1685; x_wconf 82' lang='lat' dir='ltr'>exemptionibus,</span> <span class='ocrx_word' id='word_1_264' title='bbox 810 1639 1024 1680; x_wconf 62' lang='lat' dir='ltr'>libertablms,</span> 
     </span>
    </p>
   </div>
   <div class='ocr_carea' id='block_1_12' title="bbox 1054 1639 1794 1681">
    <p class='ocr_par' dir='ltr' id='par_1_14' title="bbox 1054 1639 1794 1681">
     <span class='ocr_line' id='line_1_55' title="bbox 1054 1639 1794 1681; baseline 0 -10"><span class='ocrx_word' id='word_1_265' title='bbox 1054 1639 1282 1679; x_wconf 73' lang='lat' dir='ltr'>remissionum,</span> <span class='ocrx_word' id='word_1_266' title='bbox 1314 1639 1488 1681; x_wconf 79' lang='lat' dir='ltr'>gratiarum</span> <span class='ocrx_word' id='word_1_267' title='bbox 1503 1666 1510 1679; x_wconf 90' lang='lat'>,</span> <span class='ocrx_word' id='word_1_268' title='bbox 1533 1639 1769 1671; x_wconf 81' lang='lat' dir='ltr'>concessionum</span> <span class='ocrx_word' id='word_1_269' title='bbox 1785 1666 1794 1680; x_wconf 88' lang='lat'>‚</span> 
     </span>
    </p>
   </div>
   <div class='ocr_carea' id='block_1_13' title="bbox 278 1681 1794 2001">
    <p class='ocr_par' dir='ltr' id='par_1_15' title="bbox 278 1681 1794 2001">
     <span class='ocr_line' id='line_1_56' title="bbox 282 1681 1794 1740; baseline -0.004 -11"><span class='ocrx_word' id='word_1_270' title='bbox 282 1698 376 1729; x_wconf 88' lang='lat' dir='ltr'>etiam</span> <span class='ocrx_word' id='word_1_271' title='bbox 402 1696 440 1728; x_wconf 91' lang='lat' dir='ltr'>ab</span> <span class='ocrx_word' id='word_1_272' title='bbox 463 1694 611 1728; x_wconf 86' lang='lat' dir='ltr'>omnibus</span> <span class='ocrx_word' id='word_1_273' title='bbox 634 1692 762 1725; x_wconf 78' lang='lat' dir='ltr'>decimis</span> <span class='ocrx_word' id='word_1_274' title='bbox 776 1691 905 1733; x_wconf 80' lang='lat' dir='ltr'>aliisque</span> <span class='ocrx_word' id='word_1_275' title='bbox 922 1681 1244 1740; x_wconf 71' lang='lat' dir='ltr'>oneri-Jsacultatum,</span> <span class='ocrx_word' id='word_1_276' title='bbox 1268 1691 1504 1723; x_wconf 86' lang='lat' dir='ltr'>immunitatum</span> <span class='ocrx_word' id='word_1_277' title='bbox 1519 1718 1526 1731; x_wconf 87' lang='lat'>,</span> <span class='ocrx_word' id='word_1_278' title='bbox 1551 1691 1794 1734; x_wconf 82' lang='lat' dir='ltr'>exemptionum,</span> 
     </span>
     <span class='ocr_line' id='line_1_57' title="bbox 282 1743 1794 1790; baseline -0.005 -8"><span class='ocrx_word' id='word_1_279' title='bbox 282 1750 341 1782; x_wconf 90' lang='lat' dir='ltr'>bus</span> <span class='ocrx_word' id='word_1_280' title='bbox 378 1754 406 1781; x_wconf 87' lang='lat' dir='ltr'>et</span> <span class='ocrx_word' id='word_1_281' title='bbox 453 1746 707 1790; x_wconf 84' lang='lat' dir='ltr'>impositionibus</span> <span class='ocrx_word' id='word_1_282' title='bbox 750 1745 1023 1787; x_wconf 81' lang='lat' dir='ltr'>quibuscumque,</span> <span class='ocrx_word' id='word_1_283' title='bbox 1053 1743 1312 1785; x_wconf 63' lang='lat' dir='ltr'>mivsscgiorum,</span> <span class='ocrx_word' id='word_1_284' title='bbox 1336 1743 1664 1786; x_wconf 77' lang='lat' dir='ltr'>praeeminentiarum,</span> <span class='ocrx_word' id='word_1_285' title='bbox 1704 1754 1794 1786; x_wconf 86' lang='lat' dir='ltr'>prae-</span> 
     </span>
     <span class='ocr_line' id='line_1_58' title="bbox 282 1797 1794 1839; baseline -0.004 -4"><span class='ocrx_word' id='word_1_286' title='bbox 282 1812 405 1835; x_wconf 87' lang='lat' dir='ltr'>necnon</span> <span class='ocrx_word' id='word_1_287' title='bbox 448 1801 544 1833; x_wconf 88' lang='lat' dir='ltr'>etiam</span> <span class='ocrx_word' id='word_1_288' title='bbox 589 1798 857 1839; x_wconf 69' lang='lat' dir='ltr'>indulgentiarum</span> <span class='ocrx_word' id='word_1_289' title='bbox 899 1807 1023 1829; x_wconf 76' lang='lat' dir='ltr'>conces·</span> <span class='ocrx_word' id='word_1_290' title='bbox 1053 1797 1279 1839; x_wconf 72' lang='lat' dir='ltr'>rogam-arum,</span> <span class='ocrx_word' id='word_1_291' title='bbox 1304 1797 1494 1836; x_wconf 86' lang='lat' dir='ltr'>libertatum,</span> <span class='ocrx_word' id='word_1_292' title='bbox 1519 1797 1670 1837; x_wconf 79' lang='lat' dir='ltr'>favorum,</span> <span class='ocrx_word' id='word_1_293' title='bbox 1699 1797 1794 1830; x_wconf 87' lang='lat' dir='ltr'>licen-</span> 
     </span>
     <span class='ocr_line' id='line_1_59' title="bbox 281 1849 1794 1896; baseline -0.003 -9"><span class='ocrx_word' id='word_1_294' title='bbox 281 1854 379 1893; x_wconf 89' lang='lat' dir='ltr'>sione,</span> <span class='ocrx_word' id='word_1_295' title='bbox 424 1863 545 1896; x_wconf 88' lang='lat' dir='ltr'>usuque</span> <span class='ocrx_word' id='word_1_296' title='bbox 590 1856 620 1883; x_wconf 90' lang='lat' dir='ltr'>et</span> <span class='ocrx_word' id='word_1_297' title='bbox 669 1849 911 1893; x_wconf 67' lang='lat' dir='ltr'>participatione</span> <span class='ocrx_word' id='word_1_298' title='bbox 957 1859 1023 1881; x_wconf 85' lang='lat' dir='ltr'>om-</span> <span class='ocrx_word' id='word_1_299' title='bbox 1053 1849 1167 1880; x_wconf 89' lang='lat' dir='ltr'>tiarum</span> <span class='ocrx_word' id='word_1_300' title='bbox 1192 1854 1219 1881; x_wconf 89' lang='lat' dir='ltr'>et</span> <span class='ocrx_word' id='word_1_301' title='bbox 1237 1849 1432 1881; x_wconf 89' lang='lat' dir='ltr'>indultorum</span> <span class='ocrx_word' id='word_1_302' title='bbox 1456 1849 1698 1891; x_wconf 88' lang='lat' dir='ltr'>apostolicorum</span> <span class='ocrx_word' id='word_1_303' title='bbox 1714 1850 1794 1882; x_wconf 83' lang='lat' dir='ltr'>alio-</span> 
     </span>
     <span class='ocr_line' id='line_1_60' title="bbox 280 1901 1793 1947; baseline -0.003 -8"><span class='ocrx_word' id='word_1_304' title='bbox 280 1907 368 1939; x_wconf 90' lang='lat' dir='ltr'>nium</span> <span class='ocrx_word' id='word_1_305' title='bbox 393 1910 420 1938; x_wconf 87' lang='lat' dir='ltr'>et</span> <span class='ocrx_word' id='word_1_306' title='bbox 446 1905 640 1947; x_wconf 74' lang='lat' dir='ltr'>singularum</span> <span class='ocrx_word' id='word_1_307' title='bbox 665 1902 930 1943; x_wconf 65' lang='lat' dir='ltr'>indulgentiarum</span> <span class='ocrx_word' id='word_1_308' title='bbox 949 1902 1022 1934; x_wconf 88' lang='lat' dir='ltr'>alio-</span> <span class='ocrx_word' id='word_1_309' title='bbox 1052 1911 1184 1943; x_wconf 89' lang='lat' dir='ltr'>rumque</span> <span class='ocrx_word' id='word_1_310' title='bbox 1208 1912 1478 1944; x_wconf 85' lang='lat' dir='ltr'>quorumcumque</span> <span class='ocrx_word' id='word_1_311' title='bbox 1512 1901 1738 1934; x_wconf 85' lang='lat' dir='ltr'>beneficiorum</span> <span class='ocrx_word' id='word_1_312' title='bbox 1762 1906 1793 1934; x_wconf 86' lang='lat' dir='ltr'>et</span> 
     </span>
     <span class='ocr_line' id='line_1_61' title="bbox 278 1954 1793 2001; baseline -0.003 -10"><span class='ocrx_word' id='word_1_313' title='bbox 278 1968 413 2000; x_wconf 90' lang='lat' dir='ltr'>rumque</span> <span class='ocrx_word' id='word_1_314' title='bbox 435 1957 671 2001; x_wconf 80' lang='lat' dir='ltr'>privilegiorum</span> <span class='ocrx_word' id='word_1_315' title='bbox 706 1960 733 1986; x_wconf 90' lang='lat' dir='ltr'>et</span> <span class='ocrx_word' id='word_1_316' title='bbox 775 1954 928 1985; x_wconf 90' lang='lat' dir='ltr'>bonorum</span> <span class='ocrx_word' id='word_1_317' title='bbox 955 1955 1022 1985; x_wconf 85' lang='lat' dir='ltr'>aliis</span> <span class='ocrx_word' id='word_1_318' title='bbox 1052 1955 1220 1987; x_wconf 86' lang='lat' dir='ltr'>bonorum.</span> <span class='ocrx_word' id='word_1_319' title='bbox 1245 1955 1485 1997; x_wconf 81' lang='lat' dir='ltr'>qualiacumque</span> <span class='ocrx_word' id='word_1_320' title='bbox 1510 1955 1580 1995; x_wconf 82' lang='lat' dir='ltr'>sint,</span> <span class='ocrx_word' id='word_1_321' title='bbox 1598 1955 1746 1988; x_wconf 85' lang='lat' dir='ltr'>omnibus</span> <span class='ocrx_word' id='word_1_322' title='bbox 1761 1959 1793 1988; x_wconf 87' lang='lat' dir='ltr'>et</span> 
     </span>
    </p>
   </div>
   <div class='ocr_carea' id='block_1_14' title="bbox 276 2007 1022 2680">
    <p class='ocr_par' dir='ltr' id='par_1_16' title="bbox 276 2007 1022 2458">
     <span class='ocr_line' id='line_1_62' title="bbox 279 2007 1022 2049; baseline -0.007 -7"><span class='ocrx_word' id='word_1_323' title='bbox 279 2009 458 2049; x_wconf 79' lang='lat' dir='ltr'>Ordinibus,</span> <span class='ocrx_word' id='word_1_324' title='bbox 483 2008 685 2041; x_wconf 82' lang='lat' dir='ltr'>societatibus</span> <span class='ocrx_word' id='word_1_325' title='bbox 709 2012 738 2040; x_wconf 87' lang='lat' dir='ltr'>et</span> <span class='ocrx_word' id='word_1_326' title='bbox 764 2007 836 2039; x_wconf 85' lang='lat' dir='ltr'>loeis</span> <span class='ocrx_word' id='word_1_327' title='bbox 860 2017 1022 2039; x_wconf 70' lang='lat' dir='ltr'>concesso-</span> 
     </span>
     <span class='ocr_line' id='line_1_63' title="bbox 277 2060 1020 2103; baseline -0.004 -9"><span class='ocrx_word' id='word_1_328' title='bbox 277 2073 358 2101; x_wconf 85' lang='lat' dir='ltr'>rum,</span> <span class='ocrx_word' id='word_1_329' title='bbox 382 2068 445 2094; x_wconf 87' lang='lat' dir='ltr'>tam</span> <span class='ocrx_word' id='word_1_330' title='bbox 485 2071 540 2103; x_wconf 92' lang='lat' dir='ltr'>pcr</span> <span class='ocrx_word' id='word_1_331' title='bbox 574 2060 743 2102; x_wconf 83' lang='lat' dir='ltr'>simplicem</span> <span class='ocrx_word' id='word_1_332' title='bbox 780 2070 873 2101; x_wconf 84' lang='lat' dir='ltr'>quam</span> <span class='ocrx_word' id='word_1_333' title='bbox 910 2070 1020 2091; x_wconf 82' lang='lat' dir='ltr'>novam</span> 
     </span>
     <span class='ocr_line' id='line_1_64' title="bbox 278 2113 1021 2146; baseline -0.003 0"><span class='ocrx_word' id='word_1_334' title='bbox 278 2114 510 2146; x_wconf 78' lang='lat' dir='ltr'>concessionem</span> <span class='ocrx_word' id='word_1_335' title='bbox 551 2118 580 2146; x_wconf 91' lang='lat' dir='ltr'>et</span> <span class='ocrx_word' id='word_1_336' title='bbox 619 2113 738 2145; x_wconf 85' lang='lat' dir='ltr'>iteratis</span> <span class='ocrx_word' id='word_1_337' title='bbox 773 2113 866 2145; x_wconf 84' lang='lat' dir='ltr'>etiam</span> <span class='ocrx_word' id='word_1_338' title='bbox 902 2113 1021 2144; x_wconf 68' lang='lat' dir='ltr'>vicibus</span> 
     </span>
     <span class='ocr_line' id='line_1_65' title="bbox 277 2165 1019 2205; baseline 0.003 -9"><span class='ocrx_word' id='word_1_339' title='bbox 277 2166 550 2198; x_wconf 66' lang='lat' dir='ltr'>consirnmtionem</span> <span class='ocrx_word' id='word_1_340' title='bbox 584 2170 614 2198; x_wconf 87' lang='lat' dir='ltr'>et</span> <span class='ocrx_word' id='word_1_341' title='bbox 648 2165 902 2205; x_wconf 85' lang='lat' dir='ltr'>innovationem,</span> <span class='ocrx_word' id='word_1_342' title='bbox 927 2167 1019 2198; x_wconf 78' lang='lat' dir='ltr'>etiam</span> 
     </span>
     <span class='ocr_line' id='line_1_66' title="bbox 278 2217 1019 2260; baseline 0.001 -12"><span class='ocrx_word' id='word_1_343' title='bbox 278 2218 364 2249; x_wconf 73' lang='lat' dir='ltr'>vix-ae</span> <span class='ocrx_word' id='word_1_344' title='bbox 388 2218 471 2249; x_wconf 77' lang='lat' dir='ltr'>vocis</span> <span class='ocrx_word' id='word_1_345' title='bbox 495 2218 641 2257; x_wconf 86' lang='lat' dir='ltr'>oraculo,</span> <span class='ocrx_word' id='word_1_346' title='bbox 681 2217 851 2260; x_wconf 69' lang='lat' dir='ltr'>respective</span> <span class='ocrx_word' id='word_1_347' title='bbox 876 2217 1019 2249; x_wconf 60' lang='lat' dir='ltr'>decorata</span> 
     </span>
     <span class='ocr_line' id='line_1_67' title="bbox 278 2269 1017 2312; baseline 0 -10"><span class='ocrx_word' id='word_1_348' title='bbox 278 2275 308 2302; x_wconf 88' lang='lat' dir='ltr'>et</span> <span class='ocrx_word' id='word_1_349' title='bbox 332 2275 495 2302; x_wconf 83' lang='lat' dir='ltr'>munerata</span> <span class='ocrx_word' id='word_1_350' title='bbox 519 2280 586 2302; x_wconf 86' lang='lat' dir='ltr'>esse</span> <span class='ocrx_word' id='word_1_351' title='bbox 609 2269 844 2311; x_wconf 78' lang='lat' dir='ltr'>dignoscantur,</span> <span class='ocrx_word' id='word_1_352' title='bbox 872 2276 964 2312; x_wconf 86' lang='lat' dir='ltr'>prout</span> <span class='ocrx_word' id='word_1_353' title='bbox 989 2271 1017 2302; x_wconf 92' lang='lat' dir='ltr'>in</span> 
     </span>
     <span class='ocr_line' id='line_1_68' title="bbox 277 2321 1018 2364; baseline 0.003 -12"><span class='ocrx_word' id='word_1_354' title='bbox 277 2322 371 2353; x_wconf 64' lang='lat' dir='ltr'>variis</span> <span class='ocrx_word' id='word_1_355' title='bbox 396 2322 577 2354; x_wconf 70' lang='lat' dir='ltr'>eorumdem</span> <span class='ocrx_word' id='word_1_356' title='bbox 600 2321 873 2364; x_wconf 88' lang='lat' dir='ltr'>praedecessorum</span> <span class='ocrx_word' id='word_1_357' title='bbox 890 2321 1018 2364; x_wconf 82' lang='lat' dir='ltr'>aliisque</span> 
     </span>
     <span class='ocr_line' id='line_1_69' title="bbox 276 2373 1018 2416; baseline 0.001 -11"><span class='ocrx_word' id='word_1_358' title='bbox 276 2374 409 2416; x_wconf 85' lang='lat' dir='ltr'>desuper</span> <span class='ocrx_word' id='word_1_359' title='bbox 432 2374 579 2406; x_wconf 82' lang='lat' dir='ltr'>consectis</span> <span class='ocrx_word' id='word_1_360' title='bbox 601 2373 711 2406; x_wconf 86' lang='lat' dir='ltr'>litteris</span> <span class='ocrx_word' id='word_1_361' title='bbox 745 2373 860 2404; x_wconf 89' lang='lat' dir='ltr'>dicitur</span> <span class='ocrx_word' id='word_1_362' title='bbox 899 2374 1018 2414; x_wconf 81' lang='lat' dir='ltr'>plenius</span> 
     </span>
     <span class='ocr_line' id='line_1_70' title="bbox 277 2425 442 2458; baseline 0.006 -1"><span class='ocrx_word' id='word_1_363' title='bbox 277 2425 442 2458; x_wconf 87' lang='lat' dir='ltr'>contineri.</span> 
     </span>
    </p>

    <p class='ocr_par' dir='ltr' id='par_1_17' title="bbox 277 2478 1017 2680">
     <span class='ocr_line' id='line_1_71' title="bbox 320 2478 1017 2521; baseline 0.001 -12"><span class='ocrx_word' id='word_1_364' title='bbox 320 2478 335 2520; x_wconf 60' lang='lat' dir='ltr'>g</span> <span class='ocrx_word' id='word_1_365' title='bbox 358 2478 388 2510; x_wconf 68' lang='lat'>2.</span> <span class='ocrx_word' id='word_1_366' title='bbox 413 2478 631 2518; x_wconf 79' lang='lat' dir='ltr'>Nihilominus,</span> <span class='ocrx_word' id='word_1_367' title='bbox 644 2489 701 2521; x_wconf 89' lang='lat' dir='ltr'>pro</span> <span class='ocrx_word' id='word_1_368' title='bbox 714 2478 896 2511; x_wconf 82' lang='lat' dir='ltr'>corumdem</span> <span class='ocrx_word' id='word_1_369' title='bbox 921 2479 1017 2511; x_wconf 88' lang='lat' dir='ltr'>maio-</span> 
     </span>
     <span class='ocr_line' id='line_1_72' title="bbox 277 2531 1016 2574; baseline 0 -11"><span class='ocrx_word' id='word_1_370' title='bbox 277 2531 331 2571; x_wconf 73' lang='lat' dir='ltr'>ris,</span> <span class='ocrx_word' id='word_1_371' title='bbox 355 2531 563 2570; x_wconf 75' lang='lat' dir='ltr'>visitatorum,</span> <span class='ocrx_word' id='word_1_372' title='bbox 577 2531 719 2573; x_wconf 89' lang='lat' dir='ltr'>priorum</span> <span class='ocrx_word' id='word_1_373' title='bbox 733 2536 761 2564; x_wconf 87' lang='lat' dir='ltr'>et</span> <span class='ocrx_word' id='word_1_374' title='bbox 776 2531 907 2563; x_wconf 84' lang='lat' dir='ltr'>fratrum</span> <span class='ocrx_word' id='word_1_375' title='bbox 918 2537 1016 2574; x_wconf 84' lang='lat' dir='ltr'>parte,</span> 
     </span>
     <span class='ocr_line' id='line_1_73' title="bbox 278 2583 1015 2627; baseline 0.003 -12"><span class='ocrx_word' id='word_1_376' title='bbox 278 2584 337 2620; x_wconf 84' lang='lat' dir='ltr'>fuit</span> <span class='ocrx_word' id='word_1_377' title='bbox 360 2583 450 2615; x_wconf 90' lang='lat' dir='ltr'>nobis</span> <span class='ocrx_word' id='word_1_378' title='bbox 474 2583 635 2616; x_wconf 84' lang='lat' dir='ltr'>humiliter</span> <span class='ocrx_word' id='word_1_379' title='bbox 658 2585 864 2627; x_wconf 83' lang='lat' dir='ltr'>supplicatum</span> <span class='ocrx_word' id='word_1_380' title='bbox 878 2590 910 2616; x_wconf 93' lang='lat' dir='ltr'>ut</span> <span class='ocrx_word' id='word_1_381' title='bbox 928 2595 1015 2627; x_wconf 87' lang='lat' dir='ltr'>prae-</span> 
     </span>
     <span class='ocr_line' id='line_1_74' title="bbox 279 2635 1014 2680; baseline 0.003 -13"><span class='ocrx_word' id='word_1_382' title='bbox 279 2635 368 2668; x_wconf 87' lang='lat' dir='ltr'>dictis</span> <span class='ocrx_word' id='word_1_383' title='bbox 391 2640 421 2668; x_wconf 86' lang='lat' dir='ltr'>et</span> <span class='ocrx_word' id='word_1_384' title='bbox 444 2635 476 2667; x_wconf 90' lang='lat' dir='ltr'>in</span> <span class='ocrx_word' id='word_1_385' title='bbox 500 2635 544 2668; x_wconf 85' lang='lat' dir='ltr'>cis</span> <span class='ocrx_word' id='word_1_386' title='bbox 560 2637 721 2677; x_wconf 83' lang='lat' dir='ltr'>contentis,</span> <span class='ocrx_word' id='word_1_387' title='bbox 736 2647 793 2680; x_wconf 88' lang='lat' dir='ltr'>pro</span> <span class='ocrx_word' id='word_1_388' title='bbox 806 2636 929 2670; x_wconf 87' lang='lat' dir='ltr'>illorum</span> <span class='ocrx_word' id='word_1_389' title='bbox 943 2637 1014 2669; x_wconf 87' lang='lat' dir='ltr'>sub-</span> 
     </span>
    </p>
   </div>
   <div class='ocr_carea' id='block_1_15' title="bbox 1044 2007 1792 2681">
    <p class='ocr_par' dir='ltr' id='par_1_18' title="bbox 1044 2007 1792 2681">
     <span class='ocr_line' id='line_1_75' title="bbox 1050 2007 1790 2050; baseline 0.003 -11"><span class='ocrx_word' id='word_1_390' title='bbox 1050 2007 1181 2049; x_wconf 78' lang='lat' dir='ltr'>singulis</span> <span class='ocrx_word' id='word_1_391' title='bbox 1204 2007 1382 2044; x_wconf 80' lang='lat' dir='ltr'>Ordinibus,</span> <span class='ocrx_word' id='word_1_392' title='bbox 1407 2008 1717 2050; x_wconf 74' lang='lat' dir='ltr'>congregationibus,</span> <span class='ocrx_word' id='word_1_393' title='bbox 1742 2018 1790 2041; x_wconf 85' lang='lat' dir='ltr'>so-</span> 
     </span>
     <span class='ocr_line' id='line_1_76' title="bbox 1050 2060 1792 2103; baseline 0.001 -11"><span class='ocrx_word' id='word_1_394' title='bbox 1050 2060 1215 2093; x_wconf 85' lang='lat' dir='ltr'>cietatibus</span> <span class='ocrx_word' id='word_1_395' title='bbox 1238 2066 1268 2092; x_wconf 89' lang='lat' dir='ltr'>et</span> <span class='ocrx_word' id='word_1_396' title='bbox 1292 2060 1499 2099; x_wconf 76' lang='lat' dir='ltr'>monasteriis,</span> <span class='ocrx_word' id='word_1_397' title='bbox 1525 2060 1582 2092; x_wconf 72' lang='lat' dir='ltr'>sub</span> <span class='ocrx_word' id='word_1_398' title='bbox 1609 2060 1792 2103; x_wconf 86' lang='lat' dir='ltr'>approbatis</span> 
     </span>
     <span class='ocr_line' id='line_1_77' title="bbox 1049 2113 1791 2155; baseline 0.001 -11"><span class='ocrx_word' id='word_1_399' title='bbox 1049 2113 1193 2145; x_wconf 69' lang='lat' dir='ltr'>claustris</span> <span class='ocrx_word' id='word_1_400' title='bbox 1217 2113 1401 2155; x_wconf 73' lang='lat' dir='ltr'>(legentibus</span> <span class='ocrx_word' id='word_1_401' title='bbox 1426 2123 1480 2145; x_wconf 84' lang='lat' dir='ltr'>seu</span> <span class='ocrx_word' id='word_1_402' title='bbox 1498 2113 1716 2153; x_wconf 87' lang='lat' dir='ltr'>militantibus,</span> <span class='ocrx_word' id='word_1_403' title='bbox 1740 2123 1791 2146; x_wconf 88' lang='lat' dir='ltr'>eo-</span> 
     </span>
     <span class='ocr_line' id='line_1_78' title="bbox 1051 2165 1791 2208; baseline 0.001 -12"><span class='ocrx_word' id='word_1_404' title='bbox 1051 2176 1183 2207; x_wconf 82' lang='lat' dir='ltr'>rumque</span> <span class='ocrx_word' id='word_1_405' title='bbox 1206 2165 1422 2208; x_wconf 86' lang='lat' dir='ltr'>superioribus</span> <span class='ocrx_word' id='word_1_406' title='bbox 1439 2165 1648 2206; x_wconf 76' lang='lat' dir='ltr'>generalibus,</span> <span class='ocrx_word' id='word_1_407' title='bbox 1665 2166 1791 2208; x_wconf 90' lang='lat' dir='ltr'>provin-</span> 
     </span>
     <span class='ocr_line' id='line_1_79' title="bbox 1049 2217 1791 2260; baseline 0.004 -12"><span class='ocrx_word' id='word_1_408' title='bbox 1049 2218 1180 2249; x_wconf 66' lang='lat' dir='ltr'>cialibus</span> <span class='ocrx_word' id='word_1_409' title='bbox 1192 2223 1221 2250; x_wconf 86' lang='lat' dir='ltr'>ct</span> <span class='ocrx_word' id='word_1_410' title='bbox 1234 2217 1486 2260; x_wconf 77' lang='lat' dir='ltr'>particularibus,</span> <span class='ocrx_word' id='word_1_411' title='bbox 1501 2218 1663 2250; x_wconf 85' lang='lat' dir='ltr'>monachis</span> <span class='ocrx_word' id='word_1_412' title='bbox 1675 2229 1729 2251; x_wconf 84' lang='lat' dir='ltr'>seu</span> <span class='ocrx_word' id='word_1_413' title='bbox 1742 2229 1791 2251; x_wconf 87' lang='lat' dir='ltr'>re-</span> 
     </span>
     <span class='ocr_line' id='line_1_80' title="bbox 1049 2270 1788 2311; baseline 0.001 -9"><span class='ocrx_word' id='word_1_414' title='bbox 1049 2270 1174 2311; x_wconf 65' lang='lat' dir='ltr'>ligiosis,</span> <span class='ocrx_word' id='word_1_415' title='bbox 1199 2270 1384 2310; x_wconf 85' lang='lat' dir='ltr'>commissis,</span> <span class='ocrx_word' id='word_1_416' title='bbox 1409 2271 1530 2311; x_wconf 85' lang='lat' dir='ltr'>oblatis,</span> <span class='ocrx_word' id='word_1_417' title='bbox 1549 2271 1788 2311; x_wconf 71' lang='lat' dir='ltr'>noxitiis‚fami-</span> 
     </span>
     <span class='ocr_line' id='line_1_81' title="bbox 1049 2321 1788 2361; baseline 0.003 -7"><span class='ocrx_word' id='word_1_418' title='bbox 1049 2322 1176 2354; x_wconf 75' lang='lat' dir='ltr'>liat-ibus</span> <span class='ocrx_word' id='word_1_419' title='bbox 1193 2349 1200 2360; x_wconf 80' lang='grc'>,</span> <span class='ocrx_word' id='word_1_420' title='bbox 1225 2321 1428 2354; x_wconf 86' lang='lat' dir='ltr'>servitoribus</span> <span class='ocrx_word' id='word_1_421' title='bbox 1442 2349 1449 2361; x_wconf 91' lang='lat'>,</span> <span class='ocrx_word' id='word_1_422' title='bbox 1485 2323 1735 2356; x_wconf 76' lang='lat' dir='ltr'>benesattoribus</span> <span class='ocrx_word' id='word_1_423' title='bbox 1758 2328 1788 2356; x_wconf 84' lang='lat' dir='ltr'>et</span> 
     </span>
     <span class='ocr_line' id='line_1_82' title="bbox 1047 2375 1788 2424; baseline 0.001 -19"><span class='ocrx_word' id='word_1_424' title='bbox 1047 2376 1114 2407; x_wconf 73' lang='lat' dir='ltr'>aliis</span> <span class='ocrx_word' id='word_1_425' title='bbox 1138 2375 1387 2418; x_wconf 83' lang='lat' dir='ltr'>quibuscumque</span> <span class='ocrx_word' id='word_1_426' title='bbox 1411 2375 1552 2416; x_wconf 83' lang='lat' dir='ltr'>personis</span> <span class='ocrx_word' id='word_1_427' title='bbox 1564 2379 1590 2406; x_wconf 89' lang='lat' dir='ltr'>ct</span> <span class='ocrx_word' id='word_1_428' title='bbox 1611 2375 1695 2424; x_wconf 43' lang='lat' dir='ltr'>ltn&#39;s,</span> <span class='ocrx_word' id='word_1_429' title='bbox 1712 2385 1788 2407; x_wconf 89' lang='lat' dir='ltr'>con-</span> 
     </span>
     <span class='ocr_line' id='line_1_83' title="bbox 1047 2427 1788 2469; baseline 0 -10"><span class='ocrx_word' id='word_1_430' title='bbox 1047 2428 1176 2460; x_wconf 80' lang='lat' dir='ltr'>iunctim</span> <span class='ocrx_word' id='word_1_431' title='bbox 1193 2428 1239 2459; x_wconf 77' lang='lat' dir='ltr'>vcl</span> <span class='ocrx_word' id='word_1_432' title='bbox 1252 2427 1385 2465; x_wconf 75' lang='lat' dir='ltr'>divisim,</span> <span class='ocrx_word' id='word_1_433' title='bbox 1403 2427 1434 2458; x_wconf 90' lang='lat' dir='ltr'>in</span> <span class='ocrx_word' id='word_1_434' title='bbox 1449 2438 1562 2468; x_wconf 66' lang='lat' dir='ltr'>genere</span> <span class='ocrx_word' id='word_1_435' title='bbox 1576 2428 1621 2459; x_wconf 78' lang='lat' dir='ltr'>vel</span> <span class='ocrx_word' id='word_1_436' title='bbox 1638 2427 1669 2459; x_wconf 92' lang='lat' dir='ltr'>in</span> <span class='ocrx_word' id='word_1_437' title='bbox 1685 2427 1788 2469; x_wconf 86' lang='lat' dir='ltr'>specie</span> 
     </span>
     <span class='ocr_line' id='line_1_84' title="bbox 1046 2479 1787 2522; baseline -0.001 -10"><span class='ocrx_word' id='word_1_438' title='bbox 1046 2481 1090 2512; x_wconf 74' lang='lat' dir='ltr'>vel</span> <span class='ocrx_word' id='word_1_439' title='bbox 1114 2480 1188 2512; x_wconf 85' lang='lat' dir='ltr'>alias</span> <span class='ocrx_word' id='word_1_440' title='bbox 1212 2479 1445 2522; x_wconf 86' lang='lat' dir='ltr'>quomodolibet</span> <span class='ocrx_word' id='word_1_441' title='bbox 1470 2489 1688 2511; x_wconf 81' lang='lat' dir='ltr'>concessorum</span> <span class='ocrx_word' id='word_1_442' title='bbox 1706 2506 1713 2517; x_wconf 90' lang='lat'>‚</span> <span class='ocrx_word' id='word_1_443' title='bbox 1738 2489 1787 2511; x_wconf 90' lang='lat' dir='ltr'>so-</span> 
     </span>
     <span class='ocr_line' id='line_1_85' title="bbox 1045 2531 1786 2572; baseline 0.001 -9"><span class='ocrx_word' id='word_1_444' title='bbox 1045 2533 1148 2565; x_wconf 84' lang='lat' dir='ltr'>cietati</span> <span class='ocrx_word' id='word_1_445' title='bbox 1173 2531 1375 2564; x_wconf 84' lang='lat' dir='ltr'>eremitarum</span> <span class='ocrx_word' id='word_1_446' title='bbox 1401 2531 1430 2564; x_wconf 82' lang='lat' dir='ltr'>S.</span> <span class='ocrx_word' id='word_1_447' title='bbox 1459 2531 1635 2572; x_wconf 79' lang='lat' dir='ltr'>Romualdi,</span> <span class='ocrx_word' id='word_1_448' title='bbox 1660 2531 1786 2564; x_wconf 88' lang='lat' dir='ltr'>Ordinis</span> 
     </span>
     <span class='ocr_line' id='line_1_86' title="bbox 1044 2583 1786 2626; baseline 0.001 -11"><span class='ocrx_word' id='word_1_449' title='bbox 1044 2584 1293 2624; x_wconf 81' lang='lat' dir='ltr'>Camaldulensis,</span> <span class='ocrx_word' id='word_1_450' title='bbox 1324 2583 1451 2626; x_wconf 87' lang='lat' dir='ltr'>eiusque</span> <span class='ocrx_word' id='word_1_451' title='bbox 1474 2584 1595 2624; x_wconf 86' lang='lat' dir='ltr'>maiori,</span> <span class='ocrx_word' id='word_1_452' title='bbox 1619 2584 1786 2617; x_wconf 82' lang='lat' dir='ltr'>visitatori-</span> 
     </span>
     <span class='ocr_line' id='line_1_87' title="bbox 1044 2637 1786 2681; baseline -0.001 -11"><span class='ocrx_word' id='word_1_453' title='bbox 1044 2638 1111 2678; x_wconf 88' lang='lat' dir='ltr'>bus,</span> <span class='ocrx_word' id='word_1_454' title='bbox 1129 2637 1296 2680; x_wconf 81' lang='lat' dir='ltr'>prioribus,</span> <span class='ocrx_word' id='word_1_455' title='bbox 1311 2637 1459 2670; x_wconf 88' lang='lat' dir='ltr'>sratribus</span> <span class='ocrx_word' id='word_1_456' title='bbox 1477 2643 1505 2671; x_wconf 89' lang='lat' dir='ltr'>et</span> <span class='ocrx_word' id='word_1_457' title='bbox 1519 2637 1660 2681; x_wconf 88' lang='lat' dir='ltr'>personis</span> <span class='ocrx_word' id='word_1_458' title='bbox 1676 2637 1786 2669; x_wconf 87' lang='lat' dir='ltr'>buius-</span> 
     </span>
    </p>
   </div>
   <div class='ocr_carea' id='block_1_16' title="bbox 1817 267 2034 306">
    <p class='ocr_par' dir='ltr' id='par_1_19' title="bbox 1817 267 2034 306">
     <span class='ocr_line' id='line_1_88' title="bbox 1817 267 2034 306; baseline -0.005 -10"><span class='ocrx_word' id='word_1_459' title='bbox 1817 267 1995 296; x_wconf 71' lang='lat' dir='ltr'>An.c.1572</span> <span class='ocrx_word' id='word_1_460' title='bbox 2031 300 2034 306; x_wconf 34' lang='lat'><strong>¹</strong></span> 
     </span>
    </p>
   </div>
   <div class='ocr_carea' id='block_1_17' title="bbox 1811 539 1994 666">
    <p class='ocr_par' dir='ltr' id='par_1_20' title="bbox 1811 539 1994 666">
     <span class='ocr_line' id='line_1_89' title="bbox 1852 539 1992 560; baseline 0 0"><span class='ocrx_word' id='word_1_461' title='bbox 1852 539 1992 560; x_wconf 71' lang='lat' dir='ltr'>Conni-mauu</span> 
     </span>
     <span class='ocr_line' id='line_1_90' title="bbox 1812 567 1981 590; baseline 0 -4"><span class='ocrx_word' id='word_1_462' title='bbox 1812 567 1981 590; x_wconf 51' lang='lat' dir='ltr'>privilegiorum</span> 
     </span>
     <span class='ocr_line' id='line_1_91' title="bbox 1813 592 1990 613; baseline 0 -1"><span class='ocrx_word' id='word_1_463' title='bbox 1813 592 1978 613; x_wconf 70' lang='lat' dir='ltr'>Camalduteusi</span> <span class='ocrx_word' id='word_1_464' title='bbox 1983 603 1990 608; x_wconf 91' lang='lat'>-</span> 
     </span>
     <span class='ocr_line' id='line_1_92' title="bbox 1812 619 1994 640; baseline 0.011 -2"><span class='ocrx_word' id='word_1_465' title='bbox 1812 619 1852 638; x_wconf 70' lang='lat' dir='ltr'>bus</span> <span class='ocrx_word' id='word_1_466' title='bbox 1879 625 1994 640; x_wconf 69' lang='lat' dir='ltr'>concesso-</span> 
     </span>
     <span class='ocr_line' id='line_1_93' title="bbox 1811 650 1869 666; baseline 0 0"><span class='ocrx_word' id='word_1_467' title='bbox 1811 650 1869 666; x_wconf 71' lang='lat' dir='ltr'>mm·</span> 
     </span>
    </p>
   </div>
   <div class='ocr_carea' id='block_1_18' title="bbox 2013 0 2059 3228">
    <p class='ocr_par' dir='ltr' id='par_1_21' title="bbox 2013 0 2059 3228">
     <span class='ocr_line' id='line_1_94' title="bbox 2013 0 2059 3228; baseline 0 0"><span class='ocrx_word' id='word_1_468' title='bbox 2013 0 2059 3228; x_wconf 95' lang='lat' dir='ltr'> </span> 
     </span>
    </p>
   </div>
  </div>
 </body>
</html>
