2059 3228
26 0 122 153 3„

21 254 34 262 ..
45 231 76 264 G.
91 231 158 264 ¹584

31 1944 82 1966 netto
89 1945 153 1967 cotte-

36 1975 113 1997 rufuli.

169 294 308 324 strorum
318 289 565 329 incrementum,
578 299 613 322 ac
625 288 797 322 iuventutis
811 288 910 333 ipsius

168 342 303 376 civitatis
322 348 352 375 ct
372 342 583 375 finitimorum
605 342 750 375 locorum
772 342 803 374 in
823 341 903 382 side,

168 395 285 440 pietate
314 395 562 438 litterarumque
589 396 702 428 studiis
732 406 769 428 ac
797 395 911 428 ceteris

167 448 340 481 christiano
361 448 490 480 homine
502 448 605 489 dignis
616 448 786 481 virtutibus
796 448 912 480 instru-

166 501 305 534 ctionem
326 506 358 533 et
387 501 654 541 aedith-ationem,
682 501 911 544 publicamque

165 554 336 587 utilitatem
349 560 379 586 ct
391 555 538 595 salutem,
553 554 630 597 erigi
643 560 673 587 et
687 554 809 586 institui
823 565 911 586 sum-

166 617 297 651 mopere
318 607 501 640 desiderent
516 619 522 647 ;
540 620 576 640 ac
593 619 650 651 pro
672 607 771 650 ipsius
784 607 910 650 collegii

165 660 351 693 fundatione
364 652 414 693 xxet
441 661 604 694 dotatione
639 661 722 693 dicta
755 661 911 693 Eleonora

165 723 280 747 census
299 724 355 746 scr.
378 714 521 746 redditus
540 725 663 746 annuos
688 722 911 747 sexcentorum

165 771 332 800 scutorum
346 767 411 809 (sex
424 767 514 800 libris
535 773 682 800 monetae
702 767 854 799 inc-adem
870 767 913 800 ci-

162 819 260 853 vitate
280 830 412 853 cursum
425 820 583 860 habentis,
595 832 654 864 pro
666 821 811 863 quolibet
823 825 912 853 scuto

165 872 352 907 huiusmodi
373 874 578 917 computatis)
599 874 743 907 debonis
753 873 812 906 sibi
822 885 839 906 a
849 874 912 906 Deo

166 926 304 968 collatis,
327 927 427 971 ipsius
447 927 609 961 Guillelmi
643 927 734 960 ducis
767 927 913 969 coniugis

165 980 214 1013 sui
235 981 274 1013 ad
294 981 356 1014 hoc
376 991 525 1024 expresso
545 981 719 1013 accedente
740 991 910 1019 consensu,

164 1033 286 1067 donare
306 1033 678 1075 etassigna1²eintenda13
701 1033 835 1066 ecclesia
855 1045 912 1066 au-

164 1082 230 1119 tem
251 1086 282 1120 S.
305 1086 476 1120 Salvatoris
493 1087 666 1130 praedicta,
683 1097 756 1119 cum
766 1086 914 1119 adiacen—

164 1139 250 1172 tibus
270 1139 428 1180 domibus,
449 1140 614 1179 membris,
644 1140 769 1172 iuribus
790 1145 819 1172 et
840 1150 912 1183 per-

163 1192 307 1226 tinentiis
322 1192 399 1234 suis,
421 1194 461 1226 ad
483 1204 575 1226 usum
598 1192 697 1236 ipsius
707 1193 832 1235 collegii
854 1193 915 1225 eri-

163 1246 260 1288 gendi
273 1246 450 1289 plurimum
462 1252 536 1289 apta
556 1253 585 1279 et
605 1246 774 1279 commoda
791 1245 840 1285 sit,
855 1256 913 1288 pro

164 1304 257 1343 parte
276 1298 437 1333 Guillelmi
456 1305 486 1332 et
500 1299 808 1332 Eleonoraeducum
821 1309 913 1341 prae-

164 1353 338 1393 dictorum,
361 1352 571 1386 asserentium
594 1352 697 1385 dictae
710 1352 864 1385 ecclesiae
881 1352 912 1384 S.

164 1404 335 1438 Salvatoris
352 1410 383 1438 et
408 1405 454 1438 illi
483 1406 589 1438 forsan
619 1416 817 1438 annexorum
851 1405 916 1437 sru-

165 1463 252 1499 ctus,
292 1458 435 1492 redditus
456 1464 486 1492 et
512 1464 685 1503 proventus
726 1464 856 1491 centum
885 1469 916 1491 et

163 1512 276 1555 viginti
296 1513 490 1546 ducatorum
510 1513 581 1546 auri
601 1513 639 1546 de
651 1513 917 1553 Camera,secun-

164 1565 242 1599 dum
258 1576 466 1599 communem
492 1567 761 1606 aestimationem,
776 1566 916 1598 valorem

165 1629 310 1652 annuum
332 1630 397 1653 non
408 1620 560 1653 excedere
569 1647 576 1658 ,
586 1620 677 1652 nobis
685 1620 742 1651 suit
752 1619 919 1652 humiliter

164 1672 382 1716 supplicatum
407 1679 566 1716 quatenus
595 1673 671 1705 huic
703 1673 756 1715 pio
788 1677 817 1705 et
849 1672 917 1705 sru-

165 1732 277 1759 ctuoso
298 1737 410 1760 eorum
422 1726 581 1760 desiderio
603 1737 759 1766 annuere,
775 1731 805 1758 et
821 1726 916 1758 desu-

165 1790 223 1823 per
242 1785 424 1824 opportune
456 1780 624 1823 providere
653 1780 692 1812 de
720 1779 918 1821 benignitate

165 1833 344 1876 apostolica
365 1833 585 1876 dignaremur.

211 1887 227 1930 ἓ
246 1886 277 1919 2.
305 1887 367 1919 Nos
388 1886 500 1929 igitur,
529 1886 584 1930 qui
605 1886 727 1919 dudum
757 1885 841 1919 inter
860 1885 923 1919 alia

170 1940 332 1973 voluimus
351 1940 437 1983 quod
449 1950 577 1983 semper
597 1940 629 1972 in
651 1939 826 1972 unionibus
837 1950 923 1973 com-

173 1992 397 2029 missiotieret
425 1993 464 2026 ad
492 1998 609 2036 partes,
641 1993 759 2026 vocatis
784 2004 922 2036 quorum

174 2046 353 2085 interesset,
380 2045 507 2089 piorum
529 2057 665 2089 operum
687 2046 923 2079 incrementum

175 2099 294 2143 iugiter
313 2104 482 2140 sectantes,
505 2110 542 2132 ac
562 2099 769 2132 Guillelmum
791 2106 821 2132 et
836 2100 925 2133 Eleo-

177 2162 290 2185 noram
310 2152 408 2185 duces
428 2163 465 2185 ac
485 2163 598 2186 eorum
620 2153 795 2196 quemlibet
819 2164 835 2185 a
856 2153 926 2197 qui-

146 2249 152 2255 ·
177 2204 286 2238 busvis
313 2205 667 2246 excommunicationis,
707 2208 926 2249 suspensionis

179 2264 211 2292 ct
226 2258 387 2291 interdicti
407 2258 542 2302 aliisque
560 2259 787 2292 ecclesiasticis
802 2270 928 2293 sentcn-

181 2311 244 2351 tiis,
265 2311 409 2344 censuris
429 2312 597 2355 etpoenis‚
620 2323 637 2345 a
658 2312 728 2345 iure
748 2313 795 2345 vel
815 2314 854 2346 ab
872 2315 929 2347 ’.ιο-

182 2364 281 2404 mine,
302 2364 413 2408 quavis
433 2364 600 2398 occasione
619 2366 668 2398 vel
680 2376 788 2405 causa,
804 2367 886 2406 lati',
903 2367 928 2400 si

182 2412 300 2457 quibus
333 2413 575 2456 quomodolibet
603 2413 748 2446 innodati
776 2415 926 2457 existunt,

182 2462 221 2494 ad
241 2462 391 2495 effectum
414 2462 631 2504 praesentium
660 2463 822 2495 dumtaxat
852 2475 928 2497 con-

182 2510 394 2553 sequendum,
416 2510 529 2542 barum
557 2511 639 2543 serie
668 2512 866 2546 absolventes
899 2520 930 2547 et.

183 2557 348 2592 absolutos
368 2558 435 2591 sore
450 2565 628 2600 censentes,
651 2559 837 2593 huiusmodi
854 2572 929 2605 sup-

184 2606 411 2649 plicationibus
445 2607 603 2647 inclinati,
645 2619 743 2649 nunc,
767 2615 863 2652 prout
894 2621 929 2643 ex

778 232 952 257 Gttfluotttb's
977 232 1029 255 xnl
1051 232 1096 255 Pr.

1593 221 1657 255 485

952 293 1028 321 tunc
1038 293 1069 321 et
1087 298 1103 321 e
1122 293 1243 327 contra,
1256 294 1423 332 postquam
1437 289 1521 322 dicta
1541 289 1702 322 Eleonora

953 351 1069 374 census
1093 351 1148 373 seu
1170 342 1313 374 redditus
1333 353 1457 375 annuos
1477 346 1701 375 sexcentorum

951 399 1115 427 scutorum
1137 405 1195 437 pro
1214 395 1287 427 dote
1312 395 1438 438 collegii
1470 395 1616 439 erigendi
1639 395 1701 429 hu-

953 447 1089 480 iusmodi
1106 448 1270 480 donaverit
1288 454 1315 480 ct
1330 448 1547 490 assignaverit,
1563 455 1597 481 ut
1609 459 1701 492 prae-

953 502 1065 541 fertur,
1090 501 1122 534 in
1143 502 1227 534 dicta
1253 502 1386 534 ecclesia
1405 502 1436 535 S.
1457 502 1628 536 Salvatoris
1644 513 1702 536 no-

954 565 1040 593 men,
1064 554 1206 594 titulum,
1229 555 1524 588 denominationem
1543 562 1573 589 et
1592 567 1699 589 essen—

954 608 1030 640 tiam
1054 608 1247 650 parochialis
1267 608 1432 648 ecclesiae,
1455 610 1630 652 apostolica
1647 620 1703 642 au-

955 660 1117 700 ctoritate,
1140 666 1251 694 tenore
1272 661 1512 704 praesentium,
1545 669 1700 706 perpetuo

953 714 1185 757 supprimimus
1213 719 1245 747 et
1274 714 1506 757 extinguimus,
1534 726 1570 748 ac
1596 716 1635 748 ab
1665 727 1700 749 ea

953 766 1171 799 omnimodam
1202 778 1313 800 curam
1342 767 1522 800 animarum
1543 769 1628 801 illius
1648 780 1701 812 pa-

954 819 1195 860 rochianorum,
1211 831 1273 852 una
1291 831 1363 853 cum
1385 819 1462 863 ipsis
1484 822 1698 864 parochianis,

955 873 1155 916 iuribusque,
1172 874 1326 906 oneribus
1348 877 1381 906 et
1409 873 1586 916 insignibus
1606 886 1700 919 paro-

956 926 1117 959 chialibus
1136 926 1304 966 universis,
1327 927 1518 960 auctoritate
1543 934 1572 960 et
1592 933 1701 962 tenore

956 979 1141 1022 praedictis,
1159 980 1254 1012 etiam
1271 985 1442 1023 perpetuo,
1453 980 1652 1021 abdicamus,
1666 982 1702 1014 it-

955 1033 1082 1076 lamque
1103 1033 1149 1067 sic
1168 1034 1362 1073 abdicatam,
1388 1044 1513 1068 necnon
1543 1036 1703 1078 cappella-

956 1085 1024 1118 nias
1044 1092 1074 1119 et
1094 1087 1156 1120 alia
1175 1087 1332 1120 beneficia
1365 1088 1581 1121 ecclesiastica
1600 1088 1631 1121 in
1652 1100 1703 1121 ea-

957 1140 1030 1172 ‹lem
1051 1140 1185 1174 ecclesia
1202 1141 1309 1174 Sancti
1327 1141 1498 1174 Salvatoris
1527 1142 1702 1175 consisten-

957 1193 1010 1232 tia,
1037 1194 1132 1226 etiam
1159 1194 1197 1227 de
1232 1194 1389 1227 laicorum
1415 1201 1446 1228 et
1471 1195 1607 1228 aliorum
1634 1196 1703 1228 iure

956 1252 1143 1290 patronatus
1164 1247 1343 1288 existentia,
1372 1248 1567 1292 illorumque
1588 1250 1703 1282 sunda-

957 1301 1073 1341 tiones,
1087 1302 1209 1334 fructus
1221 1301 1403 1343 missarum,
1414 1302 1702 1336 anniversariorum

959 1360 991 1387 et
1028 1354 1167 1387 aliorum
1192 1355 1376 1388 divinorum
1397 1356 1598 1397 officiorum,
1626 1357 1703 1389 inibi

957 1418 1015 1451 pro
1042 1408 1268 1442 defunctorum
1302 1410 1462 1452 suffragiis
1495 1410 1705 1443 celebrando-

958 1473 1043 1501 rum,
1055 1463 1308 1503 commissiones,
1323 1463 1540 1497 institutiones
1550 1470 1580 1497 et
1591 1475 1702 1504 onera,

958 1526 1084 1548 necnon
1104 1517 1334 1559 eleemosynas,
1352 1517 1531 1550 oblationes
1552 1523 1583 1550 et
1603 1518 1705 1559 legata

960 1574 1131 1612 ceteraque
1148 1570 1365 1603 emolumenta
1381 1570 1420 1603 ad
1441 1570 1471 1603 id
1492 1572 1603 1604 relicta
1619 1577 1649 1604 et
1662 1572 1705 1604 le-

960 1628 1043 1664 gata,
1067 1622 1277 1666 ipsorumque
1296 1623 1522 1656 defunctorum
1543 1625 1705 1663 cadavera,

960 1685 1030 1708 ossa
1047 1681 1079 1708 et
1098 1677 1281 1719 sepulturas
1297 1682 1326 1709 et
1342 1678 1570 1720 quodcumque
1586 1678 1634 1711 ius
1656 1690 1705 1711 se-

962 1728 1101 1771 peliendi
1126 1729 1165 1761 ad
1194 1729 1288 1762 aliam
1309 1730 1356 1762 vel
1377 1729 1454 1763 alias
1479 1730 1630 1763 ecclesias
1650 1742 1707 1774 per

962 1781 1162 1815 ordinarium
1174 1783 1235 1816 loci
1246 1783 1469 1826 designandas,
1483 1795 1519 1817 ac
1529 1784 1606 1817 alias
1621 1784 1708 1816 iuxta

963 1835 1200 1869 ordinationem
1229 1837 1368 1880 desuper
1388 1838 1426 1870 ab
1446 1837 1515 1881 ipso
1546 1837 1709 1870 ordinario

966 1889 1154 1930 faciendam,
1177 1889 1295 1923 eisdem
1321 1890 1511 1923 auctoritate
1531 1895 1562 1923 et
1585 1895 1707 1929 tenore,

965 1941 1114 1975 sin'iiliter
1138 1949 1307 1986 perpetuo,
1335 1943 1568 1982 transferimus,
1596 1948 1628 1976 et
1653 1953 1709 1976 seu

966 1995 1069 2027 eidem
1081 1995 1244 2028 ordinario
1265 1996 1502 2029 translationem
1526 1995 1710 2028 huiusmodi

966 2059 1001 2080 ac
1019 2048 1080 2081 alia
1094 2049 1179 2081 circa
1196 2060 1263 2082 eam
1281 2048 1709 2092 quomodolibetnecessaria

967 2103 1012 2134 vel
1035 2108 1217 2145 opportuna
1236 2102 1372 2135 faciendi
1389 2103 1515 2145 plenam
1531 2107 1563 2134 et
1577 2101 1711 2135 liberam

968 2156 1151 2189 facultatem
1175 2156 1358 2188 tribuimus

1012 2209 1073 2251 {3-
1097 2209 1226 2242 Necnon
1247 2220 1346 2252 prope
1367 2207 1534 2241 ecclesiam
1555 2207 1585 2240 S.
1608 2207 1713 2241 Salva-

970 2263 1058 2303 toris,
1081 2263 1170 2296 acin
1192 2263 1278 2295 iltius
1306 2262 1467 2301 domibus,
1499 2261 1652 2294 membris
1681 2267 1713 2294 et

970 2316 1171 2358 pertinentiis
1195 2314 1393 2355 huiusmodi,
1420 2314 1592 2356 collegium
1621 2325 1714 2358 prae-

969 2369 1104 2407 dictum,
1124 2379 1182 2411 per
1205 2379 1305 2400 uuum
1328 2373 1483 2400 rectorem
1509 2367 1595 2401 iuxta
1614 2367 1715 2412 ipsius

970 2417 1139 2451 Societatis
1160 2417 1252 2455 ritus,
1275 2427 1392 2456 mores,
1409 2416 1660 2450 consuetudines
1684 2423 1715 2451 et

972 2466 1116 2498 instituta
1141 2466 1315 2504 regendum
1333 2471 1362 2498 et
1377 2465 1636 2507 gubernandum,
1657 2476 1715 2498 au-

971 2515 1114 2547 ctoritate
1135 2520 1161 2546 ct
1186 2521 1295 2546 tenore
1319 2514 1488 2554 similibus,
1505 2514 1626 2557 pariter
1645 2525 1717 2558 per·

973 2570 1080 2606 petuo.
1094 2563 1246 2602 erigimus
1258 2569 1287 2594 ct
1308 2562 1521 2603 instituimus;
1543 2562 1653 2606 illique
1670 2563 1715 2596 sic

972 2618 1079 2644 erecto
1091 2617 1121 2644 ct
1141 2611 1283 2644 instituto
1300 2611 1444 2645 eamdem
1454 2611 1621 2645 ecclesiam
1639 2611 1717 2646 San-

1716 223 1766 256 Λη,
1783 229 1811 256 e.
1833 229 1897 256 isat

1739 2217 1791 2240 Unio
1811 2217 1908 2239 ecelesia

1725 2250 1746 2270 S.
1793 2249 1908 2270 salvatoris

1726 2281 1815 2307 collegio
1832 2282 1856 2302 de
1868 2285 1908 2307 quo

1727 2323 1799 2344 supra.
