2059 3228
97 211 150 239 An.
167 209 186 238 C
212 209 279 238 1584

337 198 401 233 44⁶2

294 259 468 304 privilegiis
479 267 621 302 quoque,
635 254 767 288 indultis
782 259 813 287 et
830 253 946 286 litteris
960 263 1038 297 apo-

294 312 415 347 stolicis
431 312 495 344 illis
514 322 551 343 ac
570 307 858 348 vicario,senatori,
872 317 1040 340 conserva-

293 366 429 405 toribus,
442 362 720 401 reformatoribus,
730 360 911 401 ordinariis,
922 360 1040 394 officia-

293 419 376 451 libus
396 424 425 451 et
445 416 606 450 iudicibus
616 415 800 459 praedictis,
813 424 940 448 necnon
956 413 1039 447 eius-

293 472 364 505 dem
373 471 405 504 S.
419 471 455 504 R.
466 470 501 503 E.
514 469 703 509 camerario,
712 469 878 512 dictaeque
887 468 1039 501 Gamerae

292 523 549 568 praesidentibus
569 523 612 555 *et
645 521 783 562 clericis,
805 532 842 555 ac
875 519 1040 565 quibusvis

293 576 488 616 dilianeriis‚
511 574 740 609 commissariis
753 580 784 608 et
803 574 874 608 aliis
893 573 1040 617 personis

292 630 329 663 atl
349 630 548 663 exactionem
577 629 791 673 pedagiorum
835 633 866 660 et
900 627 1039 660 aliorum

291 694 429 716 onerum
449 682 668 726 praefatorum
687 692 747 726 pro
770 687 916 724 tempore
937 680 1039 723 depu-

291 736 375 778 tatis,
398 746 526 770 necnon
542 736 662 780 populo
676 735 821 768 Romano
833 745 870 767 ac
881 744 1039 777 quorum-

291 800 432 833 cumque
452 788 892 832 locorumgubernatoribus,
914 787 1039 820 univer-

290 843 448 884 sitatibus,
470 842 754 877 communitatibus
785 848 816 875 et
840 840 1037 880 hominibus,

291 897 350 931 sub
373 897 635 941 quibuscumque
665 895 833 929 tenoribus
858 900 888 928 et
917 894 1038 933 formis,

291 962 328 984 ac
347 961 421 984 cum
437 949 614 994 quibusvis,
639 949 734 983 etiam
762 948 1039 991 derogatoriarum

291 1003 502 1047 derogatoriis
527 1003 663 1046 aliisque
674 1000 1040 1036 efficacioribusetinso-

291 1053 368 1094 litis,
385 1053 551 1093 clausulis,
565 1063 692 1086 necnon
707 1051 909 1084 irritantibus
929 1056 959 1082 et
969 1049 1040 1083 aliis

291 1106 428 1140 decretis
448 1106 480 1139 in
498 1117 614 1149 genere
646 1106 696 1139 vel
720 1105 754 1138 in
783 1104 909 1148 specie,
945 1102 1040 1136 etiam

293 1165 395 1200 motu,
424 1159 557 1193 scientia
585 1165 615 1193 et
639 1158 805 1203 potestatis
839 1156 1041 1201 plenitudine

293 1213 464 1255 similibus,
494 1224 530 1246 ac
555 1213 633 1246 alias
657 1211 914 1256 quomodolibet,
945 1210 1041 1244 etiam

293 1266 413 1300 iteratis
440 1267 575 1307 vicibus,
608 1265 778 1306 concessis,
807 1263 992 1309 approbatis
1012 1268 1043 1296 et

293 1320 463 1354 innovatis.
494 1320 616 1359 Quibus
643 1319 805 1358 omnibus,
835 1318 933 1352 etiam
952 1317 978 1350 si
1003 1317 1042 1350 de

293 1374 357 1407 illis
377 1384 556 1417 eorumque
582 1373 656 1406 totis
684 1372 852 1406 tenoribus
879 1370 1041 1415 specialis,

295 1428 457 1472 specifica,
482 1437 632 1471 expressa
651 1431 682 1459 et
701 1425 876 1465 individua,
899 1434 965 1457 non
985 1435 1043 1457 au-

294 1488 358 1515 tem
379 1492 437 1525 per
457 1481 618 1514 clausulas
638 1479 804 1523 generales
823 1478 909 1511 idem
924 1478 1044 1522 impor-

294 1540 407 1576 lantes,
428 1534 548 1568 mentio
572 1545 628 1568 seu
650 1532 781 1576 quaevis
800 1532 862 1565 alia
883 1530 1044 1575 expressio

294 1589 453 1630 habenda,
475 1594 531 1622 aut
547 1588 657 1631 aliqua
682 1587 745 1620 alia
765 1585 924 1629 exquisita
943 1586 1045 1618 forma

295 1644 334 1677 ad
353 1644 416 1677 hoc
435 1642 590 1676 servanda
599 1642 692 1681 foret,
707 1646 834 1674 tenores
843 1639 1043 1679 huiusmodi,

296 1708 332 1730 ac
351 1697 378 1730 si
402 1697 441 1730 de
460 1697 559 1730 verbo
583 1695 622 1728 ad
642 1694 791 1734 verbum,
814 1693 896 1726 nihil
916 1693 1046 1737 penitus

296 1750 427 1790 omisso,
450 1754 480 1784 et
499 1750 603 1783 forma
623 1747 726 1780 inillis
738 1746 853 1780 tradita
868 1747 1045 1786 observata,

296 1804 409 1838 inserti
434 1804 539 1837 forent
559 1801 794 1847 praesentibus,
816 1810 875 1844 pro
886 1799 1049 1832 sufficien-

297 1863 347 1891 ter
366 1857 523 1902 expressis
542 1856 710 1895 habentes,
737 1854 802 1887 illis
827 1853 905 1886 alias
931 1852 963 1885 in
989 1861 1048 1885 suo

298 1911 415 1944 robore
439 1908 673 1954 permansuris,
694 1907 756 1940 hac
782 1906 850 1939 vice
870 1905 1046 1944 dumtaxat,

298 1964 483 2008 specialiter
503 1969 533 1996 et
562 1971 709 2006 expresse
740 1960 944 2003 derogamus,
974 1967 1051 1991 con·

300 2017 408 2050 trariis
417 2017 694 2061 quibuscumque3
713 2019 768 2047 aut
782 2013 807 2046 si
823 2011 940 2056 aliquis
953 2021 1051 2054 super

299 2070 538 2115 provisionibus
558 2070 619 2103 sibi
643 2067 799 2102 faciendis
810 2067 849 2100 de
862 2064 1050 2099 huiusmodi

300 2126 349 2158 vei
373 2125 443 2158 aliis
470 2124 637 2158 benefieiis
675 2120 897 2156 ecciesiasticis
926 2119 960 2152 in
988 2109 1052 2151 itii's

301 2177 448 2222 partibus
459 2177 615 2221 speciales
624 2177 672 2209 vel
689 2174 857 2219 generales
872 2172 975 2206 dictae
994 2171 1051 2204 Se-

304 2232 353 2264 dis
377 2231 426 2264 vel
448 2228 631 2274 legatorum
659 2230 729 2263 eius
751 2229 873 2262 litteras
901 2226 1052 2270 impetra-

304 2285 356 2325 rit,
388 2285 484 2318 etiam
513 2285 539 2317 si
571 2294 630 2328 per
658 2293 711 2317 eas
739 2283 779 2316 ad
814 2279 1052 2318 inhibitionem,

305 2337 553 2371 reservationem
575 2343 606 2371 et
625 2337 790 2370 decretum
811 2334 859 2368 vel
879 2333 957 2366 alias
971 2341 1052 2376 quo-

306 2386 482 2420 modolibet
505 2387 546 2420 sit
574 2395 773 2430 processum,
806 2393 887 2428 quas
923 2381 1053 2426 quidem

306 2435 429 2468 litteras
448 2442 479 2469 et
498 2445 669 2479 processus
689 2434 814 2466 habitos
842 2443 901 2477 per
925 2430 1052 2464 easdem

307 2494 344 2517 ac
364 2484 438 2517 inde
470 2490 606 2527 sequuta
625 2492 851 2527 quaecumque
871 2481 909 2514 ad
935 2479 1053 2512 dictam

308 2532 476 2567 ecclesiam
510 2533 617 2566 Sancti
648 2532 775 2566 Ioannis
806 2531 956 2565 volumus
989 2538 1054 2561 non

306 2581 452 2631 extendi,
470 2581 524 2616 sed
539 2582 667 2616 nullum
691 2591 750 2625 per
774 2581 836 2614 hoc
860 2579 918 2620 eis,
949 2576 1056 2622 quoad

882 199 1059 226 mmmmm!
1082 197 1232 223 nonaum

1079 249 1313 283 assecutionem
1322 246 1555 281 beneficiorum
1565 247 1717 286 aliorum,
1729 255 1825 290 prae-

1079 303 1235 336 iudicium
1274 301 1436 344 generari,
1471 305 1502 333 et
1529 300 1726 343 quibuslibet
1754 299 1827 333 aliis

1080 356 1266 400 privilegiis,
1285 354 1493 398 indulgentiis
1512 360 1543 386 et
1561 353 1678 387 litteris
1700 358 1828 398 aposto-

1080 409 1160 450 licis,
1183 418 1470 453 quorumcumque
1494 413 1645 441 tenorum
1677 406 1826 447 existant,

1079 475 1137 508 per
1152 475 1248 507 quae,
1270 463 1495 507 praesentibus
1518 471 1584 494 non
1615 471 1764 504 expressa
1776 459 1828 494 vel

1079 518 1220 550 totaliter
1239 527 1304 551 non
1324 517 1453 556 inserta,
1462 515 1596 549 effectus
1604 514 1830 558 earumimpeff

1079 571 1140 603 diri
1160 572 1262 604 valeat
1293 569 1538 614 quomodolibet
1559 568 1609 602 vel
1640 567 1776 608 differri,
1796 562 1829 600 et¹

1080 624 1119 657 de
1157 625 1275 668 quibus
1314 634 1521 668 quorumque
1556 622 1632 655 totis
1661 621 1828 655 tenoribus

1080 678 1228 711 habenda
1248 679 1288 712 sit
1307 679 1346 712 de
1365 677 1461 711 verbo
1473 676 1654 710 adverbum
1664 675 1697 708 in
1708 674 1828 708 nostris

1079 731 1194 764 litteris
1222 732 1343 765 mentio
1373 730 1535 776 specialis.
1572 728 1701 762 Proviso
1725 728 1825 772 quod,

1078 791 1210 830 propter
1229 786 1425 831 posteriores
1449 784 1691 819 concessionem
1711 788 1742 816 et
1753 782 1829 816 assi-

1079 840 1264 882 gnationem
1292 847 1417 874 nostras
1442 838 1633 883 praedictas,
1658 836 1828 870 ecclesiam

1078 892 1185 926 Sancti
1205 894 1333 927 Ioannis
1343 890 1659 927 huiusmodidebitis
1669 900 1736 923 non
1742 890 1829 924 frau-

1079 947 1174 979 detur
1194 947 1369 991 obsequiis,
1400 946 1456 980 sed
1486 945 1556 979 eius
1575 954 1718 987 congrue
1749 954 1828 988 sup-

1079 1006 1249 1044 portentur
1269 1011 1367 1034 onera
1388 1005 1553 1034 consueta.

1123 1054 1138 1097 g
1157 1054 1188 1087 8.
1214 1054 1301 1087 Nulli
1319 1065 1395 1097 ergo
1415 1054 1548 1087 omnino
1556 1050 1830 1086 hominumliceat

1078 1107 1163 1140 hanc
1181 1108 1331 1151 paginam
1352 1113 1480 1141 nostrae
1502 1105 1732 1146 dissolutionis,
1754 1115 1830 1148 sup-

1080 1160 1270 1203 pressionis,
1288 1159 1502 1201 extinctionis,
1522 1158 1746 1199 abdicationis,
1768 1157 1832 1191 dis-

1081 1213 1336 1254 membrationis,
1358 1213 1581 1258 separationis,
1602 1211 1832 1252 translationis,

1081 1267 1264 1308 erectionis,
1278 1267 1502 1307 institutionis,
1512 1265 1741 1306 concessionis,
1751 1265 1831 1299 assi-

1081 1321 1254 1364 gnationis,
1276 1321 1502 1365 exemptionis,
1532 1319 1744 1360 liberationis,
1776 1329 1832 1352 su-

1082 1374 1267 1418 sceptionis,
1280 1374 1501 1414 subiectionis,
1514 1371 1764 1412 constitutionis,
1775 1372 1832 1405 de-

1082 1428 1270 1472 putationis,
1293 1427 1500 1467 tribuitionis‚
1531 1426 1664 1468 decreti,
1700 1426 1834 1470 deroga-

1084 1481 1182 1515 tionis
1207 1488 1238 1515 et
1256 1481 1623 1524 voluntatisinfringere,
1635 1481 1685 1514 vel
1707 1480 1736 1514 ei
1751 1490 1834 1513 ausu

1083 1536 1256 1569 temerario
1276 1536 1450 1569 contraire.
1474 1535 1506 1569 Si
1527 1535 1598 1579 quis
1616 1540 1724 1568 autem
1739 1539 1797 1568 etc.

1129 1590 1245 1623 Datum
1265 1589 1384 1623 Romae
1404 1589 1490 1634 apud
1501 1589 1532 1622 S.
1562 1589 1717 1630 Marcum,
1747 1597 1832 1622 anno

1085 1643 1318 1677 Incarnationis
1337 1643 1518 1677 dominicae
1538 1652 1706 1682 Manxxrv,
1726 1641 1833 1675 idibus

1087 1697 1238 1737 ianuarii,
1261 1697 1468 1741 pontificatus
1491 1696 1592 1730 nostri
1612 1706 1696 1729 anno
1720 1705 1774 1728 xn.

1120 1756 1185 1786 Dat.
1202 1756 1250 1787 die
1264 1756 1302 1787 13
1319 1756 1378 1786 ian.
1390 1755 1478 1793 1584,
1494 1755 1598 1795 pontif.
1613 1762 1758 1793 anno-xlit

1396 1917 1519 1951 CLVIII.

1092 2008 1182 2050 Confi
1187 2009 1305 2041 rmatio
1316 2008 1501 2041 litterarum
1512 2006 1686 2040 Clementis
1702 2007 1747 2039 VI
1760 2017 1834 2040 con-

1136 2067 1184 2095 tra
1194 2062 1391 2104 fabricantes
1398 2062 1686 2104 falsammonetam
1696 2062 1731 2094 in
1740 2071 1835 2104 reyno

1134 2115 1296 2148 Francz‘uc
1315 2114 1341 2147 1.

1136 2209 1281 2244 Gregorius
1300 2209 1450 2245 episcopus,
1470 2214 1566 2237 servus
1585 2214 1725 2236 servorum
1743 2207 1800 2240 Del.

1226 2264 1259 2292 ad
1281 2264 1442 2299 perpetuam
1463 2263 1505 2291 rei
1536 2262 1703 2291 memoriam.

1137 2349 1201 2392 gl.
1246 2349 1341 2382 Decet
1368 2348 1549 2381 Romanum
1577 2347 1765 2380 Pontificem
1798 2347 1838 2380 ad

1094 2412 1130 2435 ea
1150 2413 1187 2435 ex
1202 2402 1299 2435 officii
1319 2402 1367 2434 sui
1388 2401 1497 2434 debito
1516 2400 1712 2445 propensius
1730 2399 1837 2433 inten-

1094 2455 1181 2495 dere,
1193 2467 1251 2499 per
1270 2466 1354 2499 quae
1373 2454 1574 2488 adulterinae
1594 2458 1835 2491 monetaeusu5‚

1095 2509 1262 2542 ambitiosa
1286 2508 1462 2552 cupiditate
1482 2507 1600 2551 passim
1625 2505 1836 2546 introductus,

1130 2586 1141 2612 1
1159 2584 1201 2612 Ex
1216 2584 1328 2619 Regest.
1344 2582 1372 2611 in
1392 2583 1497 2611 Secret.
1514 2582 1655 2610 Brevium.

1839 184 1938 221 aa
1964 186 2024 239 ιχ

1984 2199 2009 2230 ’,4

1991 2235 2008 2277 ἦ

1988 2281 2012 2325 ‘3

1864 2329 2024 2396 Exordium&

1991 2417 2008 2455 i}

1850 2392 1907 2412 serie
1917 2391 1974 2412 laci».
1983 2386 2007 2418 ’ῖί
