<?xml version="1.0" encoding="UTF-8"?>
<!DOCTYPE html PUBLIC "-//W3C//DTD XHTML 1.0 Transitional//EN"
    "http://www.w3.org/TR/xhtml1/DTD/xhtml1-transitional.dtd">
<html xmlns="http://www.w3.org/1999/xhtml" xml:lang="en" lang="en">
 <head>
  <title>
</title>
<meta http-equiv="Content-Type" content="text/html;charset=utf-8" />
  <meta name='ocr-system' content='tesseract 3.04.00' />
  <meta name='ocr-capabilities' content='ocr_page ocr_carea ocr_par ocr_line ocrx_word'/>
</head>
<body>
  <div class='ocr_page' id='page_1' title='image "./bullarumdiplomat08cath_0615.png"; bbox 0 0 2059 3228; ppageno 0'>
   <div class='ocr_carea' id='block_1_1' title="bbox 0 0 70 3228">
    <p class='ocr_par' dir='ltr' id='par_1_1' title="bbox 0 0 70 3228">
     <span class='ocr_line' id='line_1_1' title="bbox 0 0 70 3228; baseline 0 0"><span class='ocrx_word' id='word_1_1' title='bbox 0 0 70 3228; x_wconf 95' lang='lat' dir='ltr'> </span> 
     </span>
    </p>
   </div>
   <div class='ocr_carea' id='block_1_2' title="bbox 82 0 185 99">
    <p class='ocr_par' dir='ltr' id='par_1_2' title="bbox 82 0 185 99">
     <span class='ocr_line' id='line_1_2' title="bbox 129 0 185 17; baseline -0.018 -7"><span class='ocrx_word' id='word_1_2' title='bbox 129 0 185 17; x_wconf 48' lang='lat' dir='ltr'>*J*</span> 
     </span>
     <span class='ocr_line' id='line_1_3' title="bbox 82 0 128 63; baseline 0 -1"><span class='ocrx_word' id='word_1_3' title='bbox 82 0 128 63; x_wconf 50' lang='grc' dir='ltr'><strong><em>ἲ</em></strong></span> 
     </span>
     <span class='ocr_line' id='line_1_4' title="bbox 84 66 105 99; baseline 0 0"><span class='ocrx_word' id='word_1_4' title='bbox 84 66 105 99; x_wconf 47' lang='grc' dir='ltr'><strong>ἦ</strong></span> 
     </span>
    </p>
   </div>
   <div class='ocr_carea' id='block_1_3' title="bbox 71 159 202 213">
    <p class='ocr_par' dir='ltr' id='par_1_3' title="bbox 71 159 202 213">
     <span class='ocr_line' id='line_1_5' title="bbox 71 159 202 213; baseline 0.038 -13"><span class='ocrx_word' id='word_1_5' title='bbox 71 159 202 213; x_wconf 56' lang='lat' dir='ltr'>‚mass</span> 
     </span>
    </p>
   </div>
   <div class='ocr_carea' id='block_1_4' title="bbox 203 277 954 642">
    <p class='ocr_par' dir='ltr' id='par_1_4' title="bbox 203 277 954 642">
     <span class='ocr_line' id='line_1_6' title="bbox 210 277 952 321; baseline 0.001 -10"><span class='ocrx_word' id='word_1_6' title='bbox 210 277 333 312; x_wconf 84' lang='lat' dir='ltr'>vinciae</span> <span class='ocrx_word' id='word_1_7' title='bbox 353 279 583 313; x_wconf 84' lang='lat' dir='ltr'>Romandiolae</span> <span class='ocrx_word' id='word_1_8' title='bbox 611 280 648 313; x_wconf 84' lang='lat' dir='ltr'>dc</span> <span class='ocrx_word' id='word_1_9' title='bbox 674 280 772 312; x_wconf 76' lang='lat' dir='ltr'>latere</span> <span class='ocrx_word' id='word_1_10' title='bbox 801 280 952 321; x_wconf 57' lang='lat' dir='ltr'>legatum,</span> 
     </span>
     <span class='ocr_line' id='line_1_7' title="bbox 210 331 954 377; baseline 0.001 -13"><span class='ocrx_word' id='word_1_11' title='bbox 210 331 294 372; x_wconf 82' lang='lat' dir='ltr'>sacti,</span> <span class='ocrx_word' id='word_1_12' title='bbox 313 332 382 365; x_wconf 85' lang='lat' dir='ltr'>ausi</span> <span class='ocrx_word' id='word_1_13' title='bbox 402 338 488 373; x_wconf 85' lang='lat' dir='ltr'>sunt,</span> <span class='ocrx_word' id='word_1_14' title='bbox 511 344 569 377; x_wconf 91' lang='lat' dir='ltr'>pro</span> <span class='ocrx_word' id='word_1_15' title='bbox 586 333 721 369; x_wconf 69' lang='lat' dir='ltr'>damnis,</span> <span class='ocrx_word' id='word_1_16' title='bbox 743 333 836 365; x_wconf 83' lang='lat' dir='ltr'>ctiam</span> <span class='ocrx_word' id='word_1_17' title='bbox 861 333 954 365; x_wconf 90' lang='lat' dir='ltr'>mini--</span> 
     </span>
     <span class='ocr_line' id='line_1_8' title="bbox 210 383 951 430; baseline 0 -13"><span class='ocrx_word' id='word_1_18' title='bbox 210 383 282 426; x_wconf 88' lang='lat' dir='ltr'>mis,</span> <span class='ocrx_word' id='word_1_19' title='bbox 304 385 386 418; x_wconf 86' lang='lat' dir='ltr'>datis</span> <span class='ocrx_word' id='word_1_20' title='bbox 405 385 437 418; x_wconf 87' lang='lat' dir='ltr'>in</span> <span class='ocrx_word' id='word_1_21' title='bbox 463 397 575 418; x_wconf 87' lang='lat' dir='ltr'>corum</span> <span class='ocrx_word' id='word_1_22' title='bbox 593 386 865 430; x_wconf 74' lang='lat' dir='ltr'>p‹.›sscssiouibus,</span> <span class='ocrx_word' id='word_1_23' title='bbox 889 396 951 418; x_wconf 85' lang='lat' dir='ltr'>uon</span> 
     </span>
     <span class='ocr_line' id='line_1_9' title="bbox 206 437 951 483; baseline -0.001 -13"><span class='ocrx_word' id='word_1_24' title='bbox 206 437 275 471; x_wconf 88' lang='lat' dir='ltr'>sine</span> <span class='ocrx_word' id='word_1_25' title='bbox 294 448 409 482; x_wconf 80' lang='lat' dir='ltr'>magna</span> <span class='ocrx_word' id='word_1_26' title='bbox 434 440 479 472; x_wconf 90' lang='lat' dir='ltr'>rei</span> <span class='ocrx_word' id='word_1_27' title='bbox 505 446 534 473; x_wconf 83' lang='lat' dir='ltr'>et</span> <span class='ocrx_word' id='word_1_28' title='bbox 559 440 712 483; x_wconf 71' lang='lat' dir='ltr'>temporis</span> <span class='ocrx_word' id='word_1_29' title='bbox 739 439 871 476; x_wconf 75' lang='lat' dir='ltr'>iactura,</span> <span class='ocrx_word' id='word_1_30' title='bbox 899 450 951 470; x_wconf 68' lang='lat' dir='ltr'>cx-</span> 
     </span>
     <span class='ocr_line' id='line_1_10' title="bbox 204 490 951 535; baseline -0.001 -11"><span class='ocrx_word' id='word_1_31' title='bbox 204 490 313 535; x_wconf 81' lang='lat' dir='ltr'>pensis</span> <span class='ocrx_word' id='word_1_32' title='bbox 337 498 368 525; x_wconf 90' lang='lat' dir='ltr'>et</span> <span class='ocrx_word' id='word_1_33' title='bbox 387 492 551 526; x_wconf 78' lang='lat' dir='ltr'>laboribus</span> <span class='ocrx_word' id='word_1_34' title='bbox 575 493 806 531; x_wconf 77' lang='lat' dir='ltr'>consumeudO,</span> <span class='ocrx_word' id='word_1_35' title='bbox 838 493 875 524; x_wconf 86' lang='lat' dir='ltr'>ad</span> <span class='ocrx_word' id='word_1_36' title='bbox 907 492 951 523; x_wconf 85' lang='lat' dir='ltr'>di-</span> 
     </span>
     <span class='ocr_line' id='line_1_11' title="bbox 205 542 948 579; baseline -0.004 -1"><span class='ocrx_word' id='word_1_37' title='bbox 205 549 289 578; x_wconf 84' lang='lat' dir='ltr'>ctam</span> <span class='ocrx_word' id='word_1_38' title='bbox 309 542 467 579; x_wconf 86' lang='lat' dir='ltr'>civitatem</span> <span class='ocrx_word' id='word_1_39' title='bbox 480 552 590 579; x_wconf 88' lang='lat' dir='ltr'>contra</span> <span class='ocrx_word' id='word_1_40' title='bbox 602 546 759 579; x_wconf 84' lang='lat' dir='ltr'>dictarum</span> <span class='ocrx_word' id='word_1_41' title='bbox 771 545 948 577; x_wconf 79' lang='lat' dir='ltr'>litterarum</span> 
     </span>
     <span class='ocr_line' id='line_1_12' title="bbox 203 598 951 642; baseline -0.003 -12"><span class='ocrx_word' id='word_1_42' title='bbox 203 602 347 632; x_wconf 82' lang='lat' dir='ltr'>tenorem</span> <span class='ocrx_word' id='word_1_43' title='bbox 361 604 643 642; x_wconf 84' lang='lat' dir='ltr'>evocare,ortaque</span> <span class='ocrx_word' id='word_1_44' title='bbox 653 599 858 642; x_wconf 86' lang='lat' dir='ltr'>postmodum</span> <span class='ocrx_word' id='word_1_45' title='bbox 869 598 951 629; x_wconf 68' lang='lat' dir='ltr'>iuter</span> 
     </span>
    </p>
   </div>
   <div class='ocr_carea' id='block_1_5' title="bbox 166 649 948 696">
    <p class='ocr_par' dir='ltr' id='par_1_5' title="bbox 166 649 948 696">
     <span class='ocr_line' id='line_1_13' title="bbox 166 649 948 696; baseline 0 -14"><span class='ocrx_word' id='word_1_46' title='bbox 166 659 168 661; x_wconf 69' lang='grc'><strong><em>’</em></strong></span> <span class='ocrx_word' id='word_1_47' title='bbox 200 660 255 684; x_wconf 87' lang='lat' dir='ltr'>vos</span> <span class='ocrx_word' id='word_1_48' title='bbox 274 656 308 684; x_wconf 82' lang='lat' dir='ltr'>et</span> <span class='ocrx_word' id='word_1_49' title='bbox 326 651 409 686; x_wconf 89' lang='lat' dir='ltr'>cives</span> <span class='ocrx_word' id='word_1_50' title='bbox 427 652 608 696; x_wconf 87' lang='lat' dir='ltr'>praedictos</span> <span class='ocrx_word' id='word_1_51' title='bbox 627 649 876 695; x_wconf 75' lang='lat' dir='ltr'>praemissorum</span> <span class='ocrx_word' id='word_1_52' title='bbox 899 662 948 683; x_wconf 72' lang='lat' dir='ltr'>or-</span> 
     </span>
    </p>
   </div>
   <div class='ocr_carea' id='block_1_6' title="bbox 180 703 947 1656">
    <p class='ocr_par' dir='ltr' id='par_1_6' title="bbox 180 703 947 1603">
     <span class='ocr_line' id='line_1_14' title="bbox 201 703 947 748; baseline -0.001 -12"><span class='ocrx_word' id='word_1_53' title='bbox 201 703 330 738; x_wconf 86' lang='lat' dir='ltr'>casione</span> <span class='ocrx_word' id='word_1_54' title='bbox 359 705 492 738; x_wconf 86' lang='lat' dir='ltr'>materia</span> <span class='ocrx_word' id='word_1_55' title='bbox 521 704 727 748; x_wconf 72' lang='lat' dir='ltr'>quaestionis,</span> <span class='ocrx_word' id='word_1_56' title='bbox 746 705 783 736; x_wconf 85' lang='lat' dir='ltr'>lis</span> <span class='ocrx_word' id='word_1_57' title='bbox 804 709 832 736; x_wconf 81' lang='lat' dir='ltr'>et</span> <span class='ocrx_word' id='word_1_58' title='bbox 854 714 947 736; x_wconf 78' lang='lat' dir='ltr'>causa</span> 
     </span>
     <span class='ocr_line' id='line_1_15' title="bbox 200 757 932 801; baseline -0.001 -11"><span class='ocrx_word' id='word_1_59' title='bbox 200 766 310 790; x_wconf 89' lang='lat' dir='ltr'>coram</span> <span class='ocrx_word' id='word_1_60' title='bbox 330 757 478 801; x_wconf 85' lang='lat' dir='ltr'>praeside</span> <span class='ocrx_word' id='word_1_61' title='bbox 497 757 601 790; x_wconf 87' lang='lat' dir='ltr'>dictae</span> <span class='ocrx_word' id='word_1_62' title='bbox 623 757 806 801; x_wconf 69' lang='lat' dir='ltr'>provinciae</span> <span class='ocrx_word' id='word_1_63' title='bbox 827 769 882 790; x_wconf 91' lang='lat' dir='ltr'>scu</span> <span class='ocrx_word' id='word_1_64' title='bbox 895 768 932 789; x_wconf 89' lang='lat' dir='ltr'>au</span> 
     </span>
     <span class='ocr_line' id='line_1_16' title="bbox 198 809 946 855; baseline 0 -13"><span class='ocrx_word' id='word_1_65' title='bbox 198 809 302 844; x_wconf 88' lang='lat' dir='ltr'>ditore</span> <span class='ocrx_word' id='word_1_66' title='bbox 327 810 467 855; x_wconf 84' lang='lat' dir='ltr'>desuper</span> <span class='ocrx_word' id='word_1_67' title='bbox 486 811 604 854; x_wconf 76' lang='lat' dir='ltr'>pendet</span> <span class='ocrx_word' id='word_1_68' title='bbox 622 811 783 849; x_wconf 74' lang='lat' dir='ltr'>indecisa3</span> <span class='ocrx_word' id='word_1_69' title='bbox 807 812 946 843; x_wconf 86' lang='lat' dir='ltr'>nonnul-</span> 
     </span>
     <span class='ocr_line' id='line_1_17' title="bbox 197 863 944 908; baseline 0.001 -12"><span class='ocrx_word' id='word_1_70' title='bbox 197 863 285 908; x_wconf 87' lang='lat' dir='ltr'>lique</span> <span class='ocrx_word' id='word_1_71' title='bbox 305 874 341 898; x_wconf 86' lang='lat' dir='ltr'>cx</span> <span class='ocrx_word' id='word_1_72' title='bbox 360 864 482 898; x_wconf 88' lang='lat' dir='ltr'>civibus</span> <span class='ocrx_word' id='word_1_73' title='bbox 502 864 676 908; x_wconf 86' lang='lat' dir='ltr'>praedictis</span> <span class='ocrx_word' id='word_1_74' title='bbox 696 864 728 896; x_wconf 92' lang='lat' dir='ltr'>in</span> <span class='ocrx_word' id='word_1_75' title='bbox 748 865 944 907; x_wconf 76' lang='lat' dir='ltr'>capitaneos,</span> 
     </span>
     <span class='ocr_line' id='line_1_18' title="bbox 180 916 944 961; baseline -0.001 -11"><span class='ocrx_word' id='word_1_76' title='bbox 180 931 183 936; x_wconf 61' lang='lat'><strong><em>¹</em></strong></span> <span class='ocrx_word' id='word_1_77' title='bbox 196 916 332 950; x_wconf 89' lang='lat' dir='ltr'>vicarios</span> <span class='ocrx_word' id='word_1_78' title='bbox 344 927 400 951; x_wconf 87' lang='lat' dir='ltr'>seu</span> <span class='ocrx_word' id='word_1_79' title='bbox 415 923 588 961; x_wconf 87' lang='lat' dir='ltr'>potestates</span> <span class='ocrx_word' id='word_1_80' title='bbox 596 917 756 951; x_wconf 83' lang='lat' dir='ltr'>dictorum</span> <span class='ocrx_word' id='word_1_81' title='bbox 766 923 944 950; x_wconf 84' lang='lat' dir='ltr'>castrorum</span> 
     </span>
     <span class='ocr_line' id='line_1_19' title="bbox 197 970 944 1015; baseline -0.001 -12"><span class='ocrx_word' id='word_1_82' title='bbox 197 979 235 1004; x_wconf 82' lang='lat' dir='ltr'>ex</span> <span class='ocrx_word' id='word_1_83' title='bbox 251 970 483 1004; x_wconf 88' lang='lat' dir='ltr'>consuetudine</span> <span class='ocrx_word' id='word_1_84' title='bbox 500 971 605 1011; x_wconf 86' lang='lat' dir='ltr'>electi,</span> <span class='ocrx_word' id='word_1_85' title='bbox 622 971 708 1015; x_wconf 89' lang='lat' dir='ltr'>apud</span> <span class='ocrx_word' id='word_1_86' title='bbox 719 971 830 1003; x_wconf 84' lang='lat' dir='ltr'>eadem</span> <span class='ocrx_word' id='word_1_87' title='bbox 844 977 944 1003; x_wconf 81' lang='lat' dir='ltr'>castra</span> 
     </span>
     <span class='ocr_line' id='line_1_20' title="bbox 195 1023 943 1068; baseline 0.001 -12"><span class='ocrx_word' id='word_1_88' title='bbox 195 1023 337 1065; x_wconf 82' lang='lat' dir='ltr'>residere</span> <span class='ocrx_word' id='word_1_89' title='bbox 365 1024 533 1068; x_wconf 85' lang='lat' dir='ltr'>negligunt</span> <span class='ocrx_word' id='word_1_90' title='bbox 565 1030 621 1057; x_wconf 86' lang='lat' dir='ltr'>aut</span> <span class='ocrx_word' id='word_1_91' title='bbox 640 1030 802 1063; x_wconf 82' lang='lat' dir='ltr'>recusant,</span> <span class='ocrx_word' id='word_1_92' title='bbox 824 1036 860 1057; x_wconf 80' lang='lat' dir='ltr'>ex</span> <span class='ocrx_word' id='word_1_93' title='bbox 880 1036 943 1068; x_wconf 83' lang='lat' dir='ltr'>quo</span> 
     </span>
     <span class='ocr_line' id='line_1_21' title="bbox 194 1077 941 1122; baseline 0.003 -13"><span class='ocrx_word' id='word_1_94' title='bbox 194 1077 340 1121; x_wconf 88' lang='lat' dir='ltr'>probavit</span> <span class='ocrx_word' id='word_1_95' title='bbox 359 1083 491 1112; x_wconf 87' lang='lat' dir='ltr'>eventus</span> <span class='ocrx_word' id='word_1_96' title='bbox 511 1078 598 1122; x_wconf 91' lang='lat' dir='ltr'>quod</span> <span class='ocrx_word' id='word_1_97' title='bbox 618 1078 745 1122; x_wconf 85' lang='lat' dir='ltr'>saepius</span> <span class='ocrx_word' id='word_1_98' title='bbox 766 1078 798 1110; x_wconf 94' lang='lat' dir='ltr'>in</span> <span class='ocrx_word' id='word_1_99' title='bbox 823 1078 941 1111; x_wconf 85' lang='lat' dir='ltr'>eisdem</span> 
     </span>
     <span class='ocr_line' id='line_1_22' title="bbox 196 1130 941 1176; baseline 0 -12"><span class='ocrx_word' id='word_1_100' title='bbox 196 1130 323 1172; x_wconf 84' lang='lat' dir='ltr'>castris,</span> <span class='ocrx_word' id='word_1_101' title='bbox 349 1131 383 1164; x_wconf 91' lang='lat' dir='ltr'>in</span> <span class='ocrx_word' id='word_1_102' title='bbox 417 1131 536 1176; x_wconf 89' lang='lat' dir='ltr'>cuique</span> <span class='ocrx_word' id='word_1_103' title='bbox 559 1132 647 1175; x_wconf 87' lang='lat' dir='ltr'>quod</span> <span class='ocrx_word' id='word_1_104' title='bbox 680 1142 773 1164; x_wconf 89' lang='lat' dir='ltr'>suum</span> <span class='ocrx_word' id='word_1_105' title='bbox 799 1137 843 1164; x_wconf 86' lang='lat' dir='ltr'>est</span> <span class='ocrx_word' id='word_1_106' title='bbox 869 1132 941 1165; x_wconf 87' lang='lat' dir='ltr'>red-</span> 
     </span>
     <span class='ocr_line' id='line_1_23' title="bbox 195 1183 941 1222; baseline 0 -5"><span class='ocrx_word' id='word_1_107' title='bbox 195 1183 314 1222; x_wconf 84' lang='lat' dir='ltr'>dendo,</span> <span class='ocrx_word' id='word_1_108' title='bbox 336 1183 457 1218; x_wconf 87' lang='lat' dir='ltr'>iustitia</span> <span class='ocrx_word' id='word_1_109' title='bbox 481 1185 607 1218; x_wconf 78' lang='lat' dir='ltr'>debitae</span> <span class='ocrx_word' id='word_1_110' title='bbox 627 1184 824 1218; x_wconf 80' lang='lat' dir='ltr'>executionis</span> <span class='ocrx_word' id='word_1_111' title='bbox 844 1185 941 1217; x_wconf 87' lang='lat' dir='ltr'>mini-</span> 
     </span>
     <span class='ocr_line' id='line_1_24' title="bbox 194 1237 942 1282; baseline 0 -11"><span class='ocrx_word' id='word_1_112' title='bbox 194 1237 292 1271; x_wconf 88' lang='lat' dir='ltr'>sterio</span> <span class='ocrx_word' id='word_1_113' title='bbox 308 1243 432 1279; x_wconf 72' lang='lat' dir='ltr'>careat,</span> <span class='ocrx_word' id='word_1_114' title='bbox 454 1238 606 1282; x_wconf 91' lang='lat' dir='ltr'>quodque</span> <span class='ocrx_word' id='word_1_115' title='bbox 627 1249 701 1271; x_wconf 90' lang='lat' dir='ltr'>cum</span> <span class='ocrx_word' id='word_1_116' title='bbox 718 1248 772 1271; x_wconf 85' lang='lat' dir='ltr'>vos</span> <span class='ocrx_word' id='word_1_117' title='bbox 787 1239 942 1272; x_wconf 82' lang='lat' dir='ltr'>hactenus</span> 
     </span>
     <span class='ocr_line' id='line_1_25' title="bbox 194 1289 941 1325; baseline 0.003 -2"><span class='ocrx_word' id='word_1_118' title='bbox 194 1289 353 1324; x_wconf 84' lang='lat' dir='ltr'>dictarum</span> <span class='ocrx_word' id='word_1_119' title='bbox 372 1291 552 1325; x_wconf 86' lang='lat' dir='ltr'>litterarum</span> <span class='ocrx_word' id='word_1_120' title='bbox 572 1290 716 1325; x_wconf 74' lang='lat' dir='ltr'>notitiam</span> <span class='ocrx_word' id='word_1_121' title='bbox 737 1302 802 1324; x_wconf 90' lang='lat' dir='ltr'>non</span> <span class='ocrx_word' id='word_1_122' title='bbox 822 1292 941 1325; x_wconf 80' lang='lat' dir='ltr'>habue-</span> 
     </span>
     <span class='ocr_line' id='line_1_26' title="bbox 192 1343 940 1388; baseline 0.001 -12"><span class='ocrx_word' id='word_1_123' title='bbox 192 1343 273 1385; x_wconf 85' lang='lat' dir='ltr'>ritis,</span> <span class='ocrx_word' id='word_1_124' title='bbox 295 1355 423 1388; x_wconf 83' lang='lat' dir='ltr'>semper</span> <span class='ocrx_word' id='word_1_125' title='bbox 441 1345 600 1387; x_wconf 81' lang='lat' dir='ltr'>integram</span> <span class='ocrx_word' id='word_1_126' title='bbox 616 1344 833 1378; x_wconf 79' lang='lat' dir='ltr'>tertiariarum</span> <span class='ocrx_word' id='word_1_127' title='bbox 850 1356 940 1388; x_wconf 79' lang='lat' dir='ltr'>prac-</span> 
     </span>
     <span class='ocr_line' id='line_1_27' title="bbox 192 1396 941 1437; baseline 0.001 -7"><span class='ocrx_word' id='word_1_128' title='bbox 192 1396 352 1431; x_wconf 86' lang='lat' dir='ltr'>dictarum</span> <span class='ocrx_word' id='word_1_129' title='bbox 377 1403 483 1431; x_wconf 85' lang='lat' dir='ltr'>taxam</span> <span class='ocrx_word' id='word_1_130' title='bbox 515 1398 681 1431; x_wconf 85' lang='lat' dir='ltr'>solveritis.</span> <span class='ocrx_word' id='word_1_131' title='bbox 709 1398 813 1437; x_wconf 79' lang='lat' dir='ltr'>Quare</span> <span class='ocrx_word' id='word_1_132' title='bbox 848 1398 941 1431; x_wconf 90' lang='lat' dir='ltr'>nobis</span> 
     </span>
     <span class='ocr_line' id='line_1_28' title="bbox 192 1450 939 1497; baseline 0 -13"><span class='ocrx_word' id='word_1_133' title='bbox 192 1450 359 1486; x_wconf 89' lang='lat' dir='ltr'>humiliter</span> <span class='ocrx_word' id='word_1_134' title='bbox 377 1452 554 1497; x_wconf 89' lang='lat' dir='ltr'>supplicari</span> <span class='ocrx_word' id='word_1_135' title='bbox 574 1452 693 1485; x_wconf 85' lang='lat' dir='ltr'>fecistis</span> <span class='ocrx_word' id='word_1_136' title='bbox 722 1458 882 1495; x_wconf 86' lang='lat' dir='ltr'>quatenus</span> <span class='ocrx_word' id='word_1_137' title='bbox 907 1452 939 1484; x_wconf 88' lang='lat' dir='ltr'>in</span> 
     </span>
     <span class='ocr_line' id='line_1_29' title="bbox 191 1505 938 1550; baseline 0 -12"><span class='ocrx_word' id='word_1_138' title='bbox 191 1505 376 1549; x_wconf 82' lang='lat' dir='ltr'>praemissis</span> <span class='ocrx_word' id='word_1_139' title='bbox 395 1511 578 1550; x_wconf 83' lang='lat' dir='ltr'>opportune</span> <span class='ocrx_word' id='word_1_140' title='bbox 598 1505 766 1550; x_wconf 86' lang='lat' dir='ltr'>providere</span> <span class='ocrx_word' id='word_1_141' title='bbox 787 1507 826 1540; x_wconf 89' lang='lat' dir='ltr'>de</span> <span class='ocrx_word' id='word_1_142' title='bbox 846 1506 938 1540; x_wconf 85' lang='lat' dir='ltr'>beni-</span> 
     </span>
     <span class='ocr_line' id='line_1_30' title="bbox 189 1558 747 1603; baseline 0 -11"><span class='ocrx_word' id='word_1_143' title='bbox 189 1558 310 1602; x_wconf 82' lang='lat' dir='ltr'>gnitate</span> <span class='ocrx_word' id='word_1_144' title='bbox 329 1559 505 1603; x_wconf 88' lang='lat' dir='ltr'>apostolica</span> <span class='ocrx_word' id='word_1_145' title='bbox 528 1559 747 1602; x_wconf 82' lang='lat' dir='ltr'>dignaremur.</span> 
     </span>
    </p>

    <p class='ocr_par' dir='ltr' id='par_1_7' title="bbox 235 1612 937 1656">
     <span class='ocr_line' id='line_1_31' title="bbox 235 1612 937 1656; baseline 0.001 -11"><span class='ocrx_word' id='word_1_146' title='bbox 235 1612 299 1656; x_wconf 67' lang='lat'>54.</span> <span class='ocrx_word' id='word_1_147' title='bbox 320 1613 384 1646; x_wconf 84' lang='lat' dir='ltr'>Nos</span> <span class='ocrx_word' id='word_1_148' title='bbox 408 1612 518 1656; x_wconf 81' lang='lat' dir='ltr'>igitur,</span> <span class='ocrx_word' id='word_1_149' title='bbox 548 1612 648 1656; x_wconf 83' lang='lat' dir='ltr'>quieti</span> <span class='ocrx_word' id='word_1_150' title='bbox 679 1618 709 1646; x_wconf 91' lang='lat' dir='ltr'>et</span> <span class='ocrx_word' id='word_1_151' title='bbox 733 1613 937 1646; x_wconf 82' lang='lat' dir='ltr'>indemnitati</span> 
     </span>
    </p>
   </div>
   <div class='ocr_carea' id='block_1_7' title="bbox 42 1666 939 1763">
    <p class='ocr_par' dir='ltr' id='par_1_8' title="bbox 42 1666 939 1763">
     <span class='ocr_line' id='line_1_32' title="bbox 52 1666 939 1714; baseline -0.005 -11"><span class='ocrx_word' id='word_1_152' title='bbox 52 1676 178 1714; x_wconf 67' lang='lat' dir='ltr'>thr-tione·</span> <span class='ocrx_word' id='word_1_153' title='bbox 190 1666 301 1699; x_wconf 78' lang='lat' dir='ltr'>vestris</span> <span class='ocrx_word' id='word_1_154' title='bbox 320 1667 490 1700; x_wconf 86' lang='lat' dir='ltr'>consulere</span> <span class='ocrx_word' id='word_1_155' title='bbox 509 1667 661 1706; x_wconf 85' lang='lat' dir='ltr'>volentes,</span> <span class='ocrx_word' id='word_1_156' title='bbox 674 1677 774 1700; x_wconf 83' lang='lat' dir='ltr'>acvos</span> <span class='ocrx_word' id='word_1_157' title='bbox 786 1672 817 1700; x_wconf 87' lang='lat' dir='ltr'>et</span> <span class='ocrx_word' id='word_1_158' title='bbox 827 1678 939 1710; x_wconf 88' lang='lat' dir='ltr'>quem-</span> 
     </span>
     <span class='ocr_line' id='line_1_33' title="bbox 42 1709 937 1763; baseline 0 -10"><span class='ocrx_word' id='word_1_159' title='bbox 42 1709 268 1753; x_wconf 56' lang='lat' dir='ltr'>&#39;m¹⁵&#39;”&#39;&#39;²&#39;libet</span> <span class='ocrx_word' id='word_1_160' title='bbox 294 1724 434 1753; x_wconf 90' lang='lat' dir='ltr'>vestrum</span> <span class='ocrx_word' id='word_1_161' title='bbox 456 1731 473 1752; x_wconf 86' lang='lat' dir='ltr'>a</span> <span class='ocrx_word' id='word_1_162' title='bbox 493 1720 656 1763; x_wconf 84' lang='lat' dir='ltr'>quibusvis</span> <span class='ocrx_word' id='word_1_163' title='bbox 677 1720 937 1753; x_wconf 78' lang='lat' dir='ltr'>excommunica-</span> 
     </span>
    </p>
   </div>
   <div class='ocr_carea' id='block_1_8' title="bbox 190 1772 938 1871">
    <p class='ocr_par' dir='ltr' id='par_1_9' title="bbox 190 1772 938 1871">
     <span class='ocr_line' id='line_1_34' title="bbox 190 1772 937 1817; baseline 0 -11"><span class='ocrx_word' id='word_1_164' title='bbox 190 1772 296 1815; x_wconf 87' lang='lat' dir='ltr'>tionis,</span> <span class='ocrx_word' id='word_1_165' title='bbox 321 1773 538 1817; x_wconf 82' lang='lat' dir='ltr'>suspensionis</span> <span class='ocrx_word' id='word_1_166' title='bbox 562 1779 592 1806; x_wconf 92' lang='lat' dir='ltr'>et</span> <span class='ocrx_word' id='word_1_167' title='bbox 618 1773 777 1806; x_wconf 78' lang='lat' dir='ltr'>interdicti</span> <span class='ocrx_word' id='word_1_168' title='bbox 803 1774 937 1817; x_wconf 83' lang='lat' dir='ltr'>aliisque</span> 
     </span>
     <span class='ocr_line' id='line_1_35' title="bbox 191 1827 938 1871; baseline -0.001 -10"><span class='ocrx_word' id='word_1_169' title='bbox 191 1827 418 1861; x_wconf 84' lang='lat' dir='ltr'>ecclesiasticis</span> <span class='ocrx_word' id='word_1_170' title='bbox 437 1828 612 1868; x_wconf 82' lang='lat' dir='ltr'>sententiis,</span> <span class='ocrx_word' id='word_1_171' title='bbox 630 1827 774 1860; x_wconf 77' lang='lat' dir='ltr'>censuris</span> <span class='ocrx_word' id='word_1_172' title='bbox 786 1834 814 1860; x_wconf 87' lang='lat' dir='ltr'>et</span> <span class='ocrx_word' id='word_1_173' title='bbox 827 1828 938 1871; x_wconf 88' lang='lat' dir='ltr'>poenis</span> 
     </span>
    </p>
   </div>
   <div class='ocr_carea' id='block_1_9' title="bbox 72 1875 938 1923">
    <p class='ocr_par' dir='ltr' id='par_1_10' title="bbox 72 1875 938 1923">
     <span class='ocr_line' id='line_1_36' title="bbox 72 1875 938 1923; baseline 0 -10"><span class='ocrx_word' id='word_1_174' title='bbox 72 1875 74 1877; x_wconf 49' lang='grc'><strong><em>’</em></strong></span> <span class='ocrx_word' id='word_1_175' title='bbox 100 1902 104 1907; x_wconf 89' lang='lat'><em>-</em></span> <span class='ocrx_word' id='word_1_176' title='bbox 138 1913 141 1917; x_wconf 85' lang='grc'>,</span> <span class='ocrx_word' id='word_1_177' title='bbox 191 1890 210 1913; x_wconf 90' lang='lat' dir='ltr'>a</span> <span class='ocrx_word' id='word_1_178' title='bbox 227 1879 298 1914; x_wconf 90' lang='lat' dir='ltr'>iure</span> <span class='ocrx_word' id='word_1_179' title='bbox 317 1881 363 1914; x_wconf 90' lang='lat' dir='ltr'>vel</span> <span class='ocrx_word' id='word_1_180' title='bbox 388 1881 428 1914; x_wconf 89' lang='lat' dir='ltr'>ab</span> <span class='ocrx_word' id='word_1_181' title='bbox 456 1881 599 1921; x_wconf 86' lang='lat' dir='ltr'>homine,</span> <span class='ocrx_word' id='word_1_182' title='bbox 629 1881 738 1923; x_wconf 77' lang='lat' dir='ltr'>quavis</span> <span class='ocrx_word' id='word_1_183' title='bbox 771 1881 938 1913; x_wconf 83' lang='lat' dir='ltr'>occasione.</span> 
     </span>
    </p>
   </div>
   <div class='ocr_carea' id='block_1_10' title="bbox 190 1934 939 2595">
    <p class='ocr_par' dir='ltr' id='par_1_11' title="bbox 190 1934 939 2595">
     <span class='ocr_line' id='line_1_37' title="bbox 190 1934 937 1977; baseline -0.003 -9"><span class='ocrx_word' id='word_1_184' title='bbox 190 1934 240 1968; x_wconf 86' lang='lat' dir='ltr'>vel</span> <span class='ocrx_word' id='word_1_185' title='bbox 259 1944 368 1976; x_wconf 86' lang='lat' dir='ltr'>causa,</span> <span class='ocrx_word' id='word_1_186' title='bbox 393 1934 477 1974; x_wconf 77' lang='lat' dir='ltr'>latis,</span> <span class='ocrx_word' id='word_1_187' title='bbox 504 1934 528 1967; x_wconf 89' lang='lat' dir='ltr'>si</span> <span class='ocrx_word' id='word_1_188' title='bbox 557 1934 675 1977; x_wconf 88' lang='lat' dir='ltr'>quibus</span> <span class='ocrx_word' id='word_1_189' title='bbox 695 1934 937 1977; x_wconf 72' lang='lat' dir='ltr'>quomodolibet</span> 
     </span>
     <span class='ocr_line' id='line_1_38' title="bbox 191 1987 935 2030; baseline -0.001 -9"><span class='ocrx_word' id='word_1_190' title='bbox 191 1987 335 2021; x_wconf 89' lang='lat' dir='ltr'>innodati</span> <span class='ocrx_word' id='word_1_191' title='bbox 348 1987 491 2026; x_wconf 82' lang='lat' dir='ltr'>existitis,</span> <span class='ocrx_word' id='word_1_192' title='bbox 505 1988 543 2020; x_wconf 84' lang='lat' dir='ltr'>ad</span> <span class='ocrx_word' id='word_1_193' title='bbox 555 1988 704 2020; x_wconf 77' lang='lat' dir='ltr'>ellectum</span> <span class='ocrx_word' id='word_1_194' title='bbox 718 1988 935 2030; x_wconf 77' lang='lat' dir='ltr'>praesentium</span> 
     </span>
     <span class='ocr_line' id='line_1_39' title="bbox 192 2040 938 2085; baseline 0 -11"><span class='ocrx_word' id='word_1_195' title='bbox 192 2040 354 2074; x_wconf 84' lang='lat' dir='ltr'>dumtaxat</span> <span class='ocrx_word' id='word_1_196' title='bbox 389 2041 663 2085; x_wconf 85' lang='lat' dir='ltr'>consequendum,</span> <span class='ocrx_word' id='word_1_197' title='bbox 704 2041 820 2073; x_wconf 86' lang='lat' dir='ltr'>barum</span> <span class='ocrx_word' id='word_1_198' title='bbox 856 2042 938 2074; x_wconf 86' lang='lat' dir='ltr'>serie</span> 
     </span>
     <span class='ocr_line' id='line_1_40' title="bbox 192 2094 938 2135; baseline 0 -8"><span class='ocrx_word' id='word_1_199' title='bbox 192 2094 391 2128; x_wconf 81' lang='lat' dir='ltr'>absolventes</span> <span class='ocrx_word' id='word_1_200' title='bbox 427 2100 459 2128; x_wconf 88' lang='lat' dir='ltr'>et</span> <span class='ocrx_word' id='word_1_201' title='bbox 487 2095 647 2127; x_wconf 76' lang='lat' dir='ltr'>absolutos</span> <span class='ocrx_word' id='word_1_202' title='bbox 672 2096 738 2127; x_wconf 81' lang='lat' dir='ltr'>sore</span> <span class='ocrx_word' id='word_1_203' title='bbox 763 2100 938 2135; x_wconf 81' lang='lat' dir='ltr'>censentes,</span> 
     </span>
     <span class='ocr_line' id='line_1_41' title="bbox 193 2147 936 2181; baseline -0.001 0"><span class='ocrx_word' id='word_1_204' title='bbox 193 2158 320 2181; x_wconf 85' lang='lat' dir='ltr'>necnon</span> <span class='ocrx_word' id='word_1_205' title='bbox 340 2159 468 2181; x_wconf 84' lang='lat' dir='ltr'>causam</span> <span class='ocrx_word' id='word_1_206' title='bbox 488 2147 676 2180; x_wconf 87' lang='lat' dir='ltr'>huiusmodi</span> <span class='ocrx_word' id='word_1_207' title='bbox 696 2149 734 2180; x_wconf 85' lang='lat' dir='ltr'>ad</span> <span class='ocrx_word' id='word_1_208' title='bbox 751 2158 808 2180; x_wconf 83' lang='lat' dir='ltr'>nos</span> <span class='ocrx_word' id='word_1_209' title='bbox 823 2148 936 2180; x_wconf 88' lang='lat' dir='ltr'>harum</span> 
     </span>
     <span class='ocr_line' id='line_1_42' title="bbox 193 2199 938 2243; baseline 0 -10"><span class='ocrx_word' id='word_1_210' title='bbox 193 2199 274 2234; x_wconf 89' lang='lat' dir='ltr'>serie</span> <span class='ocrx_word' id='word_1_211' title='bbox 293 2201 495 2239; x_wconf 86' lang='lat' dir='ltr'>advocantes,</span> <span class='ocrx_word' id='word_1_212' title='bbox 517 2206 549 2234; x_wconf 88' lang='lat' dir='ltr'>et</span> <span class='ocrx_word' id='word_1_213' title='bbox 568 2201 657 2233; x_wconf 83' lang='lat' dir='ltr'>litem</span> <span class='ocrx_word' id='word_1_214' title='bbox 683 2200 809 2243; x_wconf 80' lang='lat' dir='ltr'>penitus</span> <span class='ocrx_word' id='word_1_215' title='bbox 837 2201 938 2233; x_wconf 67' lang='lat' dir='ltr'>extin-</span> 
     </span>
     <span class='ocr_line' id='line_1_43' title="bbox 192 2254 939 2298; baseline 0 -11"><span class='ocrx_word' id='word_1_216' title='bbox 192 2260 338 2298; x_wconf 79' lang='lat' dir='ltr'>guentes,</span> <span class='ocrx_word' id='word_1_217' title='bbox 373 2265 410 2287; x_wconf 83' lang='lat' dir='ltr'>ac</span> <span class='ocrx_word' id='word_1_218' title='bbox 442 2254 530 2287; x_wconf 85' lang='lat' dir='ltr'>vobis</span> <span class='ocrx_word' id='word_1_219' title='bbox 560 2260 591 2286; x_wconf 89' lang='lat' dir='ltr'>et</span> <span class='ocrx_word' id='word_1_220' title='bbox 623 2254 743 2286; x_wconf 72' lang='lat' dir='ltr'>civibus</span> <span class='ocrx_word' id='word_1_221' title='bbox 768 2254 939 2297; x_wconf 83' lang='lat' dir='ltr'>praedictis</span> 
     </span>
     <span class='ocr_line' id='line_1_44' title="bbox 193 2307 936 2351; baseline 0 -11"><span class='ocrx_word' id='word_1_222' title='bbox 193 2307 530 2351; x_wconf 83' lang='lat' dir='ltr'>desuperperpctuum</span> <span class='ocrx_word' id='word_1_223' title='bbox 548 2307 710 2340; x_wconf 86' lang='lat' dir='ltr'>silentium</span> <span class='ocrx_word' id='word_1_224' title='bbox 724 2307 936 2349; x_wconf 83' lang='lat' dir='ltr'>imponentes,</span> 
     </span>
     <span class='ocr_line' id='line_1_45' title="bbox 193 2355 939 2397; baseline -0.003 -8"><span class='ocrx_word' id='word_1_225' title='bbox 193 2366 318 2389; x_wconf 88' lang='lat' dir='ltr'>necnon</span> <span class='ocrx_word' id='word_1_226' title='bbox 336 2355 492 2388; x_wconf 80' lang='lat' dir='ltr'>dictarum</span> <span class='ocrx_word' id='word_1_227' title='bbox 511 2355 691 2388; x_wconf 82' lang='lat' dir='ltr'>litterarum</span> <span class='ocrx_word' id='word_1_228' title='bbox 711 2361 836 2387; x_wconf 74' lang='lat' dir='ltr'>tenores</span> <span class='ocrx_word' id='word_1_229' title='bbox 851 2366 939 2397; x_wconf 83' lang='lat' dir='ltr'>prac-</span> 
     </span>
     <span class='ocr_line' id='line_1_46' title="bbox 193 2403 939 2448; baseline -0.004 -11"><span class='ocrx_word' id='word_1_230' title='bbox 193 2404 336 2437; x_wconf 85' lang='lat' dir='ltr'>sentibus</span> <span class='ocrx_word' id='word_1_231' title='bbox 360 2414 418 2448; x_wconf 91' lang='lat' dir='ltr'>pro</span> <span class='ocrx_word' id='word_1_232' title='bbox 443 2404 600 2447; x_wconf 74' lang='lat' dir='ltr'>expressis</span> <span class='ocrx_word' id='word_1_233' title='bbox 629 2404 794 2443; x_wconf 83' lang='lat' dir='ltr'>babentes,</span> <span class='ocrx_word' id='word_1_234' title='bbox 827 2403 939 2435; x_wconf 76' lang='lat' dir='ltr'>liuius-</span> 
     </span>
     <span class='ocr_line' id='line_1_47' title="bbox 194 2452 937 2496; baseline -0.004 -10"><span class='ocrx_word' id='word_1_235' title='bbox 194 2453 280 2486; x_wconf 90' lang='lat' dir='ltr'>modi</span> <span class='ocrx_word' id='word_1_236' title='bbox 304 2452 594 2496; x_wconf 76' lang='lat' dir='ltr'>supplicationibus</span> <span class='ocrx_word' id='word_1_237' title='bbox 624 2452 781 2490; x_wconf 88' lang='lat' dir='ltr'>inclinati,</span> <span class='ocrx_word' id='word_1_238' title='bbox 812 2452 937 2484; x_wconf 83' lang='lat' dir='ltr'>easdem</span> 
     </span>
     <span class='ocr_line' id='line_1_48' title="bbox 193 2501 939 2544; baseline -0.004 -10"><span class='ocrx_word' id='word_1_239' title='bbox 193 2501 326 2542; x_wconf 83' lang='lat' dir='ltr'>litteras,</span> <span class='ocrx_word' id='word_1_240' title='bbox 337 2501 525 2534; x_wconf 77' lang='lat' dir='ltr'>auctoritate</span> <span class='ocrx_word' id='word_1_241' title='bbox 537 2501 713 2544; x_wconf 83' lang='lat' dir='ltr'>praedicta,</span> <span class='ocrx_word' id='word_1_242' title='bbox 728 2506 837 2532; x_wconf 84' lang='lat' dir='ltr'>tenore</span> <span class='ocrx_word' id='word_1_243' title='bbox 850 2512 939 2543; x_wconf 73' lang='lat' dir='ltr'>prae-</span> 
     </span>
     <span class='ocr_line' id='line_1_49' title="bbox 192 2549 938 2595; baseline -0.003 -11"><span class='ocrx_word' id='word_1_244' title='bbox 192 2550 345 2592; x_wconf 82' lang='lat' dir='ltr'>sentium,</span> <span class='ocrx_word' id='word_1_245' title='bbox 368 2550 587 2595; x_wconf 81' lang='lat' dir='ltr'>approbamus</span> <span class='ocrx_word' id='word_1_246' title='bbox 602 2555 631 2583; x_wconf 88' lang='lat' dir='ltr'>et</span> <span class='ocrx_word' id='word_1_247' title='bbox 646 2549 887 2589; x_wconf 87' lang='lat' dir='ltr'>confirmamus,</span> <span class='ocrx_word' id='word_1_248' title='bbox 903 2560 938 2582; x_wconf 88' lang='lat' dir='ltr'>ac</span> 
     </span>
    </p>
   </div>
   <div class='ocr_carea' id='block_1_11' title="bbox 213 172 1739 271">
    <p class='ocr_par' dir='ltr' id='par_1_12' title="bbox 213 172 1739 271">
     <span class='ocr_line' id='line_1_50' title="bbox 874 172 1079 197; baseline -0.015 0"><span class='ocrx_word' id='word_1_249' title='bbox 874 172 976 197; x_wconf 63' lang='lat' dir='ltr'>sixt-rs</span> <span class='ocrx_word' id='word_1_250' title='bbox 995 172 1013 195; x_wconf 87' lang='lat' dir='ltr'>v</span> <span class='ocrx_word' id='word_1_251' title='bbox 1034 172 1079 195; x_wconf 79' lang='lat' dir='ltr'>rr.</span> 
     </span>
     <span class='ocr_line' id='line_1_51' title="bbox 213 224 1739 271; baseline 0.002 -12"><span class='ocrx_word' id='word_1_252' title='bbox 213 225 253 259; x_wconf 87' lang='lat' dir='ltr'>de</span> <span class='ocrx_word' id='word_1_253' title='bbox 271 224 379 269; x_wconf 85' lang='lat' dir='ltr'>Capite</span> <span class='ocrx_word' id='word_1_254' title='bbox 395 225 511 259; x_wconf 78' lang='lat' dir='ltr'>Fcrreo</span> <span class='ocrx_word' id='word_1_255' title='bbox 533 231 766 271; x_wconf 84' lang='lat' dir='ltr'>nuncupatum,</span> <span class='ocrx_word' id='word_1_256' title='bbox 784 231 859 259; x_wconf 85' lang='lat' dir='ltr'>tuuc</span> <span class='ocrx_word' id='word_1_257' title='bbox 882 237 956 269; x_wconf 88' lang='lat' dir='ltr'>pro·</span> <span class='ocrx_word' id='word_1_258' title='bbox 999 225 1059 257; x_wconf 75' lang='lat' dir='ltr'>illis</span> <span class='ocrx_word' id='word_1_259' title='bbox 1081 230 1254 267; x_wconf 76' lang='lat' dir='ltr'>perpetuae</span> <span class='ocrx_word' id='word_1_260' title='bbox 1270 225 1429 260; x_wconf 78' lang='lat' dir='ltr'>firmitatis</span> <span class='ocrx_word' id='word_1_261' title='bbox 1445 226 1546 261; x_wconf 86' lang='lat' dir='ltr'>robur</span> <span class='ocrx_word' id='word_1_262' title='bbox 1557 226 1739 269; x_wconf 89' lang='lat' dir='ltr'>adiicimus,</span> 
     </span>
    </p>
   </div>
   <div class='ocr_carea' id='block_1_12' title="bbox 1634 164 1697 198">
    <p class='ocr_par' dir='ltr' id='par_1_13' title="bbox 1634 164 1697 198">
     <span class='ocr_line' id='line_1_52' title="bbox 1634 164 1697 198; baseline 0 0"><span class='ocrx_word' id='word_1_263' title='bbox 1634 164 1697 198; x_wconf 86' lang='lat'>599</span> 
     </span>
    </p>
   </div>
   <div class='ocr_carea' id='block_1_13' title="bbox 978 281 1741 2589">
    <p class='ocr_par' dir='ltr' id='par_1_14' title="bbox 978 281 1741 2292">
     <span class='ocr_line' id='line_1_53' title="bbox 997 281 1741 326; baseline 0.008 -16"><span class='ocrx_word' id='word_1_264' title='bbox 997 282 1026 310; x_wconf 85' lang='lat' dir='ltr'>ct</span> <span class='ocrx_word' id='word_1_265' title='bbox 1047 283 1203 320; x_wconf 65' lang='lat' dir='ltr'>quatenus</span> <span class='ocrx_word' id='word_1_266' title='bbox 1221 289 1302 322; x_wconf 72' lang='lat' dir='ltr'>opus·</span> <span class='ocrx_word' id='word_1_267' title='bbox 1322 281 1373 320; x_wconf 88' lang='lat' dir='ltr'>sit,</span> <span class='ocrx_word' id='word_1_268' title='bbox 1392 281 1477 325; x_wconf 90' lang='lat' dir='ltr'>quod</span> <span class='ocrx_word' id='word_1_269' title='bbox 1495 281 1534 314; x_wconf 87' lang='lat' dir='ltr'>de</span> <span class='ocrx_word' id='word_1_270' title='bbox 1555 286 1661 315; x_wconf 84' lang='lat' dir='ltr'>cetero</span> <span class='ocrx_word' id='word_1_271' title='bbox 1682 292 1741 326; x_wconf 91' lang='lat' dir='ltr'>pro</span> 
     </span>
     <span class='ocr_line' id='line_1_54' title="bbox 996 331 1741 379; baseline 0.009 -17"><span class='ocrx_word' id='word_1_272' title='bbox 996 331 1121 363; x_wconf 79' lang='lat' dir='ltr'>damnis</span> <span class='ocrx_word' id='word_1_273' title='bbox 1141 332 1233 372; x_wconf 83' lang='lat' dir='ltr'>datis,</span> <span class='ocrx_word' id='word_1_274' title='bbox 1257 344 1338 376; x_wconf 79' lang='lat' dir='ltr'>quae</span> <span class='ocrx_word' id='word_1_275' title='bbox 1354 345 1510 367; x_wconf 76' lang='lat' dir='ltr'>summam</span> <span class='ocrx_word' id='word_1_276' title='bbox 1527 335 1741 379; x_wconf 78' lang='lat' dir='ltr'>quadraginta</span> 
     </span>
     <span class='ocr_line' id='line_1_55' title="bbox 994 384 1740 432; baseline 0.009 -17"><span class='ocrx_word' id='word_1_277' title='bbox 994 384 1086 416; x_wconf 70' lang='lat' dir='ltr'>solid.</span> <span class='ocrx_word' id='word_1_278' title='bbox 1104 387 1345 424; x_wconf 67' lang='lat' dir='ltr'>nont-xccdunt,</span> <span class='ocrx_word' id='word_1_279' title='bbox 1367 388 1488 420; x_wconf 69' lang='lat' dir='ltr'>etiamsi</span> <span class='ocrx_word' id='word_1_280' title='bbox 1511 388 1542 420; x_wconf 88' lang='lat' dir='ltr'>in</span> <span class='ocrx_word' id='word_1_281' title='bbox 1564 389 1740 432; x_wconf 78' lang='lat' dir='ltr'>possessio-</span> 
     </span>
     <span class='ocr_line' id='line_1_56' title="bbox 995 437 1738 476; baseline 0.011 -8"><span class='ocrx_word' id='word_1_282' title='bbox 995 437 1089 469; x_wconf 80' lang='lat' dir='ltr'>nibus</span> <span class='ocrx_word' id='word_1_283' title='bbox 1110 438 1270 471; x_wconf 57' lang='lat' dir='ltr'>(lictt‘irui‘u</span> <span class='ocrx_word' id='word_1_284' title='bbox 1296 440 1411 473; x_wconf 70' lang='lat' dir='ltr'>rivium</span> <span class='ocrx_word' id='word_1_285' title='bbox 1442 441 1495 474; x_wconf 75' lang='lat' dir='ltr'>illa</span> <span class='ocrx_word' id='word_1_286' title='bbox 1521 441 1632 475; x_wconf 81' lang='lat' dir='ltr'>inferri</span> <span class='ocrx_word' id='word_1_287' title='bbox 1661 453 1738 476; x_wconf 89' lang='lat' dir='ltr'>con-</span> 
     </span>
     <span class='ocr_line' id='line_1_57' title="bbox 994 490 1737 537; baseline 0.011 -16"><span class='ocrx_word' id='word_1_288' title='bbox 994 490 1103 533; x_wconf 61' lang='lat' dir='ltr'>tingat,</span> <span class='ocrx_word' id='word_1_289' title='bbox 1126 502 1188 524; x_wconf 84' lang='lat' dir='ltr'>nou</span> <span class='ocrx_word' id='word_1_290' title='bbox 1210 493 1348 536; x_wconf 81' lang='lat' dir='ltr'>amplius</span> <span class='ocrx_word' id='word_1_291' title='bbox 1375 506 1431 537; x_wconf 64' lang='lat' dir='ltr'>per</span> <span class='ocrx_word' id='word_1_292' title='bbox 1455 495 1658 529; x_wconf 74' lang='lat' dir='ltr'>cxtimatorcs</span> <span class='ocrx_word' id='word_1_293' title='bbox 1681 496 1737 529; x_wconf 88' lang='lat' dir='ltr'>da-</span> 
     </span>
     <span class='ocr_line' id='line_1_58' title="bbox 993 545 1736 587; baseline 0.012 -13"><span class='ocrx_word' id='word_1_294' title='bbox 993 554 1141 575; x_wconf 85' lang='lat' dir='ltr'>mnorum</span> <span class='ocrx_word' id='word_1_295' title='bbox 1161 545 1307 578; x_wconf 82' lang='lat' dir='ltr'>datorum</span> <span class='ocrx_word' id='word_1_296' title='bbox 1323 547 1467 587; x_wconf 74' lang='lat' dir='ltr'>civitatis,</span> <span class='ocrx_word' id='word_1_297' title='bbox 1485 548 1539 581; x_wconf 66' lang='lat' dir='ltr'>&gt;cd</span> <span class='ocrx_word' id='word_1_298' title='bbox 1559 555 1736 583; x_wconf 86' lang='lat' dir='ltr'>castrorum</span> 
     </span>
     <span class='ocr_line' id='line_1_59' title="bbox 992 598 1738 643; baseline 0.012 -16"><span class='ocrx_word' id='word_1_299' title='bbox 992 598 1193 637; x_wconf 81' lang='lat' dir='ltr'>corumdem,</span> <span class='ocrx_word' id='word_1_300' title='bbox 1217 599 1384 632; x_wconf 82' lang='lat' dir='ltr'>videantur</span> <span class='ocrx_word' id='word_1_301' title='bbox 1413 607 1442 633; x_wconf 86' lang='lat' dir='ltr'>ct</span> <span class='ocrx_word' id='word_1_302' title='bbox 1471 602 1676 643; x_wconf 74' lang='lat' dir='ltr'>cxtimentur,</span> <span class='ocrx_word' id='word_1_303' title='bbox 1706 608 1738 636; x_wconf 85' lang='lat' dir='ltr'>et</span> 
     </span>
     <span class='ocr_line' id='line_1_60' title="bbox 990 649 1734 689; baseline 0.013 -9"><span class='ocrx_word' id='word_1_304' title='bbox 990 649 1028 680; x_wconf 65' lang='lat' dir='ltr'>dc</span> <span class='ocrx_word' id='word_1_305' title='bbox 1048 652 1198 683; x_wconf 72' lang='lat' dir='ltr'>mandato</span> <span class='ocrx_word' id='word_1_306' title='bbox 1219 652 1361 686; x_wconf 72' lang='lat' dir='ltr'>iudicum</span> <span class='ocrx_word' id='word_1_307' title='bbox 1381 656 1567 688; x_wconf 86' lang='lat' dir='ltr'>cormudcm</span> <span class='ocrx_word' id='word_1_308' title='bbox 1589 656 1734 689; x_wconf 91' lang='lat' dir='ltr'>locorum</span> 
     </span>
     <span class='ocr_line' id='line_1_61' title="bbox 991 705 1737 744; baseline 0.011 -10"><span class='ocrx_word' id='word_1_309' title='bbox 991 709 1223 744; x_wconf 63' lang='lat' dir='ltr'>rvstaumutur,</span> <span class='ocrx_word' id='word_1_310' title='bbox 1243 705 1328 738; x_wconf 83' lang='lat' dir='ltr'>iuxta</span> <span class='ocrx_word' id='word_1_311' title='bbox 1345 708 1478 740; x_wconf 85' lang='lat' dir='ltr'>sormam</span> <span class='ocrx_word' id='word_1_312' title='bbox 1490 710 1737 743; x_wconf 68' lang='lat' dir='ltr'>statium-unilo-</span> 
     </span>
     <span class='ocr_line' id='line_1_62' title="bbox 989 760 1735 803; baseline 0.012 -16"><span class='ocrx_word' id='word_1_313' title='bbox 989 766 1100 789; x_wconf 83' lang='lat' dir='ltr'>‹·orum</span> <span class='ocrx_word' id='word_1_314' title='bbox 1119 763 1147 790; x_wconf 83' lang='lat' dir='ltr'>ct</span> <span class='ocrx_word' id='word_1_315' title='bbox 1165 764 1343 791; x_wconf 83' lang='lat' dir='ltr'>castrorum</span> <span class='ocrx_word' id='word_1_316' title='bbox 1358 760 1595 803; x_wconf 81' lang='lat' dir='ltr'>praedictorum</span> <span class='ocrx_word' id='word_1_317' title='bbox 1614 768 1641 795; x_wconf 87' lang='lat' dir='ltr'>ct</span> <span class='ocrx_word' id='word_1_318' title='bbox 1659 763 1735 796; x_wconf 87' lang='lat' dir='ltr'>alia-</span> 
     </span>
     <span class='ocr_line' id='line_1_63' title="bbox 989 812 1732 857; baseline 0.011 -16"><span class='ocrx_word' id='word_1_319' title='bbox 989 820 1058 842; x_wconf 90' lang='lat' dir='ltr'>rum</span> <span class='ocrx_word' id='word_1_320' title='bbox 1090 812 1354 845; x_wconf 76' lang='lat' dir='ltr'>reformationum</span> <span class='ocrx_word' id='word_1_321' title='bbox 1375 824 1472 857; x_wconf 63' lang='lat' dir='ltr'>super</span> <span class='ocrx_word' id='word_1_322' title='bbox 1488 815 1612 848; x_wconf 85' lang='lat' dir='ltr'>damnis</span> <span class='ocrx_word' id='word_1_323' title='bbox 1632 816 1732 856; x_wconf 74' lang='lat' dir='ltr'>datis;</span> 
     </span>
     <span class='ocr_line' id='line_1_64' title="bbox 987 864 1733 909; baseline 0.011 -15"><span class='ocrx_word' id='word_1_324' title='bbox 987 864 1138 906; x_wconf 83' lang='lat' dir='ltr'>quodque</span> <span class='ocrx_word' id='word_1_325' title='bbox 1156 865 1201 897; x_wconf 90' lang='lat' dir='ltr'>illi</span> <span class='ocrx_word' id='word_1_326' title='bbox 1221 876 1256 898; x_wconf 81' lang='lat' dir='ltr'>cx</span> <span class='ocrx_word' id='word_1_327' title='bbox 1277 866 1396 900; x_wconf 85' lang='lat' dir='ltr'>eisdem</span> <span class='ocrx_word' id='word_1_328' title='bbox 1418 867 1551 909; x_wconf 77' lang='lat' dir='ltr'>civibus,</span> <span class='ocrx_word' id='word_1_329' title='bbox 1575 868 1619 902; x_wconf 72' lang='lat' dir='ltr'>sic</span> <span class='ocrx_word' id='word_1_330' title='bbox 1637 869 1668 901; x_wconf 93' lang='lat' dir='ltr'>in</span> <span class='ocrx_word' id='word_1_331' title='bbox 1680 880 1733 903; x_wconf 86' lang='lat' dir='ltr'>ca-</span> 
     </span>
     <span class='ocr_line' id='line_1_65' title="bbox 986 917 1734 964; baseline 0.011 -16"><span class='ocrx_word' id='word_1_332' title='bbox 986 917 1144 959; x_wconf 79' lang='lat' dir='ltr'>pitaneos,</span> <span class='ocrx_word' id='word_1_333' title='bbox 1167 918 1304 951; x_wconf 78' lang='lat' dir='ltr'>vicarios</span> <span class='ocrx_word' id='word_1_334' title='bbox 1323 925 1379 952; x_wconf 85' lang='lat' dir='ltr'>aut</span> <span class='ocrx_word' id='word_1_335' title='bbox 1411 926 1583 964; x_wconf 80' lang='lat' dir='ltr'>potestates</span> <span class='ocrx_word' id='word_1_336' title='bbox 1615 928 1734 956; x_wconf 85' lang='lat' dir='ltr'>castro-</span> 
     </span>
     <span class='ocr_line' id='line_1_66' title="bbox 986 971 1732 1019; baseline 0.009 -18"><span class='ocrx_word' id='word_1_337' title='bbox 986 980 1057 1002; x_wconf 89' lang='lat' dir='ltr'>rum</span> <span class='ocrx_word' id='word_1_338' title='bbox 1093 971 1279 1004; x_wconf 85' lang='lat' dir='ltr'>huiusmodi</span> <span class='ocrx_word' id='word_1_339' title='bbox 1313 973 1416 1014; x_wconf 88' lang='lat' dir='ltr'>electi,</span> <span class='ocrx_word' id='word_1_340' title='bbox 1445 979 1615 1007; x_wconf 84' lang='lat' dir='ltr'>teneantur</span> <span class='ocrx_word' id='word_1_341' title='bbox 1647 976 1732 1019; x_wconf 81' lang='lat' dir='ltr'>apud</span> 
     </span>
     <span class='ocr_line' id='line_1_67' title="bbox 985 1024 1733 1073; baseline 0.013 -20"><span class='ocrx_word' id='word_1_342' title='bbox 985 1024 1095 1056; x_wconf 72' lang='lat' dir='ltr'>cadem</span> <span class='ocrx_word' id='word_1_343' title='bbox 1131 1031 1245 1065; x_wconf 87' lang='lat' dir='ltr'>castra,</span> <span class='ocrx_word' id='word_1_344' title='bbox 1274 1036 1332 1069; x_wconf 86' lang='lat' dir='ltr'>per</span> <span class='ocrx_word' id='word_1_345' title='bbox 1362 1037 1395 1059; x_wconf 88' lang='lat' dir='ltr'>se</span> <span class='ocrx_word' id='word_1_346' title='bbox 1420 1026 1505 1070; x_wconf 77' lang='lat' dir='ltr'>ipsos</span> <span class='ocrx_word' id='word_1_347' title='bbox 1530 1032 1559 1060; x_wconf 84' lang='lat' dir='ltr'>et</span> <span class='ocrx_word' id='word_1_348' title='bbox 1586 1039 1650 1061; x_wconf 91' lang='lat' dir='ltr'>non</span> <span class='ocrx_word' id='word_1_349' title='bbox 1675 1040 1733 1073; x_wconf 91' lang='lat' dir='ltr'>per</span> 
     </span>
     <span class='ocr_line' id='line_1_68' title="bbox 984 1077 1730 1124; baseline 0.008 -15"><span class='ocrx_word' id='word_1_350' title='bbox 984 1077 1080 1118; x_wconf 85' lang='lat' dir='ltr'>alios,</span> <span class='ocrx_word' id='word_1_351' title='bbox 1111 1078 1155 1110; x_wconf 90' lang='lat' dir='ltr'>ita</span> <span class='ocrx_word' id='word_1_352' title='bbox 1183 1084 1289 1111; x_wconf 80' lang='lat' dir='ltr'>tamen</span> <span class='ocrx_word' id='word_1_353' title='bbox 1313 1080 1398 1122; x_wconf 88' lang='lat' dir='ltr'>quod</span> <span class='ocrx_word' id='word_1_354' title='bbox 1425 1081 1551 1124; x_wconf 76' lang='lat' dir='ltr'>singulo</span> <span class='ocrx_word' id='word_1_355' title='bbox 1577 1082 1730 1115; x_wconf 83' lang='lat' dir='ltr'>trimestri</span> 
     </span>
     <span class='ocr_line' id='line_1_69' title="bbox 986 1131 1732 1177; baseline 0.007 -14"><span class='ocrx_word' id='word_1_356' title='bbox 986 1131 1105 1173; x_wconf 81' lang='lat' dir='ltr'>possint</span> <span class='ocrx_word' id='word_1_357' title='bbox 1121 1142 1179 1174; x_wconf 86' lang='lat' dir='ltr'>per</span> <span class='ocrx_word' id='word_1_358' title='bbox 1193 1132 1378 1174; x_wconf 79' lang='lat' dir='ltr'>quindecim</span> <span class='ocrx_word' id='word_1_359' title='bbox 1395 1133 1473 1173; x_wconf 90' lang='lat' dir='ltr'>dies,</span> <span class='ocrx_word' id='word_1_360' title='bbox 1491 1145 1548 1177; x_wconf 87' lang='lat' dir='ltr'>pro</span> <span class='ocrx_word' id='word_1_361' title='bbox 1559 1135 1624 1167; x_wconf 87' lang='lat' dir='ltr'>suis</span> <span class='ocrx_word' id='word_1_362' title='bbox 1637 1136 1732 1169; x_wconf 86' lang='lat' dir='ltr'>rebus</span> 
     </span>
     <span class='ocr_line' id='line_1_70' title="bbox 983 1185 1730 1231; baseline 0.009 -16"><span class='ocrx_word' id='word_1_363' title='bbox 983 1189 1013 1216; x_wconf 83' lang='lat' dir='ltr'>et</span> <span class='ocrx_word' id='word_1_364' title='bbox 1027 1185 1163 1227; x_wconf 75' lang='lat' dir='ltr'>negotiis</span> <span class='ocrx_word' id='word_1_365' title='bbox 1179 1187 1354 1220; x_wconf 76' lang='lat' dir='ltr'>tractandis</span> <span class='ocrx_word' id='word_1_366' title='bbox 1369 1192 1399 1220; x_wconf 89' lang='lat' dir='ltr'>et</span> <span class='ocrx_word' id='word_1_367' title='bbox 1414 1189 1617 1231; x_wconf 77' lang='lat' dir='ltr'>peragendis,</span> <span class='ocrx_word' id='word_1_368' title='bbox 1630 1189 1730 1223; x_wconf 79' lang='lat' dir='ltr'>libere</span> 
     </span>
     <span class='ocr_line' id='line_1_71' title="bbox 982 1238 1730 1281; baseline 0.008 -12"><span class='ocrx_word' id='word_1_369' title='bbox 982 1238 1102 1278; x_wconf 84' lang='lat' dir='ltr'>abesse,</span> <span class='ocrx_word' id='word_1_370' title='bbox 1132 1238 1219 1271; x_wconf 83' lang='lat' dir='ltr'>iuxta</span> <span class='ocrx_word' id='word_1_371' title='bbox 1244 1239 1435 1281; x_wconf 64' lang='lat' dir='ltr'>exigentiam</span> <span class='ocrx_word' id='word_1_372' title='bbox 1460 1240 1508 1273; x_wconf 90' lang='lat' dir='ltr'>sui</span> <span class='ocrx_word' id='word_1_373' title='bbox 1533 1242 1630 1275; x_wconf 81' lang='lat' dir='ltr'>oflicii</span> <span class='ocrx_word' id='word_1_374' title='bbox 1651 1243 1730 1275; x_wconf 88' lang='lat' dir='ltr'>resi-</span> 
     </span>
     <span class='ocr_line' id='line_1_72' title="bbox 982 1291 1729 1336; baseline 0.008 -13"><span class='ocrx_word' id='word_1_375' title='bbox 982 1291 1076 1331; x_wconf 86' lang='lat' dir='ltr'>dere;</span> <span class='ocrx_word' id='word_1_376' title='bbox 1099 1297 1130 1324; x_wconf 85' lang='lat' dir='ltr'>et</span> <span class='ocrx_word' id='word_1_377' title='bbox 1149 1292 1173 1323; x_wconf 82' lang='lat' dir='ltr'>si</span> <span class='ocrx_word' id='word_1_378' title='bbox 1195 1292 1275 1325; x_wconf 86' lang='lat' dir='ltr'>sorte</span> <span class='ocrx_word' id='word_1_379' title='bbox 1296 1293 1412 1336; x_wconf 86' lang='lat' dir='ltr'>aliquis</span> <span class='ocrx_word' id='word_1_380' title='bbox 1432 1304 1468 1326; x_wconf 83' lang='lat' dir='ltr'>ex</span> <span class='ocrx_word' id='word_1_381' title='bbox 1488 1294 1532 1327; x_wconf 86' lang='lat' dir='ltr'>sic</span> <span class='ocrx_word' id='word_1_382' title='bbox 1562 1295 1670 1328; x_wconf 88' lang='lat' dir='ltr'>clectis</span> <span class='ocrx_word' id='word_1_383' title='bbox 1695 1307 1729 1329; x_wconf 85' lang='lat' dir='ltr'>a-</span> 
     </span>
     <span class='ocr_line' id='line_1_73' title="bbox 983 1344 1729 1389; baseline 0.008 -14"><span class='ocrx_word' id='word_1_384' title='bbox 983 1344 1047 1386; x_wconf 91' lang='lat' dir='ltr'>pud</span> <span class='ocrx_word' id='word_1_385' title='bbox 1079 1349 1229 1386; x_wconf 81' lang='lat' dir='ltr'>castrum,</span> <span class='ocrx_word' id='word_1_386' title='bbox 1263 1346 1301 1378; x_wconf 83' lang='lat' dir='ltr'>ad</span> <span class='ocrx_word' id='word_1_387' title='bbox 1327 1347 1420 1379; x_wconf 83' lang='lat' dir='ltr'>cuius</span> <span class='ocrx_word' id='word_1_388' title='bbox 1443 1347 1638 1389; x_wconf 76' lang='lat' dir='ltr'>gubernium</span> <span class='ocrx_word' id='word_1_389' title='bbox 1673 1360 1729 1382; x_wconf 73' lang='lat' dir='ltr'>scu</span> 
     </span>
     <span class='ocr_line' id='line_1_74' title="bbox 981 1397 1727 1444; baseline 0.007 -15"><span class='ocrx_word' id='word_1_390' title='bbox 981 1397 1125 1439; x_wconf 76' lang='lat' dir='ltr'>regimen</span> <span class='ocrx_word' id='word_1_391' title='bbox 1145 1399 1266 1431; x_wconf 80' lang='lat' dir='ltr'>electus</span> <span class='ocrx_word' id='word_1_392' title='bbox 1287 1400 1392 1440; x_wconf 86' lang='lat' dir='ltr'>fuerit,</span> <span class='ocrx_word' id='word_1_393' title='bbox 1417 1400 1558 1433; x_wconf 85' lang='lat' dir='ltr'>residere</span> <span class='ocrx_word' id='word_1_394' title='bbox 1579 1402 1727 1444; x_wconf 81' lang='lat' dir='ltr'>neglexe-</span> 
     </span>
     <span class='ocr_line' id='line_1_75' title="bbox 981 1451 1728 1493; baseline 0.008 -11"><span class='ocrx_word' id='word_1_395' title='bbox 981 1451 1020 1483; x_wconf 89' lang='lat' dir='ltr'>rit</span> <span class='ocrx_word' id='word_1_396' title='bbox 1040 1456 1095 1483; x_wconf 85' lang='lat' dir='ltr'>aut</span> <span class='ocrx_word' id='word_1_397' title='bbox 1114 1453 1319 1493; x_wconf 82' lang='lat' dir='ltr'>recusaverit,</span> <span class='ocrx_word' id='word_1_398' title='bbox 1341 1458 1416 1486; x_wconf 89' lang='lat' dir='ltr'>tunc</span> <span class='ocrx_word' id='word_1_399' title='bbox 1436 1454 1508 1487; x_wconf 83' lang='lat' dir='ltr'>talis</span> <span class='ocrx_word' id='word_1_400' title='bbox 1525 1454 1570 1487; x_wconf 88' lang='lat' dir='ltr'>sic</span> <span class='ocrx_word' id='word_1_401' title='bbox 1586 1455 1728 1489; x_wconf 80' lang='lat' dir='ltr'>residere</span> 
     </span>
     <span class='ocr_line' id='line_1_76' title="bbox 979 1504 1724 1547; baseline 0.005 -11"><span class='ocrx_word' id='word_1_402' title='bbox 979 1504 1144 1547; x_wconf 78' lang='lat' dir='ltr'>negligens</span> <span class='ocrx_word' id='word_1_403' title='bbox 1164 1511 1219 1537; x_wconf 86' lang='lat' dir='ltr'>aut</span> <span class='ocrx_word' id='word_1_404' title='bbox 1240 1516 1391 1538; x_wconf 89' lang='lat' dir='ltr'>recusans</span> <span class='ocrx_word' id='word_1_405' title='bbox 1410 1507 1534 1539; x_wconf 88' lang='lat' dir='ltr'>amittat</span> <span class='ocrx_word' id='word_1_406' title='bbox 1558 1508 1724 1546; x_wconf 83' lang='lat' dir='ltr'>salarium,</span> 
     </span>
     <span class='ocr_line' id='line_1_77' title="bbox 979 1558 1725 1602; baseline 0.005 -12"><span class='ocrx_word' id='word_1_407' title='bbox 979 1562 1009 1590; x_wconf 87' lang='lat' dir='ltr'>et</span> <span class='ocrx_word' id='word_1_408' title='bbox 1028 1568 1093 1590; x_wconf 91' lang='lat' dir='ltr'>non</span> <span class='ocrx_word' id='word_1_409' title='bbox 1114 1558 1213 1602; x_wconf 80' lang='lat' dir='ltr'>possit</span> <span class='ocrx_word' id='word_1_410' title='bbox 1237 1569 1295 1602; x_wconf 90' lang='lat' dir='ltr'>per</span> <span class='ocrx_word' id='word_1_411' title='bbox 1318 1559 1418 1592; x_wconf 90' lang='lat' dir='ltr'>trinas</span> <span class='ocrx_word' id='word_1_412' title='bbox 1443 1560 1725 1595; x_wconf 85' lang='lat' dir='ltr'>imbussulationes</span> 
     </span>
     <span class='ocr_line' id='line_1_78' title="bbox 979 1611 1725 1656; baseline 0.007 -13"><span class='ocrx_word' id='word_1_413' title='bbox 979 1611 1148 1644; x_wconf 89' lang='lat' dir='ltr'>continuas</span> <span class='ocrx_word' id='word_1_414' title='bbox 1180 1623 1238 1656; x_wconf 90' lang='lat' dir='ltr'>pro</span> <span class='ocrx_word' id='word_1_415' title='bbox 1276 1612 1432 1646; x_wconf 82' lang='lat' dir='ltr'>electione</span> <span class='ocrx_word' id='word_1_416' title='bbox 1463 1613 1501 1646; x_wconf 84' lang='lat' dir='ltr'>ad</span> <span class='ocrx_word' id='word_1_417' title='bbox 1526 1614 1656 1656; x_wconf 85' lang='lat' dir='ltr'>aliquod</span> <span class='ocrx_word' id='word_1_418' title='bbox 1688 1626 1725 1648; x_wconf 85' lang='lat' dir='ltr'>ex</span> 
     </span>
     <span class='ocr_line' id='line_1_79' title="bbox 978 1664 1724 1700; baseline 0.003 -3"><span class='ocrx_word' id='word_1_419' title='bbox 978 1664 1071 1698; x_wconf 89' lang='lat' dir='ltr'>dictis</span> <span class='ocrx_word' id='word_1_420' title='bbox 1096 1666 1210 1699; x_wconf 82' lang='lat' dir='ltr'>officiis</span> <span class='ocrx_word' id='word_1_421' title='bbox 1234 1667 1422 1699; x_wconf 89' lang='lat' dir='ltr'>eorumdem</span> <span class='ocrx_word' id='word_1_422' title='bbox 1454 1672 1631 1699; x_wconf 70' lang='lat' dir='ltr'>castrorum</span> <span class='ocrx_word' id='word_1_423' title='bbox 1662 1668 1724 1700; x_wconf 91' lang='lat' dir='ltr'>im-</span> 
     </span>
     <span class='ocr_line' id='line_1_80' title="bbox 979 1718 1722 1763; baseline 0.003 -13"><span class='ocrx_word' id='word_1_424' title='bbox 979 1718 1157 1758; x_wconf 74' lang='lat' dir='ltr'>bussulari,</span> <span class='ocrx_word' id='word_1_425' title='bbox 1177 1725 1207 1752; x_wconf 89' lang='lat' dir='ltr'>et</span> <span class='ocrx_word' id='word_1_426' title='bbox 1227 1730 1302 1752; x_wconf 89' lang='lat' dir='ltr'>casu</span> <span class='ocrx_word' id='word_1_427' title='bbox 1323 1730 1386 1763; x_wconf 89' lang='lat' dir='ltr'>quo</span> <span class='ocrx_word' id='word_1_428' title='bbox 1407 1719 1562 1753; x_wconf 80' lang='lat' dir='ltr'>dissensio</span> <span class='ocrx_word' id='word_1_429' title='bbox 1582 1731 1638 1753; x_wconf 89' lang='lat' dir='ltr'>seu</span> <span class='ocrx_word' id='word_1_430' title='bbox 1659 1721 1722 1753; x_wconf 85' lang='lat' dir='ltr'>dis-</span> 
     </span>
     <span class='ocr_line' id='line_1_81' title="bbox 979 1771 1722 1813; baseline 0.003 -9"><span class='ocrx_word' id='word_1_431' title='bbox 979 1772 1088 1804; x_wconf 82' lang='lat' dir='ltr'>cordia</span> <span class='ocrx_word' id='word_1_432' title='bbox 1109 1772 1192 1805; x_wconf 85' lang='lat' dir='ltr'>iuter</span> <span class='ocrx_word' id='word_1_433' title='bbox 1222 1783 1277 1805; x_wconf 79' lang='lat' dir='ltr'>vos</span> <span class='ocrx_word' id='word_1_434' title='bbox 1297 1778 1327 1805; x_wconf 88' lang='lat' dir='ltr'>et</span> <span class='ocrx_word' id='word_1_435' title='bbox 1360 1771 1404 1806; x_wconf 85' lang='lat' dir='ltr'>sic</span> <span class='ocrx_word' id='word_1_436' title='bbox 1439 1773 1567 1813; x_wconf 74' lang='lat' dir='ltr'>electos,</span> <span class='ocrx_word' id='word_1_437' title='bbox 1599 1774 1722 1807; x_wconf 88' lang='lat' dir='ltr'>ratione</span> 
     </span>
     <span class='ocr_line' id='line_1_82' title="bbox 978 1825 1720 1870; baseline 0.003 -13"><span class='ocrx_word' id='word_1_438' title='bbox 978 1825 1255 1866; x_wconf 87' lang='lat' dir='ltr'>nonresidentiae,</span> <span class='ocrx_word' id='word_1_439' title='bbox 1276 1826 1410 1866; x_wconf 88' lang='lat' dir='ltr'>oriatur,</span> <span class='ocrx_word' id='word_1_440' title='bbox 1427 1831 1504 1859; x_wconf 88' lang='lat' dir='ltr'>tunc</span> <span class='ocrx_word' id='word_1_441' title='bbox 1522 1837 1559 1859; x_wconf 87' lang='lat' dir='ltr'>eo</span> <span class='ocrx_word' id='word_1_442' title='bbox 1578 1837 1651 1859; x_wconf 88' lang='lat' dir='ltr'>casu</span> <span class='ocrx_word' id='word_1_443' title='bbox 1663 1837 1720 1870; x_wconf 90' lang='lat' dir='ltr'>pro</span> 
     </span>
     <span class='ocr_line' id='line_1_83' title="bbox 978 1878 1721 1923; baseline 0.004 -13"><span class='ocrx_word' id='word_1_444' title='bbox 978 1883 1123 1922; x_wconf 84' lang='lat' dir='ltr'>tempore</span> <span class='ocrx_word' id='word_1_445' title='bbox 1141 1879 1277 1912; x_wconf 84' lang='lat' dir='ltr'>existens</span> <span class='ocrx_word' id='word_1_446' title='bbox 1297 1884 1403 1912; x_wconf 87' lang='lat' dir='ltr'>rector</span> <span class='ocrx_word' id='word_1_447' title='bbox 1422 1878 1523 1912; x_wconf 85' lang='lat' dir='ltr'>dictae</span> <span class='ocrx_word' id='word_1_448' title='bbox 1538 1880 1721 1923; x_wconf 85' lang='lat' dir='ltr'>provinciae</span> 
     </span>
     <span class='ocr_line' id='line_1_84' title="bbox 979 1931 1722 1976; baseline 0.003 -12"><span class='ocrx_word' id='word_1_449' title='bbox 979 1932 1078 1975; x_wconf 86' lang='lat' dir='ltr'>possit</span> <span class='ocrx_word' id='word_1_450' title='bbox 1097 1932 1195 1964; x_wconf 90' lang='lat' dir='ltr'>alium</span> <span class='ocrx_word' id='word_1_451' title='bbox 1221 1943 1257 1965; x_wconf 81' lang='lat' dir='ltr'>ex</span> <span class='ocrx_word' id='word_1_452' title='bbox 1283 1932 1404 1965; x_wconf 87' lang='lat' dir='ltr'>eisdem</span> <span class='ocrx_word' id='word_1_453' title='bbox 1430 1931 1550 1965; x_wconf 87' lang='lat' dir='ltr'>civibus</span> <span class='ocrx_word' id='word_1_454' title='bbox 1580 1943 1637 1976; x_wconf 84' lang='lat' dir='ltr'>per</span> <span class='ocrx_word' id='word_1_455' title='bbox 1668 1943 1722 1966; x_wconf 85' lang='lat' dir='ltr'>vos</span> 
     </span>
     <span class='ocr_line' id='line_1_85' title="bbox 979 1984 1722 2028; baseline 0.001 -11"><span class='ocrx_word' id='word_1_456' title='bbox 979 1984 1162 2027; x_wconf 68' lang='lat' dir='ltr'>eligendum</span> <span class='ocrx_word' id='word_1_457' title='bbox 1184 1986 1222 2017; x_wconf 84' lang='lat' dir='ltr'>ad</span> <span class='ocrx_word' id='word_1_458' title='bbox 1245 1986 1305 2018; x_wconf 90' lang='lat' dir='ltr'>tale</span> <span class='ocrx_word' id='word_1_459' title='bbox 1322 1985 1465 2028; x_wconf 80' lang='lat' dir='ltr'>regimen</span> <span class='ocrx_word' id='word_1_460' title='bbox 1485 1991 1515 2018; x_wconf 89' lang='lat' dir='ltr'>et</span> <span class='ocrx_word' id='word_1_461' title='bbox 1528 1985 1722 2028; x_wconf 75' lang='lat' dir='ltr'>gubernium</span> 
     </span>
     <span class='ocr_line' id='line_1_86' title="bbox 979 2038 1723 2081; baseline 0.001 -11"><span class='ocrx_word' id='word_1_462' title='bbox 979 2038 1149 2081; x_wconf 85' lang='lat' dir='ltr'>deputare;</span> <span class='ocrx_word' id='word_1_463' title='bbox 1167 2044 1195 2071; x_wconf 85' lang='lat' dir='ltr'>et</span> <span class='ocrx_word' id='word_1_464' title='bbox 1217 2039 1303 2081; x_wconf 92' lang='lat' dir='ltr'>quod</span> <span class='ocrx_word' id='word_1_465' title='bbox 1325 2038 1364 2071; x_wconf 89' lang='lat' dir='ltr'>de</span> <span class='ocrx_word' id='word_1_466' title='bbox 1382 2043 1488 2071; x_wconf 85' lang='lat' dir='ltr'>cetero</span> <span class='ocrx_word' id='word_1_467' title='bbox 1508 2038 1623 2071; x_wconf 85' lang='lat' dir='ltr'>futuris</span> <span class='ocrx_word' id='word_1_468' title='bbox 1641 2045 1723 2072; x_wconf 89' lang='lat' dir='ltr'>tem-</span> 
     </span>
     <span class='ocr_line' id='line_1_87' title="bbox 979 2091 1723 2136; baseline 0.003 -12"><span class='ocrx_word' id='word_1_469' title='bbox 979 2092 1112 2135; x_wconf 80' lang='lat' dir='ltr'>poribus</span> <span class='ocrx_word' id='word_1_470' title='bbox 1132 2093 1169 2124; x_wconf 92' lang='lat' dir='ltr'>ad</span> <span class='ocrx_word' id='word_1_471' title='bbox 1195 2091 1389 2125; x_wconf 86' lang='lat' dir='ltr'>solutionem</span> <span class='ocrx_word' id='word_1_472' title='bbox 1421 2092 1523 2125; x_wconf 87' lang='lat' dir='ltr'>dictae</span> <span class='ocrx_word' id='word_1_473' title='bbox 1551 2093 1650 2136; x_wconf 89' lang='lat' dir='ltr'>partis</span> <span class='ocrx_word' id='word_1_474' title='bbox 1685 2104 1723 2126; x_wconf 79' lang='lat' dir='ltr'>ex</span> 
     </span>
     <span class='ocr_line' id='line_1_88' title="bbox 979 2145 1722 2179; baseline 0.003 -2"><span class='ocrx_word' id='word_1_475' title='bbox 979 2145 1128 2177; x_wconf 76' lang='lat' dir='ltr'>tertiariis</span> <span class='ocrx_word' id='word_1_476' title='bbox 1152 2151 1180 2177; x_wconf 92' lang='lat' dir='ltr'>et</span> <span class='ocrx_word' id='word_1_477' title='bbox 1207 2145 1305 2177; x_wconf 82' lang='lat' dir='ltr'>solitis</span> <span class='ocrx_word' id='word_1_478' title='bbox 1332 2145 1546 2178; x_wconf 80' lang='lat' dir='ltr'>solutionibus</span> <span class='ocrx_word' id='word_1_479' title='bbox 1570 2146 1722 2179; x_wconf 87' lang='lat' dir='ltr'>faciendis</span> 
     </span>
     <span class='ocr_line' id='line_1_89' title="bbox 978 2198 1723 2239; baseline 0.003 -8"><span class='ocrx_word' id='word_1_480' title='bbox 978 2199 1104 2231; x_wconf 81' lang='lat' dir='ltr'>vicariis</span> <span class='ocrx_word' id='word_1_481' title='bbox 1124 2198 1379 2231; x_wconf 75' lang='lat' dir='ltr'>Ariminensibus</span> <span class='ocrx_word' id='word_1_482' title='bbox 1399 2209 1463 2231; x_wconf 90' lang='lat' dir='ltr'>non</span> <span class='ocrx_word' id='word_1_483' title='bbox 1484 2199 1670 2239; x_wconf 86' lang='lat' dir='ltr'>teneamini,</span> <span class='ocrx_word' id='word_1_484' title='bbox 1684 2200 1723 2233; x_wconf 90' lang='lat' dir='ltr'>de</span> 
     </span>
     <span class='ocr_line' id='line_1_90' title="bbox 980 2251 1719 2292; baseline 0.003 -8"><span class='ocrx_word' id='word_1_485' title='bbox 980 2263 1061 2284; x_wconf 87' lang='lat' dir='ltr'>novo</span> <span class='ocrx_word' id='word_1_486' title='bbox 1071 2252 1250 2292; x_wconf 83' lang='lat' dir='ltr'>statuimus,</span> <span class='ocrx_word' id='word_1_487' title='bbox 1263 2251 1471 2284; x_wconf 79' lang='lat' dir='ltr'>concedimus</span> <span class='ocrx_word' id='word_1_488' title='bbox 1483 2257 1512 2285; x_wconf 84' lang='lat' dir='ltr'>et</span> <span class='ocrx_word' id='word_1_489' title='bbox 1523 2253 1719 2287; x_wconf 90' lang='lat' dir='ltr'>ordinamus.</span> 
     </span>
    </p>

    <p class='ocr_par' dir='ltr' id='par_1_15' title="bbox 979 2305 1724 2589">
     <span class='ocr_line' id='line_1_91' title="bbox 1024 2305 1724 2349; baseline 0.001 -11"><span class='ocrx_word' id='word_1_490' title='bbox 1024 2307 1038 2349; x_wconf 64' lang='grc' dir='ltr'>,ξ</span> <span class='ocrx_word' id='word_1_491' title='bbox 1063 2307 1093 2339; x_wconf 81' lang='lat'>5.</span> <span class='ocrx_word' id='word_1_492' title='bbox 1120 2305 1302 2337; x_wconf 75' lang='lat' dir='ltr'>Mandautes</span> <span class='ocrx_word' id='word_1_493' title='bbox 1322 2315 1380 2348; x_wconf 87' lang='lat' dir='ltr'>pro</span> <span class='ocrx_word' id='word_1_494' title='bbox 1403 2311 1545 2348; x_wconf 89' lang='lat' dir='ltr'>tempore</span> <span class='ocrx_word' id='word_1_495' title='bbox 1566 2306 1724 2339; x_wconf 76' lang='lat' dir='ltr'>existenti-</span> 
     </span>
     <span class='ocr_line' id='line_1_92' title="bbox 980 2353 1723 2398; baseline 0.005 -13"><span class='ocrx_word' id='word_1_496' title='bbox 980 2354 1086 2386; x_wconf 83' lang='lat' dir='ltr'>busin</span> <span class='ocrx_word' id='word_1_497' title='bbox 1117 2354 1200 2386; x_wconf 81' lang='lat' dir='ltr'>dicta</span> <span class='ocrx_word' id='word_1_498' title='bbox 1221 2353 1383 2396; x_wconf 81' lang='lat' dir='ltr'>provincia</span> <span class='ocrx_word' id='word_1_499' title='bbox 1405 2354 1494 2387; x_wconf 86' lang='lat' dir='ltr'>Sedis</span> <span class='ocrx_word' id='word_1_500' title='bbox 1522 2355 1723 2398; x_wconf 72' lang='lat' dir='ltr'>Apostolicae</span> 
     </span>
     <span class='ocr_line' id='line_1_93' title="bbox 980 2403 1723 2445; baseline 0.004 -11"><span class='ocrx_word' id='word_1_501' title='bbox 980 2403 1083 2443; x_wconf 59' lang='lat' dir='ltr'>legato</span> <span class='ocrx_word' id='word_1_502' title='bbox 1109 2414 1163 2435; x_wconf 85' lang='lat' dir='ltr'>seu</span> <span class='ocrx_word' id='word_1_503' title='bbox 1192 2403 1364 2445; x_wconf 70' lang='lat' dir='ltr'>vicelegato</span> <span class='ocrx_word' id='word_1_504' title='bbox 1393 2413 1429 2435; x_wconf 87' lang='lat' dir='ltr'>ac</span> <span class='ocrx_word' id='word_1_505' title='bbox 1458 2403 1561 2436; x_wconf 84' lang='lat' dir='ltr'>dictae</span> <span class='ocrx_word' id='word_1_506' title='bbox 1590 2403 1723 2437; x_wconf 79' lang='lat' dir='ltr'>civitatis</span> 
     </span>
     <span class='ocr_line' id='line_1_94' title="bbox 979 2451 1724 2494; baseline 0.005 -12"><span class='ocrx_word' id='word_1_507' title='bbox 979 2451 1199 2493; x_wconf 52' lang='lat' dir='ltr'>nubs-rinitori,</span> <span class='ocrx_word' id='word_1_508' title='bbox 1209 2457 1243 2483; x_wconf 90' lang='lat' dir='ltr'>ut</span> <span class='ocrx_word' id='word_1_509' title='bbox 1258 2451 1430 2494; x_wconf 86' lang='lat' dir='ltr'>praemissa</span> <span class='ocrx_word' id='word_1_510' title='bbox 1439 2451 1546 2484; x_wconf 84' lang='lat' dir='ltr'>omnia</span> <span class='ocrx_word' id='word_1_511' title='bbox 1556 2452 1724 2486; x_wconf 85' lang='lat' dir='ltr'>observent</span> 
     </span>
     <span class='ocr_line' id='line_1_95' title="bbox 979 2499 1723 2544; baseline 0.007 -15"><span class='ocrx_word' id='word_1_512' title='bbox 979 2505 1007 2531; x_wconf 66' lang='lat' dir='ltr'>et</span> <span class='ocrx_word' id='word_1_513' title='bbox 1022 2499 1181 2532; x_wconf 72' lang='lat' dir='ltr'>observari</span> <span class='ocrx_word' id='word_1_514' title='bbox 1194 2500 1346 2532; x_wconf 88' lang='lat' dir='ltr'>mandent</span> <span class='ocrx_word' id='word_1_515' title='bbox 1359 2511 1366 2539; x_wconf 86' lang='lat'>;</span> <span class='ocrx_word' id='word_1_516' title='bbox 1379 2511 1497 2543; x_wconf 87' lang='lat' dir='ltr'>vosque</span> <span class='ocrx_word' id='word_1_517' title='bbox 1517 2502 1723 2544; x_wconf 86' lang='lat' dir='ltr'>approbatio-</span> 
     </span>
     <span class='ocr_line' id='line_1_96' title="bbox 980 2548 1723 2589; baseline 0.004 -9"><span class='ocrx_word' id='word_1_518' title='bbox 980 2558 1028 2589; x_wconf 82' lang='lat' dir='ltr'>ne,</span> <span class='ocrx_word' id='word_1_519' title='bbox 1047 2548 1288 2582; x_wconf 82' lang='lat' dir='ltr'>confirmatione</span> <span class='ocrx_word' id='word_1_520' title='bbox 1300 2554 1331 2582; x_wconf 89' lang='lat' dir='ltr'>et</span> <span class='ocrx_word' id='word_1_521' title='bbox 1341 2549 1515 2589; x_wconf 85' lang='lat' dir='ltr'>additione,</span> <span class='ocrx_word' id='word_1_522' title='bbox 1527 2559 1654 2583; x_wconf 89' lang='lat' dir='ltr'>necnon</span> <span class='ocrx_word' id='word_1_523' title='bbox 1667 2560 1723 2583; x_wconf 91' lang='lat' dir='ltr'>no-</span> 
     </span>
    </p>
   </div>
   <div class='ocr_carea' id='block_1_14' title="bbox 1754 171 1939 202">
    <p class='ocr_par' dir='ltr' id='par_1_16' title="bbox 1754 171 1939 202">
     <span class='ocr_line' id='line_1_97' title="bbox 1754 171 1939 202; baseline 0.011 -2"><span class='ocrx_word' id='word_1_524' title='bbox 1754 171 1808 200; x_wconf 80' lang='lat' dir='ltr'>An.</span> <span class='ocrx_word' id='word_1_525' title='bbox 1824 171 1854 200; x_wconf 90' lang='lat' dir='ltr'>C.</span> <span class='ocrx_word' id='word_1_526' title='bbox 1872 171 1939 202; x_wconf 83' lang='lat'>¹585</span> 
     </span>
    </p>
   </div>
   <div class='ocr_carea' id='block_1_15' title="bbox 1739 2323 1924 2444">
    <p class='ocr_par' dir='ltr' id='par_1_17' title="bbox 1739 2323 1924 2444">
     <span class='ocr_line' id='line_1_98' title="bbox 1774 2323 1919 2351; baseline 0.014 -7"><span class='ocrx_word' id='word_1_527' title='bbox 1774 2323 1919 2351; x_wconf 76' lang='lat' dir='ltr'>Exequutore·</span> 
     </span>
     <span class='ocr_line' id='line_1_99' title="bbox 1739 2355 1921 2376; baseline -0.011 -1"><span class='ocrx_word' id='word_1_528' title='bbox 1739 2355 1856 2376; x_wconf 83' lang='lat' dir='ltr'>huiusmodi</span> <span class='ocrx_word' id='word_1_529' title='bbox 1883 2358 1921 2374; x_wconf 57' lang='lat' dir='ltr'>ile-</span> 
     </span>
     <span class='ocr_line' id='line_1_100' title="bbox 1739 2386 1924 2411; baseline 0 -4"><span class='ocrx_word' id='word_1_530' title='bbox 1739 2386 1877 2407; x_wconf 67' lang='lat' dir='ltr'>elz-rationum</span> <span class='ocrx_word' id='word_1_531' title='bbox 1887 2387 1924 2411; x_wconf 64' lang='lat' dir='ltr'>deq</span> 
     </span>
     <span class='ocr_line' id='line_1_101' title="bbox 1739 2418 1812 2444; baseline 0 -6"><span class='ocrx_word' id='word_1_532' title='bbox 1739 2418 1812 2444; x_wconf 75' lang='lat' dir='ltr'>putati.</span> 
     </span>
    </p>
   </div>
  </div>
 </body>
</html>
