2059 3228
112 288 161 318 An.
179 289 207 317 C.
225 290 292 318 ¹58ss
355 280 417 313 746

309 342 340 374 in
373 338 538 383 provincia
567 336 720 370 Castellae
745 334 902 379 deputati,
925 340 956 368 et
980 345 1053 368 cum

307 392 539 437 approbatione
572 390 770 423 visitatorum
802 388 1053 432 apostolicorum

306 446 409 478 dictae
426 443 613 487 Religionis,
635 443 794 485 quaedam
813 442 876 475 alia
895 442 1052 481 instituta,

304 499 344 532 ad
369 498 477 531 carnis
500 497 784 530 mortificationem
810 501 841 529 et
867 494 979 540 populi
1001 505 1054 527 ae-

303 551 535 591 dificationem,
557 552 596 584 ab
621 550 711 583 initio
743 559 820 583 suae
843 548 1055 582 institutionis

303 607 471 639 observare
492 605 714 648 incoeperant,
732 603 830 636 veluti
846 602 1054 635 discalceatos

303 659 465 699 incedere,
488 658 581 691 indui
604 668 710 698 sacco,
733 656 876 691 dormire
897 666 995 700 super
1012 661 1055 688 ta-

302 713 397 754 bulis,
420 713 460 745 ad
479 712 708 746 sublevandam
729 721 819 744 suam
831 709 974 754 inopiam
986 720 1054 742 ma-

302 767 397 800 nibus
416 766 558 811 propriis
577 765 718 810 operari,
746 765 884 798 multum
910 774 942 796 se
966 764 998 795 in
1019 773 1054 795 o—

302 820 426 853 ratione
460 830 621 860 exercere,
664 818 875 862 divinumque
911 816 1054 850 officium

302 875 370 908 sine
391 879 488 908 cantu
509 879 540 907 et
566 873 634 906 sine
655 871 876 906 modulatione
893 871 1052 909 recitare3

302 928 387 961 idem
413 927 587 971 Gregorius
606 926 848 971 praedecessor,
875 923 1054 957 charissimi

302 982 334 1014 in
360 981 486 1015 Christo
511 981 569 1014 filii
590 980 701 1021 nostri,
728 985 804 1013 tunc
830 978 893 1019 sui,
915 977 1054 1021 Philippi

304 1035 532 1079 Hispaniarum
552 1035 648 1077 Regis
679 1033 851 1072 catholici,
882 1043 920 1065 ac
958 1031 1054 1065 etiarn

304 1089 495 1122 eorumdem
523 1088 659 1121 fratrum
684 1087 958 1120 Discalceatorum
983 1095 1055 1128 pre-

304 1143 394 1176 cibus
413 1152 571 1183 annuens,
598 1142 638 1175 de
658 1141 794 1174 consilio
818 1138 1054 1173 venerabilium

303 1196 441 1230 fratrum
457 1201 655 1236 nostrorum,
678 1201 754 1228 tunc
775 1204 922 1234 suorum,
938 1192 1051 1225 S.R.E.

305 1250 531 1289 cardinalium,
553 1259 651 1293 super
669 1247 849 1281 visitatione
868 1245 1054 1290 apostolica,

305 1303 541 1336 consultatione
558 1302 787 1346 episcoporum
810 1305 842 1334 et
861 1299 1056 1343 regularium

305 1357 537 1390 reformatione
567 1356 810 1399 deputatorum,
837 1353 877 1387 de
913 1363 1054 1397 quorum

304 1420 441 1444 numero
461 1420 520 1443 nos
550 1420 692 1453 quoque,
718 1408 750 1442 in
779 1407 960 1441 minoribus
980 1417 1055 1440 con-

304 1463 405 1497 stituti
423 1469 455 1496 et
474 1462 694 1497 cardinalatus
712 1462 838 1495 honore
871 1461 1053 1504 fungentes,

305 1523 381 1550 tunc
401 1527 542 1557 eramus,
562 1516 744 1550 institutum
755 1514 1055 1559 huiusmodi,quod

304 1571 392 1604 iuxta
412 1570 609 1615 primitivam
633 1569 789 1613 Regulam
810 1569 1007 1614 praedictam
1032 1568 1057 1601 i-

304 1625 354 1668 psi
392 1625 507 1658 fratres
542 1623 789 1668 profitebantur,
829 1622 991 1656 laudando
1026 1627 1057 1655 et

305 1677 528 1722 approbando,
562 1677 665 1710 dictos
702 1677 816 1709 fratres
853 1681 885 1709 et
931 1675 1056 1708 monia-

305 1732 351 1764 les
368 1730 562 1775 primitivam
582 1730 771 1763 huiusmodi
784 1729 940 1772 Regulam
952 1729 986 1762 in
1005 1740 1057 1762 re-

306 1785 376 1828 gnis
413 1784 642 1828 Hispaniarum
681 1784 900 1822 observantes,
939 1783 1058 1816 Discal-

306 1843 414 1871 ceatos
422 1843 640 1881 nuncupatos,
654 1847 833 1880 eorumque
844 1836 969 1877 domos,
982 1846 1059 1870 con-

306 1897 430 1931 ventus,
458 1891 653 1924 monasteria
678 1896 709 1924 et
734 1891 817 1932 loca,
840 1897 918 1924 tunc
943 1896 973 1923 et
997 1900 1057 1934 pro

307 1953 453 1989 tempore
487 1944 666 1984 existentia,
689 1955 707 1977 a
727 1943 902 1988 provinciis
920 1944 1058 1976 fratrum

308 2006 339 2032 et
359 1999 550 2033 monialium
563 1998 708 2031 eiusdem
721 1997 848 2032 Ordinis
868 1997 982 2030 Beatae
997 1997 1059 2030 Ma-

308 2053 376 2086 riae
400 2052 439 2085 de
452 2052 558 2085 Monte
578 2051 736 2092 Carmelo,
755 2051 911 2095 Regulam
932 2061 990 2095 per
1010 2050 1058 2082 di-

310 2111 398 2139 ctum
418 2105 599 2148 Eugenium
628 2105 912 2149 praedecessorem
933 2104 1060 2147 mitiga-

309 2164 374 2191 tam
391 2164 469 2191 tunc
489 2164 519 2191 et
542 2168 601 2202 pro
624 2164 771 2202 tempore
800 2157 1039 2190 observantium
1052 2183 1060 2197 ,

310 2211 365 2254 qui
390 2210 522 2254 Mitigati
545 2216 790 2254 nuncupantur,
816 2210 945 2254 penitus
971 2217 1002 2244 et
1025 2220 1061 2242 o-

312 2265 432 2305 mnino,
451 2265 482 2297 in
506 2271 713 2309 perpetuum,
729 2265 918 2298 auctoritate
937 2269 1063 2309 aposto-

312 2318 384 2358 lica,
406 2318 557 2357 seiunxit,
579 2318 738 2362 separavit
757 2324 789 2352 et
807 2318 1060 2358 dismembravit,

312 2371 463 2415 ipsosque
495 2372 710 2405 Discalceatos
737 2372 776 2404 ab
813 2372 902 2404 omni
931 2377 963 2405 et
985 2382 1063 2414 qua-

314 2435 453 2468 cumque
481 2424 716 2465 iurisdictione,
742 2424 933 2465 visitatione,
953 2435 1063 2458 corre-

314 2474 420 2507 ctione
453 2480 484 2507 et
519 2473 757 2518 superioritate,
788 2485 870 2517 quae
902 2474 1064 2517 prioribus

315 2522 565 2565 provincialibus
586 2522 766 2566 ceterisque
792 2523 942 2566 praelatis
962 2528 993 2555 et
1011 2532 1063 2554 su—

317 2570 498 2614 perioribus
519 2571 668 2614 Mitigatis
687 2572 720 2604 in
745 2572 832 2615 ipsos
854 2571 1066 2604 Discalceatos

317 2620 529 2662 competebat,
552 2627 709 2665 perpetuo
725 2620 842 2654 exemit
858 2627 889 2654 et
902 2620 1064 2660 liberavit;

901 282 1078 307 sst'LLARtttttt
1099 280 1248 305 ROMANUM

1095 333 1313 366 calceatorum
1339 333 1464 373 domos,
1493 334 1686 368 monasteria
1711 338 1742 368 et
1771 334 1843 367 loca

1095 397 1320 430 quaecumque
1340 392 1470 420 eatenus
1499 393 1604 420 erecta
1635 393 1666 421 et
1683 388 1841 428 instituta,

1095 445 1179 473 etex
1200 446 1277 473 tunc
1298 440 1330 473 in
1352 440 1495 473 futurum
1523 440 1673 483 erigenda
1696 447 1728 474 et
1751 441 1843 474 insti-

1095 496 1226 535 tuenda,
1252 495 1285 528 in
1317 506 1415 528 unani
1437 495 1647 540 provinciam,
1674 495 1714 529 de
1734 506 1791 539 per
1810 506 1843 528 se

1095 549 1366 582 Discalceatorum
1388 549 1651 593 nuncupandam,
1665 559 1722 592 per
1741 559 1843 582 unum

1095 602 1236 645 priorem
1259 602 1501 646 provincialem,
1528 602 1583 646 qui
1603 602 1635 635 in
1655 602 1795 646 capitulo
1818 603 1844 636 i-

1098 655 1184 700 psius
1195 656 1379 699 provinciae
1391 667 1427 690 ex
1439 656 1560 689 eisdem
1573 656 1792 698 Discalceatis,
1808 661 1845 690 ut

1096 710 1292 753 praefertur,
1307 709 1380 753 eligi
1401 710 1543 751 deberet,
1554 710 1729 753 regendam
1749 715 1846 753 etgu-

1095 763 1307 803 bernandam,
1322 763 1354 796 in
1374 769 1569 808 perpetuum
1584 763 1683 797 erexit
1700 768 1731 797 et
1751 761 1844 797 insti-

1097 817 1170 856 tuit,
1185 817 1352 861 ipsamque
1366 817 1564 861 provinciam
1585 818 1721 850 fratrum
1733 822 1765 851 et.
1775 827 1844 851 mo-

1096 870 1230 903 nialium
1254 871 1526 904 Discalcezitorum
1544 872 1603 905 suh
1621 870 1804 905 obedientia
1814 875 1846 904 et

1096 924 1322 968 superioritate
1343 925 1461 969 prioris
1489 925 1649 968 generalis
1672 924 1771 958 totius
1789 923 1846 959 Or-

1096 977 1191 1019 dinis,
1213 979 1252 1011 ad
1272 979 1373 1011 instar
1396 979 1533 1012 aliarum
1552 979 1794 1024 provinciarum
1813 989 1846 1013 e-

1095 1031 1220 1065 iusdem
1241 1032 1382 1074 Ordinis,
1413 1038 1570 1077 perpetuo
1590 1033 1768 1066 subiectam
1793 1043 1845 1066 re-

1095 1095 1239 1126 manere,
1259 1086 1390 1119 subesse
1407 1092 1437 1119 et
1457 1086 1623 1120 subiacere
1648 1085 1762 1120 voluit.
1785 1085 1850 1125 Qui-

1096 1139 1186 1183 prior
1204 1140 1373 1182 generalis,
1393 1151 1452 1184 per
1469 1151 1501 1174 se
1528 1141 1632 1184 ipsum
1654 1145 1777 1173 tantum
1795 1139 1846 1173 vel

1096 1203 1154 1236 per
1173 1193 1269 1225 alium
1286 1193 1388 1226 virum
1406 1194 1560 1227 idoneum
1581 1204 1618 1226 ex
1637 1193 1713 1237 ipsis
1723 1192 1846 1227 Discal-

1096 1246 1205 1287 ceatis,
1227 1252 1259 1279 et
1282 1246 1369 1280 iuxta
1393 1257 1505 1280 eorum
1526 1246 1723 1291 primitivam
1741 1247 1849 1290 Regu-

1096 1301 1159 1332 lam
1184 1311 1221 1333 ac
1240 1300 1401 1344 regularia
1421 1301 1564 1333 instituta
1578 1301 1618 1334 ab
1635 1300 1714 1345 ipsis
1728 1300 1849 1335 Discal-

1097 1353 1194 1386 ceatis
1219 1353 1382 1387 observari
1411 1353 1517 1394 solita,
1548 1364 1602 1387 eos
1629 1353 1772 1395 visitare,
1798 1364 1849 1388 re·

1097 1407 1247 1448 formare,
1277 1407 1441 1450 corrigere
1470 1413 1500 1440 et
1529 1407 1646 1452 punire
1671 1412 1792 1452 posset,
1813 1407 1849 1442 in

1096 1461 1302 1494 monasteriis
1322 1467 1443 1501 tamen,
1465 1461 1614 1495 domibus
1625 1467 1656 1495 et
1674 1461 1850 1506 locisipso-

1097 1525 1169 1548 rum
1191 1515 1325 1548 fratrum
1343 1515 1616 1548 Discalceatorum
1630 1542 1638 1556 ,
1661 1521 1750 1549 extra
1766 1525 1850 1560 quae

1097 1569 1283 1601 nullatenus
1301 1568 1362 1612 ipsi
1382 1568 1569 1602 Discalceati
1586 1569 1637 1602 vel
1655 1569 1774 1613 aliquis
1792 1579 1850 1603 eo-

1097 1632 1170 1655 rum
1195 1622 1234 1655 ab
1270 1622 1383 1655 eodem
1413 1622 1521 1666 priore
1554 1623 1712 1665 generali,
1737 1622 1851 1667 quovis

1098 1682 1266 1721 praetextu
1277 1676 1325 1709 vel
1337 1675 1674 1718 occasione‚amoveri,
1683 1675 1850 1720 assignari,

1098 1730 1230 1770 mutari,
1252 1729 1375 1763 extrahi
1392 1740 1449 1763 seu
1480 1730 1661 1772 transferri,
1681 1735 1737 1764 aut
1755 1730 1795 1764 ad
1815 1741 1850 1763 a-

1098 1783 1157 1816 lias
1177 1783 1358 1827 provincias
1378 1783 1459 1816 mitti
1484 1789 1538 1816 aut
1558 1783 1691 1816 retineri
1710 1788 1851 1827 possent,

1099 1836 1158 1869 nisi
1189 1837 1282 1869 aliter
1301 1837 1333 1869 in
1354 1847 1467 1870 eornm
1493 1836 1635 1881 capitulo
1659 1835 1850 1880 provinciali

1099 1890 1210 1924 fuisset
1230 1890 1436 1931 ordinatum3
1459 1889 1520 1934 ipsi
1550 1900 1626 1923 vero
1651 1889 1755 1924 dictae
1778 1900 1851 1934 pro-

1098 1943 1221 1977 vinciae
1245 1944 1517 1977 Discalceatorum
1551 1943 1666 1977 fratres
1689 1943 1722 1976 in
1756 1954 1851 1988 prae-

1101 1997 1207 2030 missis
1217 2002 1374 2041 perpetuo
1387 1997 1492 2030 eidem
1513 1996 1615 2042 priori
1635 1996 1779 2040 generali
1794 2007 1852 2041 pa-

1100 2062 1172 2084 rere
1193 2057 1224 2084 et
1243 2051 1387 2091 obedire,
1407 2056 1438 2084 et
1457 2062 1532 2084 cum
1552 2050 1658 2094 ipsum
1678 2051 1718 2084 ad
1738 2061 1852 2084 eorum

1102 2106 1306 2145 monasteria,
1327 2105 1440 2138 domos
1459 2110 1491 2138 et
1511 2105 1582 2138 loca
1606 2104 1775 2146 divertere,
1797 2110 1854 2138 aut

1102 2168 1162 2202 pro
1182 2158 1362 2191 visitatione
1386 2158 1573 2192 huiusmodi
1593 2159 1641 2192 vel
1662 2157 1741 2191 alias
1759 2169 1853 2192 acce-

1102 2211 1179 2244 dere
1199 2211 1395 2254 contigisset,
1417 2222 1491 2244 cum
1511 2211 1599 2244 omni
1619 2210 1803 2244 humilitate
1822 2215 1854 2244 et

1103 2264 1283 2298 reverentia
1301 2263 1440 2307 benigne
1452 2264 1598 2308 recipere
1614 2269 1645 2297 et
1656 2269 1854 2309 pertractare

1105 2323 1293 2351 tenerentur
1312 2323 1341 2351 et
1362 2317 1527 2351 deberent.
1550 2317 1653 2351 Priori
1678 2328 1752 2351 vero
1777 2328 1854 2362 pro-

1104 2371 1232 2404 vinciali
1253 2371 1399 2404 eiusdem
1428 2371 1611 2414 provinciae
1632 2371 1767 2404 fratrum
1785 2370 1854 2404 Dis-

1105 2424 1333 2465 calceatorum,
1347 2423 1434 2467 ipsos
1448 2424 1562 2458 fratres
1582 2429 1613 2457 et.
1622 2423 1778 2458 moniales
1787 2423 1855 2457 Dis-

1106 2473 1275 2513 calceatos,
1307 2473 1503 2517 illorumque
1537 2473 1661 2513 domos,
1693 2478 1854 2506 mona-sie-

1106 2522 1154 2554 ria
1173 2528 1203 2554 et
1218 2522 1287 2556 loca
1301 2532 1527 2565 quaecumque
1540 2521 1683 2565 regendi,
1699 2521 1854 2565 puniendi

1107 2576 1137 2603 ct
1162 2572 1350 2615 castigandi3
1385 2583 1422 2605 ac
1452 2572 1628 2615 capitulum
1656 2570 1854 2615 provinciale

1108 2620 1174 2652 suis
1199 2621 1270 2654 loco
1299 2627 1330 2653 et
1357 2626 1502 2664 tempore
1528 2619 1703 2658 indicendi,
1736 2629 1855 2651 convo-

317 2677 353 2700 ac
378 2669 567 2701 eorumdem
587 2670 723 2703 fratrum
741 2675 772 2703 et
791 2669 981 2702 monialium
1003 2669 1068 2702 Dis·-
1085 2700 1089 2715 ‚
1108 2669 1212 2709 candi,
1234 2669 1449 2712 congregandi
1471 2675 1502 2702 et
1529 2667 1722 2708 cetebt·andi;
1757 2677 1855 2712 quos-
