2059 3228
387 232 407 266 ιε)

414 245 424 266 κ
411 233 427 241 1

431 231 451 267 Ua

146 239 198 267 An.
211 240 240 269 C.
262 244 323 272 1581

647 297 777 332 CXXXI.

338 362 384 396 De
402 363 588 396 iudaeorum
606 368 662 396 aut
687 364 868 407 infidelium
881 364 1030 409 flaqitiz's,
1051 368 1087 400 in
1130 355 1292 398 Pl‘fll'ila‘is
1311 355 1413 390 libere
1433 357 1610 401 pmcedffl'e
1626 368 1719 403 908⁵ss
1731 360 1764 394 in
1774 362 1878 396 omni·

379 428 458 460 φατε
478 417 657 450 haereticae
681 418 859 460 pravitatis
878 419 1085 463 inquisitores

378 469 636 502 animadvertere
650 475 785 513 possunt
802 471 829 505 1.

381 548 526 585 Gregorius
541 550 684 588 episcopus
699 558 795 581 servus
813 559 954 582 servorum
972 554 1027 588 net,

497 604 531 633 ad
549 604 672 635 futuram
690 606 732 635 rel
750 608 921 637 memoriam.

369 675 508 720 Antiqua
543 677 734 714 iudaeorum
768 678 976 722 improbitas,
1015 691 1078 724 qua

181 742 260 769 ludaei,
276 746 309 771 qut
324 729 450 764 divinae
474 731 608 764 bonitati
625 742 754 776 semper
770 732 967 773 restiterunt,
989 739 1076 767 tanto

322 784 499 818 execratior
519 785 663 818 consistit
687 786 720 819 in
739 786 826 827 filiis,
849 792 968 830 quanto
994 786 1072 830 ipsi,

124 841 165 855 ’Μ
184 835 204 856 ⁵·
237 836 259 857 Β·
284 838 305 859 Ε·
320 837 361 870 ad
381 839 610 872 cumulandam
635 845 764 884 patrum
785 850 917 873 suorum
946 851 1074 873 mensu-

126 778 164 799 pro
175 778 247 795 eorum
258 780 311 796 eon-

125 805 225 826 versione
233 806 252 826 iu
263 812 308 832 gre-

123 866 262 894 recipiuntur,
272 875 307 889 au-

121 897 172 918 aem
183 899 202 918 m
218 900 307 926 refigio-
320 902 401 932 ram,
410 891 443 925 in
450 893 505 926 Dei
514 893 580 927 filio
590 894 790 938 repudiando
798 894 932 938 eiusque
946 896 976 926 in
990 905 1072 927 mor-

120 933 169 949 uem
205 930 306 951 christia-

119 964 167 980 uam
184 961 248 981 mn.
266 968 304 983 ne-
318 951 382 979 tem
403 946 526 980 nefarie
546 948 761 992 conspirando
781 949 909 991 gravius
929 948 1070 992 delique-

318 1006 406 1042 runt,
428 1001 484 1044 qui
509 1006 682 1045 propterea
714 1002 780 1035 suis
804 1001 909 1035 effecti
940 1002 1068 1035 maiori-

312 1055 373 1088 bus
394 1055 579 1098 nequiores,
601 1055 742 1099 propriis
773 1055 902 1088 sedibus
927 1056 1063 1099 expulsi,

311 1114 408 1152 atque
439 1109 472 1141 in
492 1119 605 1142 omnes
625 1109 761 1153 dispersi
790 1110 878 1142 orbis
903 1115 1064 1143 terrarum

310 1162 681 1206 regiones‚serritutique
692 1168 868 1207 perpetuae
877 1163 1062 1207 mancipati,

308 1227 373 1250 non
384 1217 579 1251 maioremin
592 1217 783 1260 cuiusquam
793 1217 912 1251 ditione
925 1218 1062 1252 clemen-

305 1271 398 1311 tiam,
420 1282 519 1315 quam
544 1271 577 1304 in
597 1271 849 1304 christianorum
870 1272 1057 1315 provinciis,

306 1324 443 1358 maxime
467 1336 542 1358 vero
569 1325 602 1358 in
626 1325 823 1369 apostolicae
840 1326 968 1370 pietatis
988 1337 1058 1370 gre-

304 1378 382 1418 mio,
404 1379 609 1419 invenerunt,
636 1389 731 1422 quae,
754 1389 813 1423 pro
847 1390 960 1412 eorum
982 1391 1057 1413 con-

302 1431 447 1466 versione
468 1425 628 1474 laborans‚
650 1443 703 1466 eos
726 1433 978 1466 misericorditer
1004 1445 1056 1467 ex-

301 1486 396 1529 cepit,
417 1492 513 1531 atque
552 1487 585 1520 in
618 1487 859 1520 cohabitatione
885 1499 950 1520 una
978 1499 1053 1521 cum

300 1538 373 1573 filiis
393 1540 459 1573 suis
479 1540 643 1581 sustinuit,
666 1541 705 1574 ad
716 1540 920 1584 veritatisque
941 1542 1052 1575 lumen

118 989 180 1012 landa
205 994 303 1014 commit-

116 1022 170 1042 uro.

298 1592 430 1626 allicere
459 1593 512 1637 pio
542 1605 671 1638 semper
701 1594 807 1627 studio
838 1601 952 1628 conata
990 1601 1048 1637 est,

298 1647 459 1690 rebusque
479 1647 518 1680 ad
549 1648 642 1686 vitam
664 1649 853 1681 necessariis
879 1648 954 1682 iuvit
969 1677 976 1690 ,
999 1649 1049 1682 in-

296 1700 389 1734 iuriis
417 1707 448 1734 et
483 1702 689 1735 contumeliis
720 1702 900 1746 prohibuit,
938 1703 1048 1736 multis

298 1755 437 1799 denique
457 1756 689 1789 beneficentiae
703 1767 778 1789 suae
788 1756 964 1800 privilegiis
984 1757 1042 1790 cir-

295 1809 529 1850 cummunivit;
564 1810 609 1842 illi
639 1821 714 1844 vero
747 1809 845 1843 nullis
879 1810 1046 1844 beneficiis

294 1864 515 1904 mansuefacti,
531 1864 676 1908 nihilque
703 1865 742 1898 de
762 1875 820 1898 suo
836 1864 1046 1908 pristinosce-

294 1916 360 1950 lere
384 1918 597 1958 remittentes,
631 1919 805 1952 Dominum
826 1925 973 1952 nostrum
998 1920 1044 1952 Ie-

292 1979 363 2002 sum
384 1970 547 2004 Christum
565 1972 598 2005 in
618 1973 977 2016 coelotriumphantem
991 1974 1043 2006 ad-

291 2023 356 2057 huc
376 2023 408 2057 in
429 2026 593 2069 synagocis
626 2026 691 2060 suis
725 2032 756 2060 et
789 2028 911 2071 ubique
936 2038 1042 2071 perse-

291 2083 448 2119 quuntur;
470 2079 588 2113 Christi
607 2091 738 2125 quoque
760 2081 913 2114 membris
940 2082 1042 2115 insen-

290 2130 419 2171 sissimi,
441 2143 506 2166 non
522 2134 675 2167 desinunt
695 2134 727 2167 in
747 2134 937 2178 religionem
959 2136 1039 2169 chri-

290 2183 427 2218 stianam
447 2186 611 2220 horrenda
630 2188 778 2222 facinora
797 2189 947 2232 quotidie
975 2200 1040 2222 ma-

289 2236 336 2278 gis
356 2239 486 2272 audere.

334 2291 399 2333 {¹l.
427 2293 548 2332 Quibus
576 2305 655 2336 nos,
685 2305 726 2328 ne
762 2295 891 2339 pietatis
911 2301 1039 2329 nostrae

103 2356 142 2380 me
157 2358 204 2379 meo
219 2358 277 2379 ron-
290 2345 413 2386 puritas
435 2347 611 2390 polluatur,
638 2354 693 2382 aut
708 2360 726 2382 a
746 2349 847 2382 soedis
870 2349 1038 2393 mancipiis

90 2389 147 2446 ¹:222
180 2390 405 2442 ‘'2722''3‘3111'5515
434 2401 724 2435 christianorumve
749 2402 874 2435 nomini
905 2402 1038 2446 impune

93 2451 218 2473 ⁸¹⁶⁰⁶d⁸¹³¹
291 2451 455 2491 illudatur,
478 2455 606 2488 obviare
630 2457 783 2496 volentes,
811 2455 982 2489 statuimus
1001 2466 1038 2488 ac

328 2520 337 2546 t
360 2519 401 2546 Ad
416 2519 469 2547 hoc
490 2521 553 2548 facit
568 2521 671 2549 Nicolai
686 2522 720 2549 IV
736 2525 825 2550 const.
849 2528 878 2555 tt,
907 2521 1036 2555 Turbato,

289 2567 354 2591 tom.
373 2570 410 2598 tv,
427 2572 489 2600 pag.
506 2566 550 2599 883
566 2570 593 2593 et
608 2567 641 2594 de
662 2567 777 2594 materIa
793 2567 960 2595 iudaeorum
985 2573 1037 2594 no-

290 2608 344 2635 tavi
361 2609 387 2635 in
405 2608 483 2635 Pauli
505 2609 535 2635 tv
561 2610 764 2640 constitutione
790 2618 828 2645 vl,
854 2611 924 2640 Cum
944 2611 1035 2645 nimus,

289 2657 355 2681 tom.
373 2659 412 2688 Vt,
429 2661 490 2688 pag,
509 2656 570 2684 tuti.

958 243 1137 270 BULLARIUM
1160 246 1311 272 ROMANUM

1132 301 1226 334 etiam
1249 302 1452 337 declaramus
1472 303 1678 348 inquisitores
1699 307 1880 343 haereticae

1128 408 1188 441 bus
1208 410 1313 443 causis
1333 415 1363 443 et
1385 411 1524 453 casibus,
1540 412 1595 456 qui
1620 419 1812 458 sequuntur.

1170 461 1184 505 ἓ
1205 461 1235 495 ⁶2.
1259 462 1290 496 Si
1311 463 1382 506 quis
1399 464 1533 498 iudaeus
1554 466 1767 505 autinfidelis,
1789 468 1875 503 iniis
1913 483 1944 507 η.
1982 477 1996 514 ᾗ-

1124 525 1206 558 quae
1227 516 1312 551 circa
1326 518 1423 552 fidem
1433 520 1582 554 cumillis
1593 520 1685 554 nobis
1697 527 1772 556 sunt
1787 534 1874 559 com·
1886 519 1957 570 iffa
2020 541 2028 569 A

1123 569 1246 612 munia,
1269 571 1368 604 veluti
1388 572 1490 606 Deum
1514 585 1617 607 unum
1637 580 1669 608 et
1687 580 1868 619 aeternum,
1885 580 1932 600 ⁰⁸⁵²

1121 624 1389 668 omnipotentem,
1413 632 1589 661 creatorem
1611 629 1871 665 omniumvisihi-

1120 675 1212 718 lium,
1234 684 1264 711 et
1283 678 1490 713 invisibilium
1512 687 1542 714 et
1563 681 1693 722 similia,
1716 693 1779 717 non
1800 694 1869 719 esse

1118 731 1302 772 asseruerit,
1346 732 1580 776 praedicaverit
1626 735 1676 768 vel
1719 735 1866 780 privatim

1117 783 1214 816 alicui
1233 784 1452 819 insinuaverit.

1159 837 1174 880 ἓ
1198 837 1230 871 3.
1253 838 1285 872 Si
1306 839 1480 873 daemones
1498 839 1700 884 invocaverit,
1712 845 1864 879 consulu·
1890 857 1996 894 naon*

1114 890 1223 933 eritve,
1242 898 1297 926 aut
1317 904 1430 926 eorum
1452 905 1606 938 responsa
1626 898 1798 941 acceperit,
1821 899 1862 933 ad
1875 908 1956 938 „¹⁰⁶²”
2036 938 2037 941 Ἴ

1113 943 1224 978 illosve
1244 946 1404 980 sacrificia
1423 954 1478 981 aut
1496 959 1609 992 preces
1629 950 1670 983 ob
1691 950 1860 986 divinatio·
1873 933 1956 956 mmor.

1110 1007 1184 1030 nem
1205 999 1339 1034 aliamve
1363 1012 1493 1035 causam
1513 1002 1676 1045 direxerit,
1699 1010 1754 1038 aut
1781 1005 1858 1050 quid

1110 1051 1154 1084 eis
1173 1051 1388 1088 immolaverit
1411 1055 1460 1088 vel
1482 1055 1587 1089 thuris
1613 1057 1783 1092 alteriusve
1809 1059 1856 1092 rei

1107 1105 1335 1150 fumigationes
1354 1109 1518 1151 obtulerit,
1554 1117 1610 1144 aut
1638 1111 1700 1145 alia
1724 1113 1856 1156 quaevis

1106 1158 1278 1203 impietatis
1298 1161 1453 1206 obsequia
1472 1163 1677 1207 praestiterit.

1147 1213 1162 1257 ξ
1181 1213 1212 1246 lo.
1250 1215 1281 1248 Si
1316 1215 1509 1250 christianos
1540 1218 1651 1259 verbo,
1687 1219 1772 1253 sacto
1804 1220 1852 1254 vel
1918 1240 1979 1263 curt
2000 1263 2005 1267 ,

1103 1268 1249 1311 exemplo
1281 1274 1337 1301 aut
1371 1269 1434 1303 alio
1468 1270 1579 1313 quovis
1607 1271 1704 1305 modo
1729 1273 1852 1307 nefaria
1864 1270 2010 1323 xssfffi

1101 1320 1288 1354 huiusmodi
1300 1323 1461 1365 docuerit,
1475 1324 1523 1357 vel
1537 1324 1577 1357 ad
1588 1335 1624 1358 ea
1635 1327 1852 1370 perpetranda
1918 1318 1924 1328 ’

1100 1375 1286 1417 perduxerit
1306 1382 1361 1410 aut
1385 1377 1567 1421 perducere
1590 1379 1802 1413 attentaverit.

1141 1428 1207 1472 §5
1242 1430 1274 1464 Si
1295 1430 1491 1464 Salvatorem
1526 1437 1557 1464 et
1587 1430 1758 1465 Dominum
1788 1444 1848 1467 no·
1886 1432 1985 1490 ‘mm‘

1096 1487 1199 1515 strum
1223 1483 1328 1516 lesum
1349 1483 1511 1517 Christum
1532 1495 1652 1528 purum
1680 1485 1846 1520 hominem
1860 1498 1901 1521 «1¹³⁹
1915 1494 1974 1516 cire·
2006 1504 2008 1514 ν

1096 1536 1144 1568 vel
1164 1536 1259 1569 etiam
1292 1543 1497 1581 peccatorem
1531 1539 1641 1580 fuisse,
1675 1539 1846 1575 Matremve
1857 1526 2005 1578 5:23⁶„ss

1094 1591 1149 1624 Dei
1169 1603 1233 1625 non
1254 1603 1322 1626 esse
1350 1593 1507 1636 virginem
1517 1593 1636 1627 etalias
1654 1594 1842 1628 huiusmodi
1856 1591 1915 1613 ‘⁶¹¹⁶’

1093 1645 1320 1689 blasphemias,
1342 1657 1425 1690 quae
1445 1657 1504 1690 per
1523 1658 1557 1680 se
1580 1647 1764 1681 haereticae
1778 1648 1842 1682 dici

1090 1700 1205 1742 solent,
1227 1701 1260 1734 in
1289 1701 1483 1734 christianae
1512 1701 1586 1734 fidei
1617 1702 1839 1745 ignominiam,

1089 1759 1312 1798 contemptum
1325 1760 1380 1788 aut
1399 1756 1645 1800 corruptionem
1656 1756 1756 1801 impie
1766 1768 1842 1802 pro-

1091 1807 1213 1841 tulerit.
1979 1855 1981 1857 Ι

1131 1861 1146 1904 ἓ
1165 1862 1196 1894 6.
1219 1861 1265 1902 Si,
1285 1862 1426 1895 cuiusvis
1445 1873 1559 1895 eorum
1577 1873 1687 1906 opera,
1705 1864 1835 1906 auxilio,
1876 1865 1990 1908 cmm*

1086 1914 1222 1948 consilio
1250 1916 1300 1948 vel
1320 1916 1439 1955 favore,
1466 1915 1585 1960 aliquis
1605 1917 1801 1952 christianus
1819 1930 1837 1953 a
1851 1917 1891 1939 '¹⁶⁶
1905 1917 1952 1939 “²'‘

1085 1967 1147 2002 fide
1167 1969 1347 2010 desciverit,
1373 1980 1535 2013 quamque
1563 1971 1663 2003 semel
1684 1981 1834 2015 suscepe-

1085 2029 1132 2055 rat
1174 2023 1390 2066 abnegaverit,
1420 2023 1467 2056 vel
1495 2023 1536 2055 ad
1555 2022 1748 2057 iudaeorum
1777 2035 1833 2059 seu

1083 2076 1222 2108 aliorum
1262 2076 1444 2110 infidelium
1485 2075 1576 2117 ritus,
1597 2078 1832 2118 caeremonias,

1082 2130 1328 2173 superstitiones
1347 2131 1397 2162 vel
1415 2129 1531 2173 impias
1550 2137 1652 2164 sectas
1673 2131 1834 2166 transierit

1081 2183 1130 2215 vel
1168 2183 1311 2223 redierit,
1338 2194 1396 2216 seu
1429 2183 1462 2216 in
1499 2183 1660 2217 haeresim
1689 2184 1831 2228 aliquam

1081 2237 1244 2277 inciderit;
1265 2244 1319 2270 aut
1338 2237 1406 2280 qui,
1426 2242 1461 2270 ut
1479 2236 1597 2271 Christi
1613 2237 1711 2272 fidem
1731 2238 1830 2273 abne-

1080 2296 1132 2334 get
1151 2301 1207 2323 scu
1228 2291 1260 2323 in
1280 2290 1439 2323 haeresim
1459 2290 1592 2331 incidat,
1615 2301 1723 2336 opem,
1754 2302 1831 2325 con·

1080 2343 1200 2383 silium,
1223 2343 1378 2377 auxilium
1406 2344 1456 2377 vel
1480 2343 1622 2378 savorem
1646 2345 1829 2389 quomodo-

1080 2407 1221 2441 cumque
1242 2397 1447 2441 praestiterit.

1122 2450 1137 2493 ἓ
1157 2450 1188 2483 7.
1211 2450 1243 2483 Si
1263 2450 1336 2494 quis
1356 2452 1624 2486 catechumenum
1644 2452 1695 2486 vel
1714 2462 1826 2496 quem·
1884 2472 1934 2502 'm

1079 2510 1218 2542 eumque
1239 2511 1275 2533 ex
1299 2499 1422 2534 iudaeis
1453 2506 1509 2534 aut
1541 2501 1739 2543 infidelibus,
1760 2502 1824 2535 Deo
1839 2503 1930 2558 ffifffim

1078 2547 1268 2591 inspirante,
1289 2549 1328 2582 ad
1357 2549 1454 2582 tidem
1478 2549 1686 2584 christianam
1715 2550 1824 2584 venire
1839 2566 1908 2592 att-m,
1952 2559 1970 2595 ζ

1077 2598 1251 2638 volentem,
1274 2604 1345 2642 post
1365 2598 1558 2632 declaratam
1588 2605 1681 2639 nutu,
1710 2599 1820 2639 verbo,
1952 2598 1961 2606 ”

1078 2645 1159 2679 sacto
1179 2652 1234 2679 aut
1253 2657 1460 2691 quocumque
1478 2647 1540 2682 alio
1561 2647 1658 2681 modo
1677 2646 1746 2681 eius
1767 2658 1821 2681 vo·
