2059 3228
117 237 168 264 An.
185 237 216 265 C.
234 238 301 266 1586

155 2462 215 2483 Fides-
255 2465 315 2482 tran-

129 2493 258 2514 !umptotum
294 2491 317 2508 et.

132 2516 215 2536 sanctio
231 2521 317 2542 poena-

132 2542 197 2565 nelis.

358 227 422 262 800

315 289 442 328 Romae,
454 287 606 330 illiusque
617 285 829 320 tribunalium
842 291 872 319 et
885 286 1059 327 curiarum,

315 341 409 374 etiam
434 340 629 379 iuramento,
651 339 898 373 confirmatione
931 345 1059 383 aposto-

313 395 375 427 lica
411 394 457 427 vel
488 393 598 437 quavis
626 393 777 426 firmitate
802 393 863 427 alia
887 394 1058 433 roboratis,

314 447 450 487 statutis,
486 446 787 487 consuetudinibus,
809 447 908 491 stylis,
934 448 1059 487 usibus,

314 500 448 541 naturis,
471 499 698 533 stabilimentis
717 504 748 532 et
768 500 865 532 etiarn
895 501 984 533 novis
1014 510 1063 533 re-

316 553 580 592 formationibus;
601 552 776 596 privilegiis
795 564 939 596 qnoque,
955 553 1062 586 indul-

317 608 365 647 tis,
387 606 656 650 exemptionibus,
676 607 934 639 immunitatibus
954 612 983 639 et
1010 606 1062 639 lit-

315 660 390 693 teris
419 659 614 703 apostolicis,
649 658 713 692 illis
747 656 873 692 net-non
893 659 1064 692 ordinariis

316 713 474 746 iudicibus
498 719 529 746 et
548 713 695 756 personis
719 713 912 757 supradictis
936 718 965 745 et
990 713 1063 757 qui-

315 766 419 799 busvis
439 766 522 806 aliis,
541 766 635 799 etiam
652 766 851 809 permodum
863 767 972 799 statuti
993 777 1064 810 per-

316 819 416 863 petui,
443 831 479 853 ac
496 819 565 852 initi
588 825 617 852 et
632 820 776 863 stipulati
792 825 988 860 contractus,
1004 819 1064 852 sul)

313 874 574 917 quibuscumque
606 873 773 906 tenoribus
803 879 834 906 et
866 873 990 912 formis,
1028 883 1064 905 ac

314 938 388 960 cum
425 927 609 970 quibusvis,
653 927 749 960 etiam
786 927 1064 970 derogatoriarum

313 980 537 1023 derogatoriis,
560 980 695 1024 aliisque
708 980 949 1013 efficacioribus
969 985 1000 1013 et
1014 980 1064 1012 in-

313 1033 415 1066 solitis
445 1034 612 1074 clausulis,
649 1043 775 1066 necnon
803 1033 1004 1066 irritantibus
1036 1038 1066 1066 et

313 1087 383 1119 aliis
407 1086 556 1126 decretis,
583 1087 615 1119 in
635 1097 754 1129 genere
786 1087 835 1119 vel
875 1086 907 1119 in
944 1086 1064 1130 specie,

313 1151 372 1184 per
383 1150 605 1184 quoscumque
618 1140 779 1173 Romanos
799 1139 973 1173 Pontifices
986 1150 1066 1183 prae-

314 1195 499 1227 decessores
518 1199 645 1226 nostros
665 1204 702 1227 ac
722 1203 780 1226 nos
793 1199 823 1226 et
838 1194 955 1227 Sedem
970 1203 1066 1237 prae-

315 1247 445 1287 dictam,
468 1246 562 1279 etiam
584 1252 686 1287 motu,
706 1246 838 1279 scientia
858 1251 889 1279 et
903 1247 1068 1291 potestatis

316 1299 518 1343 plenitudine
543 1299 715 1340 similibus,
737 1310 775 1332 ac
790 1300 869 1333 alias
885 1300 1066 1343 quomodo-

316 1353 404 1393 libet,
420 1353 516 1386 etiam
532 1353 651 1386 iteratis
663 1353 800 1393 vicibus,
823 1354 997 1395 concessis,
1015 1364 1069 1398 ap-

316 1407 461 1449 probatis
497 1412 527 1439 et
555 1406 724 1440 innovatis.
748 1406 871 1446 Quibus
903 1407 1066 1448 omnibns

317 1460 442 1492 etiamsi
462 1460 501 1492 de
526 1459 590 1492 illis
610 1470 790 1504 eorumque
816 1460 891 1493 totis
901 1461 1070 1494 tenoribus

316 1513 478 1557 specialis,
490 1513 657 1558 specifica,
679 1525 828 1558 expressa
844 1520 873 1547 et
887 1514 1067 1555 individua,

317 1577 354 1599 ac
378 1567 417 1600 de
437 1566 534 1599 verbo
555 1567 594 1599 ad
613 1567 761 1607 verbum,
783 1577 849 1600 non
873 1573 981 1601 autem
1011 1578 1071 1611 per

317 1619 478 1652 clausulas
514 1620 681 1662 generales
715 1620 801 1653 idem
845 1620 1069 1665 imponantes,

318 1673 437 1706 mentio
445 1683 502 1706 sen
517 1673 648 1716 quaevis
659 1673 723 1706 alia
734 1674 894 1717 expressio
904 1675 1068 1714 habenda,

317 1733 373 1759 aut
396 1727 504 1770 aliqua
536 1727 598 1759 alia
618 1726 774 1770 exquisita
803 1728 907 1760 forma
938 1728 978 1761 ad
1008 1728 1072 1762 hoc

317 1780 473 1813 servanda
493 1786 586 1821 esset,
613 1786 742 1814 tenores
774 1781 974 1823 huiusmodi,
1008 1791 1073 1823 acsi

319 1834 358 1867 de
374 1834 470 1867 verbo
485 1834 524 1866 ad
539 1834 686 1875 verbum,
699 1835 780 1867 nihil
796 1835 924 1879 penitus
941 1836 1074 1876 omisso,

320 1894 350 1920 et
371 1888 472 1920 forma
490 1887 522 1920 in
539 1887 603 1920 illis
622 1888 738 1920 tradita
763 1889 940 1929 observata,
959 1889 1071 1922 inserti

321 1943 439 1981 forent,
460 1941 684 1985 praesentibus
703 1952 764 1985 pro
781 1943 938 1986 expressis
950 1942 1070 1976 haben-

322 2000 381 2034 tes,
403 1994 466 2026 illis
482 1994 559 2027 alias
576 1994 607 2027 in
624 2005 683 2027 suo
700 1995 817 2028 robore
836 1997 1070 2039 permansuris,

323 2048 383 2080 hac
403 2048 470 2081 vice
490 2048 666 2088 dumtaxat,
686 2048 869 2091 specialiter
881 2055 911 2082 et
927 2039 1076 2093 expresse

325 2101 529 2144 derogamus,
544 2101 714 2134 contrariis
725 2102 1004 2147 quibuscumque3
1021 2108 1075 2136 aut

326 2154 352 2186 si
383 2154 547 2197 aliquibus
578 2155 795 2188 communiter
825 2156 871 2188 vel
891 2155 1014 2189 divisim
1037 2157 1077 2189 ab

328 2208 438 2240 eadem
455 2208 495 2239 sit
514 2208 595 2240 Sede
612 2208 774 2242 indultum
795 2209 882 2252 qnod
911 2209 1075 2250 interdici,

329 2261 481 2303 suspendi
503 2262 551 2293 vel
573 2262 846 2295 excommunicari
867 2274 932 2296 non
958 2263 1080 2307 possint

330 2324 387 2356 per
402 2313 522 2346 litteras
542 2315 734 2358 apostolicas
753 2326 818 2348 non
840 2316 991 2350 facientes
1010 2317 1079 2361 ple—

331 2376 417 2406 nam,
437 2378 618 2411 expressam
643 2379 680 2402 ac
705 2369 744 2401 de
763 2369 860 2403 verbo
881 2370 921 2402 ad
945 2371 1079 2403 verbum

332 2413 370 2446 de
390 2414 514 2448 indulto
534 2416 718 2449 huiusmodi
736 2418 944 2451 mentionem.

377 2463 391 2505 g
418 2463 470 2495 102.
501 2464 656 2498 Volumus
680 2472 789 2498 autem
813 2467 899 2510 quod
929 2477 1080 2511 praesen-

334 2510 413 2542 tium
435 2514 645 2557 transumptis
663 2519 720 2547 etc.

378 2559 463 2592 Nulli
487 2571 562 2603 crgo
582 2567 639 2595 etc.

378 2607 493 2642 Datum
513 2609 632 2644 Romae
653 2611 739 2657 apud
759 2612 911 2647 Sanctum
938 2614 1080 2661 Petrum,

899 234 1079 259 nummum
1098 234 1249 259 nontmt'st

1101 297 1186 319 anno
1207 287 1440 320 incarnationis
1469 287 1663 330 dominicae„
1675 287 1849 322 millesimo

1101 339 1360 383 quingentesimo
1378 339 1595 383 octuagesimo
1615 346 1714 381 sexto,
1741 341 1851 374 kalen-

1102 393 1152 426 dis
1166 393 1363 432 novembris,
1374 393 1581 436 pontificatus
1595 393 1695 426 nostri
1715 404 1800 427 anno
1813 403 1848 444 Π..

1173 450 1234 480 Dat.
1253 450 1299 481 die
1316 451 1329 480 1
1348 460 1415 481 nov.
1432 451 1518 485 1586,
1536 451 1641 490 pontif.
1661 459 1737 481 anno
1754 459 1786 482 n.

1417 634 1534 667 LXXII.

1105 723 1225 756 Montis
1240 723 1312 756 Alei
1327 723 1438 767 oppidi
1452 724 1489 756 in
1505 723 1675 767 provincia
1686 723 1854 758 Marchiae

1148 777 1185 809 in
1196 778 1361 821 civitatem
1383 777 1587 816 sublimatio,
1611 777 1739 821 eiusque
1762 777 1854 810 colle-

1147 831 1257 874 9iatae
1276 832 1422 864 ecclesiae
1456 831 1492 864 in
1511 830 1730 864 cathedralem
1742 835 1773 864 et
1787 830 1854 874 epi-

1149 884 1306 927 scopalem
1322 885 1447 918 erectio.

1127 975 1224 1003 sixtus
1241 974 1312 1011 Papa
1329 974 1350 1002 V
1361 975 1396 1003 ad
1410 975 1574 1011 perpetuam
1596 974 1639 1003 rei
1657 973 1827 1002 memoriam.

1151 1063 1256 1107 Super
1273 1051 1441 1096 universa!
1458 1062 1546 1096 orbis
1566 1062 1727 1103 ecclesias,
1736 1062 1782 1096 Eo
1790 1062 1856 1096 dis-

1108 1122 1248 1161 ponente
1261 1143 1269 1157 ,
1299 1117 1355 1160 qui
1389 1117 1516 1150 cunctis
1548 1117 1703 1161 imperat,
1739 1121 1771 1150 et
1803 1115 1855 1150 cui

1107 1171 1217 1203 omnia
1235 1170 1404 1211 obediunt,
1422 1170 1547 1203 meritis
1571 1170 1648 1203 licet
1664 1169 1858 1203 insufficien-

1108 1223 1204 1266 tibus,
1227 1224 1404 1265 constituti‚
1426 1224 1569 1257 levamus
1588 1223 1621 1255 in
1635 1222 1774 1256 circuitu
1789 1223 1857 1266 agri

1108 1278 1266 1311 Dominici
1304 1278 1415 1311 oculos
1449 1283 1578 1310 nostrae
1610 1276 1738 1317 mentis,
1767 1287 1883 1315 more,

1109 1331 1273 1375 pervigilis
1291 1331 1428 1375 pastoris
1447 1330 1636 1374 inspecturi,
1655 1330 1735 1374 quid
1753 1331 1858 1364 eccle-

1110 1384 1231 1417 siarum
1242 1385 1396 1428 ipsarum,
1408 1385 1597 1428 praesertim
1610 1383 1857 1423 cathedralium,

1110 1439 1206 1472 statui
1226 1445 1256 1472 et
1275 1439 1385 1472 decori
1405 1444 1575 1482 congruat,
1597 1444 1628 1471 et
1652 1438 1732 1482 quid
1752 1438 1859 1482 operis

1111 1492 1198 1526 circa
1221 1492 1293 1526 illas
1312 1503 1489 1536 earumque
1517 1497 1633 1525 statum
1666 1501 1860 1536 prosperum

1112 1551 1143 1579 et
1161 1546 1289 1579 felicem
1311 1546 1455 1590 impendi
1467 1545 1591 1586 debeat,
1614 1551 1645 1579 et
1664 1545 1772 1578 divino
1787 1544 1860 1578 fulti

1112 1599 1287 1644 praesidio,
1322 1609 1387 1642 quo
1407 1605 1523 1632 cuncta
1546 1609 1648 1643 aequa
1664 1597 1862 1641 benignitate

1113 1664 1172 1697 pro
1206 1653 1404 1697 populorum
1426 1663 1561 1686 suorum
1586 1652 1732 1685 fidetium
1756 1652 1862 1685 salute

1114 1706 1344 1750 disponuntur,
1370 1706 1410 1739 ad
1434 1717 1484 1745 ea,
1510 1716 1593 1749 quae
1627 1705 1722 1738 statui
1757 1704 1862 1738 eccle-

1115 1761 1235 1793 siarum
1254 1759 1442 1793 huiusmodi
1461 1765 1658 1802 congruunt,
1678 1758 1779 1792 nostri
1812 1758 1861 1791 of-

1116 1813 1181 1846 ficii
1197 1819 1304 1857 partes
1322 1813 1495 1846 salubriter
1510 1819 1541 1846 et
1556 1812 1681 1846 utiliter
1695 1812 1862 1845 intendere

1116 1877 1280 1908 curamus,
1307 1871 1406 1911 prout
1423 1867 1458 1900 in
1482 1866 1617 1900 Domino
1646 1866 1864 1910 conspicimus

1117 1920 1278 1964 expedire.

1162 1976 1178 2017 'g
1211 1975 1243 2007 t.
1271 1974 1366 2014 Sane,
1400 1973 1569 2018 cupientes
1596 1979 1716 2007 terram
1750 1973 1866 2006 Montis

1117 2028 1197 2068 Alti,
1230 2028 1372 2072 Ripanae
1416 2027 1588 2066 dioecesis,
1617 2038 1700 2071 quae
1737 2027 1866 2060 felicem

1118 2082 1234 2114 nostris
1254 2082 1342 2115 dedit
1364 2088 1472 2115 ortum
1496 2081 1668 2122 natalibus,
1690 2092 1729 2114 ac
1747 2081 1780 2114 in
1813 2091 1866 2114 ce-

1119 2136 1293 2168 leberrimo
1313 2142 1344 2168 et
1364 2135 1518 2169 eminenti
1539 2137 1611 2168 loco
1626 2135 1698 2177 sita,
1720 2141 1751 2168 et
1765 2145 1868 2168 murts

1119 2189 1262 2232 undique
1282 2189 1387 2221 cincta
1411 2194 1470 2228 est,
1497 2194 1528 2221 et
1548 2189 1579 2221 in
1599 2199 1663 2232 qua
1694 2188 1868 2222 saecularis

1121 2248 1151 2275 et
1170 2242 1338 2284 collegiata
1357 2242 1492 2275 ecclesia
1502 2242 1534 2275 S.
1556 2242 1672 2276 Mariae
1687 2243 1727 2275 ad
1747 2242 1869 2276 Collem

1121 2295 1287 2339 eleganter
1319 2301 1514 2336 constructa,
1542 2302 1573 2328 et
1588 2296 1668 2329 duas
1683 2295 1867 2339 dignitates,

1121 2354 1154 2382 et
1173 2349 1284 2382 decem
1296 2349 1503 2382 canonicatus
1518 2355 1549 2382 et
1563 2349 1695 2383 totidem
1715 2349 1872 2392 praeben-

1123 2402 1180 2435 das
1199 2412 1236 2435 ac
1254 2400 1432 2435 sacristiam
1459 2402 1587 2446 aliaque
1617 2402 1658 2435 ad
1677 2403 1800 2435 cultum
1824 2401 1872 2435 di-

1122 2455 1234 2488 vinum
1254 2455 1435 2488 necessaria
1466 2455 1602 2495 habens,
1627 2461 1658 2489 et
1683 2456 1766 2489 duae
1789 2455 1871 2489 aliae

1125 2508 1279 2542 ecclesiae
1295 2535 1303 2548 ,
1343 2519 1408 2541 una
1441 2508 1563 2542 scilicet
1599 2509 1630 2543 S.
1672 2507 1798 2551 Georgii
1840 2513 1871 2541 et

1124 2560 1157 2594 S.
1179 2561 1276 2603 Petri,
1299 2566 1330 2594 et
1359 2562 1458 2595 altera
1477 2561 1660 2596 Oratorium
1684 2565 1871 2604 nuncupata

1126 2613 1160 2653 S.
1176 2613 1312 2663 Nicolai,
1334 2615 1368 2648 in
1395 2626 1459 2668 qua
1482 2615 1726 2650 confraternitas
1744 2614 1805 2649 sub
1823 2614 1871 2647 in-

1863 233 1924 261 An<
1933 211 2019 261 cjszaz

1879 2020 1950 2049 oppidi
1975 2000 1986 2010 y*
2020 2004 2022 2006 -

2019 2027 2030 2055 l-

1881 2053 1985 2074 tinen.

1843 2134 1850 2140 .
1880 2115 1956 2137 Montis
1973 2110 1991 2140 J
2016 2139 2018 2142 y

1880 2153 1894 2169 ι
1912 2147 1957 2168 dio
1968 2158 1975 2163 υ
