2059 3228
353 265 440 301 4068
938 272 1083 299 Burman
1101 273 1218 297 nomm

393 328 564 367 reditibus,
599 331 672 366 etc„
704 324 863 359 reservata
890 326 1042 359 facultate
1059 325 1123 358 sibi
1140 325 1318 369 deputandi
1336 336 1438 359 unum
1455 328 1665 362 secretarium
1683 330 1840 365 domesti-

393 385 557 421 cum‚e!c.;
575 380 650 412 Pius
662 380 684 411 V
704 379 843 424 idipsum
859 379 1208 419 confirmaveraaibz'd.
1227 380 1257 415 b:
1269 379 1323 412 sed
1335 379 1442 412 Sixtus
1454 380 1476 412 V
1494 380 1637 414 officium
1645 382 1724 416 dicti
1735 395 1847 417 secre-⁴

390 434 528 467 tariatus
544 432 720 477 supprimit
740 432 876 475 eiusque
897 443 1007 465 curam
1026 431 1164 475 collegio
1186 432 1350 470 concedit,
1376 432 1441 466 686
1459 443 1496 472 a;
1516 444 1533 466 a
1549 443 1615 477 quo
1632 433 1836 478 deputandus

389 486 583 520 secretarius
600 486 642 518 sit
666 496 683 518 a
703 485 860 529 pontifice
885 485 1098 529 approbatus,
1120 490 1152 518 et
1169 485 1371 518 mansionem
1389 485 1422 518 in
1441 485 1565 519 Palatio
1580 486 1768 530 Apostolico
1778 488 1835 521 ha-

388 539 476 578 beat,
488 539 567 571 ibid.
586 539 615 579 b;
632 549 730 571 unam
744 547 781 571 ex
797 538 1006 582 portionibus
1024 543 1084 581 pro
1100 537 1276 570 secretario
1294 538 1355 571 hoc
1372 543 1564 571 reservatam
1579 538 1619 571 ab
1631 538 1835 580 Innocentio,

388 591 528 634 collegio
542 591 704 630 concedit,
716 591 993 630 ib.;medietatem
1007 590 1105 623 etiam
1117 591 1414 623 emolumentorum
1427 601 1511 634 quae
1522 597 1637 624 secret.
1652 592 1838 635 praedictus

387 655 532 679 seorsum
551 655 568 676 a
582 644 721 686 collegio
740 644 909 687 percipere
928 648 1150 681 consueverat,
1169 642 1232 676 687
1249 654 1281 683 a;
1291 648 1323 676 et
1333 643 1500 676 licentiam
1510 643 1747 687 possessionem
1762 656 1837 689 pro-

389 697 461 742 pria
478 697 719 741 praedictorum
747 696 942 729 auctoritate
969 695 1131 740 capiendi,
1149 696 1208 735 ibx,
1230 695 1361 740 collegii
1381 696 1517 729 facultas
1534 696 1712 740 deputandi
1734 703 1766 731 et
1789 709 1839 731 re-

392 751 544 784 movendi
559 756 624 783 tres
637 760 792 794 personas
805 750 844 783 ad
855 750 1065 783 scribendum
1081 749 1192 782 brevia
1209 754 1241 782 et
1258 749 1499 792 registrandum
1514 749 1619 783 bullas
1635 756 1790 790 secretas;
1808 757 1840 784 et

389 804 514 837 cibaria
529 803 625 836 dictis
640 803 858 847 scriptoribus
883 803 1057 846 assignata,
1084 802 1182 842 ibicis,
1211 807 1297 835 taxas
1318 813 1337 834 a
1356 802 1526 845 praedicto
1544 801 1737 836 Innocentio
1759 803 1839 836 assi-

389 862 504 900 gnatas
520 862 654 889 renovat
671 855 779 889 Sixtus
793 856 819 888 V
842 855 1010 888 solvendas
1027 854 1165 897 singulis
1181 865 1233 887 sex
1259 854 1437 895 mensibus,
1457 853 1521 888 688
1536 865 1570 895 α’,
1587 860 1740 899 laxasque
1758 856 1841 889 alio-

390 920 463 943 rum
481 910 630 943 locorum
647 914 721 953 post
741 908 998 953 publicationem
1015 907 1183 951 quintet-ni
1201 907 1383 941 innocentii
1396 907 1459 939 vlll
1473 907 1548 941 Sedi
1565 908 1773 951 Apostolicae
1790 908 1840 942 in-

398 968 651 1006 corporatorum
675 961 837 1002 concedit,
856 961 934 994 ibid.
955 961 983 999 b;
1004 960 1197 993 secretarios
1212 960 1363 993 doctores
1379 965 1453 1003 post
1469 970 1572 993 annos
1594 971 1651 993 xxv
1669 961 1703 994 in
1725 961 1841 995 habitu

384 1017 608 1060 praelatorum
626 1015 815 1048 incedentes
831 1014 1002 1057 utriusque
1018 1013 1207 1056 signaturae
1223 1013 1461 1046 referendarios
1478 1024 1546 1046 esse
1566 1013 1726 1054 decernit,
1741 1014 1840 1055 ibid.;

389 1067 602 1102 secretarium
622 1078 659 1101 ex
675 1067 772 1100 dictis
795 1067 1024 1101 referendariis
1052 1066 1286 1110 antiquiorem,
1305 1066 1443 1109 singulis
1458 1066 1565 1110 Papae
1581 1066 1760 1109 signaturis
1780 1067 1832 1100 in-

389 1123 550 1157 tervenire
567 1133 661 1167 posse
677 1122 838 1162 concedit,
857 1121 919 1155 689
937 1132 968 1159 cr,
988 1121 1136 1154 habitum
1153 1121 1199 1154 eis
1216 1126 1248 1154 et
1264 1121 1296 1153 in
1314 1121 1439 1164 capella
1451 1122 1560 1154 locum
1573 1121 1728 1164 assignat,
1743 1121 1838 1162 ibid.;

386 1176 435 1209 Pii
453 1177 477 1209 V
495 1175 722 1209 concessiones
739 1175 911 1208 confirmat
928 1185 1001 1207 cum
1020 1174 1230 1218 suppletione
1248 1174 1446 1214 defectuum,
1464 1174 1543 1206 ibid.
1563 1174 1592 1206 b.

301 1229 514 1272 Regularium
532 1227 744 1271 congregatio
762 1227 911 1260 instituta
928 1238 946 1259 a
963 1227 1052 1260 Sixto
1069 1227 1092 1259 V
1109 1237 1169 1270 pro
1194 1237 1308 1259 eorum
1331 1226 1627 1260 consultationibus
1643 1237 1716 1259 cum
1735 1227 1842 1260 cardi—

391 1281 514 1314 nalium
532 1280 753 1320 facultatibus,
772 1280 837 1313 993
856 1281 874 1312 b
894 1286 1001 1323 etseq.

299 1336 474 1369 Revocatio
501 1335 685 1368 litterarum
712 1344 939 1367 concessarum
965 1333 1214 1376 congregationi
1243 1333 1439 1367 clericorum
1463 1333 1671 1376 Regularium
1693 1333 1725 1366 S.
1748 1333 1855 1367 Pauli‘

382 1388 538 1422 Decollati
558 1388 591 1421 in
608 1399 645 1422 ea
666 1393 771 1432 parte,
794 1398 858 1432 qua
881 1387 1007 1420 duabus
1027 1387 1322 1420 constitutionibus
1344 1398 1403 1430 pro
1421 1387 1507 1420 felici
1534 1387 1640 1420 dictae
1657 1397 1838 1431 congrega-

384 1442 484 1475 tionis
500 1441 662 1485 regimine
682 1441 790 1482 editis,
810 1441 1033 1479 adversantur,
1060 1440 1175 1473 iisdem
1194 1440 1227 1473 in
1245 1440 1382 1484 reliquis
1402 1440 1590 1484 approbatis
1606 1439 1672 1473 ⁶263
1687 1441 1718 1473 b.

296 1495 468 1538 Revocatio
498 1505 782 1538 quarumcumque
808 1493 1052 1538 exemptionum
1079 1503 1097 1526 a
1120 1493 1284 1526 solutione
1313 1503 1451 1527 onerum
1477 1493 1686 1526 cameralium
1705 1493 1768 1526 nisi
1793 1493 1835 1526 oh

383 1548 626 1591 susceptionem
637 1547 816 1580 liberorum
827 1552 862 1579 ut
877 1546 909 1579 in
922 1546 1004 1586 iure,
1022 1547 1069 1579 rel
1086 1556 1193 1579 veram
1212 1551 1244 1579 et
1261 1556 1439 1589 congruam
1457 1545 1718 1579 exbursationem
1731 1556 1833 1590 pecu-

383 1601 527 1641 niarum,
548 1601 597 1634 vel
623 1600 702 1633 alias
725 1611 836 1633 causas
854 1610 912 1644 per
930 1600 1121 1643 pontificem
1139 1600 1381 1642 cognoscendas
1398 1605 1427 1632 et
1446 1599 1686 1643 approbandas,
1715 1598 1780 1633 570
1797 1599 1832 1639 b;

386 1654 564 1688 declaratio
579 1650 670 1697 ‘quod
687 1664 705 1686 a
720 1653 773 1686 die
789 1664 859 1685 xxix
879 1652 961 1685 iunii
982 1652 1059 1685 anni
1084 1662 1230 1686 MDLxxxv
1248 1652 1411 1685 revocatio
1432 1652 1562 1685 afficiat.
1582 1651 1646 1686 579
1663 1663 1702 1692 a,
1721 1652 1840 1686 confir-

386 1707 488 1739 matio
505 1706 612 1739 bullae
630 1706 677 1739 Pii
695 1705 718 1737 V
737 1711 769 1739 et
785 1705 925 1738 aliorum
942 1705 1152 1746 Pontificum,
1171 1704 1289 1738 ibidem
1312 1704 1343 1745 b;
1361 1704 1468 1737 litium
1489 1714 1771 1749 quarumcumque
1788 1715 1838 1737 ex-

386 1760 518 1800 tinctio,
532 1760 576 1792 ib.

304 1813 406 1856 Pagae
426 1813 460 1846 in
479 1812 613 1846 Polonia
640 1811 812 1845 Societatis
845 1811 915 1843 lesu
942 1811 1118 1854 collegium
1136 1810 1276 1853 erigitur
1301 1810 1334 1842 in
1363 1810 1501 1843 ecelesia
1516 1808 1625 1842 Sancti
1642 1810 1750 1843 Iacobi
1770 1820 1844 1844 cum

387 1866 454 1900 suis
478 1865 611 1898 annexis
626 1864 722 1898 bonis
739 1870 770 1897 et
788 1864 927 1903 iuribus,
945 1864 1010 1897 445
1027 1875 1059 1904 [ις
1077 1864 1268 1907 designatur
1289 1863 1347 1896 dos
1362 1872 1421 1906 pro
1439 1862 1688 1903 sustentatione,
1709 1862 1790 1896 ibid.
1812 1863 1845 1898 b;

394 1919 578 1952 animarum
589 1928 668 1951 cura
683 1917 881 1960 iniungitur,
895 1916 959 1950 446
975 1928 1006 1950 α.
1024 1916 1208 1961 Stephanus
1229 1915 1383 1950 Poloniae
1407 1926 1461 1948 rex
1489 1926 1563 1949 cum
1584 1915 1718 1949 Claudio
1742 1916 1849 1960 Aqua-

392 1971 463 2004 viva
491 1970 677 2014 praeposito
703 1969 845 2012 generali
870 1969 1043 2002 Societatis
1068 1970 1138 2003 Iesu
1166 1969 1332 2012 supplices
1357 1968 1482 2001 litteras
1505 1967 1653 2012 ponti-sici
1682 1967 1844 2002 dederunt

396 2034 457 2068 pro
470 2024 615 2057 rectione
635 2022 771 2066 Collegii
786 2018 897 2065 Rigae.
927 2022 961 2055 V.
989 2021 1054 2054 444
1073 2033 1093 2054 a
1119 2028 1151 2055 et
1166 2021 1230 2055 445
1250 2033 1282 2054 a.

312 2077 414 2122 Ripae
430 2077 525 2110 Urbis
543 2081 740 2110 mercatores
757 2075 901 2119 gaudent
918 2075 1091 2119 privilegio
1109 2086 1126 2108 a
1145 2075 1245 2107 Paulo
1262 2074 1299 2107 llI
1320 2084 1486 2114 concesso,
1511 2073 1629 2107 deinde
1653 2084 1671 2106 a
1689 2071 1848 2116 Gregorio

398 2130 466 2163 XIII
480 2130 686 2169 censu-mato,
705 2134 738 2162 et
752 2134 866 2161 contra
883 2138 1106 2172 quascumque
1123 2138 1279 2171 personas
1295 2127 1393 2160 etiam
1414 2126 1568 2159 mulieres
1586 2126 1778 2170 coniugatas
1794 2137 1848 2159 ex-

401 2189 504 2224 tenso,
524 2182 686 2227 probandi
712 2181 836 2215 credita
859 2181 952 2214 libris
968 2180 1113 2224 propriis
1130 2180 1354 2213 conformibus
1374 2190 1447 2212 cum
1468 2179 1560 2212 libris
1582 2185 1847 2223 proxenetarum,

401 2242 434 2269 et
449 2235 633 2269 executioni
651 2235 826 2268 mandandi
843 2234 927 2267 sicut
952 2233 1170 2276 obligationes
1186 2233 1375 2272 camel-ales,
1395 2232 1460 2266 456
1483 2243 1503 2264 a
1530 2238 1563 2265 et
1590 2232 1620 2273 b;
1647 2232 1743 2264 aliter
1766 2231 1850 2264 iudi-

401 2289 494 2322 candi
511 2288 692 2333 prohibitio
712 2294 744 2321 et
757 2287 905 2331 partibus
931 2286 1082 2330 perpetui
1099 2285 1221 2319 silentii
1243 2285 1428 2329 impositio,
1446 2284 1510 2319 457
1525 2295 1556 2317 a.

306 2341 447 2376 Rituum
472 2352 637 2375 sacrorum
665 2347 697 2374 et
720 2340 1001 2373 caeremoniarum
1020 2339 1232 2382 congregatio
1248 2349 1265 2371 a
1280 2338 1370 2372 Sixto
1384 2337 1408 2370 V
1425 2338 1575 2371 instituta
1596 2347 1670 2371 cum
1686 2337 1849 2370 facultati-

398 2398 459 2430 bus
474 2396 660 2435 cardinalis,
686 2395 749 2429 989
770 2396 798 2428 b.

310 2447 432 2483 Romae
448 2449 546 2492 Burgi
561 2449 669 2482 Sancti
689 2448 776 2481 Petri
795 2448 885 2490 regio
903 2452 1074 2491 separatur
1093 2457 1110 2479 a
1126 2446 1261 2486 regione
1277 2445 1389 2480 Pontis
1412 2451 1443 2478 et
1460 2444 1719 2489 Transtyberinae
1745 2449 1777 2477 et
1791 2443 1851 2476 eri-

402 2502 491 2544 gitur
516 2503 548 2534 in
564 2502 730 2544 regionem
752 2501 910 2535 decimam
926 2506 1088 2544 quartam,
1108 2500 1183 2532 dato
1201 2499 1334 2542 proprio
1352 2499 1485 2531 nomine
1500 2504 1532 2531 et
1546 2502 1732 2536 stemmate,
1751 2495 1814 2530 807
1829 2505 1851 2528 a

402 2560 433 2586 et
451 2555 486 2593 tr,
515 2555 652 2587 aliarum
684 2554 855 2596 regionum
873 2553 977 2586 eidem
996 2551 1167 2596 privilegia
1185 2552 1421 2590 conceduntur,
1438 2550 1532 2591 ibz'cl.;
1551 2550 1621 2583 viae
1641 2551 1724 2583 latae
1741 2549 1851 2592 plures

401 2613 533 2649 apertae
552 2613 583 2640 et
606 2613 724 2640 stratae
750 2617 767 2639 a
791 2606 880 2639 Sixto
898 2606 931 2643 V,
952 2612 987 2638 ut
1003 2605 1206 2638 commodius
1228 2604 1309 2637 ritus
1326 2603 1365 2637 de
1382 2603 1516 2647 capellis
1541 2603 1573 2636 in
1594 2602 1687 2636 Urbis
1706 2599 1849 2634 basilicis

401 2658 592 2691 venerandis
611 2664 833 2698 renovaretur,
854 2658 890 2691 91
907 2658 914 2689 i
936 2669 966 2697 a,
988 2658 1122 2700 sonsque
1152 2667 1255 2700 aquae
1276 2656 1390 2689 Felicis
1405 2656 1444 2688 ad
1462 2655 1647 2698 superiores
1664 2653 1760 2686 colles
1774 2662 1848 2695 per-
