2059 3228
127 233 179 263 An·
197 232 226 262 G.
245 232 313 262 157⁷

153 1165 192 1188 SS.
199 1164 323 1186 Sacramen-

130 1194 176 1212 tum
198 1191 323 1214 mucia-ml-

130 1219 180 1244 bun

371 232 433 265 178

326 295 383 329 luti
408 292 568 326 consulere
592 290 752 330 volentes,
775 288 814 322 de
841 288 1062 332 omnipotentis

326 348 380 381 Dei
405 343 637 381 misericordia,
673 352 709 374 ac
732 341 895 374 beatorum
926 339 1008 373 Petri
1033 344 1059 372 et

328 398 413 432 Pauli
438 396 649 439 apostolorum
672 393 739 427 eius
773 393 957 426 auctoritate
989 402 1062 424 con-

328 450 388 489 fisi,
412 448 556 481 omnibus
579 451 610 480 et
633 446 762 489 singulis
785 445 948 488 utriusque
976 455 1063 477 sexus

328 499 602 539 christifidelibus,
627 498 680 542 qui
704 499 841 541 aliquam
876 508 910 529 ex
942 497 1061 530 confra-

327 552 527 587 ternitatibus
559 551 706 594 praefatis
739 549 980 592 ingredientur,
1015 548 1063 580 die

328 615 438 640 eorum
461 604 638 647 ingressus,
662 602 686 636 si
711 602 837 635 contriti
872 607 903 634 et
933 600 1060 633 confessi

327 656 654 695 communicaverint3
694 665 815 688 necnon
854 652 1064 686 confratribus

328 710 405 755 ipsis
427 716 458 743 et
480 719 589 743 eorum
612 708 742 751 singulis
760 734 768 748 ‚
797 706 850 749 qui
886 704 1010 737 contriti
1035 708 1061 735 et

329 762 459 796 confessi
483 767 530 794 ter
553 761 586 794 in
609 761 671 793 vita
709 765 737 793 et
762 759 896 802 amplius
930 757 963 789 in
987 756 1063 788 sesto

329 814 475 858 Corporis
496 813 609 847 Christi
633 823 686 845 seu
705 811 784 844 illius
801 816 907 844 octava
924 818 1063 841 commu-

329 866 515 906 nicaverint,
537 876 573 898 ae
596 865 629 897 in
653 864 762 896 mortis
786 863 917 895 articulo
952 860 1066 893 consti-

329 918 401 959 tuti,
416 917 588 961 plenariam
612 917 753 949 omnium
770 921 969 959 peccatorum
995 923 1064 945 suo-

330 980 402 1003 rum
426 969 652 1012 indulgentiam
689 974 720 1002 et
747 968 963 1001 remissionem
987 967 1066 999 elar-

330 1022 448 1065 gimur.

375 1093 391 1137 5
413 1093 444 1128 3.
467 1093 566 1137 Atque
596 1091 713 1126 eisdem
746 1089 955 1124 confratribus
972 1115 980 1129 ,
1015 1085 1067 1130 qui

334 1146 564 1180 sanctissimum
599 1145 833 1178 Sacramentum
862 1139 1067 1180 huiusmodi,

334 1198 409 1231 dum
433 1198 472 1231 ad
495 1197 636 1230 infirmos
659 1196 825 1235 deferetur,
851 1194 959 1226 devote
982 1201 1068 1224 asso-

335 1250 495 1291 ciaverint,
519 1260 582 1290 seu,
606 1248 745 1292 legitimo
768 1247 992 1290 impedimento
1016 1245 1067 1276 de—

335 1304 423 1344 tenti,
441 1302 586 1336 associari
601 1302 739 1341 fecerint,
751 1306 876 1333 centum
890 1299 964 1337 dies;
979 1297 1067 1341 ipsis—

333 1367 394 1400 que
417 1354 644 1395 confratribus,
669 1353 722 1396 qui
757 1350 1007 1395 processionibus
1041 1355 1070 1382 et

336 1408 449 1442 divinis
472 1406 582 1441 officiis
604 1416 661 1449 per
690 1405 864 1449 praedictas
898 1404 1069 1437 confrater-

335 1462 449 1495 nitates
482 1458 675 1492 celebrandis
712 1456 937 1496 interfuerint,
975 1455 1068 1488 etiam

335 1518 462 1547 centum
485 1512 562 1545 dies.

381 1584 396 1627 ἓ
418 1582 448 1616 4.
471 1582 599 1624 Insuper
622 1581 806 1614 mulieribus
821 1579 982 1613 sororibus
998 1589 1071 1612 con-

159 1645 187 1666 ne
199 1645 328 1667 munet-ma
338 1634 569 1668 fraternitatum
593 1633 731 1676 ipsarum
745 1659 752 1673 ,
777 1632 910 1675 quibus,
945 1636 1071 1674 propter

135 1672 254 1699 soror-ibim

338 1687 532 1720 honestatem
556 1691 609 1718 aut
631 1685 756 1728 aliquod
788 1685 1070 1728 impedimentum,

337 1746 422 1773 extra
445 1739 571 1772 domum
595 1738 701 1781 vagari
726 1748 788 1770 non
813 1738 893 1776 licet,
907 1737 931 1769 si
950 1737 1070 1779 quoties

334 1793 458 1834 signum
482 1801 651 1834 campanae
675 1790 860 1830 audiverint,
877 1791 972 1822 semel
995 1789 1070 1822 Ora-

335 1844 451 1877 tionem
474 1843 669 1876 Dominicam
693 1847 722 1875 et
747 1841 968 1875 Salutationem
1007 1843 1067 1874 An-

335 1896 465 1939 gelicam
482 1922 490 1936 ‚
513 1895 644 1938 genibus
668 1894 763 1935 flexis,
787 1894 1007 1935 recitaverint,
1031 1895 1069 1927 si-

335 1948 450 1981 militer
472 1953 597 1980 centum
610 1937 696 1980 ⁷illes.

379 2019 394 2061 ἓ
416 2018 446 2051 5.
470 2019 632 2051 Praeterea
655 2017 771 2050 eisdem
803 2017 1012 2050 confratribus
1035 2029 1069 2050 u-

186 2071 478 2114 vaiunnbustriusque
501 2080 590 2103 sexus
612 2070 912 2111 confraternitatum,
925 2075 958 2102 ut
982 2081 1070 2114 prae-

137 2112 204 2131 attare
214 2112 329 2132 SSSaera-

137 2140 212 2164 mentij

339 2124 460 2164 fertur,
484 2123 745 2156 instituendarum
762 2149 770 2164 ,
794 2123 946 2156 visitando
974 2123 1068 2155 altare

338 2176 476 2208 eiusdem
500 2176 685 2209 sanctissimi
711 2176 912 2217 Sacramenti,
936 2181 964 2208 et
990 2176 1066 2208 inibi

336 2228 449 2271 septies
473 2228 651 2261 Orationem
688 2228 881 2261 Dominicam
915 2232 945 2260 et
979 2229 1068 2261 toties

336 2279 556 2313 Salutationem
580 2281 757 2324 Angelicam
774 2309 782 2322 ,
806 2291 862 2325 pro
886 2282 1068 2315 exaltatione

338 2337 461 2365 sanctae
485 2334 641 2366 Romanae
664 2333 814 2366 Ecclesiae
837 2343 873 2366 ac
904 2333 1066 2366 haeresum

338 2384 550 2427 extit-panone,
575 2386 710 2418 officium
727 2385 886 2419 recitando
902 2385 935 2417 in
948 2386 1066 2426 diebus,

338 2436 371 2468 in
396 2438 508 2479 quibus
531 2439 676 2471 stationes
700 2439 732 2470 in
755 2438 891 2472 ecclesiis
924 2437 957 2471 in
986 2439 1067 2471 Urbe

337 2493 367 2521 et
391 2495 474 2522 extra
493 2490 573 2522 illam
598 2490 800 2523 existentibus
820 2491 983 2531 habentur,
1000 2501 1067 2524 eas—

338 2541 409 2574 dem
433 2542 639 2584 indulgentias
651 2548 889 2584 consequantur,
906 2552 983 2585 quas
994 2552 1067 2575 con-

337 2600 550 2635 sequerentur,
573 2595 598 2626 si
621 2605 657 2627 ea
679 2594 729 2627 die
751 2595 834 2628 illam
857 2594 1017 2629 ecclesiam
1033 2596 1066 2629 in

909 235 1088 262 BULLARIUM
1105 233 1257 259 ROMANUM

1091 287 1172 320 Urbe
1195 291 1223 319 et
1248 289 1334 318 extra
1357 293 1426 318 eam
1443 283 1614 325 visitarent,
1632 283 1666 317 in
1681 290 1743 327 qua
1758 281 1826 326 ipsa

1093 338 1183 371 statio
1207 337 1350 370 habetur.

1862 404 1889 424 132
1902 403 1985 427 oeni.

1134 408 1149 451 g
1172 407 1201 440 6.
1227 407 1344 439 Rursus
1367 405 1484 439 eisdem
1508 406 1716 439 confratribus
1732 406 1828 438 altare
1838 431 1924 457 mm.

1093 470 1147 492 seu
1170 460 1282 499 locum,
1307 459 1339 491 in
1362 468 1424 501 quo
1447 459 1682 492 Sacramentum
1707 458 1830 501 praefa-

1093 517 1158 544 tum
1192 512 1406 552 custodietur,
1445 510 1644 544 visitantibus
1678 515 1706 543 et
1737 520 1830 543 oran·

1094 563 1184 604 tibus,
1209 569 1291 597 sexta
1316 574 1439 606 quaque
1462 563 1540 596 feria
1556 589 1564 604 ,
1588 569 1714 596 centum
1739 563 1826 604 dies;

1093 616 1213 658 singula
1237 626 1309 649 vero
1327 616 1375 648 dic
1393 616 1425 648 in
1441 615 1541 649 Coena
1561 616 1694 657 Domini,
1710 616 1828 649 eisdem

1093 667 1302 700 confratribus
1326 678 1395 700 vere
1412 668 1644 710 poenitentibus
1657 674 1687 701 et
1709 669 1829 702 confes-

1094 719 1144 760 sis,
1168 725 1283 762 septem
1309 731 1407 753 annos
1430 726 1460 754 et
1490 721 1620 754 totidem
1654 721 1829 764 quadrage-

1096 782 1174 811 nas;
1199 772 1230 804 in
1256 773 1345 804 tertia
1369 783 1441 805 vero
1473 773 1631 805 dominica
1664 774 1831 807 cuiuslibet

1097 824 1220 864 mensis,
1243 831 1273 856 et
1296 824 1328 856 in
1352 824 1428 857 feria
1445 825 1554 868 quinta
1571 825 1697 858 maioris
1713 826 1830 859 hebdo-

1097 876 1204 909 madae
1228 878 1266 909 ad
1290 878 1385 910 altare
1402 879 1575 920 praefatum
1600 879 1829 912 Eucharistiam

1097 928 1146 971 pie
1169 930 1418 973 suscipientibus,
1443 931 1548 964 decem
1573 941 1673 964 annos
1705 937 1733 964 et
1760 931 1830 964 toti-

1097 979 1167 1012 dem
1190 981 1416 1023 quadragenas;
1444 981 1560 1014 eisdem
1596 982 1804 1016 confratribus
1820 1007 1829 1024 ‚

1098 1031 1150 1074 qui
1174 1032 1291 1065 dictum
1315 1033 1549 1066 Sacramentum
1574 1035 1606 1067 in
1629 1035 1829 1077 processione

1099 1084 1218 1127 singulo
1242 1096 1366 1130 quoque
1390 1087 1481 1120 tertio
1505 1087 1662 1120 dominico
1697 1088 1747 1121 die
1775 1099 1829 1121 cu-

1099 1137 1218 1170 iuslibet
1244 1139 1358 1172 mensis
1380 1139 1612 1181 associaverint,
1636 1141 1730 1173 etiam
1757 1151 1829 1175 cen-

1096 1193 1163 1221 tum
1185 1188 1261 1223 dies.

1854 1263 1957 1285 Omnibus

1139 1261 1154 1304 ἓ
1177 1260 1205 1294 7.
1229 1262 1343 1295 Deinde
1366 1263 1512 1297 omnibus
1528 1269 1557 1298 et
1574 1265 1704 1308 singulis
1712 1266 1829 1299 utrius-
1841 1292 1990 1314 suadenm.

1098 1326 1156 1358 que
1190 1326 1279 1348 sexus
1313 1317 1588 1359 christifidelibus,
1624 1320 1678 1362 qui
1709 1320 1830 1362 singula

1099 1378 1220 1411 quaque
1244 1374 1327 1402 sexta
1351 1370 1428 1402 seria
1462 1370 1627 1404 cuiuslibet.
1661 1372 1832 1404 hebdoma-

1101 1421 1156 1453 dae
1185 1421 1281 1454 altare
1315 1422 1607 1456 confraternitatum
1641 1424 1832 1457 sanctissimi

1101 1473 1290 1505 Sacramenti
1308 1473 1487 1508 huiusmodi
1504 1475 1612 1509 devote
1629 1476 1833 1519 visitaverint,

1101 1531 1129 1559 et
1153 1526 1196 1559 ibi
1221 1526 1288 1569 pias
1321 1527 1360 1559 ad
1382 1527 1479 1560 Deum
1502 1539 1609 1571 preces
1642 1529 1834 1570 effuderint,

1101 1579 1206 1612 decem
1230 1591 1328 1613 annos
1350 1585 1379 1613 et
1405 1581 1533 1613 totidem
1556 1581 1772 1624 quadragenas
1794 1580 1833 1613 de

1102 1634 1247 1667 iniunctis
1270 1635 1314 1667 eis
1337 1639 1366 1666 et
1390 1644 1497 1666 eorum
1522 1633 1648 1666 cuilibet
1670 1633 1833 1676 poeniten-

1103 1686 1150 1718 tiis
1174 1687 1418 1719 misericorditer
1443 1687 1475 1719 in
1498 1687 1632 1719 Domino
1649 1688 1833 1720 relaxamus.

1141 1756 1155 1798 ἓ
1178 1755 1208 1789 8.
1224 1756 1393 1790 Contrariis
1409 1766 1472 1789 non
1488 1756 1684 1790 obstantibus
1701 1756 1830 1800 quibus·
1851 1773 1965 1798 Derogntto
1977 1773 2030 1792 eon»

1099 1817 1231 1852 cumque
1258 1809 1474 1852 praesentibus
1489 1835 1497 1849 ‚
1522 1819 1655 1852 quarum
1671 1809 1828 1851 exemplis,
1837 1800 1888 1851 :1¹:5³
1891 1799 2031 1850 0*ἳὲἈῖἷὲ

1099 1861 1192 1894 etiam
1226 1861 1406 1904 impressis,
1441 1869 1537 1893 manu
1569 1860 1683 1893 notarii
1714 1855 1934 1902 pubficip¹⁰”m'
2014 1853 2031 1905 ζ

1100 1915 1292 1957 subscriptis,
1315 1919 1345 1947 et
1370 1913 1470 1956 sigillo
1494 1923 1550 1946 suo
1566 1913 1612 1945 vel
1635 1912 1766 1945 alicuius
1790 1914 1835 1946 al·-
2015 1907 2038 1953 ‚⁵

1102 1966 1196 1998 terius
1219 1966 1252 1998 in
1276 1966 1428 2008 dignitate
1463 1965 1651 2003 ecclesistica
1681 1965 1835 1998 constitu·
2016 1937 2030 1996 i

1101 2023 1147 2050 tae
1171 2028 1321 2060 personae
1355 2018 1484 2050 munitis
1500 2045 1508 2058 ,
1532 2018 1674 2051 eamdem
1705 2028 1834 2061 prorsus
2012 2057 2014 2059 ¹

1101 2071 1192 2101 tidem
1216 2069 1357 2103 adhiberi
1383 2070 1535 2110 volumus,
1551 2080 1631 2112 quae
1647 2070 1724 2114 ipsis
1735 2071 1834 2114 origi·

1102 2122 1222 2155 ualibus
1244 2122 1355 2155 litteris
1378 2122 1592 2163 adhiberetur,
1616 2123 1641 2156 si
1658 2123 1760 2156 forent
1781 2132 1834 2156 ex·

1100 2174 1215 2207 t1ibitae
1248 2175 1295 2207 vel
1328 2179 1492 2216 ostensae,
1526 2175 1686 2219 perpetuis
1719 2175 1832 2209 futuris
2011 2177 2018 2210 j

1100 2227 1246 2269 temporis
1268 2227 1481 2260 duraturibus.

1140 2280 1249 2312 Datum
1295 2281 1410 2312 Romae
1455 2280 1538 2323 apud
1583 2280 1729 2314 Sanctum
1773 2279 1830 2313 Pe-

1100 2343 1190 2370 .rnm,
1215 2332 1273 2364 sub
1296 2333 1411 2364 annulo
1427 2333 1601 2373 Piscator-is,
1619 2333 1668 2366 die
1681 2343 1738 2366 vm
1755 2332 1830 2366 maii
2018 2282 2035 2382 Ξ

2017 2386 2035 2427 '3‘

2022 2497 2034 2542 ὲ,

1097 2394 1259 2425 ituLxxvu,
1286 2385 1483 2428 pontificatus
1507 2386 1604 2418 nostri
1629 2395 1710 2418 anno
1733 2395 1762 2418 v.

1130 2438 1193 2465 Dat.
1212 2439 1256 2466 die
1273 2439 1371 2508 awti
1391 2440 1466 2473 1577,
1484 2439 1582 2473 pontif.
1602 2447 1672 2466 anno
1690 2447 1717 2467 v.
