<?xml version="1.0" encoding="UTF-8"?>
<!DOCTYPE html PUBLIC "-//W3C//DTD XHTML 1.0 Transitional//EN"
    "http://www.w3.org/TR/xhtml1/DTD/xhtml1-transitional.dtd">
<html xmlns="http://www.w3.org/1999/xhtml" xml:lang="en" lang="en">
 <head>
  <title>
</title>
<meta http-equiv="Content-Type" content="text/html;charset=utf-8" />
  <meta name='ocr-system' content='tesseract 3.04.00' />
  <meta name='ocr-capabilities' content='ocr_page ocr_carea ocr_par ocr_line ocrx_word'/>
</head>
<body>
  <div class='ocr_page' id='page_1' title='image "./bullarumdiplomat08cath_0952.png"; bbox 0 0 2059 3228; ppageno 0'>
   <div class='ocr_carea' id='block_1_1' title="bbox 291 280 1068 2105">
    <p class='ocr_par' dir='ltr' id='par_1_1' title="bbox 296 280 1060 375">
     <span class='ocr_line' id='line_1_1' title="bbox 297 280 1060 326; baseline -0.005 -9"><span class='ocrx_word' id='word_1_1' title='bbox 297 285 424 322; x_wconf 85' lang='lat' dir='ltr'>tatibus,</span> <span class='ocrx_word' id='word_1_2' title='bbox 435 280 705 326; x_wconf 71' lang='lat' dir='ltr'>exemptionibus,</span> <span class='ocrx_word' id='word_1_3' title='bbox 715 281 956 325; x_wconf 75' lang='lat' dir='ltr'>praerogativis,</span> <span class='ocrx_word' id='word_1_4' title='bbox 971 284 1060 313; x_wconf 77' lang='lat' dir='ltr'>con-&#39;</span> 
     </span>
     <span class='ocr_line' id='line_1_2' title="bbox 296 335 1044 375; baseline -0.004 -5"><span class='ocrx_word' id='word_1_5' title='bbox 296 337 506 374; x_wconf 69' lang='lat' dir='ltr'>cessionibus,</span> <span class='ocrx_word' id='word_1_6' title='bbox 529 335 748 375; x_wconf 83' lang='lat' dir='ltr'>facultatibus,</span> <span class='ocrx_word' id='word_1_7' title='bbox 770 335 914 375; x_wconf 86' lang='lat' dir='ltr'>indultis,</span> <span class='ocrx_word' id='word_1_8' title='bbox 938 335 1044 367; x_wconf 84' lang='lat' dir='ltr'>indul·</span> 
     </span>
    </p>

    <p class='ocr_par' dir='ltr' id='par_1_2' title="bbox 294 389 1042 432">
     <span class='ocr_line' id='line_1_3' title="bbox 294 389 1042 432; baseline -0.003 -10"><span class='ocrx_word' id='word_1_9' title='bbox 294 390 420 432; x_wconf 71' lang='lat' dir='ltr'>gentiis,</span> <span class='ocrx_word' id='word_1_10' title='bbox 440 390 632 423; x_wconf 86' lang='lat' dir='ltr'>stationibus</span> <span class='ocrx_word' id='word_1_11' title='bbox 643 389 825 432; x_wconf 86' lang='lat' dir='ltr'>ceterisque.</span> <span class='ocrx_word' id='word_1_12' title='bbox 835 389 957 432; x_wconf 80' lang='lat' dir='ltr'>gratiis,</span> <span class='ocrx_word' id='word_1_13' title='bbox 981 394 1042 420; x_wconf 81' lang='lat' dir='ltr'>tam</span> 
     </span>
    </p>

    <p class='ocr_par' dir='ltr' id='par_1_3' title="bbox 298 442 1045 487">
     <span class='ocr_line' id='line_1_4' title="bbox 298 442 1045 487; baseline -0.004 -12"><span class='ocrx_word' id='word_1_14' title='bbox 298 443 528 487; x_wconf 62' lang='lat' dir='ltr'>ternporalibus</span> <span class='ocrx_word' id='word_1_15' title='bbox 551 453 648 486; x_wconf 88' lang='lat' dir='ltr'>quam</span> <span class='ocrx_word' id='word_1_16' title='bbox 667 442 899 486; x_wconf 74' lang='lat' dir='ltr'>spiritualibus,</span> <span class='ocrx_word' id='word_1_17' title='bbox 928 442 1045 486; x_wconf 82' lang='lat' dir='ltr'>quibus</span> 
     </span>
    </p>

    <p class='ocr_par' dir='ltr' id='par_1_4' title="bbox 295 495 1045 529">
     <span class='ocr_line' id='line_1_5' title="bbox 295 495 1045 529; baseline 0.001 -1"><span class='ocrx_word' id='word_1_18' title='bbox 295 497 409 529; x_wconf 86' lang='lat' dir='ltr'>domus</span> <span class='ocrx_word' id='word_1_19' title='bbox 421 502 451 529; x_wconf 87' lang='lat' dir='ltr'>et</span> <span class='ocrx_word' id='word_1_20' title='bbox 463 495 617 529; x_wconf 87' lang='lat' dir='ltr'>ecclesiae</span> <span class='ocrx_word' id='word_1_21' title='bbox 637 496 798 529; x_wconf 87' lang='lat' dir='ltr'>dictorum</span> <span class='ocrx_word' id='word_1_22' title='bbox 819 496 953 529; x_wconf 80' lang='lat' dir='ltr'>fratrum</span> <span class='ocrx_word' id='word_1_23' title='bbox 971 506 1045 529; x_wconf 86' lang='lat' dir='ltr'>eon-</span> 
     </span>
    </p>

    <p class='ocr_par' dir='ltr' id='par_1_5' title="bbox 295 549 1044 592">
     <span class='ocr_line' id='line_1_6' title="bbox 295 549 1044 592; baseline 0.003 -12"><span class='ocrx_word' id='word_1_24' title='bbox 295 549 504 590; x_wconf 73' lang='lat' dir='ltr'>ventualium,</span> <span class='ocrx_word' id='word_1_25' title='bbox 513 559 692 592; x_wconf 86' lang='lat' dir='ltr'>eorumque</span> <span class='ocrx_word' id='word_1_26' title='bbox 706 549 876 592; x_wconf 77' lang='lat' dir='ltr'>guardiam</span> <span class='ocrx_word' id='word_1_27' title='bbox 889 555 920 582; x_wconf 85' lang='lat' dir='ltr'>et</span> <span class='ocrx_word' id='word_1_28' title='bbox 930 549 1044 582; x_wconf 85' lang='lat' dir='ltr'>fratres</span> 
     </span>
    </p>

    <p class='ocr_par' dir='ltr' id='par_1_6' title="bbox 295 602 1044 646">
     <span class='ocr_line' id='line_1_7' title="bbox 295 602 1044 646; baseline 0.001 -12"><span class='ocrx_word' id='word_1_29' title='bbox 295 603 334 635; x_wconf 72' lang='lat' dir='ltr'>tle</span> <span class='ocrx_word' id='word_1_30' title='bbox 347 602 429 643; x_wconf 89' lang='lat' dir='ltr'>iure,</span> <span class='ocrx_word' id='word_1_31' title='bbox 451 614 513 636; x_wconf 84' lang='lat' dir='ltr'>usu</span> <span class='ocrx_word' id='word_1_32' title='bbox 534 602 807 636; x_wconf 86' lang='lat' dir='ltr'>etconsuetudine</span> <span class='ocrx_word' id='word_1_33' title='bbox 819 604 867 636; x_wconf 75' lang='lat' dir='ltr'>vel</span> <span class='ocrx_word' id='word_1_34' title='bbox 878 603 1044 646; x_wconf 78' lang='lat' dir='ltr'>privilegio</span> 
     </span>
    </p>

    <p class='ocr_par' dir='ltr' id='par_1_7' title="bbox 294 656 1041 701">
     <span class='ocr_line' id='line_1_8' title="bbox 294 656 1041 701; baseline 0.001 -13"><span class='ocrx_word' id='word_1_35' title='bbox 294 662 345 689; x_wconf 86' lang='lat' dir='ltr'>aut</span> <span class='ocrx_word' id='word_1_36' title='bbox 361 656 438 689; x_wconf 81' lang='lat' dir='ltr'>alias</span> <span class='ocrx_word' id='word_1_37' title='bbox 453 657 699 701; x_wconf 78' lang='lat' dir='ltr'>quomodolibet</span> <span class='ocrx_word' id='word_1_38' title='bbox 710 662 858 697; x_wconf 84' lang='lat' dir='ltr'>utuntur,</span> <span class='ocrx_word' id='word_1_39' title='bbox 875 658 1041 694; x_wconf 84' lang='lat' dir='ltr'>fruuntur,</span> 
     </span>
    </p>

    <p class='ocr_par' dir='ltr' id='par_1_8' title="bbox 294 709 1042 754">
     <span class='ocr_line' id='line_1_9' title="bbox 294 709 1042 754; baseline 0.001 -13"><span class='ocrx_word' id='word_1_40' title='bbox 294 709 463 753; x_wconf 89' lang='lat' dir='ltr'>potiuntur</span> <span class='ocrx_word' id='word_1_41' title='bbox 482 716 512 743; x_wconf 90' lang='lat' dir='ltr'>et</span> <span class='ocrx_word' id='word_1_42' title='bbox 532 711 684 753; x_wconf 82' lang='lat' dir='ltr'>gaudent,</span> <span class='ocrx_word' id='word_1_43' title='bbox 704 721 742 743; x_wconf 90' lang='lat' dir='ltr'>ac</span> <span class='ocrx_word' id='word_1_44' title='bbox 760 711 818 751; x_wconf 87' lang='lat' dir='ltr'>uti,</span> <span class='ocrx_word' id='word_1_45' title='bbox 844 710 919 751; x_wconf 88' lang='lat' dir='ltr'>frui,</span> <span class='ocrx_word' id='word_1_46' title='bbox 947 710 1042 754; x_wconf 89' lang='lat' dir='ltr'>potiri</span> 
     </span>
    </p>

    <p class='ocr_par' dir='ltr' id='par_1_9' title="bbox 294 763 1042 808">
     <span class='ocr_line' id='line_1_10' title="bbox 294 763 1042 808; baseline 0.001 -13"><span class='ocrx_word' id='word_1_47' title='bbox 294 769 323 795; x_wconf 80' lang='lat' dir='ltr'>ct</span> <span class='ocrx_word' id='word_1_48' title='bbox 347 763 490 806; x_wconf 76' lang='lat' dir='ltr'>gaudere</span> <span class='ocrx_word' id='word_1_49' title='bbox 518 770 653 808; x_wconf 82' lang='lat' dir='ltr'>possunt</span> <span class='ocrx_word' id='word_1_50' title='bbox 673 770 703 797; x_wconf 90' lang='lat' dir='ltr'>et</span> <span class='ocrx_word' id='word_1_51' title='bbox 724 770 876 808; x_wconf 85' lang='lat' dir='ltr'>poterunt</span> <span class='ocrx_word' id='word_1_52' title='bbox 905 773 1042 807; x_wconf 85' lang='lat' dir='ltr'>quomo-</span> 
     </span>
    </p>

    <p class='ocr_par' dir='ltr' id='par_1_10' title="bbox 294 816 1056 915">
     <span class='ocr_line' id='line_1_11' title="bbox 294 816 1056 861; baseline 0.003 -13"><span class='ocrx_word' id='word_1_53' title='bbox 294 816 413 850; x_wconf 86' lang='lat' dir='ltr'>dolibet</span> <span class='ocrx_word' id='word_1_54' title='bbox 444 817 475 849; x_wconf 89' lang='lat' dir='ltr'>in</span> <span class='ocrx_word' id='word_1_55' title='bbox 509 818 665 858; x_wconf 84' lang='lat' dir='ltr'>futurum,</span> <span class='ocrx_word' id='word_1_56' title='bbox 686 818 906 861; x_wconf 73' lang='lat' dir='ltr'>pariformiter</span> <span class='ocrx_word' id='word_1_57' title='bbox 926 824 956 851; x_wconf 88' lang='lat' dir='ltr'>et</span> <span class='ocrx_word' id='word_1_58' title='bbox 976 818 1056 850; x_wconf 82' lang='lat' dir='ltr'>sine·</span> 
     </span>
     <span class='ocr_line' id='line_1_12' title="bbox 295 869 1040 915; baseline 0.001 -14"><span class='ocrx_word' id='word_1_59' title='bbox 295 869 486 911; x_wconf 76' lang='lat' dir='ltr'>differentia,</span> <span class='ocrx_word' id='word_1_60' title='bbox 518 872 695 904; x_wconf 88' lang='lat' dir='ltr'>dummodo</span> <span class='ocrx_word' id='word_1_61' title='bbox 729 877 842 904; x_wconf 78' lang='lat' dir='ltr'>contra</span> <span class='ocrx_word' id='word_1_62' title='bbox 870 871 1040 915; x_wconf 82' lang='lat' dir='ltr'>puritatem</span> 
     </span>
    </p>

    <p class='ocr_par' dir='ltr' id='par_1_11' title="bbox 294 922 1042 966">
     <span class='ocr_line' id='line_1_13' title="bbox 294 922 1042 966; baseline 0.001 -11"><span class='ocrx_word' id='word_1_63' title='bbox 294 922 433 966; x_wconf 78' lang='lat' dir='ltr'>Regulae</span> <span class='ocrx_word' id='word_1_64' title='bbox 451 924 596 957; x_wconf 84' lang='lat' dir='ltr'>eiusdem</span> <span class='ocrx_word' id='word_1_65' title='bbox 607 924 692 957; x_wconf 86' lang='lat' dir='ltr'>beati</span> <span class='ocrx_word' id='word_1_66' title='bbox 709 924 870 957; x_wconf 80' lang='lat' dir='ltr'>Francisci</span> <span class='ocrx_word' id='word_1_67' title='bbox 892 935 957 958; x_wconf 90' lang='lat' dir='ltr'>non</span> <span class='ocrx_word' id='word_1_68' title='bbox 971 925 1042 963; x_wconf 86' lang='lat' dir='ltr'>sint,</span> 
     </span>
    </p>

    <p class='ocr_par' dir='ltr' id='par_1_12' title="bbox 293 975 1045 1021">
     <span class='ocr_line' id='line_1_14' title="bbox 293 975 1045 1021; baseline 0.003 -13"><span class='ocrx_word' id='word_1_69' title='bbox 293 987 352 1009; x_wconf 80' lang='lat' dir='ltr'>nec</span> <span class='ocrx_word' id='word_1_70' title='bbox 372 975 401 1010; x_wconf 92' lang='lat' dir='ltr'>ei</span> <span class='ocrx_word' id='word_1_71' title='bbox 422 977 454 1009; x_wconf 91' lang='lat' dir='ltr'>in</span> <span class='ocrx_word' id='word_1_72' title='bbox 474 977 583 1021; x_wconf 89' lang='lat' dir='ltr'>aliquo</span> <span class='ocrx_word' id='word_1_73' title='bbox 610 978 774 1020; x_wconf 72' lang='lat' dir='ltr'>derogent,</span> <span class='ocrx_word' id='word_1_74' title='bbox 796 978 851 1010; x_wconf 88' lang='lat' dir='ltr'>sed</span> <span class='ocrx_word' id='word_1_75' title='bbox 876 988 1045 1011; x_wconf 85' lang='lat' dir='ltr'>conserva-</span> 
     </span>
    </p>

    <p class='ocr_par' dir='ltr' id='par_1_13' title="bbox 292 1022 1065 1128">
     <span class='ocr_line' id='line_1_15' title="bbox 292 1022 1065 1074; baseline 0.005 -14"><span class='ocrx_word' id='word_1_76' title='bbox 292 1029 412 1062; x_wconf 82' lang='lat' dir='ltr'>tionem</span> <span class='ocrx_word' id='word_1_77' title='bbox 442 1036 474 1063; x_wconf 86' lang='lat' dir='ltr'>et</span> <span class='ocrx_word' id='word_1_78' title='bbox 497 1036 709 1074; x_wconf 79' lang='lat' dir='ltr'>augmentum</span> <span class='ocrx_word' id='word_1_79' title='bbox 744 1030 848 1064; x_wconf 85' lang='lat' dir='ltr'>dictae</span> <span class='ocrx_word' id='word_1_80' title='bbox 885 1022 1065 1064; x_wconf 58' lang='lat' dir='ltr'>reforma-¹</span> 
     </span>
     <span class='ocr_line' id='line_1_16' title="bbox 293 1081 1043 1128; baseline 0.004 -14"><span class='ocrx_word' id='word_1_81' title='bbox 293 1081 390 1116; x_wconf 89' lang='lat' dir='ltr'>tionis</span> <span class='ocrx_word' id='word_1_82' title='bbox 409 1090 619 1125; x_wconf 85' lang='lat' dir='ltr'>concernant,</span> <span class='ocrx_word' id='word_1_83' title='bbox 638 1085 696 1122; x_wconf 82' lang='lat' dir='ltr'>uti,</span> <span class='ocrx_word' id='word_1_84' title='bbox 717 1084 793 1125; x_wconf 89' lang='lat' dir='ltr'>frui,</span> <span class='ocrx_word' id='word_1_85' title='bbox 814 1084 910 1128; x_wconf 91' lang='lat' dir='ltr'>potiri</span> <span class='ocrx_word' id='word_1_86' title='bbox 923 1091 951 1118; x_wconf 92' lang='lat' dir='ltr'>et</span> <span class='ocrx_word' id='word_1_87' title='bbox 963 1095 1043 1128; x_wconf 78' lang='lat' dir='ltr'>gau-</span> 
     </span>
    </p>

    <p class='ocr_par' dir='ltr' id='par_1_14' title="bbox 291 1136 836 1181">
     <span class='ocr_line' id='line_1_17' title="bbox 291 1136 836 1181; baseline 0.004 -13"><span class='ocrx_word' id='word_1_88' title='bbox 291 1136 368 1169; x_wconf 86' lang='lat' dir='ltr'>dere</span> <span class='ocrx_word' id='word_1_89' title='bbox 389 1137 512 1181; x_wconf 79' lang='lat' dir='ltr'>possint</span> <span class='ocrx_word' id='word_1_90' title='bbox 532 1138 564 1170; x_wconf 94' lang='lat' dir='ltr'>in</span> <span class='ocrx_word' id='word_1_91' title='bbox 585 1138 730 1181; x_wconf 88' lang='lat' dir='ltr'>quolibet</span> <span class='ocrx_word' id='word_1_92' title='bbox 750 1144 836 1171; x_wconf 87' lang='lat' dir='ltr'>actu.</span> 
     </span>
    </p>

    <p class='ocr_par' dir='ltr' id='par_1_15' title="bbox 292 1189 1068 2105">
     <span class='ocr_line' id='line_1_18' title="bbox 335 1189 1045 1235; baseline 0.003 -12"><span class='ocrx_word' id='word_1_93' title='bbox 335 1190 350 1233; x_wconf 67' lang='grc' dir='ltr'><strong>ἓ</strong></span> <span class='ocrx_word' id='word_1_94' title='bbox 371 1189 403 1223; x_wconf 84' lang='grc'>8.</span> <span class='ocrx_word' id='word_1_95' title='bbox 429 1191 645 1225; x_wconf 88' lang='lat' dir='ltr'>Concedimus</span> <span class='ocrx_word' id='word_1_96' title='bbox 664 1191 774 1224; x_wconf 88' lang='lat' dir='ltr'>itidem</span> <span class='ocrx_word' id='word_1_97' title='bbox 791 1197 828 1224; x_wconf 89' lang='lat' dir='ltr'>ut</span> <span class='ocrx_word' id='word_1_98' title='bbox 846 1192 879 1224; x_wconf 89' lang='lat' dir='ltr'>in</span> <span class='ocrx_word' id='word_1_99' title='bbox 899 1192 1045 1235; x_wconf 84' lang='lat' dir='ltr'>quolibet</span> 
     </span>
     <span class='ocr_line' id='line_1_19' title="bbox 292 1245 1044 1288; baseline 0.004 -13"><span class='ocrx_word' id='word_1_100' title='bbox 292 1253 405 1276; x_wconf 89' lang='lat' dir='ltr'>eorum</span> <span class='ocrx_word' id='word_1_101' title='bbox 416 1251 574 1277; x_wconf 62' lang='lat' dir='ltr'>conventu</span> <span class='ocrx_word' id='word_1_102' title='bbox 587 1255 643 1277; x_wconf 84' lang='lat' dir='ltr'>seu</span> <span class='ocrx_word' id='word_1_103' title='bbox 655 1245 751 1278; x_wconf 88' lang='lat' dir='ltr'>domo</span> <span class='ocrx_word' id='word_1_104' title='bbox 762 1245 942 1288; x_wconf 71' lang='lat' dir='ltr'>syndicum,</span> <span class='ocrx_word' id='word_1_105' title='bbox 957 1246 1044 1278; x_wconf 83' lang='lat' dir='ltr'>iuxta</span> 
     </span>
     <span class='ocr_line' id='line_1_20' title="bbox 292 1297 1042 1332; baseline 0.003 -3"><span class='ocrx_word' id='word_1_106' title='bbox 292 1297 530 1331; x_wconf 86' lang='lat' dir='ltr'>ordinationem</span> <span class='ocrx_word' id='word_1_107' title='bbox 551 1298 655 1331; x_wconf 81' lang='lat' dir='ltr'>felicis</span> <span class='ocrx_word' id='word_1_108' title='bbox 675 1299 1042 1332; x_wconf 61' lang='lat' dir='ltr'>recordationistlicolai</span> 
     </span>
     <span class='ocr_line' id='line_1_21' title="bbox 292 1350 1045 1397; baseline 0.003 -14"><span class='ocrx_word' id='word_1_109' title='bbox 292 1350 396 1394; x_wconf 84' lang='lat' dir='ltr'>Papae</span> <span class='ocrx_word' id='word_1_110' title='bbox 422 1351 474 1391; x_wconf 75' lang='grc' dir='ltr'>ΙΙΙ,</span> <span class='ocrx_word' id='word_1_111' title='bbox 506 1351 766 1395; x_wconf 73' lang='lat' dir='ltr'>praedecessoris</span> <span class='ocrx_word' id='word_1_112' title='bbox 797 1352 910 1392; x_wconf 79' lang='lat' dir='ltr'>nostri,</span> <span class='ocrx_word' id='word_1_113' title='bbox 947 1363 1045 1397; x_wconf 87' lang='lat' dir='ltr'>super</span> 
     </span>
     <span class='ocr_line' id='line_1_22' title="bbox 292 1404 1062 1449; baseline 0.004 -13"><span class='ocrx_word' id='word_1_114' title='bbox 292 1404 354 1437; x_wconf 89' lang='lat' dir='ltr'>hoc</span> <span class='ocrx_word' id='word_1_115' title='bbox 373 1404 504 1446; x_wconf 82' lang='lat' dir='ltr'>factam,</span> <span class='ocrx_word' id='word_1_116' title='bbox 523 1404 574 1438; x_wconf 87' lang='lat' dir='ltr'>cui</span> <span class='ocrx_word' id='word_1_117' title='bbox 596 1416 654 1448; x_wconf 89' lang='lat' dir='ltr'>per</span> <span class='ocrx_word' id='word_1_118' title='bbox 674 1405 919 1449; x_wconf 79' lang='lat' dir='ltr'>provincialem,</span> <span class='ocrx_word' id='word_1_119' title='bbox 939 1412 1062 1439; x_wconf 82' lang='lat' dir='ltr'>custo-¹</span> 
     </span>
     <span class='ocr_line' id='line_1_23' title="bbox 292 1457 1043 1501; baseline 0.003 -11"><span class='ocrx_word' id='word_1_120' title='bbox 292 1457 367 1490; x_wconf 88' lang='lat' dir='ltr'>dem</span> <span class='ocrx_word' id='word_1_121' title='bbox 396 1468 433 1491; x_wconf 88' lang='lat' dir='ltr'>ac</span> <span class='ocrx_word' id='word_1_122' title='bbox 457 1458 674 1501; x_wconf 84' lang='lat' dir='ltr'>guardianum</span> <span class='ocrx_word' id='word_1_123' title='bbox 700 1459 774 1499; x_wconf 84' lang='lat' dir='ltr'>loci,</span> <span class='ocrx_word' id='word_1_124' title='bbox 796 1469 868 1491; x_wconf 89' lang='lat' dir='ltr'>cum</span> <span class='ocrx_word' id='word_1_125' title='bbox 890 1459 960 1492; x_wconf 85' lang='lat' dir='ltr'>aliis</span> <span class='ocrx_word' id='word_1_126' title='bbox 979 1460 1043 1492; x_wconf 87' lang='lat' dir='ltr'>fra-</span> 
     </span>
     <span class='ocr_line' id='line_1_24' title="bbox 294 1511 1044 1555; baseline 0.003 -11"><span class='ocrx_word' id='word_1_127' title='bbox 294 1511 410 1552; x_wconf 87' lang='lat' dir='ltr'>tribus,</span> <span class='ocrx_word' id='word_1_128' title='bbox 433 1512 568 1555; x_wconf 80' lang='lat' dir='ltr'>negocia</span> <span class='ocrx_word' id='word_1_129' title='bbox 579 1512 756 1546; x_wconf 85' lang='lat' dir='ltr'>saecularia</span> <span class='ocrx_word' id='word_1_130' title='bbox 773 1513 889 1546; x_wconf 87' lang='lat' dir='ltr'>domus</span> <span class='ocrx_word' id='word_1_131' title='bbox 901 1524 1044 1547; x_wconf 87' lang='lat' dir='ltr'>seucon-</span> 
     </span>
     <span class='ocr_line' id='line_1_25' title="bbox 293 1566 1067 1610; baseline 0.003 -12"><span class='ocrx_word' id='word_1_132' title='bbox 293 1571 420 1606; x_wconf 87' lang='lat' dir='ltr'>ventus,</span> <span class='ocrx_word' id='word_1_133' title='bbox 443 1576 481 1599; x_wconf 88' lang='lat' dir='ltr'>ac</span> <span class='ocrx_word' id='word_1_134' title='bbox 501 1572 655 1610; x_wconf 85' lang='lat' dir='ltr'>computa</span> <span class='ocrx_word' id='word_1_135' title='bbox 674 1566 836 1599; x_wconf 85' lang='lat' dir='ltr'>rationum</span> <span class='ocrx_word' id='word_1_136' title='bbox 858 1567 1042 1607; x_wconf 76' lang='lat' dir='ltr'>revidenda‚</span> <span class='ocrx_word' id='word_1_137' title='bbox 1063 1583 1067 1590; x_wconf 96' lang='lat'>·</span> 
     </span>
     <span class='ocr_line' id='line_1_26' title="bbox 294 1592 1068 2105; baseline 0.003 -453"><span class='ocrx_word' id='word_1_138' title='bbox 294 1629 452 1662; x_wconf 77' lang='lat' dir='ltr'>expensae</span> <span class='ocrx_word' id='word_1_139' title='bbox 473 1619 649 1660; x_wconf 78' lang='lat' dir='ltr'>faciendae,</span> <span class='ocrx_word' id='word_1_140' title='bbox 670 1620 869 1663; x_wconf 82' lang='lat' dir='ltr'>provisiones</span> <span class='ocrx_word' id='word_1_141' title='bbox 896 1592 1068 2105; x_wconf 50' lang='lat' dir='ltr'>necessa}</span> 
     </span>
    </p>
   </div>
   <div class='ocr_carea' id='block_1_2' title="bbox 99 229 280 262">
    <p class='ocr_par' dir='ltr' id='par_1_16' title="bbox 99 229 280 262">
     <span class='ocr_line' id='line_1_27' title="bbox 99 229 280 262; baseline -0.022 0"><span class='ocrx_word' id='word_1_142' title='bbox 99 234 154 262; x_wconf 80' lang='lat' dir='ltr'>An.</span> <span class='ocrx_word' id='word_1_143' title='bbox 168 229 197 262; x_wconf 89' lang='lat' dir='ltr'>C.</span> <span class='ocrx_word' id='word_1_144' title='bbox 214 230 280 259; x_wconf 80' lang='lat'>¹587</span> 
     </span>
    </p>
   </div>
   <div class='ocr_carea' id='block_1_3' title="bbox 94 1255 279 1494">
    <p class='ocr_par' dir='ltr' id='par_1_17' title="bbox 94 1255 279 1494">
     <span class='ocr_line' id='line_1_28' title="bbox 121 1255 276 1282; baseline -0.006 -6"><span class='ocrx_word' id='word_1_145' title='bbox 121 1255 276 1282; x_wconf 75' lang='lat' dir='ltr'>Smdieumpro</span> 
     </span>
     <span class='ocr_line' id='line_1_29' title="bbox 94 1287 278 1308; baseline -0.005 0"><span class='ocrx_word' id='word_1_146' title='bbox 94 1287 228 1308; x_wconf 57' lang='lat' dir='ltr'>accunt-itm&lt;</span> <span class='ocrx_word' id='word_1_147' title='bbox 239 1292 278 1307; x_wconf 74' lang='lat' dir='ltr'>ne-</span> 
     </span>
     <span class='ocr_line' id='line_1_30' title="bbox 95 1318 278 1344; baseline 0 -6"><span class='ocrx_word' id='word_1_148' title='bbox 95 1320 162 1343; x_wconf 61' lang='lat' dir='ltr'>gneus</span> <span class='ocrx_word' id='word_1_149' title='bbox 190 1318 278 1344; x_wconf 75' lang='lat' dir='ltr'>agendis</span> 
     </span>
     <span class='ocr_line' id='line_1_31' title="bbox 95 1348 277 1370; baseline 0 -1"><span class='ocrx_word' id='word_1_150' title='bbox 95 1348 208 1370; x_wconf 70' lang='lat' dir='ltr'>lierni-mati</span> <span class='ocrx_word' id='word_1_151' title='bbox 237 1349 277 1369; x_wconf 81' lang='lat' dir='ltr'>de—</span> 
     </span>
     <span class='ocr_line' id='line_1_32' title="bbox 96 1383 277 1407; baseline -0.006 -7"><span class='ocrx_word' id='word_1_152' title='bbox 96 1383 169 1406; x_wconf 77' lang='lat' dir='ltr'>putare</span> <span class='ocrx_word' id='word_1_153' title='bbox 180 1383 277 1407; x_wconf 73' lang='lat' dir='ltr'>possunt,</span> 
     </span>
     <span class='ocr_line' id='line_1_33' title="bbox 95 1411 278 1432; baseline 0.005 -1"><span class='ocrx_word' id='word_1_154' title='bbox 95 1415 116 1431; x_wconf 80' lang='lat' dir='ltr'>et</span> <span class='ocrx_word' id='word_1_155' title='bbox 137 1411 228 1431; x_wconf 75' lang='lat' dir='ltr'>habitum</span> <span class='ocrx_word' id='word_1_156' title='bbox 243 1411 278 1432; x_wconf 82' lang='lat' dir='ltr'>bic</span> 
     </span>
     <span class='ocr_line' id='line_1_34' title="bbox 95 1442 279 1468; baseline 0.011 -6"><span class='ocrx_word' id='word_1_157' title='bbox 95 1442 224 1468; x_wconf 75' lang='lat' dir='ltr'>designatum</span> <span class='ocrx_word' id='word_1_158' title='bbox 239 1442 279 1464; x_wconf 84' lang='lat' dir='ltr'>de-</span> 
     </span>
     <span class='ocr_line' id='line_1_35' title="bbox 96 1473 172 1494; baseline 0.013 -1"><span class='ocrx_word' id='word_1_159' title='bbox 96 1473 172 1494; x_wconf 72' lang='lat' dir='ltr'>temni.</span> 
     </span>
    </p>
   </div>
   <div class='ocr_carea' id='block_1_4' title="bbox 109 1671 1052 2560">
    <p class='ocr_par' dir='ltr' id='par_1_18' title="bbox 258 1671 1050 2357">
     <span class='ocr_line' id='line_1_36' title="bbox 295 1671 1046 1716; baseline 0.004 -12"><span class='ocrx_word' id='word_1_160' title='bbox 295 1671 362 1705; x_wconf 86' lang='lat' dir='ltr'>riae</span> <span class='ocrx_word' id='word_1_161' title='bbox 386 1683 446 1716; x_wconf 89' lang='lat' dir='ltr'>pro</span> <span class='ocrx_word' id='word_1_162' title='bbox 471 1672 632 1706; x_wconf 80' lang='lat' dir='ltr'>alimentis</span> <span class='ocrx_word' id='word_1_163' title='bbox 652 1679 683 1706; x_wconf 89' lang='lat' dir='ltr'>et</span> <span class='ocrx_word' id='word_1_164' title='bbox 703 1673 910 1714; x_wconf 84' lang='lat' dir='ltr'>vestimentis,</span> <span class='ocrx_word' id='word_1_165' title='bbox 926 1680 956 1707; x_wconf 88' lang='lat' dir='ltr'>et</span> <span class='ocrx_word' id='word_1_166' title='bbox 971 1685 1046 1707; x_wconf 89' lang='lat' dir='ltr'>con-</span> 
     </span>
     <span class='ocr_line' id='line_1_37' title="bbox 295 1726 1046 1770; baseline 0.003 -12"><span class='ocrx_word' id='word_1_167' title='bbox 295 1726 502 1767; x_wconf 84' lang='lat' dir='ltr'>structiones,</span> <span class='ocrx_word' id='word_1_168' title='bbox 524 1727 745 1770; x_wconf 77' lang='lat' dir='ltr'>reparationes</span> <span class='ocrx_word' id='word_1_169' title='bbox 759 1733 990 1768; x_wconf 78' lang='lat' dir='ltr'>conventuum,</span> <span class='ocrx_word' id='word_1_170' title='bbox 1005 1739 1046 1761; x_wconf 89' lang='lat' dir='ltr'>ne</span> 
     </span>
     <span class='ocr_line' id='line_1_38' title="bbox 297 1780 1047 1825; baseline 0.004 -13"><span class='ocrx_word' id='word_1_171' title='bbox 297 1786 496 1813; x_wconf 79' lang='lat' dir='ltr'>commutent</span> <span class='ocrx_word' id='word_1_172' title='bbox 524 1780 681 1821; x_wconf 89' lang='lat' dir='ltr'>habitum,</span> <span class='ocrx_word' id='word_1_173' title='bbox 714 1781 810 1814; x_wconf 88' lang='lat' dir='ltr'>etiam</span> <span class='ocrx_word' id='word_1_174' title='bbox 841 1783 1047 1825; x_wconf 81' lang='lat' dir='ltr'>quantumvis</span> 
     </span>
     <span class='ocr_line' id='line_1_39' title="bbox 297 1834 1047 1878; baseline 0.004 -12"><span class='ocrx_word' id='word_1_175' title='bbox 297 1834 534 1867; x_wconf 78' lang='lat' dir='ltr'>rudenrvilium</span> <span class='ocrx_word' id='word_1_176' title='bbox 553 1845 748 1878; x_wconf 85' lang='lat' dir='ltr'>pannorum,</span> <span class='ocrx_word' id='word_1_177' title='bbox 766 1835 830 1868; x_wconf 82' lang='lat' dir='ltr'>sive</span> <span class='ocrx_word' id='word_1_178' title='bbox 846 1846 964 1869; x_wconf 85' lang='lat' dir='ltr'>novum</span> <span class='ocrx_word' id='word_1_179' title='bbox 983 1836 1047 1869; x_wconf 86' lang='lat' dir='ltr'>sive</span> 
     </span>
     <span class='ocr_line' id='line_1_40' title="bbox 297 1888 1047 1932; baseline 0.003 -13"><span class='ocrx_word' id='word_1_180' title='bbox 297 1892 449 1929; x_wconf 82' lang='lat' dir='ltr'>veterem,</span> <span class='ocrx_word' id='word_1_181' title='bbox 473 1899 510 1921; x_wconf 87' lang='lat' dir='ltr'>ac</span> <span class='ocrx_word' id='word_1_182' title='bbox 529 1888 568 1921; x_wconf 90' lang='lat' dir='ltr'>de</span> <span class='ocrx_word' id='word_1_183' title='bbox 589 1888 700 1929; x_wconf 79' lang='lat' dir='ltr'>saccis,</span> <span class='ocrx_word' id='word_1_184' title='bbox 728 1888 822 1921; x_wconf 88' lang='lat' dir='ltr'>etiam</span> <span class='ocrx_word' id='word_1_185' title='bbox 852 1889 1047 1932; x_wconf 83' lang='lat' dir='ltr'>repetiatum</span> 
     </span>
     <span class='ocr_line' id='line_1_41' title="bbox 299 1941 1049 1986; baseline 0.003 -13"><span class='ocrx_word' id='word_1_186' title='bbox 299 1946 329 1973; x_wconf 89' lang='lat' dir='ltr'>et</span> <span class='ocrx_word' id='word_1_187' title='bbox 349 1941 549 1981; x_wconf 77' lang='lat' dir='ltr'>resarcitum,</span> <span class='ocrx_word' id='word_1_188' title='bbox 570 1952 635 1975; x_wconf 89' lang='lat' dir='ltr'>non</span> <span class='ocrx_word' id='word_1_189' title='bbox 656 1942 742 1975; x_wconf 88' lang='lat' dir='ltr'>enim</span> <span class='ocrx_word' id='word_1_190' title='bbox 762 1941 894 1974; x_wconf 85' lang='lat' dir='ltr'>habitus</span> <span class='ocrx_word' id='word_1_191' title='bbox 911 1943 1049 1986; x_wconf 68' lang='lat' dir='ltr'>exquisi-</span> 
     </span>
     <span class='ocr_line' id='line_1_42' title="bbox 294 1995 1047 2038; baseline 0.004 -12"><span class='ocrx_word' id='word_1_192' title='bbox 294 1996 350 2027; x_wconf 83' lang='lat' dir='ltr'>&#39;tus</span> <span class='ocrx_word' id='word_1_193' title='bbox 369 1995 400 2026; x_wconf 89' lang='lat' dir='ltr'>in</span> <span class='ocrx_word' id='word_1_194' title='bbox 421 1995 574 2038; x_wconf 84' lang='lat' dir='ltr'>qualitate</span> <span class='ocrx_word' id='word_1_195' title='bbox 594 1996 643 2028; x_wconf 77' lang='lat' dir='ltr'>vel</span> <span class='ocrx_word' id='word_1_196' title='bbox 663 1995 842 2038; x_wconf 84' lang='lat' dir='ltr'>quantitate</span> <span class='ocrx_word' id='word_1_197' title='bbox 876 1995 967 2029; x_wconf 86' lang='lat' dir='ltr'>decet</span> <span class='ocrx_word' id='word_1_198' title='bbox 984 1996 1047 2029; x_wconf 83' lang='lat' dir='ltr'>sra—</span> 
     </span>
     <span class='ocr_line' id='line_1_43' title="bbox 300 2047 1049 2089; baseline 0.004 -10"><span class='ocrx_word' id='word_1_199' title='bbox 300 2052 380 2080; x_wconf 86' lang='lat' dir='ltr'>trem</span> <span class='ocrx_word' id='word_1_200' title='bbox 398 2047 632 2089; x_wconf 81' lang='lat' dir='ltr'>Reformatum,</span> <span class='ocrx_word' id='word_1_201' title='bbox 654 2048 773 2081; x_wconf 87' lang='lat' dir='ltr'>coloris</span> <span class='ocrx_word' id='word_1_202' title='bbox 787 2049 883 2082; x_wconf 88' lang='lat' dir='ltr'>terrei</span> <span class='ocrx_word' id='word_1_203' title='bbox 897 2059 953 2082; x_wconf 85' lang='lat' dir='ltr'>scu</span> <span class='ocrx_word' id='word_1_204' title='bbox 964 2049 1049 2082; x_wconf 79' lang='lat' dir='ltr'>cine-</span> 
     </span>
     <span class='ocr_line' id='line_1_44' title="bbox 301 2100 1050 2146; baseline 0.003 -13"><span class='ocrx_word' id='word_1_205' title='bbox 301 2100 377 2141; x_wconf 87' lang='lat' dir='ltr'>ritii,</span> <span class='ocrx_word' id='word_1_206' title='bbox 398 2112 435 2134; x_wconf 90' lang='lat' dir='ltr'>ac</span> <span class='ocrx_word' id='word_1_207' title='bbox 455 2101 621 2145; x_wconf 87' lang='lat' dir='ltr'>caputium</span> <span class='ocrx_word' id='word_1_208' title='bbox 642 2112 697 2134; x_wconf 87' lang='lat' dir='ltr'>seu</span> <span class='ocrx_word' id='word_1_209' title='bbox 719 2102 938 2146; x_wconf 84' lang='lat' dir='ltr'>scapularium</span> <span class='ocrx_word' id='word_1_210' title='bbox 957 2103 989 2135; x_wconf 91' lang='lat' dir='ltr'>in</span> <span class='ocrx_word' id='word_1_211' title='bbox 999 2113 1050 2135; x_wconf 86' lang='lat' dir='ltr'>ca-</span> 
     </span>
     <span class='ocr_line' id='line_1_45' title="bbox 302 2154 1049 2200; baseline 0.003 -13"><span class='ocrx_word' id='word_1_212' title='bbox 302 2154 366 2197; x_wconf 86' lang='lat' dir='ltr'>pite</span> <span class='ocrx_word' id='word_1_213' title='bbox 391 2155 567 2188; x_wconf 88' lang='lat' dir='ltr'>rotundum</span> <span class='ocrx_word' id='word_1_214' title='bbox 597 2161 627 2188; x_wconf 87' lang='lat' dir='ltr'>et</span> <span class='ocrx_word' id='word_1_215' title='bbox 655 2166 672 2188; x_wconf 83' lang='lat' dir='ltr'>a</span> <span class='ocrx_word' id='word_1_216' title='bbox 701 2155 808 2188; x_wconf 82' lang='lat' dir='ltr'>tunica</span> <span class='ocrx_word' id='word_1_217' title='bbox 837 2156 972 2189; x_wconf 75' lang='lat' dir='ltr'>divisum</span> <span class='ocrx_word' id='word_1_218' title='bbox 993 2168 1049 2200; x_wconf 82' lang='lat' dir='ltr'>ge-</span> 
     </span>
     <span class='ocr_line' id='line_1_46' title="bbox 258 2208 1049 2254; baseline 0.004 -15"><span class='ocrx_word' id='word_1_219' title='bbox 258 2246 263 2252; x_wconf 45' lang='lat'>·</span> <span class='ocrx_word' id='word_1_220' title='bbox 302 2213 385 2240; x_wconf 83' lang='lat' dir='ltr'>stare</span> <span class='ocrx_word' id='word_1_221' title='bbox 405 2218 441 2240; x_wconf 86' lang='lat' dir='ltr'>ac</span> <span class='ocrx_word' id='word_1_222' title='bbox 463 2208 594 2241; x_wconf 79' lang='lat' dir='ltr'>ubilibet</span> <span class='ocrx_word' id='word_1_223' title='bbox 617 2208 754 2247; x_wconf 82' lang='lat' dir='ltr'>deferre,</span> <span class='ocrx_word' id='word_1_224' title='bbox 777 2209 937 2252; x_wconf 81' lang='lat' dir='ltr'>nudisque</span> <span class='ocrx_word' id='word_1_225' title='bbox 958 2210 1049 2254; x_wconf 90' lang='lat' dir='ltr'>pedi-</span> 
     </span>
     <span class='ocr_line' id='line_1_47' title="bbox 302 2260 1048 2305; baseline 0.005 -13"><span class='ocrx_word' id='word_1_226' title='bbox 302 2260 362 2292; x_wconf 84' lang='lat' dir='ltr'>bus</span> <span class='ocrx_word' id='word_1_227' title='bbox 382 2267 435 2293; x_wconf 82' lang='lat' dir='ltr'>aut</span> <span class='ocrx_word' id='word_1_228' title='bbox 462 2262 636 2305; x_wconf 79' lang='lat' dir='ltr'>suppositis</span> <span class='ocrx_word' id='word_1_229' title='bbox 657 2262 744 2298; x_wconf 75' lang='lat' dir='ltr'>selis,</span> <span class='ocrx_word' id='word_1_230' title='bbox 764 2262 840 2302; x_wconf 69' lang='lat' dir='ltr'>sire,</span> <span class='ocrx_word' id='word_1_231' title='bbox 867 2269 901 2296; x_wconf 89' lang='lat' dir='ltr'>ut</span> <span class='ocrx_word' id='word_1_232' title='bbox 922 2269 1048 2304; x_wconf 70' lang='lat' dir='ltr'>vocant,</span> 
     </span>
     <span class='ocr_line' id='line_1_48' title="bbox 303 2314 1049 2357; baseline 0.005 -12"><span class='ocrx_word' id='word_1_233' title='bbox 303 2314 466 2354; x_wconf 83' lang='lat' dir='ltr'>sandaliis,</span> <span class='ocrx_word' id='word_1_234' title='bbox 484 2315 635 2348; x_wconf 78' lang='lat' dir='ltr'>incedere</span> <span class='ocrx_word' id='word_1_235' title='bbox 659 2316 759 2348; x_wconf 85' lang='lat' dir='ltr'>libere</span> <span class='ocrx_word' id='word_1_236' title='bbox 772 2322 803 2348; x_wconf 88' lang='lat' dir='ltr'>et</span> <span class='ocrx_word' id='word_1_237' title='bbox 814 2315 899 2349; x_wconf 89' lang='lat' dir='ltr'>licite</span> <span class='ocrx_word' id='word_1_238' title='bbox 913 2317 1049 2357; x_wconf 72' lang='lat' dir='ltr'>valeant,</span> 
     </span>
    </p>

    <p class='ocr_par' dir='ltr' id='par_1_19' title="bbox 109 2368 1052 2560">
     <span class='ocr_line' id='line_1_49' title="bbox 304 2368 628 2401; baseline 0.006 -2"><span class='ocrx_word' id='word_1_239' title='bbox 304 2378 341 2400; x_wconf 82' lang='lat' dir='ltr'>ac</span> <span class='ocrx_word' id='word_1_240' title='bbox 358 2368 454 2400; x_wconf 86' lang='lat' dir='ltr'>etiam</span> <span class='ocrx_word' id='word_1_241' title='bbox 480 2368 628 2401; x_wconf 81' lang='lat' dir='ltr'>debeant.</span> 
     </span>
     <span class='ocr_line' id='line_1_50' title="bbox 348 2416 1050 2461; baseline 0.007 -14"><span class='ocrx_word' id='word_1_242' title='bbox 348 2416 363 2455; x_wconf 66' lang='grc' dir='ltr'>ξ</span> <span class='ocrx_word' id='word_1_243' title='bbox 388 2416 419 2449; x_wconf 76' lang='grc'>9.</span> <span class='ocrx_word' id='word_1_244' title='bbox 446 2417 576 2449; x_wconf 76' lang='lat' dir='ltr'>Necnon</span> <span class='ocrx_word' id='word_1_245' title='bbox 597 2418 683 2461; x_wconf 89' lang='lat' dir='ltr'>quod</span> <span class='ocrx_word' id='word_1_246' title='bbox 703 2418 743 2451; x_wconf 81' lang='lat' dir='ltr'>ab</span> <span class='ocrx_word' id='word_1_247' title='bbox 769 2419 942 2452; x_wconf 79' lang='lat' dir='ltr'>ordinariis</span> <span class='ocrx_word' id='word_1_248' title='bbox 961 2419 1050 2452; x_wconf 87' lang='lat' dir='ltr'>loco·</span> 
     </span>
     <span class='ocr_line' id='line_1_51' title="bbox 134 2467 1050 2509; baseline 0.003 -12"><span class='ocrx_word' id='word_1_249' title='bbox 134 2476 203 2503; x_wconf 63' lang='lat' dir='ltr'>super</span> <span class='ocrx_word' id='word_1_250' title='bbox 232 2479 291 2495; x_wconf 74' lang='lat' dir='ltr'>eon-</span> <span class='ocrx_word' id='word_1_251' title='bbox 306 2474 375 2496; x_wconf 88' lang='lat' dir='ltr'>rum</span> <span class='ocrx_word' id='word_1_252' title='bbox 402 2475 684 2509; x_wconf 67' lang='lat' dir='ltr'>‹proi-amrumque</span> <span class='ocrx_word' id='word_1_253' title='bbox 704 2477 878 2509; x_wconf 71' lang='lat' dir='ltr'>regnorum</span> <span class='ocrx_word' id='word_1_254' title='bbox 893 2473 923 2500; x_wconf 87' lang='lat' dir='ltr'>et</span> <span class='ocrx_word' id='word_1_255' title='bbox 940 2467 1050 2500; x_wconf 88' lang='lat' dir='ltr'>mundi</span> 
     </span>
     <span class='ocr_line' id='line_1_52' title="bbox 109 2507 1052 2560; baseline 0.006 -17"><span class='ocrx_word' id='word_1_256' title='bbox 109 2507 291 2527; x_wconf 66' lang='lat'>&#39;⁹¹¹¹¹¹&#39;⁰⁵“⁰⁰“</span> <span class='ocrx_word' id='word_1_257' title='bbox 308 2513 457 2556; x_wconf 84' lang='lat' dir='ltr'>partium,</span> <span class='ocrx_word' id='word_1_258' title='bbox 487 2515 517 2546; x_wconf 86' lang='lat' dir='ltr'>in</span> <span class='ocrx_word' id='word_1_259' title='bbox 548 2515 666 2557; x_wconf 80' lang='lat' dir='ltr'>quibus</span> <span class='ocrx_word' id='word_1_260' title='bbox 691 2526 749 2558; x_wconf 88' lang='lat' dir='ltr'>pro</span> <span class='ocrx_word' id='word_1_261' title='bbox 772 2522 916 2560; x_wconf 88' lang='lat' dir='ltr'>tempore</span> <span class='ocrx_word' id='word_1_262' title='bbox 936 2517 1052 2549; x_wconf 88' lang='lat' dir='ltr'>domus</span> 
     </span>
    </p>
   </div>
   <div class='ocr_carea' id='block_1_5' title="bbox 110 2536 292 2565">
    <p class='ocr_par' dir='ltr' id='par_1_20' title="bbox 110 2536 292 2565">
     <span class='ocr_line' id='line_1_53' title="bbox 110 2536 292 2565; baseline -0.022 -7"><span class='ocrx_word' id='word_1_263' title='bbox 110 2538 153 2565; x_wconf 60' lang='lat' dir='ltr'>ptis</span> <span class='ocrx_word' id='word_1_264' title='bbox 169 2540 188 2557; x_wconf 72' lang='lat' dir='ltr'>et</span> <span class='ocrx_word' id='word_1_265' title='bbox 208 2536 292 2562; x_wconf 82' lang='lat' dir='ltr'>recipi-</span> 
     </span>
    </p>
   </div>
   <div class='ocr_carea' id='block_1_6' title="bbox 111 2564 1051 2619">
    <p class='ocr_par' dir='ltr' id='par_1_21' title="bbox 111 2564 1051 2619">
     <span class='ocr_line' id='line_1_54' title="bbox 111 2564 1051 2619; baseline 0.003 -25"><span class='ocrx_word' id='word_1_266' title='bbox 111 2566 292 2619; x_wconf 48' lang='grc' dir='ltr'>ζᾚυάἐέζῗίυοε</span> <span class='ocrx_word' id='word_1_267' title='bbox 308 2572 362 2594; x_wconf 82' lang='lat' dir='ltr'>seu</span> <span class='ocrx_word' id='word_1_268' title='bbox 384 2569 559 2595; x_wconf 72' lang='lat' dir='ltr'>conventus</span> <span class='ocrx_word' id='word_1_269' title='bbox 579 2569 606 2595; x_wconf 75' lang='lat' dir='ltr'>et</span> <span class='ocrx_word' id='word_1_270' title='bbox 630 2565 699 2598; x_wconf 87' lang='lat' dir='ltr'>loca</span> <span class='ocrx_word' id='word_1_271' title='bbox 718 2564 902 2605; x_wconf 79' lang='lat' dir='ltr'>habuerint,</span> <span class='ocrx_word' id='word_1_272' title='bbox 935 2576 971 2598; x_wconf 88' lang='lat' dir='ltr'>ac</span> <span class='ocrx_word' id='word_1_273' title='bbox 1001 2565 1051 2597; x_wconf 90' lang='lat' dir='ltr'>in-</span> 
     </span>
    </p>
   </div>
   <div class='ocr_carea' id='block_1_7' title="bbox 111 2634 139 2651">
    <p class='ocr_par' dir='ltr' id='par_1_22' title="bbox 111 2634 139 2651">
     <span class='ocr_line' id='line_1_55' title="bbox 111 2634 139 2651; baseline -0.036 0"><span class='ocrx_word' id='word_1_274' title='bbox 111 2634 139 2651; x_wconf 71' lang='lat' dir='ltr'>Be</span> 
     </span>
    </p>
   </div>
   <div class='ocr_carea' id='block_1_8' title="bbox 913 227 1260 253">
    <p class='ocr_par' dir='ltr' id='par_1_23' title="bbox 913 227 1260 253">
     <span class='ocr_line' id='line_1_56' title="bbox 913 227 1260 253; baseline -0.006 0"><span class='ocrx_word' id='word_1_275' title='bbox 913 227 1092 253; x_wconf 70' lang='lat' dir='ltr'>BULLARtUM</span> <span class='ocrx_word' id='word_1_276' title='bbox 1110 227 1260 252; x_wconf 69' lang='lat' dir='ltr'>Romnum</span> 
     </span>
    </p>
   </div>
   <div class='ocr_carea' id='block_1_9' title="bbox 204 2610 1845 2669">
    <p class='ocr_par' dir='ltr' id='par_1_24' title="bbox 204 2610 1845 2669">
     <span class='ocr_line' id='line_1_57' title="bbox 204 2610 1845 2669; baseline 0.001 -27"><span class='ocrx_word' id='word_1_277' title='bbox 204 2628 293 2655; x_wconf 46' lang='lat' dir='ltr'>,nisque</span> <span class='ocrx_word' id='word_1_278' title='bbox 309 2610 447 2643; x_wconf 84' lang='lat' dir='ltr'>troducti</span> <span class='ocrx_word' id='word_1_279' title='bbox 469 2611 600 2653; x_wconf 80' lang='lat' dir='ltr'>fuerint,</span> <span class='ocrx_word' id='word_1_280' title='bbox 633 2619 688 2646; x_wconf 89' lang='lat' dir='ltr'>aut</span> <span class='ocrx_word' id='word_1_281' title='bbox 713 2613 809 2646; x_wconf 85' lang='lat' dir='ltr'>etiam</span> <span class='ocrx_word' id='word_1_282' title='bbox 843 2614 1053 2656; x_wconf 82' lang='lat' dir='ltr'>quibuscum·</span> <span class='ocrx_word' id='word_1_283' title='bbox 1069 2617 1076 2669; x_wconf 48' lang='grc' dir='ltr'>ι</span> <span class='ocrx_word' id='word_1_284' title='bbox 1094 2613 1168 2646; x_wconf 90' lang='lat' dir='ltr'>inde</span> <span class='ocrx_word' id='word_1_285' title='bbox 1184 2613 1320 2654; x_wconf 77' lang='lat' dir='ltr'>reverti3</span> <span class='ocrx_word' id='word_1_286' title='bbox 1342 2613 1417 2655; x_wconf 90' lang='lat' dir='ltr'>quin</span> <span class='ocrx_word' id='word_1_287' title='bbox 1434 2613 1528 2646; x_wconf 84' lang='lat' dir='ltr'>etiam</span> <span class='ocrx_word' id='word_1_288' title='bbox 1549 2612 1704 2656; x_wconf 80' lang='lat' dir='ltr'>praedicti</span> <span class='ocrx_word' id='word_1_289' title='bbox 1723 2612 1845 2663; x_wconf 78' lang='lat' dir='ltr'>fratres</span> 
     </span>
    </p>
   </div>
   <div class='ocr_carea' id='block_1_10' title="bbox 1899 0 2059 3228">
    <p class='ocr_par' dir='ltr' id='par_1_25' title="bbox 1899 0 2059 3228">
     <span class='ocr_line' id='line_1_58' title="bbox 1899 0 2059 358; baseline 0 -182"><span class='ocrx_word' id='word_1_290' title='bbox 1899 0 2059 358; x_wconf 95' lang='lat' dir='ltr'>     </span> 
     </span>
     <span class='ocr_line' id='line_1_59' title="bbox 1899 358 2059 1475; baseline 0.738 -114"><span class='ocrx_word' id='word_1_291' title='bbox 1899 358 2059 1475; x_wconf 95' lang='lat' dir='ltr'>     </span> 
     </span>
     <span class='ocr_line' id='line_1_60' title="bbox 1899 1475 2059 3228; baseline 0 -1705"><span class='ocrx_word' id='word_1_292' title='bbox 1899 1475 2059 3228; x_wconf 95' lang='lat' dir='ltr'>     </span> 
     </span>
    </p>
   </div>
   <div class='ocr_carea' id='block_1_11' title="bbox 1082 226 2059 2358">
    <p class='ocr_par' dir='ltr' id='par_1_26' title="bbox 1082 223 2015 1341">
     <span class='ocr_line' id='line_1_61' title="bbox 1843 226 2015 256; baseline 0.023 -1"><span class='ocrx_word' id='word_1_293' title='bbox 1843 226 1896 256; x_wconf 79' lang='lat' dir='ltr'>An.</span> <span class='ocrx_word' id='word_1_294' title='bbox 2011 242 2015 243; x_wconf 44' lang='lat'><em>⁷</em></span> 
     </span>
     <span class='ocr_line' id='line_1_62' title="bbox 1085 279 2014 325; baseline 0 -13"><span class='ocrx_word' id='word_1_295' title='bbox 1085 290 1148 323; x_wconf 85' lang='lat' dir='ltr'>que</span> <span class='ocrx_word' id='word_1_296' title='bbox 1169 279 1239 312; x_wconf 88' lang='lat' dir='ltr'>aliis</span> <span class='ocrx_word' id='word_1_297' title='bbox 1259 279 1417 323; x_wconf 84' lang='lat' dir='ltr'>personis,</span> <span class='ocrx_word' id='word_1_298' title='bbox 1444 280 1668 324; x_wconf 87' lang='lat' dir='ltr'>superioribus</span> <span class='ocrx_word' id='word_1_299' title='bbox 1687 287 1715 314; x_wconf 78' lang='lat' dir='ltr'>et</span> <span class='ocrx_word' id='word_1_300' title='bbox 1738 290 1831 325; x_wconf 89' lang='lat' dir='ltr'>prae·</span> <span class='ocrx_word' id='word_1_301' title='bbox 1845 287 1975 317; x_wconf 65' lang='lat' dir='ltr'>praemiss·</span> <span class='ocrx_word' id='word_1_302' title='bbox 2012 297 2014 299; x_wconf 90' lang='lat'>·</span> 
     </span>
     <span class='ocr_line' id='line_1_63' title="bbox 1086 321 1951 376; baseline 0.002 -12"><span class='ocrx_word' id='word_1_303' title='bbox 1086 333 1167 372; x_wconf 80' lang='lat' dir='ltr'>latis,</span> <span class='ocrx_word' id='word_1_304' title='bbox 1180 333 1414 376; x_wconf 75' lang='lat' dir='ltr'>cuiuscumque</span> <span class='ocrx_word' id='word_1_305' title='bbox 1430 338 1543 371; x_wconf 78' lang='lat' dir='ltr'>status,</span> <span class='ocrx_word' id='word_1_306' title='bbox 1565 334 1694 376; x_wconf 83' lang='lat' dir='ltr'>gradus,</span> <span class='ocrx_word' id='word_1_307' title='bbox 1711 334 1832 367; x_wconf 86' lang='lat' dir='ltr'>ordinis</span> <span class='ocrx_word' id='word_1_308' title='bbox 1845 321 1919 374; x_wconf 50' lang='lat' dir='ltr'>ffiffffl</span> <span class='ocrx_word' id='word_1_309' title='bbox 1938 330 1951 346; x_wconf 88' lang='lat'>&#39;¹</span> 
     </span>
     <span class='ocr_line' id='line_1_64' title="bbox 1085 386 1834 433; baseline 0.005 -16"><span class='ocrx_word' id='word_1_310' title='bbox 1085 392 1112 418; x_wconf 87' lang='lat' dir='ltr'>et</span> <span class='ocrx_word' id='word_1_311' title='bbox 1136 386 1335 419; x_wconf 87' lang='lat' dir='ltr'>conditionis</span> <span class='ocrx_word' id='word_1_312' title='bbox 1355 386 1580 426; x_wconf 80' lang='lat' dir='ltr'>existentibus,</span> <span class='ocrx_word' id='word_1_313' title='bbox 1603 387 1634 419; x_wconf 88' lang='lat' dir='ltr'>in</span> <span class='ocrx_word' id='word_1_314' title='bbox 1654 388 1712 420; x_wconf 85' lang='lat' dir='ltr'>hac</span> <span class='ocrx_word' id='word_1_315' title='bbox 1734 399 1834 433; x_wconf 87' lang='lat' dir='ltr'>super</span> 
     </span>
     <span class='ocr_line' id='line_1_65' title="bbox 1086 440 1833 484; baseline 0.004 -12"><span class='ocrx_word' id='word_1_316' title='bbox 1086 446 1149 473; x_wconf 83' lang='lat' dir='ltr'>tam</span> <span class='ocrx_word' id='word_1_317' title='bbox 1170 440 1232 473; x_wconf 89' lang='lat' dir='ltr'>iam</span> <span class='ocrx_word' id='word_1_318' title='bbox 1246 440 1408 473; x_wconf 83' lang='lat' dir='ltr'>fabricatis</span> <span class='ocrx_word' id='word_1_319' title='bbox 1419 452 1454 473; x_wconf 79' lang='lat' dir='ltr'>ac</span> <span class='ocrx_word' id='word_1_320' title='bbox 1471 440 1623 484; x_wconf 75' lang='lat' dir='ltr'>receptis,</span> <span class='ocrx_word' id='word_1_321' title='bbox 1636 452 1732 484; x_wconf 83' lang='lat' dir='ltr'>quam</span> <span class='ocrx_word' id='word_1_322' title='bbox 1744 442 1833 475; x_wconf 88' lang='lat' dir='ltr'>dein-</span> 
     </span>
     <span class='ocr_line' id='line_1_66' title="bbox 1084 494 1832 537; baseline 0.003 -11"><span class='ocrx_word' id='word_1_323' title='bbox 1084 504 1160 537; x_wconf 87' lang='lat' dir='ltr'>ceps</span> <span class='ocrx_word' id='word_1_324' title='bbox 1180 495 1454 537; x_wconf 83' lang='lat' dir='ltr'>quandocumque</span> <span class='ocrx_word' id='word_1_325' title='bbox 1462 500 1491 527; x_wconf 89' lang='lat' dir='ltr'>et</span> <span class='ocrx_word' id='word_1_326' title='bbox 1506 494 1715 537; x_wconf 87' lang='lat' dir='ltr'>ubicumque,</span> <span class='ocrx_word' id='word_1_327' title='bbox 1731 495 1770 528; x_wconf 90' lang='lat' dir='ltr'>de</span> <span class='ocrx_word' id='word_1_328' title='bbox 1781 505 1832 528; x_wconf 89' lang='lat' dir='ltr'>or-</span> 
     </span>
     <span class='ocr_line' id='line_1_67' title="bbox 1084 547 1830 589; baseline 0.003 -9"><span class='ocrx_word' id='word_1_329' title='bbox 1084 547 1285 580; x_wconf 84' lang='lat' dir='ltr'>dinariorum</span> <span class='ocrx_word' id='word_1_330' title='bbox 1300 548 1447 580; x_wconf 90' lang='lat' dir='ltr'>locorum</span> <span class='ocrx_word' id='word_1_331' title='bbox 1469 548 1612 588; x_wconf 87' lang='lat' dir='ltr'>lieentia,</span> <span class='ocrx_word' id='word_1_332' title='bbox 1623 548 1830 589; x_wconf 72' lang='lat' dir='ltr'>fabricandis,</span> 
     </span>
     <span class='ocr_line' id='line_1_68' title="bbox 1083 601 1833 646; baseline 0.003 -13"><span class='ocrx_word' id='word_1_333' title='bbox 1083 601 1279 645; x_wconf 88' lang='lat' dir='ltr'>recipiendis</span> <span class='ocrx_word' id='word_1_334' title='bbox 1296 607 1329 635; x_wconf 86' lang='lat' dir='ltr'>et</span> <span class='ocrx_word' id='word_1_335' title='bbox 1348 601 1566 645; x_wconf 83' lang='lat' dir='ltr'>acceptandis,</span> <span class='ocrx_word' id='word_1_336' title='bbox 1588 612 1647 646; x_wconf 88' lang='lat' dir='ltr'>per</span> <span class='ocrx_word' id='word_1_337' title='bbox 1666 612 1720 635; x_wconf 86' lang='lat' dir='ltr'>eos</span> <span class='ocrx_word' id='word_1_338' title='bbox 1739 613 1776 635; x_wconf 86' lang='lat' dir='ltr'>ac</span> <span class='ocrx_word' id='word_1_339' title='bbox 1787 602 1833 636; x_wconf 88' lang='lat' dir='ltr'>eis</span> 
     </span>
     <span class='ocr_line' id='line_1_69' title="bbox 1083 653 1830 696; baseline 0.003 -10"><span class='ocrx_word' id='word_1_340' title='bbox 1083 653 1199 687; x_wconf 85' lang='lat' dir='ltr'>oblatis</span> <span class='ocrx_word' id='word_1_341' title='bbox 1219 660 1252 687; x_wconf 88' lang='lat' dir='ltr'>et</span> <span class='ocrx_word' id='word_1_342' title='bbox 1271 654 1398 687; x_wconf 88' lang='lat' dir='ltr'>donatis</span> <span class='ocrx_word' id='word_1_343' title='bbox 1422 653 1583 695; x_wconf 85' lang='lat' dir='ltr'>domibus,</span> <span class='ocrx_word' id='word_1_344' title='bbox 1607 654 1830 696; x_wconf 79' lang='lat' dir='ltr'>conventibus,</span> 
     </span>
     <span class='ocr_line' id='line_1_70' title="bbox 1083 707 1834 751; baseline 0.001 -11"><span class='ocrx_word' id='word_1_345' title='bbox 1083 707 1226 741; x_wconf 86' lang='lat' dir='ltr'>ecclesiis</span> <span class='ocrx_word' id='word_1_346' title='bbox 1245 718 1282 741; x_wconf 87' lang='lat' dir='ltr'>ac</span> <span class='ocrx_word' id='word_1_347' title='bbox 1301 708 1391 748; x_wconf 86' lang='lat' dir='ltr'>locis,</span> <span class='ocrx_word' id='word_1_348' title='bbox 1408 707 1605 751; x_wconf 85' lang='lat' dir='ltr'>illorumque</span> <span class='ocrx_word' id='word_1_349' title='bbox 1626 718 1697 747; x_wconf 85' lang='lat' dir='ltr'>usu,</span> <span class='ocrx_word' id='word_1_350' title='bbox 1709 708 1834 741; x_wconf 86' lang='lat' dir='ltr'>habita·</span> 
     </span>
     <span class='ocr_line' id='line_1_71' title="bbox 1082 761 1832 806; baseline 0.001 -13"><span class='ocrx_word' id='word_1_351' title='bbox 1082 761 1170 794; x_wconf 88' lang='lat' dir='ltr'>tione</span> <span class='ocrx_word' id='word_1_352' title='bbox 1195 772 1231 794; x_wconf 85' lang='lat' dir='ltr'>ac</span> <span class='ocrx_word' id='word_1_353' title='bbox 1249 761 1432 794; x_wconf 88' lang='lat' dir='ltr'>retentione</span> <span class='ocrx_word' id='word_1_354' title='bbox 1452 761 1572 801; x_wconf 81' lang='lat' dir='ltr'>liberis,</span> <span class='ocrx_word' id='word_1_355' title='bbox 1593 761 1712 804; x_wconf 83' lang='lat' dir='ltr'>quietis</span> <span class='ocrx_word' id='word_1_356' title='bbox 1731 767 1763 794; x_wconf 81' lang='lat' dir='ltr'>et</span> <span class='ocrx_word' id='word_1_357' title='bbox 1779 772 1832 806; x_wconf 91' lang='lat' dir='ltr'>pa-</span> 
     </span>
     <span class='ocr_line' id='line_1_72' title="bbox 1083 814 1830 858; baseline 0 -10"><span class='ocrx_word' id='word_1_358' title='bbox 1083 814 1184 848; x_wconf 85' lang='lat' dir='ltr'>cificis</span> <span class='ocrx_word' id='word_1_359' title='bbox 1203 815 1395 858; x_wconf 84' lang='lat' dir='ltr'>(dummodo</span> <span class='ocrx_word' id='word_1_360' title='bbox 1425 820 1534 848; x_wconf 85' lang='lat' dir='ltr'>tamen</span> <span class='ocrx_word' id='word_1_361' title='bbox 1562 815 1601 848; x_wconf 89' lang='lat' dir='ltr'>de</span> <span class='ocrx_word' id='word_1_362' title='bbox 1625 815 1757 848; x_wconf 83' lang='lat' dir='ltr'>lieentia</span> <span class='ocrx_word' id='word_1_363' title='bbox 1777 826 1830 848; x_wconf 74' lang='lat' dir='ltr'>ex-</span> 
     </span>
     <span class='ocr_line' id='line_1_73' title="bbox 1082 869 1832 913; baseline 0.001 -12"><span class='ocrx_word' id='word_1_364' title='bbox 1082 879 1192 911; x_wconf 89' lang='lat' dir='ltr'>pressa</span> <span class='ocrx_word' id='word_1_365' title='bbox 1212 869 1350 901; x_wconf 84' lang='lat' dir='ltr'>ministri</span> <span class='ocrx_word' id='word_1_366' title='bbox 1375 869 1534 912; x_wconf 78' lang='lat' dir='ltr'>generalis</span> <span class='ocrx_word' id='word_1_367' title='bbox 1549 879 1608 912; x_wconf 88' lang='lat' dir='ltr'>pro</span> <span class='ocrx_word' id='word_1_368' title='bbox 1635 874 1780 913; x_wconf 87' lang='lat' dir='ltr'>tempore</span> <span class='ocrx_word' id='word_1_369' title='bbox 1800 879 1832 902; x_wconf 87' lang='lat' dir='ltr'>e-</span> 
     </span>
     <span class='ocr_line' id='line_1_74' title="bbox 1082 921 1830 963; baseline 0.001 -10"><span class='ocrx_word' id='word_1_370' title='bbox 1082 921 1229 955; x_wconf 72' lang='lat' dir='ltr'>xistentis</span> <span class='ocrx_word' id='word_1_371' title='bbox 1239 922 1402 955; x_wconf 89' lang='lat' dir='ltr'>dictorum</span> <span class='ocrx_word' id='word_1_372' title='bbox 1410 923 1544 955; x_wconf 83' lang='lat' dir='ltr'>fratrum</span> <span class='ocrx_word' id='word_1_373' title='bbox 1554 921 1830 963; x_wconf 75' lang='lat' dir='ltr'>Conventualium,</span> 
     </span>
     <span class='ocr_line' id='line_1_75' title="bbox 1082 975 1848 1020; baseline 0 -12"><span class='ocrx_word' id='word_1_374' title='bbox 1082 986 1119 1008; x_wconf 85' lang='lat' dir='ltr'>ac</span> <span class='ocrx_word' id='word_1_375' title='bbox 1139 976 1284 1019; x_wconf 86' lang='lat' dir='ltr'>capitulo</span> <span class='ocrx_word' id='word_1_376' title='bbox 1310 975 1501 1020; x_wconf 83' lang='lat' dir='ltr'>provinciali</span> <span class='ocrx_word' id='word_1_377' title='bbox 1521 975 1566 1008; x_wconf 87' lang='lat' dir='ltr'>sic</span> <span class='ocrx_word' id='word_1_378' title='bbox 1584 975 1848 1020; x_wconf 45' lang='lat' dir='ltr'>determinante)</span> 
     </span>
     <span class='ocr_line' id='line_1_76' title="bbox 1082 1026 1841 1074; baseline 0.003 -13"><span class='ocrx_word' id='word_1_379' title='bbox 1082 1030 1196 1063; x_wconf 87' lang='lat' dir='ltr'>domos</span> <span class='ocrx_word' id='word_1_380' title='bbox 1215 1035 1247 1063; x_wconf 87' lang='lat' dir='ltr'>et</span> <span class='ocrx_word' id='word_1_381' title='bbox 1260 1030 1331 1063; x_wconf 88' lang='lat' dir='ltr'>loca</span> <span class='ocrx_word' id='word_1_382' title='bbox 1341 1029 1529 1062; x_wconf 89' lang='lat' dir='ltr'>huiusmodi</span> <span class='ocrx_word' id='word_1_383' title='bbox 1540 1029 1724 1074; x_wconf 85' lang='lat' dir='ltr'>receperint</span> <span class='ocrx_word' id='word_1_384' title='bbox 1735 1035 1767 1063; x_wconf 89' lang='lat' dir='ltr'>et</span> <span class='ocrx_word' id='word_1_385' title='bbox 1777 1026 1841 1062; x_wconf 86' lang='lat' dir='ltr'>ac-&#39;</span> 
     </span>
     <span class='ocr_line' id='line_1_77' title="bbox 1083 1083 1848 1126; baseline 0.001 -10"><span class='ocrx_word' id='word_1_386' title='bbox 1083 1083 1292 1126; x_wconf 84' lang='lat' dir='ltr'>ceptaverint,</span> <span class='ocrx_word' id='word_1_387' title='bbox 1313 1083 1509 1126; x_wconf 84' lang='lat' dir='ltr'>habitusque</span> <span class='ocrx_word' id='word_1_388' title='bbox 1529 1083 1690 1116; x_wconf 86' lang='lat' dir='ltr'>delatione</span> <span class='ocrx_word' id='word_1_389' title='bbox 1712 1089 1745 1116; x_wconf 87' lang='lat' dir='ltr'>et</span> <span class='ocrx_word' id='word_1_390' title='bbox 1761 1083 1848 1117; x_wconf 65' lang='lat' dir='ltr'>aliis&#39;</span> 
     </span>
     <span class='ocr_line' id='line_1_78' title="bbox 1085 1136 1830 1180; baseline 0.003 -12"><span class='ocrx_word' id='word_1_391' title='bbox 1085 1137 1265 1179; x_wconf 87' lang='lat' dir='ltr'>praemissis</span> <span class='ocrx_word' id='word_1_392' title='bbox 1285 1136 1398 1180; x_wconf 84' lang='lat' dir='ltr'>quovis</span> <span class='ocrx_word' id='word_1_393' title='bbox 1418 1137 1514 1169; x_wconf 90' lang='lat' dir='ltr'>modo</span> <span class='ocrx_word' id='word_1_394' title='bbox 1533 1141 1589 1170; x_wconf 86' lang='lat' dir='ltr'>aut</span> <span class='ocrx_word' id='word_1_395' title='bbox 1607 1136 1752 1180; x_wconf 83' lang='lat' dir='ltr'>quaesito</span> <span class='ocrx_word' id='word_1_396' title='bbox 1775 1147 1830 1170; x_wconf 92' lang='lat' dir='ltr'>co-</span> 
     </span>
     <span class='ocr_line' id='line_1_79' title="bbox 1085 1190 1832 1234; baseline 0.001 -12"><span class='ocrx_word' id='word_1_397' title='bbox 1085 1193 1161 1231; x_wconf 87' lang='lat' dir='ltr'>tore,</span> <span class='ocrx_word' id='word_1_398' title='bbox 1193 1190 1323 1234; x_wconf 89' lang='lat' dir='ltr'>publice</span> <span class='ocrx_word' id='word_1_399' title='bbox 1342 1191 1392 1223; x_wconf 89' lang='lat' dir='ltr'>vel</span> <span class='ocrx_word' id='word_1_400' title='bbox 1414 1191 1550 1230; x_wconf 84' lang='lat' dir='ltr'>occulte,</span> <span class='ocrx_word' id='word_1_401' title='bbox 1572 1190 1694 1223; x_wconf 85' lang='lat' dir='ltr'>directe</span> <span class='ocrx_word' id='word_1_402' title='bbox 1714 1191 1764 1223; x_wconf 91' lang='lat' dir='ltr'>vel</span> <span class='ocrx_word' id='word_1_403' title='bbox 1783 1192 1832 1223; x_wconf 90' lang='lat' dir='ltr'>in-</span> 
     </span>
     <span class='ocr_line' id='line_1_80' title="bbox 1083 1243 1827 1287; baseline 0.001 -12"><span class='ocrx_word' id='word_1_404' title='bbox 1083 1243 1216 1284; x_wconf 75' lang='lat' dir='ltr'>directe,</span> <span class='ocrx_word' id='word_1_405' title='bbox 1251 1244 1413 1277; x_wconf 86' lang='lat' dir='ltr'>ullatenus</span> <span class='ocrx_word' id='word_1_406' title='bbox 1449 1253 1604 1287; x_wconf 88' lang='lat' dir='ltr'>umquam</span> <span class='ocrx_word' id='word_1_407' title='bbox 1638 1243 1801 1277; x_wconf 82' lang='lat' dir='ltr'>molestari</span> <span class='ocrx_word' id='word_1_408' title='bbox 1818 1269 1827 1284; x_wconf 93' lang='lat'>‚</span> 
     </span>
     <span class='ocr_line' id='line_1_81' title="bbox 1084 1297 1543 1341; baseline 0.002 -13"><span class='ocrx_word' id='word_1_409' title='bbox 1084 1297 1264 1341; x_wconf 80' lang='lat' dir='ltr'>perturbari</span> <span class='ocrx_word' id='word_1_410' title='bbox 1289 1298 1338 1330; x_wconf 85' lang='lat' dir='ltr'>vel</span> <span class='ocrx_word' id='word_1_411' title='bbox 1358 1297 1543 1341; x_wconf 86' lang='lat' dir='ltr'>inquietari.</span> 
     </span>
    </p>

    <p class='ocr_par' dir='ltr' id='par_1_27' title="bbox 1082 1350 2059 2358">
     <span class='ocr_line' id='line_1_82' title="bbox 1126 1350 1978 1398; baseline 0.002 -16"><span class='ocrx_word' id='word_1_412' title='bbox 1126 1351 1141 1393; x_wconf 61' lang='grc' dir='ltr'><strong>ξ</strong></span> <span class='ocrx_word' id='word_1_413' title='bbox 1164 1350 1218 1384; x_wconf 80' lang='lat'>10.</span> <span class='ocrx_word' id='word_1_414' title='bbox 1254 1350 1364 1394; x_wconf 88' lang='lat' dir='ltr'>Neque</span> <span class='ocrx_word' id='word_1_415' title='bbox 1393 1351 1471 1383; x_wconf 87' lang='lat' dir='ltr'>item</span> <span class='ocrx_word' id='word_1_416' title='bbox 1497 1350 1556 1394; x_wconf 89' lang='lat' dir='ltr'>ipsi</span> <span class='ocrx_word' id='word_1_417' title='bbox 1581 1350 1697 1384; x_wconf 88' lang='lat' dir='ltr'>fratres</span> <span class='ocrx_word' id='word_1_418' title='bbox 1716 1351 1829 1384; x_wconf 85' lang='lat' dir='ltr'>Refor-</span> <span class='ocrx_word' id='word_1_419' title='bbox 1870 1376 1978 1398; x_wconf 58' lang='lat' dir='ltr'><em>me</em></span> 
     </span>
     <span class='ocr_line' id='line_1_83' title="bbox 1082 1404 1970 1447; baseline 0.002 -11"><span class='ocrx_word' id='word_1_420' title='bbox 1082 1405 1161 1437; x_wconf 75' lang='lat' dir='ltr'>niati</span> <span class='ocrx_word' id='word_1_421' title='bbox 1181 1405 1306 1447; x_wconf 88' lang='lat' dir='ltr'>aliquos</span> <span class='ocrx_word' id='word_1_422' title='bbox 1327 1404 1406 1437; x_wconf 88' lang='lat' dir='ltr'>alios</span> <span class='ocrx_word' id='word_1_423' title='bbox 1431 1405 1547 1438; x_wconf 86' lang='lat' dir='ltr'>fratres</span> <span class='ocrx_word' id='word_1_424' title='bbox 1567 1405 1699 1438; x_wconf 84' lang='lat' dir='ltr'>alterius</span> <span class='ocrx_word' id='word_1_425' title='bbox 1719 1405 1830 1438; x_wconf 86' lang='lat' dir='ltr'>cuius·</span> <span class='ocrx_word' id='word_1_426' title='bbox 1843 1408 1970 1430; x_wconf 50' lang='lat' dir='ltr'>ven-uates*</span> 
     </span>
     <span class='ocr_line' id='line_1_84' title="bbox 1083 1444 2059 1502; baseline 0.001 -12"><span class='ocrx_word' id='word_1_427' title='bbox 1083 1469 1222 1501; x_wconf 86' lang='lat' dir='ltr'>cumque</span> <span class='ocrx_word' id='word_1_428' title='bbox 1242 1457 1369 1491; x_wconf 89' lang='lat' dir='ltr'>Ordinis</span> <span class='ocrx_word' id='word_1_429' title='bbox 1389 1457 1496 1491; x_wconf 82' lang='lat' dir='ltr'>Sancti</span> <span class='ocrx_word' id='word_1_430' title='bbox 1521 1458 1684 1492; x_wconf 85' lang='lat' dir='ltr'>Francisci</span> <span class='ocrx_word' id='word_1_431' title='bbox 1708 1458 1748 1492; x_wconf 86' lang='lat' dir='ltr'>de</span> <span class='ocrx_word' id='word_1_432' title='bbox 1767 1459 1830 1493; x_wconf 94' lang='lat' dir='ltr'>Oh-</span> <span class='ocrx_word' id='word_1_433' title='bbox 1845 1444 1980 1498; x_wconf 40' lang='lat' dir='ltr'>iix-:uffa</span> <span class='ocrx_word' id='word_1_434' title='bbox 2058 1498 2059 1502; x_wconf 13' lang='grc' dir='ltr'><strong>Ἰ</strong></span> 
     </span>
     <span class='ocr_line' id='line_1_85' title="bbox 1082 1507 2017 1561; baseline 0.006 -18"><span class='ocrx_word' id='word_1_435' title='bbox 1082 1512 1253 1552; x_wconf 74' lang='lat' dir='ltr'>serrantia,</span> <span class='ocrx_word' id='word_1_436' title='bbox 1270 1522 1307 1544; x_wconf 87' lang='lat' dir='ltr'>ac</span> <span class='ocrx_word' id='word_1_437' title='bbox 1322 1511 1600 1555; x_wconf 86' lang='lat' dir='ltr'>Cappucinorum‚</span> <span class='ocrx_word' id='word_1_438' title='bbox 1615 1517 1671 1545; x_wconf 89' lang='lat' dir='ltr'>aut</span> <span class='ocrx_word' id='word_1_439' title='bbox 1692 1512 1830 1546; x_wconf 85' lang='lat' dir='ltr'>aliorum</span> <span class='ocrx_word' id='word_1_440' title='bbox 1843 1507 1906 1561; x_wconf 57' lang='lat'>{2¹22</span> <span class='ocrx_word' id='word_1_441' title='bbox 1919 1515 1990 1554; x_wconf 53' lang='lat'>„57⁴5</span> <span class='ocrx_word' id='word_1_442' title='bbox 2014 1511 2017 1512; x_wconf 39' lang='lat'><em>⁷</em></span> 
     </span>
     <span class='ocr_line' id='line_1_86' title="bbox 1083 1564 1979 1618; baseline 0.003 -21"><span class='ocrx_word' id='word_1_443' title='bbox 1083 1564 1253 1605; x_wconf 90' lang='lat' dir='ltr'>Ordinum,</span> <span class='ocrx_word' id='word_1_444' title='bbox 1276 1565 1363 1598; x_wconf 85' lang='lat' dir='ltr'>iuxta</span> <span class='ocrx_word' id='word_1_445' title='bbox 1379 1565 1500 1598; x_wconf 86' lang='lat' dir='ltr'>litteras</span> <span class='ocrx_word' id='word_1_446' title='bbox 1514 1564 1616 1598; x_wconf 89' lang='lat' dir='ltr'>felicis</span> <span class='ocrx_word' id='word_1_447' title='bbox 1635 1566 1832 1600; x_wconf 86' lang='lat' dir='ltr'>recordatio·</span> <span class='ocrx_word' id='word_1_448' title='bbox 1845 1566 1903 1618; x_wconf 47' lang='grc' dir='ltr'>ξω·</span> <span class='ocrx_word' id='word_1_449' title='bbox 1916 1570 1957 1587; x_wconf 77' lang='lat'>‘⁰¹¹</span> <span class='ocrx_word' id='word_1_450' title='bbox 1976 1566 1979 1577; x_wconf 81' lang='lat'><em>¹</em></span> 
     </span>
     <span class='ocr_line' id='line_1_87' title="bbox 1084 1611 1872 1663; baseline 0.005 -13"><span class='ocrx_word' id='word_1_451' title='bbox 1084 1619 1134 1651; x_wconf 89' lang='lat' dir='ltr'>nis</span> <span class='ocrx_word' id='word_1_452' title='bbox 1153 1618 1199 1651; x_wconf 89' lang='lat' dir='ltr'>Pii</span> <span class='ocrx_word' id='word_1_453' title='bbox 1219 1619 1324 1663; x_wconf 83' lang='lat' dir='ltr'>Papae</span> <span class='ocrx_word' id='word_1_454' title='bbox 1337 1619 1371 1657; x_wconf 78' lang='lat' dir='ltr'>V,</span> <span class='ocrx_word' id='word_1_455' title='bbox 1391 1619 1489 1652; x_wconf 84' lang='lat' dir='ltr'>etiam</span> <span class='ocrx_word' id='word_1_456' title='bbox 1506 1616 1763 1663; x_wconf 71' lang='lat' dir='ltr'>praedecessoris</span> <span class='ocrx_word' id='word_1_457' title='bbox 1773 1631 1832 1654; x_wconf 93' lang='lat' dir='ltr'>no-</span> <span class='ocrx_word' id='word_1_458' title='bbox 1866 1611 1872 1617; x_wconf 61' lang='grc'><strong>’</strong></span> 
     </span>
     <span class='ocr_line' id='line_1_88' title="bbox 1083 1672 1834 1716; baseline 0.005 -12"><span class='ocrx_word' id='word_1_459' title='bbox 1083 1673 1152 1713; x_wconf 85' lang='lat' dir='ltr'>stri,</span> <span class='ocrx_word' id='word_1_460' title='bbox 1179 1673 1211 1705; x_wconf 91' lang='lat' dir='ltr'>in</span> <span class='ocrx_word' id='word_1_461' title='bbox 1231 1673 1335 1706; x_wconf 89' lang='lat' dir='ltr'>forma</span> <span class='ocrx_word' id='word_1_462' title='bbox 1355 1672 1472 1712; x_wconf 80' lang='lat' dir='ltr'>brevis,</span> <span class='ocrx_word' id='word_1_463' title='bbox 1495 1672 1555 1705; x_wconf 90' lang='lat' dir='ltr'>suh</span> <span class='ocrx_word' id='word_1_464' title='bbox 1576 1672 1628 1705; x_wconf 90' lang='lat' dir='ltr'>die</span> <span class='ocrx_word' id='word_1_465' title='bbox 1649 1673 1754 1716; x_wconf 87' lang='lat' dir='ltr'>prima</span> <span class='ocrx_word' id='word_1_466' title='bbox 1778 1674 1834 1708; x_wconf 87' lang='lat' dir='ltr'>de-</span> 
     </span>
     <span class='ocr_line' id='line_1_89' title="bbox 1084 1725 1832 1771; baseline 0.001 -11"><span class='ocrx_word' id='word_1_467' title='bbox 1084 1727 1224 1761; x_wconf 85' lang='lat' dir='ltr'>cembris</span> <span class='ocrx_word' id='word_1_468' title='bbox 1243 1725 1406 1759; x_wconf 78' lang='lat' dir='ltr'>millesimi</span> <span class='ocrx_word' id='word_1_469' title='bbox 1430 1725 1679 1769; x_wconf 80' lang='lat' dir='ltr'>quingentesimi</span> <span class='ocrx_word' id='word_1_470' title='bbox 1701 1737 1832 1771; x_wconf 83' lang='lat' dir='ltr'>sexage-</span> 
     </span>
     <span class='ocr_line' id='line_1_90' title="bbox 1084 1778 1831 1824; baseline 0 -10"><span class='ocrx_word' id='word_1_471' title='bbox 1084 1781 1157 1814; x_wconf 90' lang='lat' dir='ltr'>simi</span> <span class='ocrx_word' id='word_1_472' title='bbox 1178 1779 1265 1819; x_wconf 91' lang='lat' dir='ltr'>noni,</span> <span class='ocrx_word' id='word_1_473' title='bbox 1296 1778 1503 1823; x_wconf 84' lang='lat' dir='ltr'>pontificatus</span> <span class='ocrx_word' id='word_1_474' title='bbox 1519 1779 1569 1811; x_wconf 87' lang='lat' dir='ltr'>sui</span> <span class='ocrx_word' id='word_1_475' title='bbox 1592 1789 1678 1812; x_wconf 87' lang='lat' dir='ltr'>anno</span> <span class='ocrx_word' id='word_1_476' title='bbox 1703 1786 1831 1824; x_wconf 86' lang='lat' dir='ltr'>quarto,</span> 
     </span>
     <span class='ocr_line' id='line_1_91' title="bbox 1085 1832 1835 1876; baseline 0.001 -9"><span class='ocrx_word' id='word_1_477' title='bbox 1085 1838 1263 1872; x_wconf 84' lang='lat' dir='ltr'>emanatas,</span> <span class='ocrx_word' id='word_1_478' title='bbox 1290 1832 1345 1865; x_wconf 88' lang='lat' dir='ltr'>sed</span> <span class='ocrx_word' id='word_1_479' title='bbox 1373 1838 1498 1865; x_wconf 83' lang='lat' dir='ltr'>tantum</span> <span class='ocrx_word' id='word_1_480' title='bbox 1527 1832 1769 1876; x_wconf 86' lang='lat' dir='ltr'>Conventuales‚</span> <span class='ocrx_word' id='word_1_481' title='bbox 1803 1839 1835 1868; x_wconf 83' lang='lat' dir='ltr'>et</span> 
     </span>
     <span class='ocr_line' id='line_1_92' title="bbox 1086 1886 1835 1931; baseline 0.001 -11"><span class='ocrx_word' id='word_1_482' title='bbox 1086 1898 1160 1921; x_wconf 87' lang='lat' dir='ltr'>cum</span> <span class='ocrx_word' id='word_1_483' title='bbox 1183 1897 1332 1930; x_wconf 85' lang='lat' dir='ltr'>expressa</span> <span class='ocrx_word' id='word_1_484' title='bbox 1351 1886 1389 1918; x_wconf 89' lang='lat' dir='ltr'>ad</span> <span class='ocrx_word' id='word_1_485' title='bbox 1410 1886 1472 1919; x_wconf 83' lang='lat' dir='ltr'>hoc</span> <span class='ocrx_word' id='word_1_486' title='bbox 1492 1886 1601 1919; x_wconf 85' lang='lat' dir='ltr'>habita</span> <span class='ocrx_word' id='word_1_487' title='bbox 1619 1886 1758 1920; x_wconf 85' lang='lat' dir='ltr'>ministri</span> <span class='ocrx_word' id='word_1_488' title='bbox 1781 1897 1835 1931; x_wconf 84' lang='lat' dir='ltr'>ge-</span> 
     </span>
     <span class='ocr_line' id='line_1_93' title="bbox 1086 1939 1830 1983; baseline 0 -9"><span class='ocrx_word' id='word_1_489' title='bbox 1086 1940 1206 1974; x_wconf 81' lang='lat' dir='ltr'>neralis</span> <span class='ocrx_word' id='word_1_490' title='bbox 1230 1940 1375 1983; x_wconf 89' lang='lat' dir='ltr'>ipsorum</span> <span class='ocrx_word' id='word_1_491' title='bbox 1401 1939 1669 1973; x_wconf 84' lang='lat' dir='ltr'>Conventualium</span> <span class='ocrx_word' id='word_1_492' title='bbox 1690 1940 1830 1982; x_wconf 84' lang='lat' dir='ltr'>licentia,</span> 
     </span>
     <span class='ocr_line' id='line_1_94' title="bbox 1086 1993 1838 2038; baseline 0.001 -11"><span class='ocrx_word' id='word_1_493' title='bbox 1086 1994 1245 2037; x_wconf 89' lang='lat' dir='ltr'>recipere,</span> <span class='ocrx_word' id='word_1_494' title='bbox 1268 1993 1439 2036; x_wconf 84' lang='lat' dir='ltr'>minusque</span> <span class='ocrx_word' id='word_1_495' title='bbox 1460 1993 1505 2026; x_wconf 83' lang='lat' dir='ltr'>sic</span> <span class='ocrx_word' id='word_1_496' title='bbox 1530 1993 1614 2026; x_wconf 87' lang='lat' dir='ltr'>inter</span> <span class='ocrx_word' id='word_1_497' title='bbox 1632 1993 1838 2038; x_wconf 76' lang='lat' dir='ltr'>Reformatosv</span> 
     </span>
     <span class='ocr_line' id='line_1_95' title="bbox 1088 2044 1833 2092; baseline 0.001 -11"><span class='ocrx_word' id='word_1_498' title='bbox 1088 2059 1125 2081; x_wconf 80' lang='lat' dir='ltr'>ex</span> <span class='ocrx_word' id='word_1_499' title='bbox 1141 2047 1414 2081; x_wconf 80' lang='lat' dir='ltr'>Conventualihus</span> <span class='ocrx_word' id='word_1_500' title='bbox 1440 2047 1575 2091; x_wconf 83' lang='lat' dir='ltr'>recepti,</span> <span class='ocrx_word' id='word_1_501' title='bbox 1601 2044 1833 2092; x_wconf 81' lang='lat' dir='ltr'>professionem</span> 
     </span>
     <span class='ocr_line' id='line_1_96' title="bbox 1088 2100 1834 2145; baseline 0 -10"><span class='ocrx_word' id='word_1_502' title='bbox 1088 2103 1151 2135; x_wconf 91' lang='lat' dir='ltr'>alio</span> <span class='ocrx_word' id='word_1_503' title='bbox 1172 2107 1328 2145; x_wconf 80' lang='lat' dir='ltr'>tempore,</span> <span class='ocrx_word' id='word_1_504' title='bbox 1345 2102 1394 2134; x_wconf 74' lang='lat' dir='ltr'>vel</span> <span class='ocrx_word' id='word_1_505' title='bbox 1414 2100 1590 2145; x_wconf 86' lang='lat' dir='ltr'>anticipato</span> <span class='ocrx_word' id='word_1_506' title='bbox 1609 2101 1659 2134; x_wconf 85' lang='lat' dir='ltr'>vel</span> <span class='ocrx_word' id='word_1_507' title='bbox 1669 2112 1733 2135; x_wconf 89' lang='lat' dir='ltr'>non</span> <span class='ocrx_word' id='word_1_508' title='bbox 1744 2112 1834 2135; x_wconf 90' lang='lat' dir='ltr'>com-</span> 
     </span>
     <span class='ocr_line' id='line_1_97' title="bbox 1088 2155 1846 2206; baseline 0 -18"><span class='ocrx_word' id='word_1_509' title='bbox 1088 2156 1175 2200; x_wconf 87' lang='lat' dir='ltr'>pleto</span> <span class='ocrx_word' id='word_1_510' title='bbox 1195 2165 1291 2195; x_wconf 84' lang='lat' dir='ltr'>anno,</span> <span class='ocrx_word' id='word_1_511' title='bbox 1316 2155 1365 2187; x_wconf 81' lang='lat' dir='ltr'>vel</span> <span class='ocrx_word' id='word_1_512' title='bbox 1385 2160 1458 2187; x_wconf 87' lang='lat' dir='ltr'>ante</span> <span class='ocrx_word' id='word_1_513' title='bbox 1477 2164 1598 2187; x_wconf 85' lang='lat' dir='ltr'>annum</span> <span class='ocrx_word' id='word_1_514' title='bbox 1618 2155 1846 2206; x_wconf 77' lang='lat' dir='ltr'>sextumdeci-¹</span> 
     </span>
     <span class='ocr_line' id='line_1_98' title="bbox 1089 2207 1849 2255; baseline 0.001 -14"><span class='ocrx_word' id='word_1_515' title='bbox 1089 2219 1190 2250; x_wconf 90' lang='lat' dir='ltr'>mum,</span> <span class='ocrx_word' id='word_1_516' title='bbox 1212 2209 1262 2241; x_wconf 86' lang='lat' dir='ltr'>vel</span> <span class='ocrx_word' id='word_1_517' title='bbox 1279 2207 1362 2241; x_wconf 83' lang='lat' dir='ltr'>datis</span> <span class='ocrx_word' id='word_1_518' title='bbox 1372 2207 1422 2240; x_wconf 78' lang='lat' dir='ltr'>vel</span> <span class='ocrx_word' id='word_1_519' title='bbox 1438 2207 1592 2241; x_wconf 82' lang='lat' dir='ltr'>intimatis</span> <span class='ocrx_word' id='word_1_520' title='bbox 1603 2207 1749 2242; x_wconf 81' lang='lat' dir='ltr'>terminis</span> <span class='ocrx_word' id='word_1_521' title='bbox 1762 2214 1849 2255; x_wconf 66' lang='lat' dir='ltr'>pro-³¹</span> 
     </span>
     <span class='ocr_line' id='line_1_99' title="bbox 1090 2261 1846 2306; baseline 0 -11"><span class='ocrx_word' id='word_1_522' title='bbox 1090 2262 1235 2295; x_wconf 82' lang='lat' dir='ltr'>sessionis</span> <span class='ocrx_word' id='word_1_523' title='bbox 1259 2261 1436 2299; x_wconf 80' lang='lat' dir='ltr'>faciendae,</span> <span class='ocrx_word' id='word_1_524' title='bbox 1461 2266 1492 2293; x_wconf 84' lang='lat' dir='ltr'>et</span> <span class='ocrx_word' id='word_1_525' title='bbox 1516 2261 1579 2294; x_wconf 85' lang='lat' dir='ltr'>hoc</span> <span class='ocrx_word' id='word_1_526' title='bbox 1606 2261 1701 2294; x_wconf 82' lang='lat' dir='ltr'>etiam</span> <span class='ocrx_word' id='word_1_527' title='bbox 1722 2261 1755 2294; x_wconf 91' lang='lat' dir='ltr'>in</span> <span class='ocrx_word' id='word_1_528' title='bbox 1773 2272 1846 2306; x_wconf 73' lang='lat' dir='ltr'>pu-‘</span> 
     </span>
     <span class='ocr_line' id='line_1_100' title="bbox 1089 2290 1846 2358; baseline 0 -10"><span class='ocrx_word' id='word_1_529' title='bbox 1089 2315 1174 2349; x_wconf 86' lang='lat' dir='ltr'>blica</span> <span class='ocrx_word' id='word_1_530' title='bbox 1204 2315 1358 2355; x_wconf 85' lang='lat' dir='ltr'>ecclesia,</span> <span class='ocrx_word' id='word_1_531' title='bbox 1389 2314 1532 2358; x_wconf 85' lang='lat' dir='ltr'>capitulo</span> <span class='ocrx_word' id='word_1_532' title='bbox 1561 2315 1610 2348; x_wconf 77' lang='lat' dir='ltr'>rel</span> <span class='ocrx_word' id='word_1_533' title='bbox 1646 2290 1846 2354; x_wconf 56' lang='lat' dir='ltr'>refectorio,¹</span> 
     </span>
    </p>
   </div>
   <div class='ocr_carea' id='block_1_12' title="bbox 1090 2368 1840 2604">
    <p class='ocr_par' dir='ltr' id='par_1_28' title="bbox 1090 2368 1840 2604">
     <span class='ocr_line' id='line_1_101' title="bbox 1090 2368 1835 2413; baseline 0.001 -13"><span class='ocrx_word' id='word_1_534' title='bbox 1090 2374 1188 2413; x_wconf 84' lang='lat' dir='ltr'>prout</span> <span class='ocrx_word' id='word_1_535' title='bbox 1206 2368 1266 2412; x_wconf 89' lang='lat' dir='ltr'>ipsi</span> <span class='ocrx_word' id='word_1_536' title='bbox 1286 2368 1518 2401; x_wconf 77' lang='lat' dir='ltr'>Conventuales</span> <span class='ocrx_word' id='word_1_537' title='bbox 1533 2369 1694 2409; x_wconf 88' lang='lat' dir='ltr'>emittunt,</span> <span class='ocrx_word' id='word_1_538' title='bbox 1707 2379 1744 2401; x_wconf 89' lang='lat' dir='ltr'>ac</span> <span class='ocrx_word' id='word_1_539' title='bbox 1756 2378 1835 2401; x_wconf 93' lang='lat' dir='ltr'>non-</span> 
     </span>
     <span class='ocr_line' id='line_1_102' title="bbox 1091 2417 1839 2461; baseline 0.001 -11"><span class='ocrx_word' id='word_1_540' title='bbox 1091 2417 1151 2450; x_wconf 84' lang='lat' dir='ltr'>nisi</span> <span class='ocrx_word' id='word_1_541' title='bbox 1170 2417 1372 2450; x_wconf 74' lang='lat' dir='ltr'>iuxtareram</span> <span class='ocrx_word' id='word_1_542' title='bbox 1390 2422 1421 2449; x_wconf 90' lang='lat' dir='ltr'>et.</span> <span class='ocrx_word' id='word_1_543' title='bbox 1440 2427 1553 2460; x_wconf 90' lang='lat' dir='ltr'>puram</span> <span class='ocrx_word' id='word_1_544' title='bbox 1574 2417 1729 2461; x_wconf 77' lang='lat' dir='ltr'>Regulam</span> <span class='ocrx_word' id='word_1_545' title='bbox 1752 2417 1839 2451; x_wconf 84' lang='lat' dir='ltr'>beati</span> 
     </span>
     <span class='ocr_line' id='line_1_103' title="bbox 1092 2465 1839 2510; baseline 0.001 -12"><span class='ocrx_word' id='word_1_546' title='bbox 1092 2465 1252 2509; x_wconf 82' lang='lat' dir='ltr'>Francisci</span> <span class='ocrx_word' id='word_1_547' title='bbox 1264 2465 1460 2509; x_wconf 86' lang='lat' dir='ltr'>praedictam</span> <span class='ocrx_word' id='word_1_548' title='bbox 1472 2465 1545 2498; x_wconf 89' lang='lat' dir='ltr'>emit</span> <span class='ocrx_word' id='word_1_549' title='bbox 1553 2471 1632 2506; x_wconf 80' lang='lat' dir='ltr'>tere,</span> <span class='ocrx_word' id='word_1_550' title='bbox 1641 2476 1746 2510; x_wconf 86' lang='lat' dir='ltr'>neque</span> <span class='ocrx_word' id='word_1_551' title='bbox 1756 2470 1839 2510; x_wconf 83' lang='lat' dir='ltr'>post-</span> 
     </span>
     <span class='ocr_line' id='line_1_104' title="bbox 1093 2513 1838 2557; baseline 0 -11"><span class='ocrx_word' id='word_1_552' title='bbox 1093 2525 1188 2557; x_wconf 81' lang='lat' dir='ltr'>quam</span> <span class='ocrx_word' id='word_1_553' title='bbox 1218 2514 1256 2547; x_wconf 91' lang='lat' dir='ltr'>ad</span> <span class='ocrx_word' id='word_1_554' title='bbox 1286 2514 1488 2547; x_wconf 84' lang='lat' dir='ltr'>Reformatos</span> <span class='ocrx_word' id='word_1_555' title='bbox 1503 2525 1540 2546; x_wconf 83' lang='lat' dir='ltr'>cx</span> <span class='ocrx_word' id='word_1_556' title='bbox 1569 2513 1838 2548; x_wconf 81' lang='lat' dir='ltr'>Conventualibus</span> 
     </span>
     <span class='ocr_line' id='line_1_105' title="bbox 1093 2563 1840 2604; baseline -0.003 -7"><span class='ocrx_word' id='word_1_557' title='bbox 1093 2565 1137 2597; x_wconf 83' lang='lat' dir='ltr'>sic</span> <span class='ocrx_word' id='word_1_558' title='bbox 1168 2564 1387 2604; x_wconf 83' lang='lat' dir='ltr'>transiverint,</span> <span class='ocrx_word' id='word_1_559' title='bbox 1409 2564 1449 2596; x_wconf 89' lang='lat' dir='ltr'>ad</span> <span class='ocrx_word' id='word_1_560' title='bbox 1482 2563 1584 2597; x_wconf 87' lang='lat' dir='ltr'>dictos</span> <span class='ocrx_word' id='word_1_561' title='bbox 1608 2563 1840 2597; x_wconf 84' lang='lat' dir='ltr'>Conventuales</span> 
     </span>
    </p>
   </div>
  </div>
 </body>
</html>
