2059 3228
48 0 130 60 ,f

77 204 122 236 ιο.
133 203 201 236 ¹585

53 1120 146 1144 Gemens
159 1119 196 1142 vn

46 1152 140 1175 mli-tem
162 1158 196 1173 ιι·-

50 1182 199 1212 toplneopolt-

52 1211 95 1233 ιιιιὶ
113 1215 200 1231 concen-

44 1245 51 1262 ι
73 1241 200 1270 procedendi

51 1275 93 1298 ntra
100 1276 201 1298 ecetesia-

45 1309 85 1330 m:
99 1313 200 1335 personas

98 1343 129 1360 11Ιὶ
155 1345 196 1360 1110-

49 1399 148 1430 ιῦμιΙιΙίει
171 1405 202 1425 ‚e-

49 1436 87 1460 que
112 1433 141 1452 Ὶιο
164 1437 201 1452 ura

67 1463 128 1484 ouum
143 1462 200 1484 exilii

53 1496 91 1514 en·
101 1493 201 1520 puniendi

84 1523 201 1544 instantiam

54 1554 90 1576 otn-

873 203 977 230 srst
1000 203 1019 229 V
1043 204 1089 228 ΓΡ.

214 258 353 294 cultores
378 258 566 304 praecipui,
600 257 801 302 privilegium
833 257 959 290 clericis

212 322 401 347 concessum
415 318 447 346 et
462 312 670 346 ecelesiarum
692 322 728 344 ac
746 311 958 344 coemeterio-

208 375 285 400 ·rum
304 365 543 399 immunitatem
564 366 605 398 ita
626 365 762 398 limitare
782 363 956 397 eti-estrim-

211 429 286 463 gere
305 424 554 460 consueverunt,
577 429 618 453 ne
637 418 747 452 clerici
765 418 835 462 ipsi,
862 416 958 460 privi-

212 472 294 517 legio
324 473 426 516 magis
455 483 553 516 quam
582 483 641 516 par
673 471 711 504 sit
744 471 955 510 considentes,

211 526 374 572 publicam
396 526 536 570 quietem
562 532 592 558 et
618 535 741 568 pacem,
767 523 957 568 praesertim

211 580 244 614 in
273 577 698 623 civitatibus,'portui-beni,
730 587 807 610 neve
841 576 955 620 aliqui,

211 643 267 678 spe
287 633 492 667 nanciscendi
518 631 741 675 impunitatem
755 629 855 669 ducti,
873 628 957 669 aliis,

211 696 285 720 oum
319 685 500 720 animarum
530 694 662 717 suarum
683 682 839 726 pernicie,
872 682 959 715 iniu-

212 739 292 772 riam
326 738 475 772 inserant.
503 737 591 771 Unde
612 736 650 769 ad
672 746 745 770 eum
772 735 869 768 finem
896 734 958 767 iam

211 792 335 826 statutis
357 796 389 825 et
417 790 585 830 ordinatis,
620 800 695 823 cum
725 800 742 821 a
763 788 857 821 nobis
877 787 958 832 peti-

212 849 273 885 tur,
301 845 440 878 libenter
473 842 670 877 auctoritatis
698 848 825 875 nostrae
859 841 960 874 robur

210 899 392 939 adiicimus,
414 909 452 932 ac
472 898 557 931 cirea
581 897 656 938 illa,
683 901 840 939 quantum
865 894 959 928 nobis

210 952 245 986 in
267 951 403 985 Domino
424 950 623 989 conceditur,
650 954 832 993 opportune
852 948 959 992 provi-

211 1005 337 1040 demus.

298 1059 385 1093 Alias
396 1058 555 1102 siquidem
564 1067 622 1102 per
630 1061 751 1090 vestrae
759 1054 959 1099 reipublicae

211 1111 389 1147 Genuensis
418 1117 495 1144 tunc
527 1110 681 1154 temporis
707 1109 822 1142 ducem
844 1114 875 1141 et
899 1118 959 1151 gu-

211 1166 399 1200 bernatores
423 1163 524 1198 felicis
548 1162 780 1197 recordationis
803 1161 959 1194 Clementi

213 1219 272 1253 PP.
307 1219 370 1260 vll,
401 1216 640 1262 praedecessori
666 1222 787 1254 nostro,
816 1215 959 1259 exposito

214 1272 342 1316 saepius
361 1272 548 1314 contingere
584 1281 621 1303 ac
650 1269 847 1314 experientia
871 1279 959 1301 corn-

215 1327 385 1370 probatum
419 1335 487 1358 esse
519 1324 605 1368 quod
639 1323 816 1356 nonnullae
850 1332 961 1365 perso-

215 1389 275 1413 nae
294 1378 542 1417 ecclesiasticae,
569 1378 750 1411 saeculares
770 1381 800 1409 et
820 1375 960 1408 diverso-

215 1444 288 1467 rum
307 1432 464 1467 Ordinum
486 1432 662 1475 regulares,
684 1431 779 1463 etiam
804 1429 836 1462 in
863 1428 961 1462 sacris

215 1486 384 1520 ordinibus
395 1486 598 1525 constitutae,
612 1494 745 1517 suorum
762 1488 872 1522 status,
888 1492 963 1524 pro-

216 1539 375 1580 fessionis,
393 1540 524 1583 gradus,
543 1537 707 1581 dignitatis
727 1541 757 1570 et
778 1535 887 1569 salutis
908 1535 963 1567 irn-

217 1603 387 1633 memores,
407 1604 443 1626 ac
463 1592 517 1625 Dei
537 1592 653 1625 timore
673 1589 862 1634 postposito,
885 1598 963 1622 con-

216 1651 265 1679 tra
277 1646 420 1689 regimen
428 1651 459 1679 et
469 1650 585 1678 statum
598 1644 742 1677 eiusdem
753 1642 961 1686 reipublicae,
982 1675 984 1684 k

217 1699 333 1739 verbis,
355 1699 501 1739 consilio,
523 1698 676 1742 operibus
688 1702 718 1729 et
735 1696 835 1736 sactis,
857 1695 965 1728 venire

1639 192 1703 225 6535

1000 255 1084 288 davit
1109 260 1156 295 ut,
1179 255 1304 299 quoties
1330 265 1388 299 pro
1414 261 1501 300 parte
1522 254 1615 288 ducis
1639 260 1670 288 ct
1692 266 1750 298 gu-

999 308 1209 341 bernatorum
1229 309 1471 351 praedictorum
1493 319 1547 341 seu
1570 318 1628 352 pro
1653 307 1699 341 cis
1713 319 1749 341 a·

999 361 1143 404 gentium
1162 362 1269 393 suisset
1292 363 1479 405 requisitus,
1501 372 1538 395 ac
1558 372 1616 405 per
1636 361 1748 394 inditia

1000 415 1144 457 legitima
1173 415 1416 459 archiepiscopo
1441 416 1489 447 vel
1511 415 1631 448 vicario
1658 425 1749 459 prae-

999 468 1094 502 dictis
1134 468 1320 501 constitisset
1359 470 1443 512 quod
1478 469 1585 512 aliqua
1611 479 1749 513 persona

999 521 1229 562 ecclesiastica,
1262 522 1356 554 etiam
1388 523 1418 554 in
1447 522 1546 555 sacris
1579 522 1748 556 ordinibus

999 574 1194 614 constituta,
1223 576 1396 607 saecularis
1427 581 1457 607 et
1484 575 1623 608 cuiusvis
1653 575 1746 609 Ordi-

999 628 1048 661 nis
1084 630 1132 661 vel
1163 628 1417 671 congregationis
1446 629 1623 669 regularis,
1651 629 1745 662 etiam

999 681 1037 713 ab
1049 681 1136 713 omni
1146 681 1370 714 iurisdictione
1383 682 1626 724 quomodolibet
1637 692 1745 715 exem-

1000 739 1063 777 pta,
1097 745 1134 767 ac
1161 734 1394 776 cuiuscumque
1416 734 1587 777 (lignitate,
1616 735 1744 775 gradus

997 793 1108 827 status,
1130 798 1233 827 sexus,
1253 788 1446 820 conditionis
1458 787 1745 831 etqualitatismon

999 846 1103 874 tamen
1125 840 1318 884 pontificalis
1338 840 1510 883 dignitatis,
1534 841 1639 881 suerit,
1662 851 1746 883 quae

998 894 1119 938 aliquid
1135 900 1246 927 contra
1262 894 1362 937 ipsam
1375 893 1605 937 rempublicam
1618 900 1647 927 ct
1661 893 1745 926 illius

998 952 1114 980 statuta
1144 954 1174 980 et
1205 953 1390 990 potestatem
1420 946 1598 987 moliretur,
1634 953 1746 980 contra

1000 1001 1093 1034 talem
1116 1011 1283 1044 personam
1310 1002 1347 1033 ad
1373 1005 1550 1044 capturam,
1575 1011 1624 1040 ac,
1652 1010 1745 1043 prae-

998 1054 1186 1087 cedentibus
1211 1054 1445 1087 susticientil‘ius
1466 1052 1602 1093 indit-iis,
1619 1054 1657 1085 ad
1679 1059 1745 1086 tor-

1000 1113 1116 1147 turam,
1132 1118 1178 1147 ac,
1191 1107 1215 1140 si
1228 1108 1398 1152 culpabilis
1418 1113 1544 1150 reperta
1566 1106 1684 1146 suisset,
1704 1106 1743 1139 ad

1001 1171 1135 1199 poenam
1165 1161 1250 1194 exilii
1273 1161 1447 1204 procedere
1468 1165 1586 1203 posset,
1609 1160 1744 1193 faculta-

1000 1220 1062 1247 tem
1082 1214 1251 1247 concessit.

1085 1268 1122 1301 Et
1132 1268 1246 1301 deinde
1258 1267 1328 1311 piae
1342 1267 1515 1300 memoriae
1526 1267 1645 1299 Paulus
1660 1266 1744 1310 Papa
1822 1278 1898 1300 vanius
1911 1278 1942 1300 ιιι

1001 1321 1048 1360 ill,
1064 1321 1159 1355 etiam
1172 1322 1400 1365 praedecessor
1420 1326 1540 1360 noster,
1562 1321 1601 1353 ab
1614 1320 1674 1360 liis,
1688 1321 1743 1364 qui
1757 1309 1943 1368 Ῐῗζᾜζζζῖξζθᾛῗζ

1010 1375 1090 1408 lucis
1102 1380 1131 1408 et
1147 1375 1401 1417 giribernatorum
1424 1374 1612 1407 muneribus
1632 1374 1743 1406 eadem
1759 1373 1858 1424 ζῗζζῑᾚθ
1871 1372 1942 1424 θθῗξζ

1003 1439 1030 1460 2n
1056 1428 1223 1472 republica
1248 1428 1482 1471 fungebantur,
1504 1433 1653 1471 accepto,
1676 1427 1745 1459 iure
1759 1420 1821 1457 'vua
1895 1410 1907 1430 Ρ

1010 1487 1129 1515 *autum
1151 1493 1218 1515 esse
1239 1482 1419 1515 homicidas
1437 1488 1468 1514 et
1488 1481 1745 1514 mercatoresde-

1011 1541 1176 1579 :oquentcs
1194 1547 1249 1569 seu
1266 1536 1394 1575 sallitos,
1407 1534 1581 1574 utd1citur,
1595 1534 1631 1566 ad
1645 1533 1747 1566 eccle-

1003 1590 1062 1621 <ias
1081 1600 1137 1622 seu
1155 1590 1194 1622 ad
1214 1600 1323 1622 earum
1346 1588 1540 1621 coemeteria
1562 1587 1748 1629 confugien-

1002 1650 1058 1682 tes,
1090 1648 1175 1675 tutos
1195 1653 1263 1675 esse
1277 1669 1284 1682 ,
1306 1653 1343 1675 ac
1368 1642 1411 1674 ibi
1438 1640 1507 1683 capi
1529 1646 1583 1672 aut
1602 1640 1675 1673 indo
1695 1651 1747 1672 ex-

982 1687 1085 1729 'trahi
1110 1707 1174 1728 non
1194 1706 1308 1739 posse3
1330 1706 1389 1727 usu
1410 1705 1484 1727 vero
1506 1699 1535 1726 et
1550 1693 1744 1737 experientia

1760 200 1814 228 Λιι.
1830 198 1860 228 C.
1878 198 1944 227 158⁵

217 1762 282 1786 non
299 1753 520 1792 timescebant‚
547 1762 584 1785 ac
603 1752 814 1785 veliementer
838 1749 965 1782 dubita-
982 1739 984 1750 ⁴
1002 1750 1207 1794 superiorum
1242 1759 1401 1781 annorum
1431 1748 1560 1781 edoctos
1585 1757 1652 1779 esse
1677 1757 1745 1779 eam

216 1806 321 1847 batur,
344 1805 406 1839 nisi
426 1816 462 1839 ea
482 1805 516 1838 in
536 1816 570 1838 re
590 1805 773 1838 consultum
788 1803 912 1842 suisset,
925 1813 964 1835 nc
985 1803 1214 1836 'ecclesiarum
1236 1807 1266 1835 et
1286 1803 1431 1835 locorum
1459 1800 1694 1833 inuuunitatem
1716 1799 1747 1831 in

216 1869 276 1903 pax
297 1865 329 1892 et
348 1859 439 1903 quies
459 1859 590 1903 publica
610 1858 679 1891 eius
695 1856 830 1890 civitatis
840 1862 967 1900 portur·
984 1849 987 1873 ¹
1004 1857 1061 1890 ista
1086 1862 1189 1889 vestra
1209 1856 1333 1889 civitate
1354 1861 1385 1888 et
1409 1855 1476 1888 eius
1496 1853 1634 1886 dioecesi
1651 1853 1748 1886 scele-

217 1913 360 1954 haretur,
382 1923 419 1945 ac
436 1912 560 1945 diversa
576 1911 725 1945 scandala
750 1911 783 1942 in
801 1910 868 1942 dies
893 1909 968 1942 sub-
984 1884 988 1934 Ι
1004 1911 1081 1943 ratis
1101 1915 1131 1943 et
1144 1910 1300 1953 improbis
1313 1908 1506 1942 incentivum
1528 1906 1748 1949 delinquendi,

218 1971 441 2010 sequerentur,
474 1967 506 1999 in
526 1976 621 2009 grave
646 1964 748 2008 ipsius
768 1962 967 2007 reipublicae
985 1940 988 1989 i
1004 1974 1041 1996 ac
1062 1963 1294 1996 mercatoribus
1314 1973 1377 1995 non
1399 1972 1525 2005 parvam
1547 1959 1749 2003 decoquendi

218 2019 625 2062 detrimentum.Quodque
640 2017 799 2057 nonnulli,
816 2016 910 2049 etiam
923 2016 968 2049 di·
1004 2017 1207 2050 occasionem
1242 2016 1426 2059 praebuisse
1451 2020 1481 2047 et
1511 2014 1543 2046 in
1570 2014 1638 2046 dies
1661 2023 1751 2056 prae-

220 2078 289 2106 ctae
309 2073 453 2113 civitatis,
476 2073 506 2105 in
524 2071 704 2105 minoribus
716 2070 883 2103 ordinibus
894 2081 969 2103 con-
1004 2071 1094 2109 bere,
1117 2081 1153 2103 ac
1174 2070 1354 2102 existimare
1376 2068 1474 2111 quod,
1496 2068 1520 2099 si
1542 2077 1578 2099 ea
1599 2066 1751 2099 immuni-

219 2126 319 2159 stituti
339 2137 376 2159 ac
399 2125 594 2166 beneficiati,
616 2125 648 2158 in
673 2124 784 2157 habitu
814 2125 969 2157 saeculari
988 2134 989 2144 ¹
1005 2130 1053 2157 tas
1084 2124 1317 2162 observaretur,
1339 2122 1415 2154 boni
1440 2132 1476 2154 ac
1502 2126 1588 2153 recte
1612 2119 1752 2152 viventes

220 2191 256 2213 ac
281 2180 348 2213 sine
368 2185 500 2213 tonsura
520 2178 659 2212 clericali
686 2178 848 2218 incedere,
870 2184 902 2211 et
921 2179 968 2212 os·
1007 2177 1143 2210 maxima
1164 2177 1280 2209 damna
1300 2181 1329 2208 et
1347 2173 1550 2207 incommoda
1567 2178 1754 2216 paterentur

222 2233 330 2266 licium
356 2232 631 2275 divinum,prout,
649 2231 771 2263 ratione
794 2230 969 2264 beneficio-
1007 2241 1044 2263 ac
1060 2230 1216 2268 subirent,
1238 2228 1410 2271 graviaque
1431 2227 1578 2260 scandala
1599 2225 1754 2258 verisimi-

222 2296 294 2319 rum
316 2296 373 2330 per
393 2284 910 2324 eos=0bten10rum,tenebantur,
933 2295 969 2318 o-
1006 2284 1081 2316 liter
1100 2282 1219 2315 ibidem
1240 2273 1427 2320 orirentur}³
1445 2279 1565 2312 eisdem
1586 2290 1623 2312 ac
1643 2279 1752 2322 reipu-

222 2339 349 2372 mittere
374 2348 437 2371 non
467 2339 671 2378 verebantur,
695 2337 727 2370 in
753 2337 854 2381 ipsius
878 2338 971 2371 cleri·
1007 2337 1109 2370 blicae
1138 2336 1320 2381 praedictae
1346 2334 1497 2377 illiusque
1527 2343 1585 2376 pro
1609 2338 1754 2375 tempore

222 2387 300 2421 calis
326 2387 449 2435 ordinis
468 2386 679 2431 opprobrium
694 2413 701 2427 ,
724 2387 969 2431 animarumque
1007 2386 1081 2419 duci
1103 2391 1133 2418 et
1156 2383 1438 2427 gulwrnatoriluis,
1460 2383 1545 2425 quod
1566 2381 1754 2426 perofficio-

222 2446 353 2469 suarum
375 2435 565 2479 perniciem,
592 2441 621 2468 et
643 2435 786 2478 plurium
800 2436 968 2478 perturba·
1007 2435 1053 2468 les
1077 2445 1132 2467 scu
1157 2434 1320 2466 ministros
1345 2438 1475 2472 vestros,
1507 2441 1619 2464 omnes
1642 2431 1755 2463 volun·

224 2483 705 2527 tionem;idcmpraedecessor
723 2484 968 2517 venerabilisra—
1008 2483 1106 2517 turios
1135 2482 1313 2516 homicidas
1339 2487 1369 2514 et
1392 2486 1588 2514 mercatores
1616 2479 1670 2523 qui
1700 2479 1755 2512 de-

224 2532 263 2565 tri
283 2532 528 2576 archiepiscopo
548 2532 696 2565 lanuensi
709 2543 764 2565 seu
774 2532 889 2566 dilecto
902 2533 969 2566 [ilio
1009 2532 1177 2571 coxissent,
1198 2531 1237 2564 ad
1257 2531 1381 2574 aliquas
1401 2529 1552 2563 ecclesias
1563 2540 1618 2563 seu
1631 2539 1756 2562 coeme-

221 2581 292 2615 eius
307 2581 339 2614 in
355 2581 576 2626 spiritualibus
591 2581 710 2615 vicario
721 2581 864 2626 generali
877 2592 968 2615 man·
1009 2581 1088 2615 teria
1109 2580 1250 2614 eiusdem
1273 2579 1406 2613 civitatis
1425 2578 1577 2622 illiusque
1601 2577 1756 2611 dioecesis
