2059 3228
718 260 815 285 mnnx
838 262 1048 288 nunntcanun
1506 255 1592 290 1089

131 303 228 345 exili.
252 311 425 355 Applicatio
448 311 542 344 unius
565 313 701 345 caroleni
719 324 775 356 pro
792 324 868 357 qua-

218 363 292 396 libet
322 363 393 397 navi
416 363 455 396 ad
479 363 591 406 Ripam
615 365 742 407 Tyberis
765 366 868 409 appel-

216 416 298 449 lente
322 427 379 460 pro
395 416 631 449 manutentione
644 418 800 452 societatis
812 419 868 451 Do-

217 468 320 502 trinae
361 469 555 502 Christianae
594 469 736 513 illiusque
774 473 868 505 eccle-

218 521 283 555 siae
308 522 339 554 in
363 522 492 564 regione
514 522 756 566 Transtybcrina
780 524 869 557 insti-

220 579 316 614 tutae,
339 573 412 608 325.

134 626 229 660 CXIV.
253 626 444 670 Approbatio
468 626 674 660 institutionis
697 633 726 661 et
743 634 870 661 statuto-

221 689 292 712 rum
322 679 587 711 confraternitatis
611 679 739 712 Sanctae
763 681 870 713 Catha-

219 731 309 764 rinae
332 731 369 763 de
393 731 481 764 Senis
508 731 546 764 de
569 732 661 772 Urbe,
685 743 756 764 cum
779 733 871 765 sacul-

225 788 288 816 tate
303 783 411 815 eadem
429 783 608 824 innovandi,
624 789 651 816 et
666 784 872 827 indulgentia-

222 845 292 868 rum
316 835 511 877 elargitione,
535 835 609 868 323.

133 885 215 920 CXV.
241 887 433 919 Statutorum
464 888 563 920 almae
594 888 686 921 Urbis
708 888 872 921 confirma-

225 939 290 979 tio,
315 949 387 972 cum
415 940 622 974 declaratione
651 942 733 984 quod
759 948 873 975 statuta

225 992 420 1025 ordinatoria
450 992 483 1025 in
513 993 605 1026 Curia
627 993 797 1036 Capitolina
819 994 874 1027 ob-

225 1048 399 1084 serventur,
416 1044 567 1077 decisoria
590 1055 661 1078 vero
685 1046 716 1077 in
730 1046 874 1078 omnibus

226 1096 437 1129 tribunalibus
460 1096 553 1129 Urbis
565 1097 692 1139 eiusque
706 1097 874 1137 districtus,

224 1147 278 1181 ubi
313 1158 376 1180 non
410 1153 516 1181 extant
538 1149 739 1192 particularia
761 1154 875 1182 statuta

227 1199 267 1233 de
290 1199 407 1233 eisdem
431 1201 554 1234 casibus
577 1201 785 1244 disponentia,
802 1202 876 1236 330.

272 1251 421 1295 Sequitur
450 1253 653 1295 reintegratio
688 1253 877 1286 iurisdictio-

229 1303 280 1338 nis
301 1309 331 1337 et
354 1304 546 1337 indultorum
569 1305 806 1338 universitatum
829 1316 878 1339 ar·

231 1356 311 1389 tium
333 1356 426 1389 Urbis
442 1363 638 1400 praeservata
660 1358 878 1401 superior-itate

230 1409 451 1452 gubernatoris
462 1415 493 1442 et
504 1410 637 1442 aliorum
646 1409 797 1452 iudicum,
806 1410 878 1445 332.

274 1461 421 1504 Sequitur
444 1461 611 1494 declaratio
635 1462 718 1504 quod
730 1463 879 1496 constitu·
901 1470 903 1473 ’

234 1512 279 1545 tio
308 1513 502 1556 praeinserta
530 1523 593 1545 non
622 1513 815 1556 praeiudicat
836 1515 880 1548 sa-

234 1565 402 1598 cultatibus
425 1565 646 1607 gubernatoris
672 1565 774 1606 Urbis,
797 1566 881 1609 capi-

981 315 1055 348 stini
1084 315 1208 350 Ordinis
1238 317 1448 351 Eremitarum
1480 317 1518 351 de
1553 317 1637 350 Urbe

982 368 1164 410 institutae,
1198 371 1364 413 quotannis
1408 380 1506 403 unum
1545 379 1634 402 reum

983 420 1094 453 ultimo
1117 422 1268 464 supplicio
1282 423 1465 455 damnatum
1481 421 1636 455 liberandi

983 469 1159 505 facultatem
1183 475 1334 514 concedit,
1358 474 1432 508 347.

898 521 979 555 CXX.
1002 523 1193 566 Approbatio
1227 526 1432 559 institutionis
1465 528 1637 559 contrater-

983 574 1091 607 nitatis
1122 577 1180 608 sul)
1211 577 1405 610 invocatione
1444 576 1637 610 Sanctissimi

985 626 1125 659 Nominis
1148 627 1212 668 Dei,
1229 629 1375 661 adversus
1392 629 1590 672 blasphemos
1606 627 1638 659 in

984 677 1205 721 Hispaniarum
1220 680 1324 721 regnis
1340 685 1470 719 erectae,
1487 690 1558 712 cum
1576 679 1636 711 lar-

985 730 1104 773 gitione
1127 731 1403 773 indulgentiarum,
1427 731 1500 764 348.

900 783 995 816 CXXI.
1017 783 1208 826 Approbatio
1231 783 1482 826 congregationis
1506 783 1637 815 fratrum

985 839 1017 867 et
1045 835 1228 867 monialium
1259 836 1384 868 Ordinis
1407 836 1438 868 B.
1463 835 1576 868 Mariae
1600 835 1638 867 de

986 886 1087 919 Monte
1109 886 1258 927 Carmelo,
1282 888 1315 920 in
1343 888 1449 930 regnis
1473 887 1636 930 IIispania—

986 948 1057 970 rum
1079 939 1138 971 sub
1161 939 1412 972 denominatione
1436 940 1639 972 Discalceato-

986 999 1058 1022 rum
1074 989 1246 1031 institutae,
1263 1001 1333 1024 cum
1351 992 1560 1024 declaratione
1572 1002 1640 1023 mu-

987 1041 1073 1074 neris
1102 1043 1302 1084 provincialis
1332 1053 1441 1075 eorum
1465 1042 1580 1086 prioris
1603 1053 1639 1074 ac

986 1095 1218 1137 superioritatis
1240 1096 1355 1139 prioris
1379 1096 1531 1138 generalis
1547 1095 1642 1128 totius

991 1145 1124 1187 Ordinis,
1142 1147 1378 1191 gratiarumque
1401 1148 1541 1181 eiusdem
1554 1147 1643 1181 Ordi-

989 1198 1039 1231 nis
1061 1200 1356 1240 communicatione,
1380 1199 1454 1233 350.

904 1250 1013 1283 CXXII.
1035 1251 1195 1285 Innovatio
1224 1252 1482 1285 constitutionum
1512 1260 1530 1282 a
1553 1259 1643 1292 prae-

991 1302 1204 1337 decessoribus
1226 1304 1381 1337 editarum
1409 1308 1518 1336 contra
1540 1301 1643 1335 homi-

991 1354 1076 1387 cidas
1098 1360 1126 1388 et
1150 1355 1227 1388 alios
1249 1355 1425 1398 capitaliter
1448 1355 1602 1393 bannit0s;
1614 1359 1646 1387 et

992 1406 1147 1440 maiorum
1180 1418 1354 1450 poenarum
1384 1406 1516 1439 inflictio
1540 1406 1572 1438 in
1596 1415 1646 1438 eo-

993 1468 1064 1491 rum
1079 1465 1288 1502 receptatores
1303 1465 1335 1493 et
1351 1459 1544 1498 auxiliantes,
1560 1467 1646 1490 com-

993 1511 1226 1555 munitatesque
1256 1523 1308 1545 eos
1338 1522 1402 1544 non
1425 1515 1649 1555 persequentes

994 1567 1022 1595 et
1046 1562 1214 1605 capientes,
1238 1563 1311 1597 355.

232 1616 318 1650 tanei
346 1617 589 1660 appellationum
619 1623 649 1651 et
677 1618 811 1652 aliorum
834 1619 881 1652 iu-
909 1614 1030 1647 CXXIII.
1053 1615 1231 1648 Annullatio
1260 1615 1500 1658 dispositionum
1525 1613 1645 1647 henefi-

228 1669 344 1710 dicum,
369 1670 442 1703 335.

146 1720 243 1754 CXVI.
265 1721 354 1760 Quod
376 1723 488 1754 fratres
504 1722 737 1755 Praedicatores
759 1721 883 1755 Ordinis

232 1773 262 1807 S.
292 1774 467 1814 Dominici,
496 1775 534 1806 ad
569 1774 750 1807 instantiam
782 1775 884 1808 cuius-

235 1835 371 1869 cumque
395 1836 547 1869 personae
570 1831 657 1859 extra
678 1826 781 1870 ipsum
797 1827 885 1860 Ordi-

233 1887 306 1910 nem
321 1878 459 1921 aliquam
476 1878 609 1920 gratiam
627 1878 728 1911 faeere
744 1885 795 1912 aut
814 1890 886 1922 poe-

235 1939 310 1962 nam
340 1931 499 1963 remittere
534 1940 597 1963 non
620 1931 762 1973 possint,
787 1939 887 1975 neque

235 1983 423 2026 conquisitis
445 1983 605 2016 favoribus
628 1988 658 2016 et
670 1983 829 2027 suffragiis
844 1985 888 2017 os-

232 2034 307 2068 ficia
329 2046 510 2078 procurare,
533 2035 607 2068 335.

145 2087 257 2121 CXVII.
281 2087 396 2121 Contra
425 2098 489 2120 non
513 2088 665 2120 solventes
688 2087 722 2120 in
744 2088 822 2121 sesto
843 2088 888 2126 Ss,

231 2140 315 2173 Petri
339 2145 371 2173 et
392 2140 479 2174 Pauli
503 2150 622 2179 census
648 2149 781 2172 canones
804 2145 832 2172 et
857 2150 889 2172 a·

238 2192 281 2225 lia
297 2192 367 2224 iura
383 2191 581 2225 Reverendae
597 2191 745 2224 Gamerae
759 2192 890 2233 Aposto-

233 2244 313 2276 licae
334 2244 450 2284 debita,
474 2243 548 2277 336.

995 1665 1131 1706 cialium‚
1155 1677 1236 1710 quae
1257 1672 1366 1700 contra
1389 1666 1554 1700 canonicas
1576 1675 1649 1699 san-

996 1718 1134 1758 ctiones,
1157 1723 1273 1751 statuta
1295 1719 1342 1751 vel
1364 1718 1532 1761 apostolica
1555 1716 1651 1761 privi-

997 1769 1079 1812 legia
1111 1768 1192 1802 fiunt
1221 1769 1365 1812 personis
1387 1769 1556 1812 prohibitis
1578 1778 1652 1812 pro-

998 1825 1068 1863 pter
1090 1830 1190 1863 genus
1211 1827 1264 1854 aut
1287 1822 1443 1854 haeresim
1467 1827 1498 1854 et
1513 1821 1604 1854 aside
1620 1830 1652 1852 a-

999 1873 1185 1915 postasiam;
1214 1884 1285 1906 cum
1316 1874 1545 1914 declaratione,
1569 1872 1653 1916 quod

1000 1926 1039 1958 ad
1072 1936 1185 1958 novam
1218 1927 1431 1959 Romanorum
1465 1925 1652 1959 Pontificum

1000 1977 1237 2020 dispositionem
1259 1979 1446 2022 pertineant,
1471 1977 1545 2011 358.

915 2029 1035 2063 CXXIV.
1058 2029 1172 2063 Statuit.
1193 2034 1228 2062 ut
1250 2030 1339 2072 prior
1361 2029 1515 2072 generalis
1532 2033 1562 2061 et
1578 2027 1651 2061 visi-

1000 2086 1082 2114 tator
1104 2082 1358 2124 congregationis
1381 2080 1483 2114 Sancti
1515 2080 1650 2113 Salvato-

1002 2134 1055 2173 ris,
1072 2132 1196 2166 Ordinis
1212 2133 1241 2166 S.
1254 2133 1418 2175 Augustini
1431 2131 1654 2165 canonicorum

1002 2184 1194 2227 regularium
1217 2185 1279 2218 sint
1302 2185 1480 2224 triennales,
1504 2194 1561 2216 nec
1592 2182 1653 2214 nisi

1002 2237 1106 2279 elapso
1128 2236 1265 2269 triennio
1289 2236 1396 2279 reeligi
1420 2235 1556 2279 possint,
1579 2233 1655 2267 359.

150 2294 275 2332 cxvlll,
302 2295 503 2329 Confirmatio
533 2295 769 2328 ordinationum
792 2301 823 2329 et
845 2301 890 2329 ta·
917 2290 1024 2324 CXXV·
1054 2288 1230 2322 lurisdictio
1264 2288 1496 2321 ordinariorum
1530 2287 1563 2318 in
1598 2295 1657 2327 pu-

237 2358 347 2380 xarum
363 2347 397 2379 in
413 2353 478 2381 tota
494 2347 655 2390 provincia
671 2348 888 2381 Mediolanensi

240 2410 298 2443 per
321 2400 439 2433 iudices
462 2400 695 2433 commissarios
718 2405 746 2432 et
770 2401 890 2442 regula-

237 2453 322 2484 rium
346 2457 562 2495 exemptorum
586 2457 819 2484 conservatores
841 2461 891 2483 eo-

238 2514 348 2537 rumve
371 2505 510 2537 notarios
525 2503 802 2542 observandarum,
819 2501 891 2535 342.

153 2557 250 2592 CXIX.
273 2555 525 2589 Consi-aternitati
558 2554 750 2588 Sanctissimi
781 2554 892 2597 Corpo-

1006 2341 1132 2375 niendis
1161 2341 1302 2380 vicariis,
1332 2339 1554 2378 familiaribus,
1577 2337 1660 2369 colo-

1004 2394 1053 2427 nis
1076 2398 1108 2427 et
1130 2392 1283 2426 ministris
1306 2393 1437 2424 fratrum
1451 2389 1587 2422 rnilitum
1604 2388 1661 2420 ho-

1004 2445 1124 2490 spitalis
1151 2445 1182 2477 S.
1212 2443 1337 2477 loannis
1361 2439 1631 2483 Ilierosolymitani
1650 2466 1658 2479 ,

1006 2498 1091 2530 iuxta
1114 2496 1351 2539 dispositionem
1384 2494 1509 2527 concilii
1533 2492 1664 2525 Triden-

1006 2551 1064 2584 tini
1088 2560 1163 2583 sess.
1186 2558 1270 2589 xxiv,
1293 2559 1362 2591 cap.
1385 2557 1429 2587 x1,
1453 2545 1532 2579 360.

239 2608 284 2641 ris
307 2607 432 2649 Christi,
457 2609 489 2640 in
514 2607 640 2640 ecclesia
667 2605 771 2639 Sancti
788 2607 892 2648 Augu·
920 2601 1187 2650 cxxvnErectio
1210 2610 1309 2634 novae
1331 2599 1479 2634 ecclesiae
1502 2598 1664 2631 cathedra·

256 2674 335 2700 Bull.
353 2674 430 2700 Rom.
454 2672 508 2698 Vol.
528 2671 586 2698 Vm
763 2669 810 2696 137
