2059 3228
39 600 59 624 Ιο
75 599 156 628 prteru-

38 630 64 655 (6
74 637 114 660 quo
123 637 157 652 ιιι-

33 663 156 688 promtua-

31 695 67 716 M·

63 3165 83 3228 '‘u-¹

78 3224 90 3228 l
78 3171 95 3188 ‚⁷

174 325 271 362 etiam
290 326 423 371 perinde
443 337 480 361 ac
505 328 527 360 si
554 327 736 373 spos-{aliter
754 327 818 361 illis
839 338 915 361 con-

172 390 261 416 cessa
283 382 400 422 forent,
423 382 561 424 gaudere
583 382 681 415 libere
702 381 830 415 ctlicitc
841 391 915 425 pos-

171 433 248 477 sint,
269 435 461 468 auctoritate
482 440 513 469 et
539 441 649 469 tenore
670 435 854 480 praedietis,
877 435 915 468 dc

171 487 303 534 speciali
327 489 412 522 dono
437 490 558 531 gratiae
579 489 792 532 indulgemus.

214 542 231 587 fi
254 541 285 576 3.
312 542 447 587 Insuper
466 544 570 577 cidem
592 544 739 586 collegio,
765 554 824 587 pro
845 553 914 577 rec-

171 596 252 630 toris
274 601 305 630 et
331 597 545 641 collegialium
570 598 772 641 aliarumque
802 608 913 641 perso-

169 660 283 684 narum
323 650 357 684 in
389 662 426 684 co
460 662 518 695 pro
550 656 695 695 tempore
726 651 912 694 degentium

168 704 413 745 sustentatione,
432 706 610 749 prioratum
626 705 839 749 praedictum,
857 705 912 749 qui

167 764 329 793 conventu
349 765 381 793 et
401 760 581 794 animarum
594 771 671 794 cura
682 765 780 801 caret,
800 759 912 804 quovis

166 813 263 847 modo
287 819 320 848 et
352 824 390 848 ex
414 813 646 858 cuiuscumque
683 824 821 858 persona
855 825 912 847 scu

165 877 226 912 per
242 867 381 902 liberam
401 869 541 902 cuiusvis
561 868 739 902 cessionem
766 868 805 902 de
840 868 909 908 illo,

165 920 201 955 in
229 921 315 956 dicta
349 922 444 956 Curia
474 924 522 957 vel
565 929 654 956 extra
685 933 772 965 eam,
813 923 910 956 etiam

165 986 277 1012 coram
328 977 456 1011 notario
512 977 644 1021 publico
693 982 725 1010 et
775 976 911 1010 testibus

164 1034 280 1075 sponte
304 1030 433 1072 factam,
460 1036 517 1064 aut
547 1030 810 1074 assequutionem
834 1030 911 1063 alte-

163 1083 231 1118 rius
244 1084 394 1119 heneficii
406 1084 786 1118 ecclesiasticiordinaria
796 1089 909 1117 aucto-

160 1137 260 1172 ritate
272 1138 391 1179 collati,
405 1144 508 1179 vacet,
521 1137 647 1172 etiamsi
664 1143 754 1171 tanto
763 1143 910 1182 tempore

163 1191 322 1230 ,vacaverit
340 1193 427 1236 quod
447 1192 515 1226 eius
539 1192 681 1232 collatio,
704 1191 792 1224 iuxta
820 1191 911 1224 Late-

162 1246 308 1280 ranensis
326 1251 446 1280 statuta
467 1246 594 1280 concilii
614 1245 653 1279 ad
681 1244 797 1279 Sedem
822 1256 909 1278 eam·

163 1300 237 1334 dem
255 1300 400 1344 legitime
424 1300 583 1342 devoluta,
600 1300 732 1344 ipseque
748 1299 910 1344 prioratus

121 1352 124 1355 ’
162 1354 366 1399 dispositioni
383 1353 580 1398 apostolieae
595 1351 783 1397 ‘specialiter
794 1354 843 1386 vel
858 1365 909 1397 ge—

162 1407 316 1442 neraliter
334 1413 515 1442 reservatus
535 1407 660 1449 existat,
689 1413 722 1441 et
748 1419 846 1452 super
871 1419 909 1441 eo

72 1476 78 1484 ·
126 1456 131 1462 ⁴
161 1458 248 1496 inter
266 1462 392 1506 aliquos
409 1462 458 1503 lis,
479 1461 571 1495 cuius
590 1467 710 1495 statum
729 1462 909 1506 praesenti-

161 1515 223 1550 bus
244 1515 358 1550 haberi
376 1515 527 1549 volumus
546 1526 606 1560 pro
637 1526 798 1560 expresso,
829 1527 909 1560 pen-

162 1569 239 1604 deat
255 1569 409 1611 indecisa,
438 1569 615 1603 dummodo
639 1575 786 1613 tempore
817 1570 909 1604 datae

161 1623 383 1668 praesentium
403 1633 469 1657 non
489 1623 530 1657 sit
547 1623 581 1656 in
601 1634 638 1657 eo
659 1623 756 1657 alicui
785 1623 910 1668 specia-

161 1675 306 1710 literius
329 1676 524 1720 quaesitum,
548 1688 622 1710 curn
648 1676 777 1710 annexis
802 1677 911 1710 huius-

163 1729 262 1773 modi,
281 1742 318 1765 ac
337 1731 487 1765 omnihus
511 1731 637 1765 iuribus
657 1737 689 1765 et
709 1731 911 1775 pertinentiis

165 1783 243 1827 suis,
265 1785 462 1819 auctoritate
472 1791 502 1819 et
511 1787 629 1819 tenore
639 1785 802 1830 praefatis,
814 1786 910 1819 etiam

161 1843 334 1883 perpetuo,
360 1839 503 1881 unimus,
530 1839 733 1873 annectimus
752 1845 783 1873 et
803 1839 911 1873 incor-

162 1901 333 1936 poramus:
361 1892 405 1926 ita
436 1893 524 1937 quod
557 1893 654 1927 liceat
681 1904 740 1937 pro
765 1899 912 1937 tempore

164 1945 374 1980 existentibus
397 1947 582 1991 praeposito
607 1947 795 1992 provinciali
835 1947 913 1980 inse-

163 1999 260 2033 rioris
300 1999 490 2034 Germaniae
531 2001 700 2045 dictaeque
729 2001 910 2041 Societatis‚

166 2063 293 2087 necnon
325 2054 444 2087 rectori
470 2060 502 2088 et
530 2055 752 2098 collegialibus
785 2055 911 2098 collegii

167 2105 366 2148 huiusmodi,
393 2118 452 2152 per
479 2119 512 2142 se
539 2109 587 2142 vel
617 2109 717 2142 alium
744 2120 800 2143 seu
821 2109 911 2149 alios,

170 2170 284 2194 eorum
302 2166 335 2195 et
354 2161 480 2206 collegii
505 2163 604 2196 erecti
637 2163 823 2197 huiusmodi
859 2174 916 2197 no-

151 2213 271 2257 rmine,
298 2215 430 2260 propria
458 2215 662 2257 auctoritate,
698 2218 912 2261 corporalem,

171 2269 292 2303 realem
312 2274 345 2303 et
363 2271 520 2304 actualem
542 2270 776 2315 possessionem
795 2271 916 2315 priora-

173 2329 227 2357 tus
255 2328 288 2357 et
306 2333 517 2364 annexorum,
552 2324 738 2368 iuriumque
766 2329 798 2357 et
821 2324 917 2367 perti-

172 2376 358 2411 nentiarum
376 2377 615 2422 praedictarum
626 2377 728 2410 libere
740 2377 918 2420 apprehen-

129 2445 134 2450 ·
174 2430 250 2465 dere
276 2436 309 2464 et
335 2436 494 2475 perpetuo
514 2430 668 2470 retinere;
690 2441 727 2463 ac
747 2430 844 2463 etiam
875 2429 919 2463 ei-

174 2479 247 2514 dem
265 2479 424 2524 prioratui
450 2479 599 2523 illiusque
628 2478 793 2518 ecclesiae,
810 2489 868 2522 per
886 2489 918 2512 se

126 2560 130 2568 ,
174 2527 260 2572 ipso's'
274 2539 330 2562 seu
350 2527 534 2571 quempiam
555 2538 681 2568 eorum,
703 2526 800 2561 etiam
820 2527 852 2560 in
870 2527 919 2571 ip-

163 2577 241 2611 'sius
259 2577 388 2621 collegii
413 2577 511 2611 erecti
529 2576 664 2610 eeclesia
687 2587 743 2610 seu
764 2577 918 2620 cappella,

175 2629 232 2660 aut
249 2637 308 2670 per
326 2626 674 2671 quemcumqueealium
686 2625 919 2670 presbyterum,

176 2675 215 2709 ad
235 2687 348 2712 corum
373 2676 512 2711 liberum
541 2682 657 2710 nutum
692 2682 724 2710 et
748 2676 918 2709 arbitrium

779 273 953 299 GREGORIUS
971 274 1024 297 xm
1050 274 1096 297 ΡΡ.

1591 260 1652 300 47ἵ

956 326 1142 370 ponendum
1164 332 1191 359 ct
1215 328 1438 369 amovendum,
1459 327 1493 362 in
1512 327 1625 362 divinis
1642 328 1698 362 dc-

957 379 1073 413 scrvire
1092 385 1147 413 aut
1167 380 1317 413 descrxiri
1344 383 1460 423 sucere3
1487 392 1614 417 necnon
1629 381 1698 416 fru-

957 439 1038 475 ctus,
1061 434 1205 467 redditus
1226 440 1257 468 ct
1272 441 1457 478 proventus,
1476 436 1558 478 iura,
1579 427 1698 471 obveri-

956 488 1121 522 ventioncs
1143 494 1175 521 et
1199 489 1417 523 emolumenta
1446 490 1594 524 universa
1613 490 1698 525 illius

956 547 987 575 ct
1007 553 1205 575 annexorum
1225 544 1413 577 eorumdem
1434 544 1613 589 percipere,
1636 544 1700 578 exi-

955 606 1041 638 gere,
1064 596 1179 637 levare,
1193 597 1313 637 locare,
1331 598 1504 632 arrendare
1521 609 1557 631 ac
1578 598 1610 631 in
1624 608 1698 632 suos

955 660 1032 682 usus
1056 655 1087 683 et
1106 650 1280 683 utilitatem
1301 657 1496 693 convertere,
1517 650 1699 686 dioecesani

954 703 1017 736 loci
1035 704 1085 737 vel
1103 704 1242 738 cuiusvis
1261 704 1395 738 alterius
1413 705 1544 739 licentia
1560 706 1699 750 desuper

953 757 1086 792 minime
1110 758 1276 802 requisita.

996 811 1011 855 ξ
1026 811 1058 845 4.
1076 812 1291 846 Decernentes
1306 813 1434 846 easdem
1452 819 1635 857 praesentes
1648 812 1699 847 lit-

955 870 1037 899 teras
1061 865 1100 899 de
1124 866 1342 910 subreptionis
1362 867 1410 900 vel
1430 866 1628 911 obreptionis
1651 866 1698 900 vi-

953 918 1009 960 tio,
1038 930 1094 952 seu
1116 918 1305 953 intentionis
1329 925 1459 954 nostrae
1478 920 1526 953 vel
1546 920 1698 964 quopiam

952 973 1015 1006 alio
1040 973 1169 1006 defectu
1189 973 1307 1015 notari,
1331 973 1516 1018 impugnari
1535 984 1591 1007 seu
1612 974 1700 1008 inva-

952 1027 1045 1060 lidari
1070 1028 1256 1061 nullatenus
1279 1039 1386 1072 posse;
1411 1038 1539 1061 necnon
1569 1028 1698 1061 irritum

952 1085 984 1113 et
1003 1081 1098 1114 inane
1118 1081 1274 1125 quicquid
1293 1092 1386 1116 secus
1406 1081 1568 1125 superbis
1587 1092 1605 1114 a
1619 1091 1699 1125 quo·

951 1144 1058 1177 quam,
1094 1135 1204 1178 quavis
1237 1135 1443 1176 auctoritate,
1478 1134 1620 1169 scienter
1647 1134 1699 1168 vel

952 1187 1149 1231 ignoranter,
1169 1188 1341 1231 contigerit
1360 1188 1523 1222 attentari.

995 1241 1060 1285 gf).
1088 1241 1245 1280 Quocirca
1276 1242 1514 1276 venerabilibus
1544 1241 1698 1275 fratribus

951 1295 1070 1329 nostris
1109 1296 1355 1340 archiepiscopo
1400 1295 1635 1336 Cameracensi,
1665 1300 1698 1329 et

952 1349 1103 1394 episeopo
1129 1350 1344 1391 Atrebatensi‚
1367 1361 1404 1383 ac
1417 1350 1538 1383 dilecto
1558 1349 1625 1382 filio
1640 1359 1698 1382 no-

951 1409 1017 1437 stro
1035 1403 1149 1438 Curiae
1174 1415 1344 1437 causarum
1365 1403 1516 1437 Gamerae
1535 1402 1697 1447 Apostoli-

952 1468 1006 1491 cae
1019 1458 1161 1501 generali
1172 1458 1380 1502 auditoriper
1390 1457 1568 1502 apostolica
1577 1456 1697 1500 scripta

952 1512 1141 1545 mandamus
1168 1517 1329 1556 quatenus
1358 1511 1417 1555 ipsi
1452 1511 1503 1544 vel
1539 1510 1602 1544 duo
1640 1515 1697 1544 aut

952 1576 1036 1599 unus
1056 1576 1182 1606 eorum,
1203 1576 1262 1610 per
1281 1576 1313 1599 se
1332 1566 1381 1598 vel
1406 1564 1505 1598 alium
1525 1575 1582 1598 seu
1602 1563 1695 1604 aliOS,

952 1620 1080 1653 easdem
1100 1625 1285 1663 praesentes
1304 1619 1429 1653 litteras
1453 1624 1485 1652 et
1504 1618 1537 1651 in
1557 1618 1602 1652 eis
1621 1628 1697 1652 con-

952 1679 1041 1707 tenta
1061 1684 1298 1717 quaecumque,
1320 1673 1377 1706 ubi
1401 1678 1433 1707 et
1459 1673 1588 1716 quando
1614 1682 1696 1716 opus

952 1727 1062 1769 fuerit,
1080 1738 1115 1760 ac
1132 1727 1258 1771 quoties
1274 1738 1333 1771 pro
1351 1732 1442 1771 parte
1463 1726 1539 1759 dicti
1559 1724 1696 1769 Philippi

951 1781 1036 1824 regis
1060 1787 1092 1814 et
1115 1792 1174 1825 pro
1195 1787 1340 1824 tempore
1363 1780 1569 1814 existentium
1589 1784 1695 1812 recto-

953 1834 996 1867 ris
1016 1840 1047 1867 et
1068 1835 1285 1878 collegialium
1317 1846 1353 1868 ac
1386 1834 1521 1867 aliarum
1542 1843 1696 1877 persona-

954 1899 1025 1921 rum
1047 1888 1174 1931 collegii
1195 1889 1294 1922 erecti
1315 1887 1499 1922 huiusmodi
1519 1898 1574 1920 seu
1594 1886 1696 1919 alicu-

955 1942 1003 1975 ius
1034 1953 1147 1975 eorum
1181 1942 1302 1976 suerint
1330 1941 1488 1986 requisiti,
1510 1940 1698 1974 solemniter

954 1995 1167 2039 publicantes,
1183 1996 1293 2039 eisque
1313 1996 1344 2028 in
1360 1994 1542 2039 praemissis
1560 1993 1698 2027 efficacis

955 2049 1150 2083 defensionis
1184 2050 1343 2093 praesidio
1363 2049 1558 2088 assistentes,
1579 2047 1699 2081 saciant

955 2104 1149 2136 auctoritate
1169 2110 1279 2136 nostra
1307 2104 1428 2135 litteras
1459 2101 1639 2146 praedictas
1667 2106 1700 2134 et

1715 272 1768 303 Αη.
1783 273 1812 303 C.
1828 273 1895 303 158AE

1739 819 1857 844 clausulae.

1723 1245 1832 1267 mandatur
1845 1248 1894 1267 exe-

1712 1279 1777 1301 cutio.

956 2157 988 2190 in
1008 2157 1053 2190 cis
1085 2163 1235 2191 contenta
1265 2156 1450 2189 huiusmodi
1475 2155 1514 2188 ab
1535 2155 1714 2195 omnibus,'

956 2211 995 2244 ad
1015 2221 1095 2254 quos
1115 2216 1239 2253 spectat
1267 2216 1296 2243 et
1317 2208 1473 2253 spectabit
1497 2208 1700 2252 quomodoli-

956 2265 1009 2297 bet
1040 2264 1071 2297 in
1093 2264 1249 2303 futurum,
1272 2263 1498 2296 inviolabiliter
1522 2262 1698 2302 observari3

958 2318 1107 2362 ipsosque
1128 2317 1312 2361 Philippum
1333 2327 1439 2359 regem
1473 2322 1503 2349 et
1528 2327 1587 2360 pro
1622 2322 1702 2350 tem-

959 2381 1036 2415 pore
1062 2371 1232 2404 existentes
1262 2376 1419 2403 rectorcm
1457 2376 1485 2403 rt
1519 2370 1702 2413 collegiales

959 2425 1134 2463 erectione,
1156 2423 1371 2463 institutione,
1400 2423 1538 2464 indulto,
1568 2423 1699 2464 unione,

959 2474 1137 2508 annexione
1153 2480 1184 2506 et
1194 2473 1454 2516 incorporatione
1466 2473 1599 2516 aliisque
1608 2484 1701 2519 prae-

960 2523 1064 2556 missis
1083 2523 1233 2556 omnibus
1253 2528 1284 2555 et
1304 2521 1448 2565 singulis,
1465 2522 1552 2555 iuxta
1571 2533 1700 2556 earum-

960 2572 1031 2605 dem
1040 2571 1257 2615 praesentium
1271 2571 1451 2604 litterarum
1469 2571 1701 2604 continentiam

960 2626 993 2653 et
1012 2626 1169 2660 tenorem,
1182 2620 1316 2664 pacifice
1333 2619 1395 2654 srui
1415 2626 1446 2653 et
1461 2620 1613 2664 gaudere,
1632 2620 1702 2653 Non

961 2669 1184 2715 permittentes
1203 2679 1257 2703 eos
1277 2679 1332 2703 seu
1352 2679 1463 2703 eorum
1485 2669 1625 2714 aliquem
1645 2669 1702 2702 de-
