2059 3228
31 1310 33 1323 '1
83 1304 174 1331 ssent-i

99 1343 176 1397 item·

65 1406 105 1417 1-·«
125 1399 174 1422 tium

291 9 342 16 ...

203 24 269 46 κ”’,
303 23 333 38 ‘⁷

803 277 979 305 ΩῊΈΩΟΏῘΓς
996 279 1053 303 vn
1072 279 1119 303 ῬῬ.

195 335 319 371 cienter
333 334 490 380 expressis
509 333 676 370 habentes,
691 334 730 366 ad
751 343 809 366 nos
828 334 943 366 harum

194 389 278 424 serie
297 399 481 429 avocamus,
504 388 639 431 illasque
649 387 694 420 sic
711 392 856 420 avocatas
869 397 943 430 pcr-

189 447 292 488 ,petuo
322 442 552 486 extinguimus,
583 450 747 476 cassamus
774 447 806 474 et
833 440 942 473 abole-

193 505 287 537 mus;
322 496 507 541 dictamque
540 495 806 530 constitutionem
844 493 943 537 ipsius

191 549 283 584 Pauli
306 550 577 594 praedecessoris,
600 549 695 584 etiam
717 555 829 583 contra
846 558 942 592 quas-

191 613 333 648 cumque
353 605 520 645 mulieres,
538 603 729 637 tamliberas
749 612 846 646 quam
867 611 942 634 con-

190 656 328 701 iugatas,
353 663 385 691 et
408 658 504 691 etiam
530 664 594 691 tam
614 667 673 702 per
691 666 725 689 se
747 666 844 698 quam
866 665 941 688 enm

191 719 304 744 earum
323 710 400 744 viris
412 716 467 744 aut
487 711 608 755 absque
627 710 690 743 illis
709 709 742 743 in
754 708 942 742 dictislibris

190 763 362 798 debitrices
373 764 560 809 descriptas,
573 764 667 798 etiam
675 764 797 804 viduas,
805 769 834 796 et
845 774 941 806 quas-

189 827 330 861 cumque
340 818 419 851 alias
428 828 594 862 personas,
609 817 705 851 etiam
715 817 851 861 perinde
867 828 903 850 ac
915 817 941 849 si

188 868 233 904 ita
251 881 400 915 expresse
427 871 459 904 in
485 871 597 904 eadem
619 870 850 904 constitutione
867 881 941 903 cau-

188 929 270 965 tum,
289 925 511 969 specificatum
536 930 566 959 et
590 925 713 959 dictum
734 924 857 966 fuisset,
873 936 942 959 om-

187 977 267 1011 nino
287 978 521 1023 comprehendi
541 984 573 1012 et
590 979 700 1012 locum
714 979 847 1020 hahere,
862 990 940 1023 apo-

187 1030 301 1065 stolica
336 1031 539 1072 auctoritate,
566 1038 680 1066 tenore
707 1033 939 1077 praesentium,

187 1083 403 1126 declaramus,
412 1085 523 1129 sicque
529 1091 595 1119 tam
607 1085 640 1118 in
648 1086 829 1130 praeteritis
842 1097 940 1130 quam

188 1137 223 1171 in
246 1138 471 1182 praesentibus
494 1144 525 1173 et
549 1139 667 1173 futuris
691 1145 850 1184 perpetuo
875 1146 940 1173 sta-

189 1190 312 1225 tuimus
337 1197 369 1225 et
388 1192 589 1226 ordinamus.

231 1245 248 1289 5
267 1244 299 1279 2.
324 1246 370 1278 Ac
393 1245 437 1278 ita
455 1256 514 1290 per
532 1246 757 1290 praedictoset
768 1257 941 1291 quoscum-

167 1308 251 1358 que
270 1298 351 1332 alios
370 1298 495 1332 iudices
514 1305 546 1333 et
565 1300 816 1341 commissarios,
843 1301 938 1334 etiam

167 1339 290 1385 ⁸nostri
314 1351 404 1385 Sacri
428 1352 541 1385 Palatii
561 1364 734 1387 causarum
760 1355 937 1396 auditores,

189 1410 221 1439 et
239 1405 271 1439 S.
297 1406 335 1439 R.
357 1406 393 1439 E.
423 1406 615 1448 criminales,
647 1407 743 1441 etiam
768 1409 808 1441 de
839 1409 939 1442 latere

187 1457 321 1502 legatos,
342 1459 469 1492 sublata
480 1459 525 1493 eis
536 1465 690 1494 eteorum
710 1461 843 1495 cuilibet
859 1473 938 1505 qua—

187 1512 233 1545 vis
253 1512 347 1546 aliter
365 1512 531 1546 iudicandi
543 1519 575 1547 et
594 1514 829 1558 interpretandi
841 1515 940 1549 sacul-

187 1570 254 1599 tate
276 1571 308 1600 et
346 1567 551 1608 auctoritate,
579 1568 718 1601 iudicari
752 1574 784 1602 et
811 1569 938 1603 definiri

188 1619 325 1661 debere;
346 1620 474 1654 irritum
496 1631 627 1665 quoque
639 1627 670 1654 et
683 1622 789 1663 inane,
806 1622 831 1655 si
849 1633 939 1656 secus

189 1683 288 1717 super
310 1673 363 1707 his
381 1684 399 1706 a
412 1683 590 1717 quoquam,
611 1675 723 1718 quavis
733 1676 937 1715 auctoritate,

190 1725 329 1761 scienter
353 1727 403 1760 vel
427 1727 625 1770 ignoranter,
648 1729 821 1771 contigerit
840 1736 941 1763 atten-

190 1779 264 1821 tari,
286 1780 503 1814 decernimus.
525 1782 570 1814 Ac
594 1782 690 1815 etiam
711 1782 940 1827 ipsispartibus

191 1833 446 1877 collitigantibus
465 1840 495 1867 et
516 1834 683 1878 quibusvis
708 1836 780 1869 aliis
794 1838 940 1880 personis

190 1892 388 1931 perpetuum
406 1888 440 1920 in
460 1894 489 1921 et
518 1899 616 1933 super
634 1889 820 1932 praemissis
845 1891 940 1925 silen-

192 1939 273 1973 tium
292 1940 512 1984 imponimus,
533 1953 659 1976 necnon
680 1948 744 1976 tam
765 1944 829 1977 illis
844 1955 939 1988 quam

191 1992 269 2038 ipsis
287 1993 463 2036 iudicibus,
476 1996 715 2036 commissariis,
729 1997 940 2037 auditoribus,

192 2046 410 2082 cardinalibus
429 2053 460 2082 et
478 2049 603 2092 legatis,
624 2060 664 2082 ne
682 2056 793 2084 contra
805 2062 942 2094 praesen—

191 2100 273 2133 tium
292 2106 439 2135 tenorem
463 2101 637 2146 quiequam
657 2103 762 2137 facere
783 2110 813 2137 et
839 2111 942 2138 atten-

192 2158 262 2187 tare
280 2154 423 2189 audeant
445 2155 623 2190 districtius
637 2162 667 2190 et
688 2168 835 2201 expresse
856 2159 941 2192 inhi-

192 2206 320 2241 bemus.

237 2259 254 2303 ἓ
272 2259 303 2294 3.
342 2261 413 2295 Non
448 2262 652 2296 obstantibus
683 2264 850 2307 quibusvis
879 2266 944 2299 litis

106 2319 113 2326 “
172 2333 180 2338 -
193 2313 376 2359 pendentiis
395 2319 426 2348 et
448 2315 519 2348 aliis
531 2317 726 2359 praemissis,
750 2329 786 2351 ac
805 2319 942 2353 aliorum

193 2367 482 2412 praedecessorum
494 2374 526 2402 et
535 2375 645 2403 nostra
666 2370 705 2403 de
726 2381 791 2404 non
800 2372 943 2406 tollendo

195 2419 266 2454 iure
285 2420 443 2464 quaesito,
465 2421 491 2454 si
516 2432 598 2465 opus
618 2423 670 2463 sit,
692 2434 821 2457 necnon
847 2425 942 2459 etiam

195 2469 335 2513 quadam
356 2469 501 2502 eiusdem
522 2469 568 2502 Pii
589 2471 638 2511 IV,
671 2472 942 2514 praedecessoris,

196 2517 236 2551 de
264 2517 425 2551 similibus
454 2518 503 2551 vel
535 2518 746 2553 dissimilibus
773 2522 883 2563 gratiis
911 2523 944 2555 in

196 2564 331 2600 Camera
349 2567 533 2610 Apostolica
547 2566 631 2600 intra
646 2573 709 2601 tres
720 2579 846 2602 menses
855 2581 945 2614 prae-

197 2614 361 2648 sentandis
380 2621 411 2648 et
423 2615 645 2658 registrandis,
657 2616 681 2648 si
694 2627 775 2660 opus
789 2618 843 2658 sit,
856 2619 944 2652 aliis-

198 2672 262 2707 que
291 2663 574 2697 constitutionibus
616 2670 648 2698 et
688 2665 945 2701 ordinationibus

277 2711 354 2743 Bun.
371 2711 451 2744 Rom.
478 2712 535 2743 Vol.
558 2712 633 2744 VIII.
830 2716 866 2746 58

984 330 1181 375 apostolici&
1203 341 1327 365 necnon
1349 332 1444 366 etiam
1467 333 1570 368 almae
1589 334 1683 369 Urbis
1704 343 1735 371 et

984 383 1097 417 Curiae
1118 384 1292 424 Romanae,
1320 398 1355 418 :ic
1386 387 1603 431 vtianripsius
1633 390 1733 435 Ripae

984 443 1015 469 vt
1036 448 1320 483 quorumcumque
1341 441 1478 474 aliorum
1507 443 1732 485 tribunalium,

984 491 1081 524 etiam
1090 492 1242 526 Gamerae
1250 496 1463 538 Apostoliczw,
1478 508 1603 530 necnon
1614 499 1733 538 ,euber-

985 545 1105 579 natoris
1116 557 1153 578 ac
1164 547 1274 581 vicarii
1293 554 1321 581 et
1339 550 1496 583 auditoris
1513 552 1606 584 dicta·
1620 551 1732 586 Carne-

984 609 1096 639 1·ae‚ac
1108 601 1204 633 etiam
1215 602 1372 635 senatoris
1394 609 1423 635 et
1441 604 1555 637 Curiae
1569 604 1730 649 Capitolii,

983 652 1080 686 etiam
1102 654 1283 688 iuramento
1296 662 1324 689 et
1344 657 1588 691 confirmatione
1605 667 1734 704 aposto-

983 706 1043 739 lica
1062 708 1111 741 vel
1145 709 1257 752 quavis
1282 710 1434 743 firmitate
1468 712 1530 744 alia
1560 713 1730 753 roboratis,

982 762 1107 794 statutis
1139 768 1167 794 et
1207 764 1518 804 eonsuetttdinib11s3
1557 766 1732 809 privilegiis

981 824 1113 858 quoque
1134 815 1265 849 indultis
1285 822 1316 849 et
1333 817 1449 850 litteris
1468 820 1616 861 apostol..
1634 820 1730 852 etiam

981 867 1044 900 illis
1073 874 1104 901 et
1133 869 1266 903 cuilibet
1290 870 1442 909 illorum,
1473 882 1510 904 ac
1543 873 1728 915 praedictis,

980 932 1106 955 necnon
1127 923 1295 966 quibusvis
1306 924 1377 957 aliis
1398 924 1561 958 iudicibus
1577 932 1606 958 et
1619 937 1731 969 perso-

981 974 1041 1015 nis,
1063 975 1096 1008 in
1117 986 1234 1017 genere
1253 977 1301 1010 vel
1322 977 1354 1010 i11
1379 978 1496 1022 specie,
1517 979 1577 1011 sub
1598 979 1731 1022 quibus-

981 1039 1121 1072 cumque
1141 1031 1308 1063 tenoribus
1323 1038 1353 1064 et
1369 1032 1493 1072 formis,
1516 1033 1612 1065 etiam
1627 1039 1728 1073 motu,

981 1082 1115 1116 scientia
1139 1090 1170 1117 et
1203 1085 1368 1128 potestatis
1388 1086 1590 1130 plenitudine
1615 1087 1731 1119 simili-

981 1136 1052 1176 bus,
1075 1142 1106 1170 et
1126 1137 1222 1170 etiam
1244 1139 1523 1181 consistorialiter,
1547 1151 1584 1173 ac
1603 1140 1682 1173 alias
1698 1140 1732 1173 in

981 1190 1179 1223 contrarium
1191 1193 1435 1235 quomodolibet
1447 1193 1607 1227 concessis
1617 1199 1732 1227 etcon-

981 1242 1127 1284 tirmatis;
1149 1245 1268 1287 quibus
1289 1246 1451 1287 omnibus,
1478 1246 1603 1280 etiamsi
1616 1247 1654 1280 de
1667 1247 1731 1279 illis

981 1306 1161 1340 eorumque
1183 1298 1257 1331 totis
1277 1299 1445 1333 tenoribus
1469 1300 1629 1343 specialis,
1657 1311 1729 1344 spe-

981 1349 1083 1390 cifica,
1096 1350 1262 1384 individua
1273 1358 1303 1385 et
1314 1363 1463 1397 expressa
1474 1354 1595 1386 mentio
1606 1354 1730 1387 haben-

980 1402 1020 1435 da
1040 1409 1133 1444 esset,
1156 1415 1270 1438 eorum
1290 1411 1417 1439 tenores
1437 1407 1660 1450 praesentibus
1670 1418 1730 1450 pro

980 1458 1137 1500 expressis
1157 1458 1320 1501 habentes,
1355 1460 1415 1493 hac
1445 1461 1514 1494 vice
1543 1461 1727 1503 dumtaxat,

980 1511 1161 1555 specialiter
1173 1518 1203 1545 et
1213 1523 1361 1557 expresse
1381 1514 1587 1558 derogamus,
1604 1527 1731 1551 necnon

980 1564 1131 1598 omnibus
1151 1566 1215 1599 illis
1234 1566 1314 1607 aliis,
1334 1568 1543 1611 quaePaulus
1553 1569 1646 1610 III,ac
1655 1570 1731 1604 Pius

980 1618 1017 1651 IV
1036 1624 1068 1652 et
1086 1619 1161 1652 Pius
1184 1620 1219 1660 V,
1241 1620 1506 1664 praedecessores
1516 1624 1732 1667 praedicti,in

981 1672 1264 1706 constitutionibus
1295 1679 1327 1707 et
1360 1674 1447 1708 illius
1475 1676 1732 1710 confirmationi-

979 1725 1041 1758 bus
1056 1726 1244 1759 huiusmodi
1264 1728 1510 1763 volueruntnon
1521 1730 1660 1772 obstare,
1681 1742 1732 1765 ce-

980 1778 1123 1822 terisque
1148 1781 1319 1815 contrariis
1341 1782 1613 1827 quibuscumque.

1023 1833 1137 1866 Datum
1184 1834 1304 1868 Romae
1353 1836 1441 1880 apud
1478 1837 1631 1871 Sanctum
1675 1838 1732 1872 Pe·

982 1892 1080 1927 trum,
1102 1887 1160 1920 sub
1181 1889 1302 1921 annulo
1322 1889 1507 1931 piscatoris,
1529 1891 1582 1924 die
1599 1901 1634 1924 111
1655 1892 1731 1925 maii

981 1949 1150 1982 imtxxxrv,
1176 1942 1383 1986 pontificatus
1407 1944 1509 1978 nostri
1535 1955 1621 1978 anno
1650 1945 1734 1978 duo-

982 1994 1119 2028 decimo.

1051 2052 1115 2083 Dat.
1130 2053 1176 2084 die
1192 2054 1210 2084 3
1220 2055 1289 2085 maii
1306 2055 1392 2093 1584,
1408 2056 1515 2096 pontis.
1529 2066 1607 2088 anno
1617 2066 1666 2088 xn.

1290 2157 1416 2192 CLXIII.

982 2216 1180 2260 Approbatio
1202 2221 1297 2253 tertia
1319 2221 1465 2255 instituti
1482 2227 1512 2255 et
1526 2224 1732 2258 constitutio—

1027 2281 1106 2304 num
1126 2272 1303 2316 Relz'qiom's
1323 2275 1509 2309 clericorum
1533 2278 1733 2321 requlariem

1026 2324 1197 2359 societatis
1220 2326 1304 2367 Iesu,
1327 2339 1397 2361 eum
1416 2329 1599 2373 aliquorum
1625 2332 1734 2365 dubio-

1027 2389 1100 2411 rum
1127 2380 1219 2412 totali
1243 2382 1420 2415 renizotz'one
1439 2387 1469 2416 et
1483 2384 1734 2429 pffivileqiomcm

1028 2434 1282 2474 confirmatione.

1035 2502 1180 2537 Gregorius
1194 2504 1345 2541 episcopus,
1358 2513 1454 2536 servus
1474 2514 1614 2538 servarum
1627 2509 1688 2544 Dei.

1127 2558 1160 2584 ad
1180 2559 1341 2593 perpetuam
1359 2562 1401 2589 rei
1420 2562 1589 2593 memoriam.

1028 2617 1226 2652 Ascendente
1245 2621 1381 2656 Domino
1395 2630 1426 2657 et
1446 2625 1607 2660 Salvatore
1621 2633 1732 2661 nostro

963 2700 966 2706 ,
986 2669 1018 2702 in
1039 2670 1230 2714 naviculam,
1253 2684 1328 2709 ecce
1347 2683 1453 2711 motus
1472 2690 1609 2723 magnus
1630 2682 1733 2714 factus

1626 272 1689 307 457
1737 273 1790 303 Ᾱη.
1809 274 1840 303 C.
1862 273 1930 304 1581»

1778 2632 1910 2656 i'rooemssunn.
