2059 3228
27 263 56 295 ο.
70 258 142 294 1⁸⁷⁹

16 0 141 78 w·

57 83 65 97 ⁷.

186 327 202 372 5
224 327 275 362 13.
300 326 379 361 Nulli
405 336 481 370 ergo
504 327 635 361 omnino
660 327 826 361 hominum
852 327 888 360 li-

82 385 211 416 chat
235 380 318 414 hanc
341 379 491 424 paginam
517 386 644 413 nostrae
668 380 886 421 absolutionis,

143 433 402 473 confirmationis,
428 433 652 477 ampliationis,
677 434 887 473 decretorum,

143 487 365 522 declarationis
377 514 385 528 ,
411 487 612 519 inhibitionis
626 508 647 527 ,.
658 484 869 520 concessionis
879 511 887 525 ‚

143 539 310 581 mandati,
333 539 549 582 derogationis
583 545 614 572 et
642 538 810 572 voluntatis
841 537 887 569 in-

143 592 292 636 fringere,
317 593 364 625 vel
388 592 416 625 ei
434 603 514 625 ausu
531 591 700 626 temerario
718 590 887 629 contraire;

144 644 170 678 si
194 643 265 688 quis
288 650 394 677 autem
419 645 478 678 hoc
502 650 657 678 attentare
670 653 888 688 praesumpse-

144 696 208 738 rit,
231 696 484 740 indignationem
520 697 746 742 omnipotentis
776 696 828 730 Dei
853 707 888 729 ac

144 749 309 784 beatorum
328 751 411 784 Petri
435 756 465 784 et
482 751 569 784 Pauli
583 751 798 794 apostolorum
822 749 889 782 eius

144 812 178 835 se
200 802 324 836 noverit
347 803 561 837 incursurum.

187 855 299 889 Datum
325 856 444 890 Romae
467 856 551 900 apud
575 856 724 889 Sanctum
749 856 888 893 Petrum,

145 917 230 942 anno
261 908 491 942 Incarnationis
519 908 696 942 dominicae
724 909 890 941 millesimo

146 960 403 1004 quingentesimo
427 961 660 1005 septuagesimo
688 972 782 1003 nono,
807 972 891 994 nono

147 1013 297 1047 kalendas
329 1015 530 1055 novembris,
559 1015 761 1058 pontificatus
792 1013 890 1047 nostri

146 1076 232 1100 anno
254 1075 322 1100 vm.

181 1121 246 1149 Dat.
265 1121 310 1149 die
328 1122 364 1148 24
381 1122 473 1149 octob.
495 1123 571 1158 1579,
589 1124 667 1158 pont.
687 1130 759 1149 anno
778 1131 837 1149 vm.

486 1264 557 1297 CIX.

152 1352 301 1386 Reductio
323 1352 557 1385 monachorum·
575 1351 706 1384 Ordinis
728 1351 759 1384 S.
777 1350 894 1383 Basilii

193 1405 229 1438 in
255 1415 357 1438 unam
384 1405 652 1447 congyreqatwnem
679 1408 706 1436 et
733 1404 790 1436 sub
813 1404 894 1446 reqi-

192 1460 279 1492 mine
301 1459 400 1492 unius
421 1459 549 1499 abbatis,
567 1469 640 1490 cum
650 1458 894 1501 privilegiorum

192 1516 220 1545 et
241 1513 422 1555 gratiarum
446 1511 629 1554 elaryitione
651 1521 711 1553 pro
734 1510 810 1542 dicti
835 1509 894 1543 Or-

193 1565 280 1598 dinis
302 1565 536 1607 reformatione.

202 1661 340 1698 Gregorius
359 1664 496 1699 opiscopus
517 1672 610 1692 servus
631 1671 765 1691 servorum
787 1664 841 1697 Dei,

306 1721 339 1749 ad
361 1724 513 1757 perpetuam
528 1722 566 1750 rei
589 1722 736 1750 memoriam

193 1815 379 1850 Benedictus
402 1815 554 1849 Dominus
570 1815 651 1848 Deus
665 1820 783 1856 noster,
801 1825 818 1848 a
832 1826 894 1858 quo

45 1869 249 1924 'fflsancti
287 1869 336 1902 sui
371 1868 598 1912 intelligentiae
633 1869 748 1912 spiritu
772 1869 892 1912 repleti,

85 1925 311 1965 oras-tamquam
339 1922 458 1955 imbres
490 1923 663 1966 sapientiae
679 1933 753 1955 suae
769 1923 894 1966 eloquia

151 1974 339 2016 emiserunt,
363 1976 506 2018 Eumque
537 1975 570 2008 in
594 1975 738 2008 oratione
761 1976 891 2009 confessi

152 2032 235 2061 sunt.
269 2027 336 2067 Quo
371 2029 493 2070 gratiae
525 2039 656 2061 munere
688 2029 720 2061 B.
745 2028 894 2070 Basilius,

152 2085 359 2124 cognomento
382 2081 522 2124 MagnuS,
540 2093 558 2114 a
575 2081 681 2114 divina
698 2082 895 2125 benignitate

152 2133 378 2178 locupletatus,
405 2134 510 2167 omnis
543 2135 694 2168 bonitatis
726 2141 895 2180 tantaeque

151 2188 184 2222 in
206 2199 239 2222 se
262 2187 489 2222 beneficentiae
513 2189 646 2230 auctori,
665 2190 749 2233 quod
763 2190 897 2232 recepit,

151 2241 334 2274 fertilissimi
369 2241 438 2285 agri
473 2253 583 2283 more,
622 2253 695 2275 cum
726 2244 897 2277 centesimo

153 2294 290 2327 reddidit
326 2293 533 2328 incremento.
572 2296 666 2336 Nam,
702 2302 825 2339 praeter
863 2308 898 2329 ca

153 2357 232 2390 quae
249 2347 362 2380 effudit
378 2347 573 2390 theologicae
585 2348 736 2381 scientiae
749 2349 898 2392 eloquen-

153 2399 277 2444 tiaeque
311 2400 445 2434 flumina
461 2427 469 2441 ‚
505 2412 650 2444 quaeque
674 2402 774 2435 edidit
798 2402 900 2435 conti-

154 2456 288 2496 nentiae,
311 2453 523 2487 abstinentiae
546 2460 578 2487 et
598 2460 816 2498 susceptorum
842 2466 900 2498 pro

153 2506 274 2547 Christo
302 2509 447 2541 laborum
475 2507 661 2541 tolerantiae
686 2508 899 2549 documenta,

155 2561 317 2605 adoptatos
345 2562 405 2595 sibi
439 2572 540 2594 novae
578 2561 693 2595 sobolis
717 2562 840 2602 foetus,
866 2562 899 2594 in

154 2614 367 2657 coenobiaque
401 2616 511 2659 procul
546 2625 564 2647 a
588 2614 750 2647 communi
775 2614 900 2647 vivendi

157 2667 278 2701 ratione
304 2673 496 2711 segregatos,
521 2668 553 2701 in
578 2667 789 2712 compositum
811 2667 900 2701 Ordi-

742 273 924 299 (zm-:Gomus
949 274 1004 297 xnt
1031 274 1080 297 ΙΨ.

1559 263 1622 298 307
1675 267 1729 295 An.
1746 267 1776 297 c.
1795 266 1862 295 1579

916 335 988 359 nem
1024 325 1167 368 redegit,
1204 331 1233 359 et
1269 327 1462 361 salutaribus
1489 326 1667 371 praeceptis

916 379 1064 420 instituit,
1089 384 1132 419 ut,
1157 371 1313 422 perpetua
1337 381 1518 414 futurorum
1543 384 1667 422 tempo·

916 441 986 464 rum
1011 431 1218 473 successione,
1242 433 1338 466 verbo
1362 439 1393 467 et
1417 444 1512 477 opere
1536 443 1598 467 ase
1616 432 1665 465 in-

916 484 1048 525 structi,
1077 484 1175 517 Deum
1204 485 1450 527 confiterentur,
1475 487 1665 520 catholicae-

917 546 977 579 que
1012 537 1167 570 Ecclesiae
1198 544 1387 572 ornamento
1422 545 1546 582 essent,
1571 545 1665 583 atque

917 589 948 622 in
973 589 1078 623 dubiis
1102 591 1196 624 rebus
1220 591 1414 625 adiumento.
1584 593 1588 598 '

959 641 1028 685 §t
1052 642 1110 681 Qui
1146 643 1227 676 vitae
1262 644 1429 678 sanctitate
1458 651 1488 679 et
1519 645 1664 679 doctrina
1699 647 1866 669 0⁰¹u·⁰¹‘¹¹¹·¹·

1673 676 1775 696 monachi
1784 676 1807 694 In
1817 679 1867 693 nn-

918 693 1059 738 insignes
1076 701 1140 729 toto
1159 701 1316 729 terrarum
1333 697 1422 738 orbe,
1438 697 1574 731 maxime
1590 708 1664 730 vero
1672 705 1746 749 322²ss
1759 705 1812 748 03:²¹
1827 701 1866 746 gg:

918 747 951 780 in
967 747 1049 789 Asia,
1066 748 1232 791 palestina,
1257 750 1368 783 Tracia
1381 777 1390 791 ,
1411 750 1541 784 Graecia
1558 756 1587 784 et
1604 752 1665 784 Ita·
1673 756 1866 805 :gffggugssuffi'ss

918 800 959 833 lia
983 802 1090 835 multis
1107 802 1220 836 seculis
1243 803 1430 836 floruerunt.
1456 805 1567 837 Postea
1592 810 1781 838 νει-οἰκετω-

919 854 1016 897 <quod
1040 865 1105 888 non
1118 856 1185 889 sine
1199 856 1336 889 maximo
1349 856 1448 890 animi
1466 857 1564 889 nostri
1582 868 1667 890 moe-

921 918 991 940 rore
1015 909 1242 951 recensemus),
1267 914 1448 953 temporum
1473 909 1603 950 iniuria,
1623 916 1669 942 to-

923 959 1045 1003 tiusque
1068 960 1206 994 Orientis
1229 972 1247 995 a
1271 961 1341 995 dira
1364 962 1539 995 Turcarum
1564 968 1670 1006 tyran-

922 1013 994 1046 nide
1018 1014 1159 1057 oppressi
1184 1014 1378 1055 calamitate,
1402 1014 1603 1058 crebrisque,
1627 1015 1670 1048 ita

923 1066 1089 1099 hominum
1109 1067 1308 1110 exigentibus
1332 1068 1442 1112 culpis,
1459 1068 1669 1102 exorientium

922 1119 1128 1153 schismatum
1148 1120 1410 1162 dissensionibus,
1426 1120 1509 1154 Ordo
1526 1121 1576 1154 ille
1594 1121 1668 1154 alibi

923 1173 1048 1215 penitus
1071 1174 1202 1215 corruit,
1226 1174 1302 1207 alibi
1326 1174 1370 1207 ita
1393 1174 1453 1207 fuit
1468 1173 1670 1215 imminutus,

923 1232 966 1268 ut,
991 1226 1159 1271 disciplina
1183 1227 1322 1271 regulari
1346 1228 1458 1268 laxata,
1481 1227 1598 1261 caritas
1619 1228 1672 1260 illa

923 1281 1056 1325 pristina
1073 1281 1277 1323 deferbuerit,
1294 1281 1507 1324 monachique
1531 1281 1584 1313 alii
1610 1281 1671 1314 alio

922 1334 1055 1378 dispersi
1079 1335 1147 1368 sine
1171 1335 1285 1378 capite,
1308 1334 1401 1367 sicuti
1425 1345 1498 1367 oves
1522 1335 1590 1367 sine
1614 1345 1669 1377 pa-

923 1394 1015 1431 store,
1039 1388 1229 1428 erraverint,
1254 1388 1287 1420 in
1311 1387 1471 1431 aliquibus
1500 1392 1606 1420 autem
1631 1397 1671 1420 ne

923 1443 1089 1486 vestigium
1125 1443 1253 1486 quidem
1282 1441 1448 1476 monastici
1481 1439 1671 1474 remanserit

923 1498 1069 1538 instituti,
1094 1496 1287 1530 monasteria
1310 1506 1418 1529 eversa
1440 1500 1469 1528 et
1496 1494 1580 1527 bona
1604 1493 1670 1526 fue-

924 1551 987 1584 rint
1010 1550 1171 1594 dissipata.

965 1605 1034 1648 ge).
1073 1603 1127 1637 Cui
1166 1602 1378 1642 incommodo,
1413 1601 1497 1645 quod
1532 1611 1550 1633 a
1578 1599 1872 1654 nobismggfflgjgpfflj

925 1658 1022 1691 nostri
1047 1657 1239 1700 apostolatus
1263 1655 1345 1687 ratio
1362 1654 1511 1697 exposcit,
1523 1653 1669 1696 provide·
1679 1645 1806 1676 s0r¹ni¹¹¹⁴¹¹¹⁸
1829 1657 1870 1675 Μ·

1679 1684 1738 1703 tusce
1775 1683 1869 1707 Ordinis,

925 1722 967 1751 re,
991 1711 1158 1753 ipsumque
1183 1708 1331 1742 Ordinem
1352 1707 1505 1750 pristinae
1522 1705 1667 1749 dignitati
1679 1709 1785 1734 prmum
1821 1709 1870 1728 ⁶21¹

1678 1736 1798 1760 capitulum
1828 1735 1870 1754 eli-

924 1764 1124 1807 regularique
1147 1761 1382 1801 observantiae,
1406 1764 1585 1803 quantum,
1611 1758 1667 1790 Do-
1678 1764 1744 1786 mue
1770 1762 1869 1781 abbatem

1678 1790 1799 1813 generalem
1814 1791 1835 1807 et
1845 1794 1870 1807 a·

925 1819 1009 1851 mino
1034 1818 1212 1857 adiuvante,
1236 1825 1413 1859 possumus,
1439 1812 1599 1846 restituire
1616 1817 1718 1843 vo-Hos
1750 1815 1870 1838 offissffles·

1678 1843 1803 1861 inhaervusto
1818 1847 1870 1860 con-

923 1872 1030 1911 lentes,
1055 1876 1088 1903 ut
1113 1869 1350 1912 quamprimum
1380 1867 1414 1899 in
1442 1876 1518 1908 agro
1542 1863 1785 1897 Dominimunioni
1805 1868 1871 1887 1⁰⁸0-

1679 1896 1746 1915 centii
1761 1894 1799 1919 ΙΙΙ,
1815 1900 1871 1918 quau

923 1925 1035 1958 uberes
1056 1923 1185 1959 fructus,
1208 1922 1366 1954 maiorum
1383 1929 1513 1952 suorum
1530 1922 1559 1950 et
1577 1927 1668 1959 prae-
1679 1925 1712 1969 ²0⁵ss
1725 1923 1871 1969 &gatte-agion&

923 1979 1014 2022 cipue
1049 1977 1128 2010 tanti
1160 1975 1259 2019 patris
1282 1979 1310 2007 et
1337 1971 1480 2015 magistri
1504 1971 1668 2013 exemplo,

924 2033 1016 2066 edere
1039 2031 1171 2069 valeant,
1197 2027 1332 2060 maxime
1356 2025 1501 2068 expedire
1524 2023 1670 2055 duximus

925 2083 1248 2126 amonasteriis‚quae
1266 2082 1298 2112 in
1312 2079 1400 2112 ltalia
1413 2083 1441 2110 et
1458 2078 1489 2109 in
1504 2076 1671 2119 utriusque

926 2137 1049 2172 Siciliae
1074 2135 1180 2177 regnis
1205 2133 1391 2171 consistunt,
1409 2140 1544 2174 quorum
1563 2130 1672 2172 plagas

928 2190 1057 2234 propius
1085 2187 1279 2231 inspeximus
1296 2212 1304 2226 ,
1333 2183 1515 2216 huiusmodi
1545 2182 1673 2214 Ordinis

928 2241 1190 2277 instaurationem
1215 2239 1378 2277 inchoare,
1402 2237 1532 2280 ipsaque
1561 2245 1674 2267 mona-

928 2298 1022 2332 steria
1060 2296 1093 2328 in
1132 2304 1228 2327 unam
1257 2289 1559 2333 congregationem,
1583 2287 1671 2320 iuxta

928 2349 1184 2384 constitutionem
1209 2345 1307 2378 felicis
1331 2341 1561 2375 recordationis
1581 2341 1674 2373 Inno-

928 2402 1024 2437 centii
1059 2402 1161 2444 Papae
1199 2398 1251 2438 III,
1277 2395 1529 2440 praedecessoris
1553 2395 1673 2435 nostri,

929 2458 961 2490 in
984 2455 1117 2490 concilio
1141 2451 1278 2496 generali
1303 2450 1431 2489 editam,
1456 2459 1536 2492 quae
1560 2448 1676 2491 incipit

929 2511 969 2543 Irt
992 2509 1136 2551 sinyulis,
1154 2517 1189 2538 ac
1206 2503 1331 2538 concilii
1350 2502 1526 2536 Tridentini
1549 2502 1674 2535 decreta

929 2562 1083 2605 redigere.
1123 2560 1156 2592 Et
1193 2564 1227 2591 ut
1261 2557 1339 2590 haec
1374 2556 1496 2589 facilius
1531 2560 1675 2598 optatum

929 2614 1079 2658 consequi
1115 2616 1241 2655 possent
1264 2609 1409 2642 effectum
1425 2636 1432 2649 ,
1457 2608 1596 2651 primum
1622 2619 1675 2650 ge-

930 2668 1035 2700 nerale
1063 2665 1235 2708 capitulum
1268 2662 1343 2695 dicti
1369 2661 1496 2695 Ordinis
1519 2661 1674 2695 celebrari
