2059 3228
128 249 181 280 A..
195 251 226 285 G.
243 254 310 284 t586

366 243 429 277 728

912 248 1092 274 BULLARIUM
1110 248 1262 274 nemum

321 305 496 344 iniunctae,
519 304 619 343 sactis,
645 314 682 337 ac
706 302 836 337 dotibus
854 308 886 336 et
909 313 1067 347 quorum-
1109 303 1211 336 fertur
1231 303 1333 336 electo
1353 307 1384 336 et
1402 304 1566 347 deputato,
1587 314 1652 350 una
1665 314 1739 337 cum
1750 302 1858 337 omni-

323 367 460 401 cumque
481 357 601 390 iurium
622 362 654 390 et
669 357 835 391 actionum
855 356 1063 397 cessionibus,

1109 355 1168 388 bus
1187 360 1218 389 et
1241 355 1376 399 singulis
1405 366 1517 389 earum
1547 356 1776 398 incidentibus,
1797 357 1856 391 de-

320 410 454 453 aiiisque
491 410 751 454 quibuscumque
789 410 872 443 inter
909 411 995 443 vivos
1030 421 1066 443 ac
1107 409 1334 452 pendentibus,
1371 403 1635 452 emergentibus?
1654 411 1786 445 annexis
1823 415 1856 445 et

319 473 414 495 causa
434 463 557 503 mortis,
580 469 609 496 et
624 463 714 507 quasi
729 463 957 503 contractibus,
970 462 1064 496 etiam

317 515 425 559 vigore
459 516 666 559 obligationis
697 516 729 549 in
765 516 867 550 forma
899 517 1062 556 Camerae,

317 568 573 609 executionibus,
596 569 866 610 revocationibus,
888 570 993 610 bonis,
1015 580 1064 603 re-

316 621 388 661 bus,
416 621 543 656 iuribus
569 629 599 656 et
626 623 807 656 actionibus
834 623 934 667 ipsius
962 623 1064 657 archi-

315 674 597 716 confraternitatis‚
620 676 756 720 eiusque
775 677 935 717 custodes,
957 687 1063 710 came-

313 728 449 770 rarium,
477 729 632 764 officiales
649 735 680 764 et
698 731 862 764 ministros
888 732 1059 774 praefatos,

312 790 493 826 eorumque
526 783 590 816 litis
614 789 799 824 consortes,
829 790 893 817 tam
923 784 1060 818 coniun-

312 834 386 867 ctim
420 847 518 879 quam
539 837 675 878 divisim,
703 843 734 871 et
753 843 818 871 tam
838 837 938 871 active
960 849 1057 881 quam

310 888 455 932 passive,
490 895 555 923 tam
592 891 785 924 secundario
832 902 929 935 quam
967 892 1058 936 prin-

311 941 458 986 cipaliter
476 942 630 977 interesse
655 951 897 985 concernentes,
920 949 950 977 et
969 945 1007 977 ad
1032 944 1057 977 i-

310 1006 400 1039 psam
438 996 838 1038 archiconsraternitatem‚
872 998 967 1031 etiam
999 1009 1059 1042 per

309 1048 391 1082 viam
410 1050 609 1084 necessariae
628 1050 832 1091 defensionis,
853 1044 1056 1094 etaliasquo-

308 1102 484 1137 modolibet
511 1109 692 1147 spectantes
723 1110 755 1137 et
782 1104 992 1147 pertinentes,
1024 1105 1054 1137 in

307 1166 514 1201 quacumque
542 1157 704 1197 instantia,
740 1168 879 1201 quarum
909 1158 1055 1191 omnium

308 1216 407 1244 status
431 1216 462 1244 et
482 1211 607 1251 merita,
635 1222 671 1245 ac
701 1211 847 1245 iudicum
874 1216 905 1245 et
936 1212 1054 1245 colliti-

307 1263 453 1306 gantium
472 1264 605 1298 nomina
629 1270 660 1298 et
684 1264 877 1308 cognomina
901 1270 933 1298 et
952 1266 1056 1309 quali-

305 1322 387 1350 tates
410 1323 592 1366 ceteraque,
611 1318 707 1351 etiam
731 1318 771 1352 de
791 1319 978 1352 necessitate
999 1330 1053 1354 ex-

304 1370 485 1415 primenda,
500 1371 723 1416 praesentibus
742 1382 801 1416 pro
822 1373 979 1417 expressis
995 1373 1052 1406 ha-

304 1423 430 1465 hentes,
450 1424 484 1458 in
509 1430 593 1458 statu
614 1432 644 1459 et
663 1425 810 1459 terminis
829 1425 862 1458 in
882 1426 1001 1470 quibus
1012 1427 1052 1460 ad

303 1488 458 1522 praesens
482 1478 691 1522 reperiuntur
714 1484 745 1512 et
780 1480 1051 1524 quandocumque

305 1532 521 1576 reperientur,
548 1532 664 1565 harum
681 1532 777 1575 serie,
798 1533 838 1566 ad
862 1544 921 1567 nos
944 1539 976 1567 et
995 1534 1051 1568 Se-

303 1582 377 1618 dem
397 1586 613 1629 Apostolicam
638 1586 841 1627 advocantes,
863 1587 998 1631 illasque
1016 1599 1051 1621 0-

303 1649 394 1672 mnes
415 1645 445 1673 et
465 1639 605 1683 singulas
629 1639 720 1680 alias,
747 1640 866 1673 similes
884 1642 933 1674 vel
958 1641 1050 1674 dissi-

303 1692 407 1734 miles,
429 1704 553 1733 causas,
575 1693 821 1737 quomodolibet
843 1704 931 1727 nunc
951 1701 1051 1739 etpro

302 1750 448 1791 tempore
473 1752 574 1780 motas
595 1753 625 1781 et
648 1747 836 1792 pendentes,
853 1758 891 1781 ac
910 1759 989 1792 quas
1005 1749 1052 1781 di-

302 1805 354 1832 cta
376 1799 715 1834 archiconsraternitas
730 1827 738 1841 ,
764 1800 852 1834 illius
888 1802 1047 1842 custodes,

301 1853 511 1894 camerarius
538 1853 691 1887 officiales
711 1860 743 1887 et
765 1853 902 1887 ministri
932 1855 1050 1889 habere

301 1912 334 1940 et
361 1917 489 1940 movere
514 1907 621 1941 volent
653 1913 765 1941 contra
789 1908 916 1941 easdem
943 1919 1050 1952 perso-

300 1970 371 2002 nas,
392 1960 628 2002 universitates,
639 1961 817 2002 societates,
834 1962 1051 2005 congregatio-

301 2023 371 2055 nes,
392 2014 542 2058 collegia,
569 2014 775 2055 monasteria,
804 2014 975 2058 hospitalia
995 2022 1050 2048 aut

301 2066 364 2100 alia
383 2077 486 2110 aeque
507 2067 556 2100 vel
568 2067 669 2110 magis
687 2067 740 2111 pia
760 2067 840 2108 loca,
853 2067 946 2100 etiam
967 2079 1049 2112 quo-

301 2120 479 2154 modolibet
498 2126 530 2154 et
543 2121 824 2164 qualitercumque
849 2121 1048 2165 privilegiata

301 2180 331 2208 et
355 2180 513 2218 exempta,
546 2185 604 2218 pro
624 2174 726 2219 ipsius
745 2174 1048 2209 archiconsraterni-

300 2227 374 2261 tatis
393 2229 501 2269 rebus,
516 2228 618 2269 bonis,
639 2229 902 2270 haereditatibus,
923 2229 1045 2272 legatis,

301 2280 428 2315 iuribus
452 2287 482 2315 et
501 2281 680 2315 actionibus
710 2282 906 2323 huiusmodi,
929 2288 992 2315 tam
1013 2294 1047 2316 a·

301 2334 405 2377 gendo
438 2345 498 2379 pro
535 2335 604 2379 ipsa
637 2335 989 2369 archiconrraierniiaie
1017 2343 1046 2369 et

301 2398 506 2432 quacumque
526 2398 663 2432 persona
682 2388 721 2421 ab
756 2399 793 2421 ea
826 2399 954 2421 causam
989 2389 1045 2422 ha-

302 2436 406 2477 bente,
425 2447 520 2480 quam
542 2437 635 2470 etiam
657 2437 682 2470 si
703 2437 927 2482 contraipsam
941 2438 1046 2471 archi-

303 2485 607 2525 confraternitatem,
629 2485 669 2518 ad
694 2485 874 2519 instantiam
895 2497 1046 2529 quarum-

303 2534 1044 2580 cumquepersonarum‚qualitercumquequa,-

304 2580 492 2614 lificatarum
522 2588 549 2615 et
575 2583 844 2625 privilegiatarum
867 2584 1045 2628 quomodo-

1106 462 1650 507 connexis,summarie,simpliciter
1657 469 1688 496 et
1699 464 1737 498 de
1746 465 1854 508 plano,

1105 520 1136 548 et
1155 516 1223 548 sola
1234 516 1308 548 facti
1328 516 1459 549 veritate
1473 515 1628 559 inspecta,
1643 526 1679 549 ac
1689 517 1758 550 sine
1769 522 1852 551 stre-

1104 567 1175 611 pitu
1194 573 1225 602 et
1244 568 1348 612 figura
1374 569 1496 609 iudicii,
1521 574 1551 602 et
1575 569 1696 612 absque
1720 570 1783 603 tela
1801 570 1852 608 iu-

1103 620 1235 654 diciaria
1264 633 1301 655 ac
1334 622 1519 665 aliquorum
1544 622 1758 656 terminorum
1778 623 1853 656 sub-

1103 675 1300 708 stantialium
1321 675 1554 717 observatione,
1568 681 1622 709 aut
1641 676 1780 710 alicuius
1799 687 1852 711 re-

1101 728 1190 771 gistri
1220 729 1267 762 vel
1302 734 1462 763 extractus
1487 730 1700 771 confectione,
1732 741 1792 774 per
1817 740 1851 764 se

1103 781 1208 826 ipsum
1228 782 1289 821 vel,
1312 782 1344 815 in
1366 783 1438 816 eius
1457 793 1475 816 a
1494 783 1581 816 dicta
1603 783 1687 816 Urbe
1706 784 1850 817 absentia

1100 839 1155 867 aut
1173 835 1251 868 alias
1271 846 1308 869 ex
1327 837 1436 880 quavis
1462 847 1571 877 causa,
1601 847 1661 880 per
1689 836 1788 870 alium
1807 837 1848 870 ab

1099 887 1219 922 eisdem
1245 890 1446 930 custodibus,
1469 890 1655 931 accedente,
1683 897 1846 934 utsupra,

1098 941 1173 975 dicti
1206 944 1400 986 protectoris
1431 944 1676 989 approbatione,
1709 944 1845 978 durante

1097 994 1240 1029 absentia
1269 1007 1325 1029 seu
1353 997 1431 1030 alias
1450 997 1705 1041 quomodolibet,
1727 996 1846 1041 eligen-

1097 1047 1187 1088 dum,
1201 1060 1302 1093 usque
1315 1050 1353 1082 ad
1373 1050 1502 1083 finalem
1523 1050 1754 1084 sententiarum
1774 1061 1846 1084 exe-

1096 1102 1284 1144 quutionem
1316 1103 1482 1144 inclusive,
1515 1104 1702 1145 audiendas,
1725 1114 1845 1148 cogno-
1889 1132 1892 1135 .

1095 1155 1229 1189 scendas
1257 1156 1388 1200 fineque
1415 1157 1523 1191 debito
1551 1157 1781 1200 terminandas,
1806 1169 1844 1192 ac

1095 1208 1188 1241 etiam
1209 1209 1284 1242 alibi
1304 1209 1553 1244 introducendas
1568 1222 1626 1245 seu
1641 1211 1846 1246 committen-

1093 1261 1159 1303 das,
1178 1264 1422 1297 reassumendas
1441 1269 1513 1305 etc„
1539 1265 1730 1299 auctoritate
1748 1270 1780 1298 et
1791 1270 1842 1299 te-

1092 1325 1171 1349 nore
1203 1317 1362 1361 praefatis,
1387 1318 1482 1351 etiam
1506 1324 1664 1362 perpetuo
1688 1318 1840 1353 commit-

1093 1369 1190 1403 timus
1204 1375 1236 1403 et
1250 1370 1450 1404 mandamus.
1820 1404 1843 1413 ,,

1133 1423 1149 1467 ἓ
1171 1422 1203 1456 2.
1229 1423 1402 1468 Ipsumque
1414 1425 1731 1467 referendarium‚ut
1740 1425 1843 1472 prae?

1093 1478 1192 1510 l'ertur
1229 1479 1366 1512 electum
1399 1485 1430 1512 et
1458 1480 1646 1523 deputatum
1679 1480 1712 1514 in
1741 1481 1836 1515 dictis

1090 1645 1119 1671 et
1135 1639 1167 1671 in
1187 1639 1332 1672 futurum
1348 1640 1524 1681 movendis,
1537 1640 1569 1673 in
1585 1640 1725 1674 iudicem
1745 1641 1834 1675 ordi-

1091 1693 1216 1726 narium
1236 1699 1267 1727 et
1286 1694 1460 1738 apostolica
1489 1694 1678 1728 auctoritate
1702 1695 1836 1740 deputa-

1092 1753 1170 1788 tum,
1192 1758 1266 1780 cum
1286 1747 1435 1781 facultate
1456 1748 1584 1781 easdem
1604 1758 1716 1782 causas
1730 1760 1834 1794 usque

1089 1800 1127 1832 ad
1147 1800 1258 1842 finem,
1280 1801 1400 1844 absque
1431 1806 1538 1834 tamen
1570 1801 1706 1835 alicuius
1725 1802 1835 1846 propi-

1090 1865 1149 1887 uae
1178 1854 1374 1898 receptione,
1403 1854 1630 1898 cognoscendi,
1662 1855 1832 1889 decidendi

1090 1914 1183 1952 atque
1202 1907 1408 1949 terminandi,
1429 1919 1464 1941 ac
1481 1909 1577 1942 etiam
1593 1919 1666 1942 cum
1677 1914 1832 1954 potestate

1090 1961 1208 1994 citandi
1228 1967 1259 1994 et
1271 1961 1435 1994 inhibendi
1452 1973 1545 2006 quos,
1562 1962 1680 2006 quihus
1699 1973 1736 1996 ac
1749 1973 1832 2006 quo-

1091 2015 1147 2047 ties
1171 2025 1252 2059 opus
1275 2015 1385 2055 suerit,
1409 2014 1505 2048 etiam
1529 2025 1588 2059 per
1611 2024 1644 2048 se
1663 2016 1711 2048 vel
1731 2015 1831 2049 alium

1089 2079 1144 2101 seu
1163 2068 1244 2101 alios
1273 2078 1506 2112 quoscumque,
1535 2073 1599 2101 tam
1628 2068 1660 2101 in
1687 2069 1832 2102 Romana

1088 2121 1182 2154 Curia
1197 2132 1292 2165 quam
1314 2127 1401 2155 extra
1416 2132 1499 2162 eam,
1521 2121 1616 2154 ctiam
1625 2121 1831 2165 peredictum

1089 2175 1267 2218 publicum,
1290 2176 1427 2208 constito
1442 2175 1514 2216 sibi,
1529 2175 1625 2208 etiam
1645 2176 1830 2217 summarie,

1087 2230 1125 2262 de
1149 2239 1215 2262 non
1234 2234 1302 2262 tuto
1321 2239 1463 2269 accessu,
1487 2229 1672 2272 eisdemque
1688 2235 1720 2262 et
1736 2239 1831 2273 prae-

1088 2281 1180 2315 dictis
1199 2292 1236 2315 ac
1256 2281 1516 2325 quibuscumque
1533 2281 1755 2315 aliiseiusdem
1769 2281 1831 2315 Ur-

1087 2335 1136 2368 bis
1154 2335 1319 2368 curiarum
1344 2345 1398 2368 seu
1427 2335 1637 2368 tribunalium
1669 2334 1831 2368 iudicibus

1087 2394 1117 2422 et
1140 2389 1285 2433 personis
1307 2394 1370 2421 tam
1397 2388 1621 2422 ecclesiasticis
1643 2399 1740 2432 quam
1760 2398 1830 2421 sae-

1087 2437 1262 2478 cularibus,
1290 2437 1524 2480 cuiuscumque
1557 2436 1728 2480 dignitatis,
1760 2446 1832 2479 gra-

1087 2487 1157 2527 dus,
1179 2486 1300 2519 ordinis
1318 2487 1366 2519 vel
1387 2485 1578 2519 conditionis
1604 2485 1731 2525 suerint,
1759 2484 1829 2528 qui-

1085 2536 1145 2568 bus
1165 2545 1201 2568 ac
1212 2534 1335 2578 quoties
1349 2545 1430 2578 opus
1447 2534 1552 2573 suerit,
1570 2534 1664 2566 etiam
1679 2533 1740 2567 sub
1755 2543 1827 2566 sen-

1088 2584 1204 2623 tentiis,
1235 2581 1378 2616 censluis
1410 2582 1635 2616 ecclesiasticis
1663 2593 1700 2615 ac
1731 2581 1827 2615 etiam

302 2628 378 2662 libet
394 2635 518 2673 agatur,
531 2631 634 2681 eidem
648 2632 876 2676 referendario,
898 2639 933 2666 ut
952 2644 1045 2680 prac-
1062 2641 1068 2682 ι
1087 2633 1280 2678 pecuniariis
1299 2632 1423 2679 poenis,
1446 2637 1541 2678 prout
1567 2631 1626 2664 sibi
1653 2629 1826 2679 videbitur,

1847 1470 1958 1493 inhibendi

1848 1503 1869 1523 in
1889 1501 1953 1524 curta
1975 1514 1991 1520 -1
2013 1505 2018 1507 ”

1092 1531 1206 1571 causis,
1230 1538 1292 1565 tam
1311 1543 1370 1577 pro
1390 1533 1460 1578 ipsa
1484 1533 1835 1570 archiconl'raternitate
1848 1536 1963 1586 ffizf⁸
1988 1547 1989 1550 ’

1877 1583 1884 1586 .
1935 1571 1976 1594 qne
2002 1574 2004 1583 ι

1091 1596 1186 1628 quam
1204 1591 1316 1619 contra
1335 1586 1422 1619 illam
1444 1587 1539 1620 motis
1568 1593 1599 1621 et
1622 1588 1837 1631 pendentibus
1848 1595 1940 1625 ditibus

2011 203 2019 218 1

1874 223 2042 291 aaut&

1875 1419 2017 1477 claudique-i
2027 1450 2029 1455 ·
