2059 3228
774 274 871 297 INDEX
888 275 1098 300 RUBRICARUM

1556 268 1640 301 ›tuo-Z»

167 320 278 354 XXVII.
302 322 463 361 Quaelibet
486 325 660 368 proprietas
686 327 718 359 in
734 327 1063 369 congrega-,xxxvi
1091 330 1293 364 Confirmatio
1323 331 1555 365 constitutionis
1582 331 1628 364 l'ii
1658 331 1678 362 V

254 374 338 407 tione
365 376 588 409 canonicorum
617 379 807 419 regularium
835 379 911 412 San-

254 427 296 460 cti
323 428 448 471 Georgii
476 429 509 461 iu
536 430 612 472 Aiga
640 431 838 464 Venetiarum
866 431 910 464 in-

251 481 424 522 terdicitur,
450 482 524 515 651.

1025 380 1062 413 de
1087 392 1149 414 non
1177 383 1375 416 infeudandis
1391 390 1421 416 et
1437 383 1615 416 alienandis
1630 394 1682 415 ca-

1026 433 1098 465 stris
1125 439 1153 466 et
1184 435 1257 467 locis
1285 436 1416 468 Sanctae
1444 436 1603 468 Romanae
1630 434 1686 467 Ee-

1025 486 1146 526 clesiac‚
1179 487 1252 520 670.

168 530 292 566 XXVIII.
317 533 405 572 Quod
432 535 543 568 festum
571 535 601 569 S.
618 537 743 569 Antonii
761 536 911 569 Lusitani>
941 537 1076 571 XXXVII.
1099 538 1301 572 Confirmatio
1318 545 1507 572 statutorum
1520 545 1549 573 et
1566 539 1688 573 stabili-

253 585 291 618 de
322 586 429 619 Padua
462 588 654 631 nuncupati,
683 589 741 621 sul»
772 590 821 622 die
855 599 910 621 x1u

253 639 370 671 mensis
394 639 473 672 iunii
499 641 616 684 duplici
636 642 739 675 officio
756 643 793 675 de
810 647 912 675 cetero

253 692 440 733 celebretur,
465 693 538 726 654.

167 741 267 775 XXIX.
299 743 462 778 Innovatio
498 745 611 778 indulti
643 747 778 790 capitulo
809 755 911 778 sacro-

253 802 380 830 sanctae
421 798 640 832 Latet-anensis
682 800 829 832 ecclcsiae
875 799 911 831 de

254 848 338 882 L’rbe
365 851 516 892 concessi,
533 852 628 885 dandi
657 852 814 885 licentiam
832 852 863 884 in
881 863 912 885 e-

255 901 305 934 ius
328 902 404 935 Iocis
427 903 569 946 erigendi
587 905 653 937 loca
669 905 731 948 pia,
748 906 911 939 accedente

255 954 381 987 licentia
406 956 649 998 ordinariorum,
672 958 786 1001 quibus
810 957 913 991 subie-

257 1012 305 1040 cta
329 1014 523 1049 remaneant,
551 1009 624 1042 655.

169 1059 258 1093 XXX.
275 1060 451 1094 Prohibitio
469 1063 650 1095 transeundi
669 1062 708 1094 ab
724 1062 834 1095 ordine
853 1061 913 1093 sra-

257 1117 342 1146 trum
369 1113 526 1146 Minorum
557 1114 662 1147 Sancti
690 1114 849 1148 Francisci
877 1114 914 1146 de

258 1165 462 1198 observantia
506 1167 546 1199 ad
591 1167 703 1200 fratres
745 1166 914 1210 Cappucci-

256 1229 322 1260 nos,
353 1218 427 1252 657.

169 1272 273 1305 xxxl.
303 1272 505 1306 Confirmatio
529 1277 557 1306 et
589 1273 751 1316 ampliatio
779 1272 914 1305 indulto-

255 1335 326 1358 rum
349 1335 385 1358 ac
408 1325 678 1367 indulgentiarum
700 1324 821 1357 Rosarii
842 1323 915 1356 Bea-

256 1383 306 1410 tae
331 1377 444 1410 Mariae
461 1377 615 1420 Virginis;
633 1383 664 1410 et
684 1377 838 1409 facultatis
851 1386 915 1408 ma·

256 1429 346 1472 gistri
363 1431 519 1473 generalis
531 1436 559 1463 et
576 1431 682 1463 vicarii
697 1430 823 1463 Ordinis
841 1430 909 1463 San>

256 1482 298 1516 cti
329 1483 485 1516 Dominiei
513 1483 547 1516 in
578 1483 738 1526 erigendis
769 1481 916 1525 cappellis

255 1541 288 1570 et
306 1536 508 1570 instituendis
524 1536 834 1570 confraternitatibus
856 1535 915 1567 Ro-

257 1589 342 1631 sarit,
367 1600 426 1633 pro
453 1590 568 1633 quibus
590 1590 668 1622 aliae
685 1589 779 1622 etiam
796 1588 914 1631 gratiae

256 1647 288 1675 et
313 1642 529 1686 indulgentiae
556 1643 781 1682 conceduntur,
799 1640 872 1674 659.

170 1695 285 1728 XXXII.
301 1695 463 1728 Innovatio
487 1695 662 1728 festivitatis
687 1695 715 1727 S.
733 1693 868 1726 Ianuarii
885 1704 915 1725 e—

253 1747 374 1792 piscopi
398 1753 427 1781 et
453 1748 600 1792 martyris
616 1753 646 1780 ct
663 1747 819 1781 sociorum
839 1746 915 1787 eius⁷

257 1800 309 1834 die
327 1811 377 1833 xix
393 1800 582 1844 septembris
598 1800 732 1844 simplici
750 1799 851 1832 officio
868 1810 916 1832 ce—

259 1853 438 1895 lebrandae,
471 1853 545 1887 66⁶2.

173 1906 300 1940 XXXIII.
337 1908 509 1941 Renovatio
541 1907 782 1951 pontificialium
817 1905 918 1949 capel-

258 1959 361 1992 larum
384 1960 418 1993 in
444 1954 583 1994 basilicis
614 1961 788 2004 ceterisque
820 1960 917 1992 almae

1026 596 1204 623 mentorum
1234 591 1397 634 hospitalis
1417 592 1446 625 S.
1470 592 1595 625 loannis
1615 591 1687 624 Ilie—

1029 643 1256 686 rosolymitani,
1283 643 1354 677 67-1.

942 694 1091 727 XXXVIII.
1124 696 1308 728 Annuorum
1355 696 1514 729 redituum
1561 705 1688 729 conces-

1026 746 1072 780 sio
1084 747 1428 781 archiconfraternitati
1446 749 1477 782 B.
1492 749 1605 782 Mariae
1619 748 1686 781 Vir-

1026 798 1110 841 ginis
1144 799 1320 833 Confalonis
1349 802 1387 834 de
1417 802 1499 834 Urbe
1523 811 1687 845 nuncupa-

1027 854 1086 891 tae,
1110 861 1183 883 cum
1207 852 1353 886 facultate
1378 854 1495 898 ubique
1519 855 1687 897 eleemosy-

1026 912 1083 935 nas
1105 904 1283 946 colligendi‚
1302 907 1341 938 ad
1365 906 1612 939 christianorum
1636 917 1685 940 re-

1027 955 1239 999 demptionem
1272 958 1311 991 ab
1343 959 1518 992 infidelium
1554 959 1685 1002 captivi-

1027 1014 1099 1049 tate,
1125 1008 1197 1042 673.

1071 1061 1219 1104 Sequitur
1243 1063 1382 1096 extensio
1411 1063 1512 1095 dictae
1535 1061 1691 1095 facultatis

1028 1113 1193 1156 colligendi
1217 1115 1429 1158 eleemosynas
1452 1125 1510 1158 pro
1533 1114 1691 1148 eiusmodi

1028 1165 1257 1209 redemptione,
1283 1167 1356 1200 681.

944 1218 1068 1251 XXXIX.
1093 1219 1262 1252 Moderatio
1286 1220 1522 1253 constitutionis
1549 1220 1683 1253 editaea

1029 1271 1084 1303 Pio
1108 1272 1130 1303 V
1153 1273 1256 1314 quoad
1296 1273 1481 1306 electionem
1516 1272 1689 1306 visitatoris

1029 1325 1205 1367 generalis,
1230 1331 1261 1358 et
1295 1326 1525 1369 exemptionem
1556 1325 1690 1357 fratrum

1030 1377 1126 1410 Tertii
1152 1377 1278 1411 Ordinis
1302 1378 1340 1411 de
1364 1377 1559 1411 Paenitentia
1585 1376 1692 1410 Sancti

1029 1429 1186 1462 Francisci
1218 1441 1235 1462 a
1270 1430 1492 1473 superioritate
1527 1430 1691 1462 ministro-

1031 1493 1103 1515 rum
1127 1483 1369 1526 provineialium
1386 1483 1520 1516 fratrum
1537 1483 1694 1515 Minorum

1030 1535 1067 1568 de
1091 1535 1295 1568 Observantia
1318 1536 1351 1568 in
1375 1537 1473 1577 Italia,
1498 1536 1572 1569 683.

945 1587 1000 1620 XL.
1017 1587 1208 1621 Reformatio
1225 1588 1318 1621 officii
1336 1589 1624 1621 emolumentorum
1641 1597 1688 1620 se-

1030 1641 1157 1673 cretarii
1192 1641 1355 1674 domestici
1395 1641 1515 1674 Summi
1555 1640 1689 1673 Romani

972 1691 976 1695 ’
1030 1693 1205 1732 Pontificis‚
1229 1704 1301 1726 cum
1337 1694 1534 1726 indultorum
1568 1692 1692 1735 collegii

1031 1745 1274 1779 secretariorum
1291 1747 1494 1780 concessione
1513 1751 1544 1779 et
1560 1745 1693 1789 amplia·

1032 1798 1133 1839 tione,
1158 1797 1231 1831 685.

946 1851 1017 1884 XLI.
1040 1850 1128 1889 Quod
1151 1851 1265 1884 festum
1296 1851 1401 1885 Sancti
1433 1851 1516 1884 Petri
1548 1849 1698 1893 martyris

1033 1903 1150 1946 duplici
1192 1903 1295 1937 officio
1334 1904 1373 1937 de
1409 1909 1517 1936 cetero
1560 1901 1697 1935 eelebre-

1035 1961 1096 1996 tur,
1121 1955 1196 1989 690.

259 2012 354 2054 Urbis
380 2013 528 2053 ecclesiis,
559 2013 728 2046 dominicis
741 2013 920 2054 Quadrage-
949 2008 1032 2040 XLII.
1055 2007 1290 2041 Confirmantur
1306 2008 1481 2042 sententiae
1498 2008 1579 2040 latae
1597 2016 1694 2049 super

261 2065 360 2098 simae
381 2071 410 2099 et
433 2067 591 2099 Adventus
610 2067 743 2110 aliisque
765 2066 852 2099 statis
872 2076 919 2098 so—

261 2117 418 2151 lemnibus
429 2119 541 2152 diebus
558 2119 829 2159 celebrandarum,
847 2119 918 2152 663.

1035 2059 1213 2093 confinibus
1229 2061 1495 2094 communitatum
1515 2059 1696 2099 Perusinae,

1036 2113 1251 2147 Urbevetanae
1274 2121 1305 2148 et
1329 2115 1529 2154 Tudertinae,
1555 2113 1629 2147 601.

175 2169 304 2203 XXXIV.
328 2170 496 2204 Laui-etani
524 2172 632 2215 oppidi
654 2172 834 2215 provinciae
873 2172 920 2204 Pi-
950 2166 1046 2199 XLIII.
1070 2166 1112 2198 De
1143 2166 1246 2199 decies
1277 2168 1419 2200 centenis
1443 2167 1582 2199 millibus
1606 2175 1699 2198 num-

261 2232 358 2256 cenae
385 2223 418 2256 in
445 2223 605 2257 civitatem
633 2225 821 2264 sublimatio,
840 2224 920 2257 eius-

263 2285 326 2318 que
355 2276 536 2319 collegiatae
552 2277 700 2311 ecelesiae
713 2278 745 2310 in
759 2278 922 2310 cathedra-

262 2328 325 2361 lem
348 2333 378 2361 et
401 2329 608 2373 episcopalem
627 2331 768 2372 erectio,
796 2330 867 2364 666.

178 2380 291 2415 XXXV.
321 2382 513 2425 Approhatio
550 2383 804 2426 congregationis
836 2383 923 2415 cleri-

1035 2229 1122 2252 mum
1157 2230 1326 2253 aureorum
1360 2221 1393 2253 in
1422 2231 1494 2253 arce
1523 2220 1553 2253 S.
1583 2219 1696 2261 Angeli

1036 2272 1192 2315 repositis,
1210 2278 1240 2306 et
1265 2273 1350 2306 nullo
1367 2283 1520 2316 umquam
1537 2277 1697 2313 tempore,

1037 2324 1097 2357 nisi
1125 2325 1158 2357 in
1188 2326 1393 2369 praescriptis
1425 2325 1560 2364 casibus,
1595 2324 1700 2357 detra-

1037 2377 1180 2418 haendis,
1205 2378 1278 2411 693.

265 2444 375 2467 corum
404 2435 598 2478 regularium
614 2436 862 2468 Ministrantium
876 2435 923 2467 in-
952 2430 1046 2463 XLIV.
1069 2430 1272 2464 Confirmatio
1297 2429 1553 2473 congregationis
1576 2429 1607 2461 B.
1633 2428 1695 2461 Ma-

210 2495 216 2500 ”
264 2487 367 2521 firmis
397 2487 431 2519 in
461 2487 668 2531 hospitalibus
699 2494 730 2522 et
759 2493 844 2521 extra
872 2488 923 2520 de-

265 2538 429 2582 gentibus,
460 2539 576 2573 Romae
613 2550 716 2584 nuper
746 2539 921 2577 institutae,

266 2601 338 2625 cum
365 2591 492 2625 habitus
517 2592 739 2635 assignatione,
772 2594 844 2626 669.

309 2644 458 2688 Sequitur
487 2644 657 2688 assignatio
684 2646 819 2687 habitus,
837 2645 910 2680 670.

1037 2483 1104 2516 riae
1126 2483 1279 2517 Fuliensis
1295 2483 1462 2517 strictioris
1478 2480 1697 2514 observantiae

1037 2536 1265 2569 monachorum
1311 2535 1438 2568 Ordinis
1483 2531 1698 2567 Cisterciensis

1038 2591 1068 2625 S.
1092 2591 1261 2631 Benedicti,
1286 2601 1358 2624 cum
1382 2590 1557 2632 gratiarum
1580 2586 1695 2628 elargi-

1040 2643 1135 2685 tione,
1161 2643 1232 2678 700.
