2059 3228
152 254 204 283 An.
223 255 251 283 C.
270 256 335 283 ¹587

179 1642 227 1663 Earn
242 1648 253 1662 a
268 1643 335 1663 cuius-

153 1679 241 1700 cumque
252 1674 336 1694 iurisdi-

153 1708 224 1725 ctione
253 1705 335 1729 liberat,

154 1737 236 1762 solique
246 1737 336 1763 Aposto-

155 1765 208 1787 licao
222 1767 270 1788 Sedi
284 1767 336 1788 sui)-

154 1798 204 1819 iieit,

394 246 456 279 974

349 309 487 342 tutiones
507 313 534 339 et
566 306 787 339 ordinationes
807 305 946 340 civitatis
976 304 1091 339 Esinae

349 361 498 403 illiusque
519 359 757 392 communitatis
777 363 808 392 et
820 358 991 393 hominum
1002 367 1093 402 prae-

348 414 520 450 dictorum,
533 422 659 446 necnon
670 411 847 456 privilegia,
863 411 1092 456 exemptiones,

348 467 522 505 libertates,
544 465 792 509 praerogativas,
819 465 997 504 facultates,
1019 474 1092 506 gra-

348 521 418 558 tias,
446 525 508 552 tam
538 518 722 562 spirituales
755 529 852 561 quam
884 517 1091 562 temporales,

347 579 374 605 ct
403 572 526 605 indulta
555 571 863 615 quomodocumque
887 576 918 604 et
937 581 996 614 per
1014 581 1095 613 quo-

346 635 503 668 scumque
518 625 679 658 Romanos
693 624 862 658 Pontifices
872 634 931 668 pro
949 629 1094 667 tempore

347 678 515 711 existentes
543 688 580 711 ac
614 688 671 711 nos
696 683 728 711 et
748 677 865 711 dictam
893 677 1008 711 Sedem
1038 687 1095 710 seu

346 731 428 764 alios
439 730 594 764 hactenus
610 730 855 774 quomodolibet
867 730 952 763 edita
971 735 1002 763 et
1016 740 1094 763 con-

346 795 446 824 cessa,
472 784 560 817 licita
579 789 687 817 tamen
707 790 739 817 et
762 784 908 824 honesta,
939 793 976 816 ac
996 783 1095 816 sacris

346 837 525 870 canonibus
534 842 565 870 et
574 836 690 871 concili
699 836 877 870 Tridentini
884 836 1021 870 decretis
1030 846 1095 870 non

346 891 519 931 contraria,
535 896 565 923 et
579 895 739 934 quatenus
759 890 814 923 illa
824 890 857 923 in
868 901 930 924 usu
945 890 1093 929 existant,

345 954 405 976 nee
436 944 496 977 sub
526 943 600 976 ullis
628 943 813 987 apostolicis
838 943 1096 977 revocationibus

347 997 590 1041 comprehensa,
611 996 741 1030 illorum
757 996 902 1030 omnium
923 996 1096 1030 dictarum-

346 1061 410 1093 que
431 1051 609 1084 litterarum
626 1056 764 1091 tenores,
787 1061 824 1084 ac
843 1050 868 1083 si
889 1050 927 1083 de
947 1050 1045 1083 verbo
1057 1049 1096 1082 ad

345 1105 479 1137 verbum
511 1104 731 1138 insererentur
768 1104 1004 1148 praesentibus,
1036 1113 1096 1147 pro

347 1158 546 1191 sufficienter
565 1157 723 1202 expressis
746 1158 915 1198 habentes,
937 1157 1021 1191 dicta.
1040 1168 1097 1190 au-

348 1211 504 1251 ctoritate,
528 1217 640 1245 tenore
664 1212 897 1256 praesentium,
922 1211 1094 1245 confirma-

349 1276 430 1304 nius,
454 1266 673 1309 approbamus
692 1271 723 1299 et
748 1266 950 1306 innovamus,
978 1276 1015 1298 ac
1034 1265 1097 1298 illis

349 1324 521 1362 perpetuae
546 1324 577 1351 et
597 1318 789 1352 inviolabilis
816 1318 978 1352 firmitatis
998 1317 1098 1352 robur

348 1371 566 1405 favorabiliter
585 1372 766 1413 adiicimus,
789 1383 964 1416 omnesque
980 1377 1010 1405 et
1030 1372 1096 1405 sin-

347 1426 441 1467 gulos
459 1431 523 1459 tam
545 1426 624 1458 iuris
643 1437 739 1469 quam
761 1426 835 1459 facti
855 1436 892 1459 ao
912 1425 1097 1459 solemnita-

348 1484 429 1519 tum,
460 1479 555 1512 etiam
585 1479 859 1519 substantialium,
894 1479 1050 1520 desectus,
1071 1479 1097 1512 si

349 1531 404 1574 qui
425 1532 655 1566 intervenerint
676 1533 707 1566 in
738 1533 871 1574 eisdem,
894 1534 1095 1577 supplemus.

395 1586 410 1628 ξ
430 1585 462 1619 3.
485 1586 548 1619 Nec
567 1596 632 1619 non
653 1586 811 1620 civitatem
832 1586 935 1630 ipsam
954 1586 1097 1627 Esinam,

349 1650 386 1671 ac
412 1639 499 1672 illius
518 1638 705 1672 universum
736 1639 931 1680 districtum,
964 1640 1098 1674 comita-

350 1696 417 1724 tum
439 1697 540 1724 terras
560 1702 616 1725 seu
637 1697 741 1725 castra
765 1698 796 1725 et
815 1693 897 1733 loca,
920 1703 1099 1738 eorumque

351 1745 446 1785 cives,
473 1744 607 1784 incolas,
633 1745 842 1785 habitatores,
864 1757 1031 1790 personaS,
1049 1758 1100 1781 res

351 1803 378 1830 et
400 1799 497 1837 bona,
519 1798 559 1831 ab
583 1799 671 1831 omni
692 1803 722 1831 et
732 1809 936 1842 quacumque
954 1799 1100 1833 iurisdie-

352 1852 450 1891 tione,
472 1857 640 1895 potestate,
662 1853 833 1895 legatione,
855 1853 1097 1896 vicelegatione,

350 1904 520 1946 gubernio,
553 1904 708 1945 dominio,
745 1905 957 1946 correctione,
992 1906 1098 1940 visita-

351 1957 450 1999 tione,
464 1957 634 2000 regimine,
651 1958 888 2002 superioritate‚
899 1959 1099 2000 auctoritate,

351 2010 650 2054 superintendentia
683 2017 714 2044 ct
748 2011 899 2044 facultate
935 2012 1098 2046 ordinaria

351 2063 396 2095 vul
422 2064 687 2103 extraordinaria,
708 2065 851 2107 generali
880 2065 928 2098 vel
952 2066 1119 2110 speciali,¹

351 2117 447 2149 tacite
470 2118 517 2149 vel
538 2128 684 2161 expresse
705 2118 1010 2162 quomodocumque
1021 2130 1098 2152 con-

352 2180 440 2201 cessa
470 2180 525 2202 scu
549 2170 768 2209 concedenda,
796 2173 972 2213 legatorum
1003 2173 1097 2205 etiam

352 2221 391 2253 de
425 2222 535 2259 latere,
561 2223 822 2266 vitelegatorum,
848 2224 1097 2267 praesidentium

352 2274 616 2316 gubernatorum,
628 2277 785 2316 iudicum,
799 2278 998 2318 officialium,
1015 2279 1098 2312 vica-

353 2327 486 2367 riorum,
512 2330 761 2362 locatcnentium
788 2337 818 2364 et
842 2331 978 2364 aliorum
1004 2332 1099 2365 mini-

354 2386 492 2414 strorum
510 2393 791 2425 quorumcumque
806 2384 909 2417 dictae
928 2385 1098 2425 Marchiae,

354 2429 399 2460 w!
422 2430 553 2463 alterius
583 2432 765 2474 provinciae
789 2433 853 2466 sive
879 2433 952 2474 loci,
977 2435 1098 2467 etiamsi

354 2477 392 2507 ilc
414 2477 474 2510 illis
490 2479 590 2521 magis
609 2480 756 2523 specialis
775 2486 806 2514 et
820 2492 968 2525 expressa
979 2484 1100 2517 mentio

354 2525 500 2558 habenda
523 2529 616 2566 foi-et,
639 2528 681 2561 ita
701 2535 736 2562 ut
755 2529 815 2574 ipsi
839 2531 887 2563 vel
909 2541 1020 2564 eorum
1042 2531 1100 2564 ali-

354 2575 407 2616 qui
431 2574 461 2606 in
490 2576 749 2621 quibuscumque
770 2580 933 2614 maximis.
959 2581 1100 2614 minimis

356 2623 635 2668 inediocribnz-que
651 2626 754 2660 causis
766 2627 1008 2670 temporalibus,
1031 2640 1098 2663 sae-

938 240 1117 277 antmmnn
1140 247 1291 274 nomnen

1132 302 1308 342 cularibus,
1322 301 1475 345 profanis,
1488 302 1718 347 criminalibus,
1729 305 1878 341 civilibus

1132 354 1196 388 sive
1216 354 1335 395 mixtis,
1361 355 1394 388 in
1411 354 1528 399 prima,
1554 358 1714 400 secunda,
1730 360 1823 393 tertia
1847 366 1879 394 et

1131 418 1336 452 quacumque
1356 408 1419 442 alia
1437 408 1601 450 instantia,
1620 414 1685 443 tam
1713 422 1770 455 per
1793 414 1875 447 viam

1132 460 1287 504 simplicis
1324 461 1487 504 querelae,
1526 472 1622 505 qnam
1648 463 1743 496 etiam
1771 465 1879 499 cuius-

1134 524 1272 558 cumque
1280 514 1514 558 appellationis,
1525 525 1685 556 recursus,
1695 516 1878 558 iuramenti,

1133 567 1228 600 etiam
1247 579 1306 612 per
1329 568 1564 610 horrecentiae,
1577 569 1789 610 inhibitionis,
1801 572 1879 604 han-

1134 620 1280 661 uimenti,
1309 621 1406 654 edicti
1443 627 1474 655 et
1510 633 1750 666 quemcumque
1780 624 1876 658 alium

1134 673 1278 715 modum,
1299 674 1395 708 etiam
1420 674 1543 708 ratione
1567 681 1597 708 et
1616 676 1785 710 occasione
1802 676 1880 710 side-

1133 727 1294 761 iussorum
1313 728 1353 762 de
1365 739 1431 762 non
1444 728 1637 762 offendendo
1654 735 1728 763 etse
1747 740 1880 774 reprae-

1133 781 1286 814 sentando
1324 782 1471 815 (latarum
1503 781 1567 816 sive
1596 782 1788 822 dandarum,
1823 795 1879 816 seu

1133 844 1215 877 quae
1239 835 1316 868 alias
1345 835 1545 868 renovandae
1581 842 1698 876 essent,
1737 842 1769 869 et
1792 836 1881 880 pacis

1134 888 1229 921 initae
1245 889 1309 922 sive
1330 888 1501 933 ineundae,
1520 900 1557 923 ac
1577 889 1782 923 induciarum
1799 891 1882 924 frac-

1134 947 1238 974 tarum
1258 941 1321 975 sive
1342 942 1605 985 frangendarum,
1627 943 1675 976 vel
1695 943 1773 977 alias
1797 955 1882 988 quo-

1134 995 1309 1028 modolibet
1329 996 1423 1029 motis
1447 1001 1479 1029 et
1502 996 1673 1036 inchoatis,
1703 997 1882 1031 dummodo

1134 1048 1172 1081 ad
1192 1059 1344 1092 praesens
1369 1060 1433 1083 non
1453 1050 1516 1083 sint
1536 1050 1721 1091 instructae,
1743 1061 1804 1085 nec
1823 1062 1884 1095 per

1133 1102 1403 1146 compromissum
1414 1103 1624 1143 introductae,
1633 1110 1662 1137 et
1674 1104 1704 1136 in
1716 1110 1880 1148 posterum

1134 1155 1439 1200 quomodocumque
1485 1157 1668 1198 movendis,
1709 1157 1880 1201 cogitatis,

1135 1209 1367 1253 cuiuscumque
1383 1211 1555 1254 qualitatis,
1570 1211 1756 1254 quantitatis
1776 1216 1806 1245 et
1816 1217 1881 1245 sta-

1137 1273 1183 1295 'us
1218 1263 1438 1303 existentibus,
1464 1275 1496 1297 se
1524 1265 1663 1309 amplius
1692 1276 1728 1298 ex
1758 1266 1880 1305 officio,

1135 1317 1200 1349 sive
1216 1317 1255 1349 ad
1274 1316 1342 1349 fisci
1361 1317 1424 1351 sive
1444 1318 1582 1361 partium
1610 1318 1803 1359 instantiam,
1829 1319 1880 1352 in-

1137 1370 1326 1410 tromittere,
1347 1371 1397 1403 vel
1426 1371 1456 1403 in
1485 1371 1644 1404 civitatem
1663 1371 1793 1405 Esinam
1816 1372 1880 1406 hu-

1137 1423 1274 1457 iusmodi
1294 1435 1330 1457 ac
1350 1424 1435 1458 illius
1464 1425 1656 1466 districtum,
1679 1425 1878 1466 comitatum,

1137 1483 1248 1519 terras,
1276 1483 1377 1511 castra
1397 1483 1451 1511 aut
1470 1479 1552 1518 loca,
1583 1489 1762 1522 eorumque
1786 1479 1899 1520 cives,‘

1137 1531 1269 1572 incolas,
1283 1532 1490 1573 habitatores,
1505 1543 1669 1576 personas,
1684 1543 1735 1566 res
1754 1538 1782 1566 et
1794 1533 1880 1566 bona

1137 1585 1233 1618 ullam
1255 1586 1287 1618 in
1307 1596 1362 1619 eos
1381 1585 1648 1625 iurisdictionem,
1677 1591 1879 1629 potestatem,

1137 1638 1293 1681 regimen,
1315 1639 1521 1682 gubernium,
1551 1639 1777 1679 visitationem,
1809 1650 1882 1673 cor-

1138 1692 1324 1732 rectionem,
1346 1693 1617 1736 superioritatem,
1644 1692 1881 1733 auctoritatem,

1136 1746 1468 1789 superintendendum
1485 1757 1522 1780 ac
1542 1745 1803 1787 controversiam,
1815 1751 1881 1779 tam

1138 1800 1169 1832 in
1182 1799 1332 1843 petitorio
1352 1810 1448 1843 quam
1469 1799 1501 1832 in
1520 1799 1730 1843 possessorio,
1742 1799 1882 1844 amplius

1138 1853 1203 1886 ullo
1219 1853 1329 1893 modo,
1344 1853 1405 1893 via,
1427 1853 1508 1893 iure,
1519 1863 1615 1886 causa
1625 1858 1657 1886 et
1675 1853 1778 1886 forma
1790 1863 1882 1887 exer-

1137 1917 1222 1946 cere,
1243 1911 1299 1939 aut
1317 1916 1538 1950 quascumque
1557 1905 1742 1947 sententias,
1768 1916 1884 1940 censu-

1139 1970 1187 1993 ras
1206 1965 1238 1993 et
1248 1970 1367 2004 poenas
1384 1960 1591 2004 promulgare
1620 1964 1794 2003 nequeant,
1822 1970 1882 1993 au-

1137 2013 1283 2046 ctoritate
1315 2018 1346 2046 et
1378 2018 1488 2046 tenore
1525 2011 1709 2056 praedictis,
1735 2011 1767 2044 in
1786 2022 1884 2045 omne

1136 2077 1261 2107 aevum,
1280 2066 1348 2099 sine
1367 2072 1473 2099 tamen
1492 2065 1643 2099 Gamerae
1655 2071 1782 2098 nostrae
1800 2068 1884 2109 Apo-

1137 2119 1267 2153 stolicae
1277 2118 1434 2152 auditoris
1442 2118 1601 2161 generalis
1608 2117 1729 2161 ubique
1737 2117 1883 2150 locorum

1138 2172 1393 2205 iurisdictionem
1406 2171 1565 2211 habentis,
1575 2181 1612 2204 ac
1627 2170 1783 2207 iudicum,
1797 2181 1885 2204 com-

1138 2225 1372 2264 missariorum,
1398 2224 1515 2267 quibus
1534 2223 1659 2257 anobis
1686 2224 1735 2256 vel
1760 2233 1886 2256 sueces-

1138 2279 1265 2312 soribus
1293 2278 1424 2319 nostris,
1454 2277 1518 2310 sive
1549 2288 1585 2310 ex
1615 2277 1799 2319 signaturae
1833 2286 1885 2309 re-

1138 2332 1258 2376 scripto
1269 2361 1279 2372 .,
1320 2341 1435 2364 causae
1473 2330 1663 2363 commissae
1699 2328 1883 2368 extiterint,

1139 2384 1351 2429 praeiudicio,
1364 2384 1493 2428 penitus
1510 2383 1679 2417 eximimus
1698 2388 1729 2415 et
1749 2381 1888 2425 totaliter

1139 2435 1326 2474 liberamus,
1347 2444 1384 2466 ac
1404 2439 1513 2465 nostro
1534 2432 1593 2465 soli
1620 2437 1651 2464 et
1675 2431 1778 2464 dictae
1797 2429 1887 2463 Sedis

1140 2483 1301 2526 regimini,
1323 2482 1480 2525 gubernio
1500 2487 1532 2514 et
1562 2480 1790 2519 iurisdietioni,
1811 2489 1885 2511 cum

1140 2532 1292 2565 omnibus
1308 2537 1340 2564 et
1366 2530 1500 2574 singulis
1525 2529 1591 2563 suis
1616 2528 1734 2568 causis,
1762 2526 1886 2559 iuribus

1141 2587 1173 2614 et
1199 2580 1392 2619 actionibus,
1415 2586 1538 2613 servato
1574 2584 1679 2611 tamen
1713 2577 1819 2618 legum
1855 2580 1886 2607 ct

1142 2640 1302 2663 canonum
1323 2629 1448 2669 ordine,
1477 2627 1668 2666 immediate,
1692 2625 1810 2667 absque
1831 2623 1887 2656 ali-

1893 243 1944 272 An.
1960 242 1990 272 C.
2001 244 2029 272 tf
