2059 3228
166 270 215 301 Itn.
234 272 262 301 C.
292 274 358 301 1578

193 767 308 795 Depumt..
324 777 347 787 μ-

157 801 288 817 xecutoruiu
305 799 345 817 htr-

157 825 192 844 ius
207 824 289 844 bullae.

169 1558 286 1583 Derogatio
294 1563 349 1579 eou-

155 1586 282 1606 tran-iorum.

418 274 480 308 3:32

374 338 493 370 eisdem
515 336 639 380 poenis:
663 333 902 378 teneanturque
922 334 1052 379 praelati
1077 335 1123 367 in-

375 390 488 423 timare
509 389 674 422 monachis
694 389 760 422 suis
778 395 813 422 ut
834 389 858 422 si
881 388 952 432 quis
981 389 1122 431 aliquam

373 442 523 475 adversus
543 442 729 486 quempiam
741 442 858 475 habeat
869 442 1046 485 querelam,
1063 452 1122 474 no-

376 495 473 528 titicet
493 495 634 538 capitulo
655 495 799 538 proxime
819 495 1023 535 celebrando,
1045 495 1122 527 alio-

373 547 452 591 quin
468 548 605 591 amplius
623 558 687 581 non
713 548 886 588 audiatur,
904 553 934 580 et
958 548 1121 581 silentium

373 600 571 644 imponatur,
591 601 650 634 sub
670 601 791 635 eisdem
812 600 938 645 poenis,
960 600 1051 634 finito
1072 611 1123 634 ca-

372 652 475 696 pitulo
495 653 673 687 ordinario.

416 706 431 750 §5
445 705 498 740 37.
515 707 671 746 Quocirca
685 707 811 741 dilectis
825 706 900 740 filiis
916 708 1030 740 Curiae
1045 717 1122 740 cau-

373 770 482 792 sarum
501 759 652 794 Gamerae
673 761 876 805 Apostolicae
900 759 1045 803 generali
1064 771 1120 793 au-

372 812 480 854 ditori,
495 819 526 847 et
539 814 772 847 venerabilium
788 814 924 846 fratrum
936 816 1119 846 nostrorum

372 866 616 900 Mediolanensis
640 878 676 899 ac
710 865 960 900 Florentinensis
994 865 1121 899 archie-

371 919 579 963 piscoporum
604 920 637 952 in
662 919 884 963 spiritualibus
911 918 1037 952 vicariis
1065 929 1120 961 ge-

369 972 552 1014 neralibus,
576 984 634 1016 per
652 973 827 1016 apostolica
847 972 966 1016 scripta
985 971 1120 1004 manda-

372 1036 443 1060 mus
463 1031 622 1071 quatenus
641 1025 702 1069 ipsi
719 1026 768 1058 vel
796 1026 860 1058 duo
882 1030 937 1057 aut
955 1034 1040 1058 unus
1065 1035 1120 1057 eo-

371 1090 455 1118 rum,
477 1089 535 1123 per
554 1089 586 1112 se
606 1079 653 1112 vel
671 1079 770 1111 atium
789 1089 845 1112 seu
863 1078 954 1118 alios,
970 1088 1121 1122 praesen-

370 1132 547 1165 teslitteras
563 1137 595 1165 et
609 1131 641 1164 in
657 1131 703 1164 eis
716 1136 865 1164 contenta
881 1136 1118 1174 quaecumque,

369 1185 427 1218 ubi
447 1190 478 1218 et
498 1185 628 1228 quando
644 1184 833 1228 expedierit,
857 1183 1045 1217 solemniter
1061 1194 1121 1227 pu-

369 1239 538 1278 blicantes,
566 1238 684 1271 saciant
707 1238 836 1270 easdem
862 1242 1048 1281 praesentes
1067 1237 1120 1269 lit-

369 1297 455 1324 teras
475 1297 505 1324 et
525 1291 556 1323 in
577 1291 621 1324 eis
648 1296 799 1323 contenta
826 1300 1050 1333 quaecumque
1070 1290 1120 1323 in-

370 1344 562 1377 violabiliter
585 1344 767 1384 observari,
791 1344 1044 1377 contradictores
1063 1355 1122 1387 per

371 1408 541 1430 censuram
583 1397 833 1430 ecclesiasticam
852 1423 860 1436 ‚
904 1396 1120 1440 appellatione

370 1450 559 1494 postposita,
583 1451 833 1494 compescendo.

416 1505 431 1547 g
454 1503 507 1537 38.
534 1504 603 1536 Non
623 1504 824 1537 obstantibus
855 1503 967 1537 similis
996 1514 1120 1536 memo-

373 1557 439 1590 riae
459 1557 612 1591 Bonisacii
632 1558 735 1601 Papae
756 1558 869 1598 octavi,
890 1558 1012 1601 pariter
1030 1568 1121 1601 prae-

372 1610 549 1643 decessoris
568 1611 680 1651 nostri,
698 1611 754 1643 illa
769 1610 957 1654 praesertim
975 1621 1051 1653 qua,
1070 1610 1120 1642 in-

371 1669 419 1697 ter
435 1664 509 1703 alia,
532 1670 662 1697 cavetur
682 1674 721 1697 ne
748 1664 822 1708 quis
842 1670 930 1697 extra
948 1674 1023 1697 suas
1043 1663 1120 1696 civi-

371 1723 468 1750 tatem
489 1723 520 1750 et
535 1717 719 1757 dioecesim,
739 1717 800 1750 nisi
816 1717 849 1749 in
867 1717 962 1750 certis
979 1716 1120 1760 exceptis

372 1770 498 1803 casibus
511 1796 518 1810 ,
541 1775 572 1802 et
591 1770 624 1802 in
645 1769 708 1802 illis
727 1770 811 1802 ultra
831 1780 930 1802 unam
947 1769 1086 1803 diaetam
1104 1780 1122 1802 a

371 1824 436 1856 sine
457 1833 534 1856 suae
549 1822 706 1855 dioecesis
725 1823 765 1855 ad
780 1823 937 1856 iudicium
957 1828 1119 1863 evocetur,

372 1888 429 1909 scu
449 1887 490 1909 ne
509 1875 633 1909 iudices
648 1886 666 1908 a
683 1875 762 1909 Sede
781 1875 945 1918 praedicta
965 1875 1120 1920 deputati,

347 1920 354 1927 ⁹
374 1935 464 1962 extra
483 1929 644 1962 civitatem
674 1934 705 1961 et
733 1928 907 1961 dioecesim
921 1955 928 1969 ,
951 1929 984 1961 in
1005 1928 1123 1972 quibus

374 1981 520 2026 deputati
536 1981 666 2022 suerint,
683 1986 793 2013 contra
809 1991 1032 2025 quoscumque
1049 1991 1124 2025 pro—

374 2035 489 2068 cedere
503 2061 511 2076 ,
532 2041 587 2067 aut
607 2034 660 2067 alii
680 2034 727 2067 vel
748 2033 818 2066 aliis
837 2033 920 2066 vices
940 2044 1013 2067 suas
1033 2044 1122 2067 com-

374 2088 500 2121 mittere
532 2088 672 2120 audeant
704 2088 753 2120 vel
782 2092 1005 2130 praesumant,
1026 2092 1056 2119 et
1084 2087 1123 2120 de

374 2141 500 2174 duabus
519 2141 632 2174 diaetis
650 2140 683 2173 in
708 2140 845 2173 concilio
865 2140 1006 2183 generali
1023 2140 1120 2180 edita,

375 2195 552 2228 dummodo
580 2195 665 2227 ultra
690 2199 753 2227 tres
781 2193 901 2226 diaetas
921 2193 1037 2236 aliquis
1065 2204 1123 2225 au-

375 2248 523 2281 ctoritate
551 2247 770 2292 praesentium
800 2247 840 2279 ad
867 2245 1025 2279 iudicium
1058 2256 1123 2279 non

377 2301 542 2341 trahatur,
565 2312 601 2333 ac
623 2300 694 2334 aliis
714 2299 999 2333 constitutionibus
1019 2305 1050 2332 et
1070 2310 1123 2332 or-

377 2354 596 2387 dinationibus
616 2353 823 2398 apostolicis;
851 2363 978 2385 necnon
997 2351 1124 2385 Ordinis

379 2412 408 2439 ct
426 2407 695 2440 monasteriorum
712 2417 749 2440 ac
763 2407 911 2439 locorum
926 2405 1123 2444 huiusmodi,

379 2454 572 2495 int-amento,
603 2454 848 2488 confirmatione
878 2453 1052 2497 apostolica
1075 2454 1123 2486 vel

379 2504 489 2545 quavis
509 2503 658 2536 firmitate
679 2503 742 2536 alia
761 2502 930 2543 roboratis,
952 2502 1075 2535 statutis
1094 2508 1125 2535 et

380 2552 687 2592 consuetudinibus;
710 2551 883 2596 privilegiis
903 2561 1044 2594 quoque,
1071 2551 1122 2583 in-

330 2602 339 2611 '
380 2600 477 2632 (luitis
492 2606 520 2632 et
535 2600 648 2633 litteris
673 2599 855 2643 apostolicis
874 2599 984 2633 Ordini
1003 2605 1033 2632 et
1053 2609 1123 2632 mo-

379 2648 528 2681 nasteriis
548 2660 584 2681 ac
614 2649 692 2682 locis
712 2647 905 2693 praedictis,
927 2648 1124 2692 illorumque

994 277 1172 306 BmLAtttmt
1194 277 1344 304 Romami

1166 333 1345 372 abbatibus,
1381 332 1560 380 priorihuS‚
1588 328 1740 376 praelatis
1771 343 1808 367 ac
1839 331 1911 369 aliis

1165 386 1386 430 superioribus
1399 391 1428 419 et
1444 387 1602 429 personis,
1614 387 1674 419 sub
1698 387 1911 430 quibuscum-

1167 451 1229 483 que
1243 439 1408 473 tenoribus
1419 445 1448 472 et
1460 440 1581 479 formis,
1597 450 1633 473 ac
1647 451 1720 473 cum
1732 440 1908 484 quibusvis,

1166 493 1260 526 etiam
1281 492 1556 535 derogatoriarum
1585 493 1795 536 derogatOriis
1823 494 1911 527 aliis-

1165 558 1226 589 que
1249 546 1484 579 efficacioribus
1507 551 1538 579 et
1555 547 1785 580 efficacissimis
1803 558 1840 580 ac
1859 548 1910 581 in-

1166 599 1278 638 solitis,
1310 599 1474 639 clausulis,
1495 609 1622 633 necnon
1646 599 1848 634 irritantibus
1879 606 1911 634 et

1165 652 1236 685 aliis
1255 652 1405 690 decretis,
1428 652 1461 684 in
1481 662 1598 695 genere
1617 653 1667 686 vel
1687 653 1721 685 in
1736 653 1856 697 specie,
1872 665 1910 687 ac

1163 705 1242 738 alias
1260 705 1293 738 in
1310 704 1510 738 contrarium
1525 706 1766 749 quomodolibet
1781 716 1910 740 conces*

1163 758 1216 798 sis,
1239 768 1275 791 ac
1295 758 1389 792 etiam
1408 758 1528 791 iteratis
1543 758 1664 792 vicibus
1680 760 1864 803 approbatis
1878 766 1911 794 et.

1161 811 1340 852 innovatis,
1362 811 1481 855 quibus
1498 811 1659 851 omnibus,
1674 812 1800 846 etiamsi
1813 812 1852 846 de
1872 813 1910 846 il¹¹

1160 866 1200 899 lis
1235 875 1414 908 eorumque
1449 864 1522 898 totis
1550 865 1718 898 tenoribus
1747 866 1907 910 specialis,

1162 919 1326 964 specifica,
1349 929 1497 962 expressa
1511 924 1539 951 et
1560 918 1743 960 individua,
1765 929 1831 953 non
1849 914 1908 953 au'a

1162 979 1226 1006 tem
1246 984 1304 1017 per
1323 973 1483 1006 clausulas
1502 972 1669 1015 generales
1687 971 1773 1005 idem
1788 972 1911 1017 impor-

1162 1031 1276 1067 tantes,
1298 1026 1419 1059 mentio
1439 1037 1494 1059 seu
1516 1025 1646 1068 quaevis
1665 1025 1728 1058 alia
1746 1025 1908 1070 expressio

1162 1079 1322 1119 habenda,
1344 1085 1399 1112 aut
1418 1079 1526 1122 aliqua
1545 1078 1608 1111 alia
1629 1079 1787 1123 exquisita
1805 1079 1911 1112 forma

1161 1133 1201 1165 ad
1221 1133 1283 1165 hoc
1302 1133 1456 1165 servanda
1483 1132 1582 1172 soret,
1605 1131 1668 1164 illis
1695 1131 1773 1164 alias
1797 1131 1832 1164 in
1850 1142 1908 1165 suo

1161 1185 1279 1218 robore
1299 1184 1535 1229 permansuris,
1558 1185 1617 1217 hac
1641 1183 1710 1218 vice
1730 1185 1906 1225 dumtaxat,

1162 1237 1344 1281 specialiter
1363 1243 1394 1270 et
1422 1247 1569 1280 expresse
1594 1237 1808 1279 derogamus,
1830 1240 1908 1270 co'n-

1161 1291 1267 1323 trariis
1296 1291 1570 1334 quibuscumque3
1593 1295 1649 1323 aut
1677 1290 1702 1323 si
1730 1290 1906 1333 aliquibus,

1162 1343 1580 1384 communiter-veldivisim,
1595 1343 1635 1376 ab
1650 1344 1761 1376 eadem
1779 1344 1913 1386 sitSede,
1949 1386 1952 1390 Α

1161 1398 1321 1430 indultum
1351 1397 1438 1440 quod
1471 1395 1640 1436 interdici,
1664 1397 1837 1440 suspendi,
1858 1397 1910 1431 vel

1163 1449 1436 1483 excommunicari
1468 1459 1532 1482 non
1555 1448 1678 1493 possint
1705 1459 1763 1492 per
1787 1449 1909 1484 litteras

1162 1503 1355 1547 apostolicas
1382 1513 1447 1535 non
1477 1501 1631 1535 facientes
1656 1502 1784 1545 plenam
1803 1508 1836 1536 et
1854 1513 1909 1536 ex⁴

1162 1566 1304 1600 pressam
1317 1566 1354 1589 ac
1369 1555 1408 1589 de
1421 1556 1519 1589 verbo
1532 1556 1571 1588 ad
1584 1555 1717 1588 verbum
1729 1555 1768 1588 de
1783 1555 1908 1589 indulto

1162 1607 1348 1642 huiusmodi
1376 1609 1585 1647 mentionem,
1615 1614 1648 1642 et
1675 1608 1817 1651 qualibet
1846 1608 1909 1642 alia

1162 1663 1266 1696 dictae
1279 1662 1368 1696 Sedis
1383 1662 1595 1704 indulgentia,
1611 1661 1753 1705 generali
1768 1662 1817 1695 vel
1836 1673 1908 1706 spe*

1163 1716 1248 1756 ciali,
1280 1716 1516 1758 cuiuscumque
1547 1715 1669 1748 tenoris
1697 1714 1821 1756 existat,
1849 1725 1910 1759 per

1163 1780 1260 1814 quam
1278 1769 1502 1813 praesentibus
1519 1779 1584 1802 non
1600 1779 1780 1812 expressam
1799 1768 1847 1802 vel
1861 1774 1910 1801 toa

1162 1823 1269 1856 taliter
1287 1833 1352 1855 non
1378 1821 1530 1855 insertam
1543 1849 1551 1863 ,
1573 1822 1706 1855 effectus
1724 1821 1911 1855 huiusmodi

1162 1876 1283 1919 gratiae
1306 1875 1460 1919 impediri
1476 1875 1582 1908 valeat
1600 1874 1844 1918 quomodolibet
1861 1873 1911 1908 vel

1163 1929 1286 1962 differri
1300 1956 1307 1969 ‚
1330 1934 1361 1961 et
1380 1929 1419 1962 de
1438 1939 1502 1972 qua
1521 1928 1679 1971 cuiusque
1705 1933 1772 1961 toto
1797 1933 1910 1961 tenore

1163 1982 1311 2015 habenda
1329 1981 1416 2014 sitin
1430 1981 1548 2015 nostris
1562 1981 1679 2015 litteris
1699 1981 1820 2015 mentio
1835 1991 1910 2025 spe⁶

1164 2035 1265 2068 cialis.

1205 2088 1292 2121 Nulli
1313 2098 1389 2132 ergo
1409 2088 1542 2122 omnino
1558 2092 1617 2121 etc.

1206 2142 1321 2175 Datum
1340 2142 1460 2175 Romae
1476 2142 1563 2185 apud
1583 2141 1736 2175 Sanctum
1756 2141 1910 2182 Marcum,

1164 2206 1249 2228 anno
1266 2195 1499 2229 Incarnationis
1527 2195 1710 2228 dominicae
1737 2194 1909 2228 millesimo

1164 2249 1423 2291 quingentesimo
1451 2248 1686 2292 septuagesimo
1706 2253 1828 2288 octavo,
1852 2247 1909 2280 dca

1165 2302 1248 2335 cimo
1269 2302 1421 2335 kalendas
1445 2301 1538 2343 iunii,
1572 2301 1779 2343 pontificatus
1804 2298 1908 2334 nostri

1165 2365 1249 2387 anno
1268 2364 1321 2387 vn.

1204 2411 1267 2442 Dat.
1286 2412 1333 2443 die
1348 2412 1386 2443 23
1402 2412 1472 2442 maii
1490 2412 1578 2450 1578,
1596 2411 1702 2452 pontif.
1722 2419 1800 2442 anuo
1813 2419 1867 2441 vu.

1961 2782 1986 2885 -Ιιῗα,
1962 2636 1985 2750 '‘a-‘¹¹1³
1973 2611 1978 2615 .
1963 2574 1969 2579 '

1934 3019 1997 3228 *mm
