2059 3228
41 1267 145 1296 mvnegta
154 1274 202 1291 eon-

47 1301 162 1327 mriorum,
169 1300 191 1322 ot
195 1313 202 1318 -

40 1332 114 1354 clerum
123 1334 202 1360 tempo-

60 1363 165 1385 interdicti
181 1369 201 1384 n-

37 1395 100 1423 'nque-

856 196 1032 220 cnucomus
1052 196 1103 218 xm
1125 196 1170 218 ιϊ.

208 279 210 282 ,
234 245 433 280 invocatione
452 247 560 281 Sancti
581 247 720 292 Spiritus
737 247 768 281 in
786 248 921 282 ecclesia
936 247 981 281 di-

233 299 274 333 cti
295 300 462 345 hospitalis
482 303 635 336 canonice
665 302 836 342 institutae,
863 301 926 335 sive
947 301 979 334 in

233 352 303 396 ipso
313 353 465 398 hospitali
478 355 540 389 sive
556 362 644 389 extra
656 367 713 399 pro
726 361 869 399 tempore
887 355 979 388 dcce—

231 405 394 449 denfibus,
416 408 449 441 in
469 419 581 442 eorum
611 414 642 442 et
670 409 844 443 cuiuslibet
864 418 976 442 eorum

231 459 343 493 mortis
366 461 503 495 articulo
524 462 700 506 plenariam
722 461 867 495 omnium
901 472 976 505 pec-

229 518 376 547 catorum
393 525 527 548 suorum
557 515 790 557 indulgentiam
811 521 842 547 et
866 514 977 548 remis-

227 566 351 600 sionem
371 567 404 600 in
414 567 550 601 Domino
567 568 744 607 conces-siu
767 572 865 610 utque
887 567 974 600 illam

227 630 265 653 eo
278 619 550 665 puriusconscqui
565 626 705 665 possent,
716 620 863 653 similiter
872 620 974 653 omni-

225 672 286 706 bus
306 673 509 717 supradictis,
546 679 666 707 uttam
700 673 775 706 dicti
805 673 974 717 hospitalis

224 731 384 760 rectorem
404 738 500 770 quani
522 726 869 770 quemcuinquealium
882 738 971 771 pres-

223 779 371 823 byterum
393 781 558 821 idoneum,
581 781 677 814 etiam
698 781 737 813 ab
757 780 870 814 eodem
887 781 972 813 ordi-

222 832 313 866 nario
334 834 560 877 approbatum,
576 833 608 866 in
629 844 741 866 eorum
762 839 892 877 possent
912 833 970 866 eli-

220 896 296 928 gere
316 887 544 928 consessorem,
566 887 621 931 qui
632 898 686 920 eos
696 893 969 930 eteorumquuiu-

223 938 300 972 libet
318 950 337 973 a
356 939 520 983 quibusvis
553 940 677 973 delictis
705 946 735 973 et
765 940 966 982 criminibus,

219 991 316 1025 etiam
329 992 401 1026 Sedi
416 992 600 1037 praedictae
621 993 801 1034 reservatis,
823 1004 860 1027 ac
872 994 968 1027 etiam

219 1044 252 1078 in
271 1045 385 1079 litteris
409 1045 459 1079 die
479 1045 602 1079 Coenae
618 1046 803 1079 huiusmodi
824 1046 885 1090 legi
894 1047 969 1080 soli-

219 1097 258 1132 tis
273 1098 444 1140 contentis,
463 1099 589 1132 casibus
608 1099 801 1143 supradictis
813 1099 965 1144 exceptis,

217 1150 381 1185 absolvere
395 1152 526 1185 valeret.

261 1205 276 1249 ἓ
301 1205 332 1239 6.
358 1206 490 1240 Necnon
510 1211 575 1238 tam
593 1205 732 1239 infirmis
752 1210 781 1239 et
801 1206 871 1240 aliis
887 1217 966 1250 pau-

216 1258 361 1302 peribus,
383 1270 480 1303 quam
506 1259 833 1300 administratoribus‚
864 1265 965 1293 recto-

217 1312 318 1354 ribus,
340 1313 622 1356 gubernatoribus,
648 1314 876 1355 confratribus,
903 1314 963 1347 mi-

216 1365 333 1406 nistris,
349 1367 558 1400 servitoribus
578 1372 608 1399 et
628 1367 841 1400 familiaribus
852 1372 882 1400 et
893 1368 963 1401 aliis

214 1419 361 1464 personis
405 1419 548 1453 eiusdem
602 1420 770 1464 hospitalis
814 1425 891 1454 tunc
934 1426 964 1454 et

214 1484 273 1517 pro
302 1478 447 1518 tempore
477 1473 698 1513 existentibus,
730 1479 862 1516 peccata
904 1485 962 1507 sua

212 1526 407 1570 presbyteris
445 1526 521 1559 dicti
571 1526 740 1571 hospitalis
773 1526 959 1568 confitendi,

213 1585 245 1612 et
270 1579 310 1612 ab
338 1579 459 1613 eisdem
486 1579 705 1613 Eucharistiae
735 1586 764 1613 et
794 1580 961 1614 Extremae

213 1632 378 1667 Unctionis
391 1633 564 1677 omniaque
581 1639 612 1667 et
631 1634 757 1677 singula
777 1634 839 1667 alia
857 1635 960 1667 eccle-

213 1685 340 1720 siastica
379 1691 578 1720 sacramenta
608 1687 796 1730 recipiendi;
833 1698 959 1721 necnon

214 1739 324 1773 missas
344 1745 375 1773 ct
386 1739 447 1773 alia
461 1739 567 1772 divina
579 1740 684 1773 officia
695 1751 732 1773 ac
741 1751 853 1773 omnes
865 1741 960 1774 horas

213 1792 395 1833 canonicas,
425 1797 599 1826 nocturnas
619 1793 739 1837 pariter
763 1798 793 1826 et
813 1793 956 1834 diurnas,

214 1845 246 1878 in
264 1845 415 1889 hospitali
437 1845 589 1889 illiusque
610 1846 744 1880 ecclesia
765 1851 795 1879 et
814 1848 959 1891 cappella

212 1898 395 1943 praedictis,
409 1904 472 1932 tam
489 1900 553 1932 alta
573 1911 670 1943 quam
691 1900 850 1934 submissa
868 1911 956 1941 voce,

212 1963 270 1996 per
294 1953 500 1996 cappellanos
508 1953 652 1986 eiusdem
661 1953 828 1997 hospitalis
840 1958 870 1986 et
881 1954 958 1987 alios

211 2005 414 2050 presbyteros
433 2011 462 2039 et
496 2006 629 2039 clericos
660 2006 736 2039 illuc
763 2007 959 2041 confluentes

212 2064 243 2090 et
259 2058 526 2099 intervenientes,
550 2060 654 2102 palam
677 2064 707 2092 et
724 2059 853 2102 publice
873 2061 957 2093 cele-

210 2110 310 2152 brari,
337 2123 375 2145 ac
403 2112 499 2145 etiam
524 2117 587 2145 tam
619 2123 677 2156 pro
699 2112 760 2145 illis
781 2124 876 2155 quam
898 2124 957 2158 pro

211 2165 281 2198 aliis
297 2165 510 2198 occurrentiis
530 2176 701 2209 campanas
725 2167 859 2209 pulsari;
882 2178 957 2200 nec-

211 2228 289 2259 non,
303 2218 399 2251 etiam
412 2225 554 2262 tempore
574 2219 748 2260 interdicti,
765 2219 859 2252 ctiam
874 2220 957 2254 dicta

211 2271 387 2316 apostolica
406 2272 597 2305 auctoritate
625 2272 774 2316 appositi,
804 2283 840 2305 ac
860 2273 956 2306 etiam

212 2326 447 2368 cuiuscumque
481 2325 666 2359 cessationis
699 2337 716 2359 a
736 2325 861 2366 divinis,
893 2332 955 2359 tam

211 2372 519 2413 adiministratormm
551 2380 726 2415 rectorum,
761 2374 956 2417 gubernato-

212 2432 296 2462 rum,
318 2423 526 2463 consratrum,
553 2423 788 2464 ministrorum,
823 2424 955 2457 servito-

211 2481 283 2503 rum
304 2477 334 2504 et
354 2471 571 2512 s.m¹iliarium‚
594 2482 690 2514 quam
708 2471 911 2505 infirmorum
927 2478 957 2506 et

211 2519 347 2552 aliorum
376 2530 554 2563 pauperum
575 2520 778 2564 aliarumque
805 2532 956 2564 persona-

210 2578 282 2602 rum
307 2568 383 2601 dicti
405 2569 571 2613 hospitalis
605 2579 664 2613 pro
694 2574 839 2614 tempore
859 2570 955 2603 dece-

1663 189 1725 222 539
1785 198 1836 228 An.
1854 199 1883 227 C.
1903 200 1968 229 1576

1021 247 1362 282 ‹lentiumcadaverain
1377 250 1445 283 loco
1458 259 1638 290 sacro,cum
1649 261 1769 294 pompa

1021 301 1198 342 moderata,
1221 302 1305 335 iuxta
1332 314 1541 346 person-‘trum
1567 303 1765 346 qualitatem,

1019 354 1253 387 ecclesiasticae
1274 357 1459 399 sepulturae
1481 356 1575 397 tradi,
1599 357 1674 390 etin
1687 358 1766 390 alta-

1019 407 1107 440 ribus
1128 408 1294 451 hospitalis
1315 410 1465 453 illiusque
1489 411 1625 443 ccclesia
1647 416 1677 444 et
1694 422 1768 454 cap-

1019 461 1103 504 pella
1122 461 1307 495 huiusmodi
1330 464 1440 496 missas
1459 463 1561 496 etalia
1576 463 1682 496 divina
1698 465 1765 496 ossi-

1018 514 1078 554 cia,
1101 513 1218 548 clausis
1239 520 1344 548 tamen
1372 515 1487 556 ianuis,
1510 517 1541 548 in
1562 516 1764 560 supradicta-

1017 577 1088 599 rum
1102 578 1312 610 personarum
1324 569 1579 614 praese11tia‚per
1591 580 1765 613 quoscum-

1015 630 1078 664 que
1104 621 1308 664 presbyteros
1338 622 1493 655 celebrari
1519 622 1669 663 faciendi,
1692 632 1764 655 nec-

1014 684 1079 706 non
1114 673 1168 706 illa
1202 674 1366 714 audiendi,
1408 674 1555 708 similiter
1579 675 1762 708 facultatem

1014 727 1183 760 concessit.

1058 780 1073 823 §
1098 780 1129 813 7.
1156 780 1195 812 Iis
1215 790 1355 824 quoque,
1382 780 1449 823 qui⁷
1472 781 1534 814 sive
1561 791 1618 824 pro
1646 781 1760 814 defun·
1802 788 1864 826 Anae
1887 791 1958 827 indut-

1011 839 1138 866 ctorum
1158 833 1310 876 suffragio
1331 834 1394 866 sive
1418 834 1508 874 alias,
1531 846 1566 867 ex
1585 834 1761 867 devotionis
1775 824 1960 874 ἕῗέζζζοιηζζζζῖ

1011 886 1146 926 fervore,
1176 887 1268 919 annis
1287 886 1420 930 singulis
1435 913 1442 927 ‚
1465 887 1568 930 prima
1598 887 1760 920 dominica
1774 884 1825 906 ‘¹⁸⁰⁴

1010 939 1284 982 quadragesimae,
1304 950 1341 973 ac
1360 939 1447 972 Beati
1465 940 1591 973 loannis
1602 939 1759 983 Baptistae

1009 1003 1046 1026 ac
1066 993 1192 1025 Domini
1218 993 1317 1025 nostri
1337 993 1407 1025 Iesu
1423 992 1538 1026 Christi
1554 992 1758 1026 Nativitatum

1008 1045 1230 1079 festivitatibus
1250 1046 1407 1090 hospitale
1429 1046 1628 1089 praedictum
1654 1045 1760 1078 visita-

1009 1104 1091 1139 rent,
1113 1098 1239 1142 quoties
1259 1099 1411 1139 facerent,
1433 1099 1524 1132 toties
1534 1104 1663 1132 centum
1675 1099 1754 1139 dies;

1007 1153 1063 1196 qui
1079 1163 1153 1186 vero
1173 1152 1257 1186 dicto
1278 1153 1428 1196 hospitali
1458 1158 1488 1186 ct
1517 1152 1603 1186 illius
1636 1162 1759 1197 paupe-

1007 1205 1097 1239 ribus
1120 1216 1179 1250 pro
1204 1216 1261 1238 sua
1287 1206 1468 1246 devotione,
1498 1206 1617 1249 absque
1646 1205 1753 1249 aliqua

1007 1260 1168 1299 mercede,
1191 1269 1250 1302 pro
1270 1264 1414 1303 tempore
1435 1259 1642 1299 deservirent,
1673 1270 1755 1303 quo-

1005 1313 1207 1356 tiescumque
1227 1312 1469 1346 Sanctissimum
1481 1312 1698 1345 Eucharistiae
1709 1323 1756 1346 sa-

1004 1371 1206 1400 cramentum
1226 1372 1400 1407 sumerent,
1419 1365 1512 1399 toties
1532 1370 1660 1399 centum
1672 1366 1751 1406 dies3

1004 1431 1041 1452 ac
1061 1419 1193 1462 insuper
1213 1419 1362 1452 omnibus
1383 1424 1413 1452 et
1433 1418 1567 1462 singulis
1580 1419 1750 1463 utriusque

1002 1483 1096 1505 sexus
1125 1472 1292 1517 personis,
1328 1483 1410 1515 quae
1442 1472 1562 1505 dictum
1593 1472 1751 1516 hospitale

1002 1536 1077 1558 cum
1097 1526 1205 1569 aliquo
1227 1536 1333 1569 panno
1354 1526 1446 1558 laneo
1466 1525 1563 1559 veteri
1584 1536 1643 1570 pro
1663 1525 1750 1558 infir-

1001 1579 1061 1612 mis
1082 1579 1437 1619 curandisadiuvarent,
1450 1589 1508 1623 pro
1517 1579 1745 1623 qualibetvice,

1001 1637 1130 1666 centum
1152 1633 1219 1666 dies
1229 1633 1303 1666 etin
1324 1632 1437 1666 diebus
1457 1632 1572 1666 festivis
1592 1633 1747 1666 ducentos

1000 1686 1068 1720 dies
1088 1686 1235 1721 similiter
1248 1686 1286 1720 de
1298 1685 1683 1731 poenitentiispraedictis
1698 1696 1747 1720 re-

999 1741 1125 1775 laxavit.

1043 1795 1058 1838 g
1083 1793 1114 1827 8.
1141 1793 1184 1827 Ae
1204 1798 1370 1837 praeterea
1390 1793 1512 1826 «lictum
1532 1793 1689 1838 hospitale
1713 1798 1743 1827 et
1781 1835 1784 1839 λ
1824 1804 1838 1823 Α
1854 1804 1942 1826 surisn-

999 1847 1068 1880 eius
1100 1857 1252 1891 personas
1280 1858 1335 1879 seu
1367 1852 1495 1889 agentes
1515 1858 1531 1879 a
1553 1847 1740 1890 parochiali,
1757 1838 1940 1892 iiiiiiitospiiii'o'

999 1900 1081 1934 infra
1102 1900 1193 1934 cuius
1212 1900 1329 1933 limites
1349 1900 1470 1933 dictum
1492 1899 1648 1944 hospitale
1669 1911 1743 1933 con-
1757 1898 1882 1955 {nml.¹z¹iiii1¹.’⁰⁵
1904 1903 1939 1919 ⁰¹⁶·

999 1953 1140 1994 sistebat,
1164 1958 1195 1986 et
1215 1953 1351 1986 aliarum
1377 1952 1561 1996 quarumvis
1595 1953 1744 1986 ecclesia-

999 2018 1071 2040 rum
1092 2007 1286 2050 illarumque
1307 2011 1467 2039 rectorum
1489 2011 1519 2038 et
1539 2005 1571 2038 in
1586 2005 1631 2038 eis
1649 2006 1744 2040 bene-

999 2060 1181 2093 ficiatorum
1207 2059 1426 2092 iurisdictione
1447 2065 1474 2091 et
1508 2058 1742 2103 superiorhate,

999 2113 1122 2146 ratione
1131 2112 1347 2157 perceptionis
1357 2113 1644 2156 eleemosynarum,
1658 2113 1743 2146 ohla-

999 2166 1134 2206 tionum,
1161 2167 1339 2208 legatorum
1354 2171 1381 2198 et
1413 2164 1598 2198 relictorum
1614 2166 1740 2210 piorum

998 2231 1034 2253 ae
1054 2219 1191 2252 aliorum
1212 2219 1330 2251 iurium
1358 2224 1388 2251 et
1415 2218 1642 2252 obventionum
1663 2231 1743 2263 quo-

998 2283 1224 2315 rumcumque,
1246 2282 1327 2315 quae
1348 2272 1451 2305 eidem
1473 2272 1621 2315 hospitali
1643 2274 1741 2306 eccle-

998 2327 1127 2369 siaeque
1150 2325 1261 2368 ipsius,
1284 2336 1321 2357 ex
1341 2336 1623 2369 quormncumque
1655 2326 1739 2359 chri-

997 2374 1183 2407 stifidelium
1216 2374 1398 2416 largitione,
1436 2380 1498 2407 tam
1528 2374 1560 2407 in
1589 2374 1738 2408 Omnium

998 2424 1188 2457 Sanctorum
1198 2429 1228 2456 et
1241 2423 1560 2456 Connnemorationis
1570 2424 1741 2458 Defuncto-

997 2483 1080 2511 rum,
1102 2482 1198 2516 quam
1219 2471 1289 2504 aliis
1308 2470 1565 2515 quibuscumque
1590 2472 1739 2506 festivita-

997 2521 1080 2554 tibus
1100 2527 1128 2553 ct
1148 2521 1274 2560 diebus,
1297 2521 1737 2565 proveni1·ent‚attcntoquod

997 2570 1117 2603 dictum
1138 2569 1294 2613 hospitale
1314 2574 1472 2603 rectorem
1494 2571 1659 2616 proprium
1682 2571 1738 2602 ha-
