2059 3228
30 207 58 238 G.
71 208 136 237 ⁴572

26 1085 60 1107 ὀι
74 1088 133 1107 tuu-

25 1121 86 1140 υῐΙΙΙ.

34 2547 96 2571 mium
100 2566 101 2569 ,

741 208 916 234 caecemus
936 207 988 230 xm
1009 206 1056 229 I‘P.

151 270 224 304 totis
237 270 402 304 tenoribus
420 269 579 314 specialis,
601 267 761 312 specifica,
784 266 895 300 indivi-

150 324 212 358 dua
228 330 258 358 et
277 334 436 368 expressa,
464 335 527 357 non
552 328 657 356 autem
679 333 737 367 per
765 323 893 356 clausu-

150 377 194 411 las
214 377 378 421 generales
408 377 492 410 idem
524 377 744 420 iiuportantes,
774 375 893 408 mentio

150 429 309 470 habenda,
332 435 385 462 aut
407 429 513 473 aliqua
534 429 595 462 alia
614 429 653 462 ad
667 429 728 461 hoc
738 428 893 471 exquisita

150 483 250 517 forma
284 484 438 517 servanda
459 484 552 523 soret,
575 483 636 515 illis
669 481 746 515 alias
779 482 810 514 in
836 491 893 514 suo

166 536 265 570 ohore
289 536 522 581 permansuris,
544 536 604 569 hac
623 536 691 569 vice
717 536 890 575 dumtaxat,

147 590 330 635 specialiter
353 596 383 624 et
404 601 551 634 expresse
585 589 788 632 derogamus,
816 599 892 622 con-

147 643 251 677 trariis
267 644 539 689 quibuscumque.
572 643 634 676 Aut
661 643 685 676 si
712 642 890 685 aliquibus,

146 697 362 731 communiter
372 698 421 731 vel
441 697 577 736 divisim,
590 696 629 729 ab
641 696 751 729 eadem
760 695 798 728 sit
813 695 892 728 Sede

147 750 308 784 indultum
329 751 417 795 quod
444 750 603 791 interdici,
615 749 765 793 suspendi
782 749 829 782 vel
842 759 894 782 ex-

145 805 380 850 communicari
400 815 464 838 non
476 803 794 848 possintperlitteras
815 814 891 847 apo-

145 857 274 892 stolicas
294 846 530 891 non'i‘aeientes
547 857 675 901 plenam
707 862 738 890 et
767 867 893 900 expres-

145 921 210 944 sam
219 922 256 945 ac
265 911 304 945 de
310 910 406 945 verbo
415 911 455 944 ad
463 910 594 945 verbum
603 910 642 944 de
651 910 774 944 indulto
783 910 894 943 liuius-

147 964 233 998 modi
253 964 462 998 mentionem.

190 1017 270 1061 §14
290 1017 452 1059 Ceterum,
474 1018 549 1061 quia
565 1017 694 1051 difficile
713 1017 893 1060 soretprae-

146 1076 251 1105 sentes
269 1071 394 1106 litteras
416 1072 456 1105 ad
482 1072 607 1115 singula
626 1082 773 1116 quaeque
799 1072 889 1113 loca,

146 1124 202 1158 ubi
226 1135 309 1170 opus
332 1125 439 1167 fuerit,
460 1125 596 1166 deferre,
614 1126 762 1159 volumus
774 1130 892 1169 etapo-

146 1178 258 1212 stolica
277 1179 468 1213 auctoritate
496 1179 659 1223 praedicta
688 1178 893 1212 decernimus

146 1232 234 1276 quod
253 1232 473 1276 praesentium
494 1232 716 1276 transumptis,
727 1243 823 1265 manu
835 1243 893 1275 pu-

145 1285 221 1319 blici
240 1285 378 1320 alicuius
398 1286 515 1319 notarii
528 1285 729 1330 subscriptis,
745 1291 776 1319 et
788 1286 892 1328 sigillo

146 1338 282 1373 alicuius
296 1349 453 1384 personae
464 1339 496 1373 in
506 1339 661 1383 dignitate
677 1339 892 1373 ecclesiastiea

148 1392 339 1427 constitutae
359 1397 417 1427 etc.

189 1446 205 1490 5
228 1445 282 1480 15.
307 1446 394 1480 Nulli
414 1457 490 1490 ergo
511 1446 643 1480 omnino
663 1446 831 1479 hominum
853 1446 891 1479 li-

147 1504 216 1533 ceat
237 1499 323 1533 hanc
346 1499 496 1544 paginam
516 1505 573 1534 etc.

188 1551 302 1586 Datum
322 1553 441 1587 Romae
461 1553 547 1597 apud
571 1553 602 1587 S.
634 1553 777 1593 Petrum,
808 1563 892 1586 anno

146 1602 377 1641 Incarnationis
400 1607 580 1641 dominicae
609 1607 780 1640 millesimo
799 1607 893 1650 quin-

145 1660 333 1703 gentesimo?
345 1660 580 1704 septuagesimo
600 1661 754 1701 secundo,
782 1661 892 1694 kalen-

147 1712 195 1747 dis
207 1713 327 1756 martii,
349 1714 555 1759 pontificatus
574 1715 675 1748 nostri
700 1725 784 1747 anno
809 1724 829 1747 1.

207 1771 270 1803 Dat.
284 1772 332 1804 die
349 1773 364 1804 1
385 1773 484 1804 martii
501 1773 588 1811 1572,
602 1773 706 1814 pontis.
722 1782 799 1803 anno
817 1781 837 1803 1.

429 1911 569 1946 CLXXX.

150 1972 329 2008 Publicatio
358 1974 542 2008 litterarum
573 1984 628 2007 seu
653 1974 761 2016 potius
780 1972 897 2006 decreti

193 2027 250 2061 Pii
267 2027 378 2072 Papae
399 2027 746 2071 Vsupertranslatz'one
754 2027 897 2059 ecclesiae

193 2081 388 2114 cathedralis
417 2081 614 2114 Feretrcmae
646 2081 684 2114 ab
717 2080 833 2124 oppido
859 2079 894 2112 S.

194 2133 310 2167 Leonis
323 2135 367 2168 ad
384 2134 536 2178 oppidum
552 2138 775 2177 nuncupatum
784 2133 898 2166 Pinna

194 2187 367 2229 Billorum,
404 2192 433 2221 et
465 2188 639 2231 respectiva
667 2187 799 2226 unione,
839 2196 898 2219 au-

193 2246 344 2284 qumento
362 2251 401 2275 ac
427 2241 588 2274 dotatione
615 2240 782 2284 utriusque
811 2240 899 2283 capi-

195 2295 256 2328 tuti
273 2294 301 2328 1.

196 2366 340 2404 Gregorius
360 2366 512 2404 episcopus,
524 2373 621 2396 servus
636 2371 775 2395 servorum
793 2364 856 2399 Del.

288 2421 323 2450 acl
347 2421 507 2457 perpetuam
532 2420 575 2449 rei
597 2419 767 2449 memoriam.

197 2482 336 2527 AEquum
375 2489 565 2526 reputamus
605 2488 636 2515 et
667 2480 784 2514 rationi
827 2489 902 2513 con-

153 2543 271 2578 gruum
291 2541 326 2569 ut
345 2547 392 2576 ea,
416 2547 498 2579 quae
523 2536 562 2569 de
583 2534 718 2568 Romani
739 2532 902 2567 Pontiticis

191 2605 203 2632 1
225 2604 268 2633 Ex
282 2604 390 2638 aegest.
407 2603 436 2632 in
452 2604 556 2632 Secret.
572 2603 652 2630 Brev.

1571 195 1634 229 545

934 258 1037 303 gratia
1070 263 1305 301 processerunt,
1338 258 1420 298 licet,
1462 256 1530 290 eius
1566 267 1678 300 super-

935 312 1081 346 veniente
1102 311 1201 350 obitu,
1228 311 1349 343 litterae
1370 310 1565 353 apostolicae
1586 311 1681 344 desu-

934 376 991 410 per
1012 365 1174 398 consectae
1195 375 1257 397 uon
1280 364 1408 404 suerint,
1432 374 1525 397 suum
1542 364 1678 397 sortian-

934 423 986 450 tur
1007 417 1167 451 essectmu.

980 472 994 514 §
1019 471 1050 503 ¹1.
1087 470 1211 502 Dudum
1235 480 1291 513 per
1317 470 1416 503 &licis
1445 470 1679 525 recordationis
1703 502 1706 507 ,

1693 506 1742 524 Itum
1772 504 1874 524 twtturnm

1694 194 1744 222 An.
1763 193 1790 222 C.
1810 195 1875 223 1579

1718 470 1748 491 On
1762 473 1874 492 ιῐηπιίιιοη-

933 525 1025 557 Pium
1055 524 1172 568 Papam
1209 523 1251 562 V,
1295 524 1572 566 praa-decessorem
1618 534 1677 557 no·
1692 535 1875 560 pertentatum-m

1693 567 1737 586 fieri
1766 567 1786 586 in
1810 564 1876 585 Fere-

934 583 1049 617 strum,
1072 582 1203 620 accepto
1220 577 1448 619 quodecclcsia
1464 577 1634 610 Feretrana
1644 577 1674 611 S.
1693 598 1842 618 mmmmm„
1854 596 1873 616 ς,

934 631 1048 664 Leonis
1068 635 1265 673 nuncupata,
1280 630 1309 662 in
1323 629 1440 673 oppido
1453 630 1585 663 civitatis
1600 641 1679 663 nun-

934 689 1068 726 cupatae
1098 683 1240 716 ciusdem
1265 682 1296 715 S.
1329 683 1457 723 Leonis,
1491 683 1680 717 Feretranae

935 736 1102 776 dioecesis,
1133 735 1240 769 dilecti
1269 736 1325 768 filii
1360 735 1477 767 nobilis
1500 736 1557 768 viri
1583 736 1677 769 Guidi

934 790 1048 823 Ubaltli
1077 789 1167 822 ducis
1196 789 1306 822 Urbini
1341 789 1507 831 temporali
1537 789 1678 822 dominio

935 843 1076 876 subiecta
1097 848 1175 883 erat,
1196 848 1226 875 et
1260 842 1292 874 in
1324 841 1377 874 illa
1410 842 1573 874 dumtaxat
1596 853 1680 875 unus

934 897 1146 941 praepositus,
1167 897 1221 940 qui
1243 895 1497 940 praeposituram
1512 896 1614 929 dictae
1630 907 1679 929 cc-

934 951 1062 992 clesiae,
1089 950 1278 993 dignitatem
1300 949 1379 982 inibi
1406 955 1477 992 post
1507 948 1676 993 pontifica-

934 1005 996 1038 lcm
1021 1004 1188 1044 maiorem,
1215 1003 1390 1043 obtinebat,
1413 1008 1443 1035 et
1467 1012 1518 1035 sex
1535 1001 1680 1035 canonici

933 1058 1120 1098 existebant,
1138 1062 1168 1090 ct
1187 1067 1269 1100 quae
1290 1056 1381 1096 adeo,
1408 1055 1591 1089 turbinibus
1614 1055 1681 1088 bel-

933 1112 1039 1145 lorum
1061 1110 1312 1150 imminentibus,
1329 1115 1475 1153 suspecta
1488 1109 1678 1149 habebatur,

934 1165 1021 1209 quod
1042 1165 1147 1198 dictus
1167 1163 1287 1198 Guidus
1304 1163 1444 1196 Ubaldus
1464 1163 1539 1203 duX,
1562 1173 1621 1207 pro
1630 1162 1680 1195 sui

933 1219 1040 1252 Status
1059 1218 1194 1251 tuitione
1215 1223 1246 1251 et
1265 1216 1518 1255 conservatione,
1538 1215 1570 1248 in
1596 1215 1681 1248 dicto

933 1272 1065 1316 oppido,
1094 1283 1169 1306 cum
1202 1281 1303 1304 unum
1329 1281 1367 1303 ex
1400 1268 1682 1313 principalioribus

933 1326 1060 1370 oppidis
1078 1324 1192 1358 ditioni
1201 1335 1276 1358 suae
1296 1322 1448 1357 subiectis
1466 1327 1681 1366 reputaretur,

933 1379 1122 1413 continuum
1155 1378 1294 1411 militare
1320 1376 1528 1422 praesidium,
1554 1386 1591 1409 ac
1626 1374 1679 1408 diu

933 1438 1093 1477 noctuque
1112 1432 1292 1466 custodiam
1313 1431 1438 1465 assidue
1455 1430 1574 1463 hahere
1586 1439 1681 1472 coge-

932 1488 1038 1527 batur3
1057 1486 1219 1530 quodque,
1233 1485 1274 1518 ob
1286 1485 1423 1518 militum
1442 1483 1474 1516 in
1492 1483 1604 1516 eodem
1627 1493 1683 1526 op-

933 1540 1008 1585 pido
1026 1540 1179 1573 continuo
1197 1544 1317 1572 arctam
1343 1537 1520 1571 custodiam
1545 1536 1608 1569 sive
1629 1546 1682 1569 ex-

934 1595 1044 1628 cubias
1067 1594 1253 1628 facientium
1272 1592 1509 1632 morositatem,
1531 1591 1680 1624 illorum-

934 1659 996 1692 que
1014 1648 1175 1681 divcrsum
1191 1658 1208 1680 a
1220 1647 1307 1680 Statu
1319 1645 1542 1680 Ecclesiastico
1556 1642 1679 1676 vivendi

935 1702 1067 1735 modum
1078 1707 1108 1734 et
1119 1701 1353 1734 habitationum
1362 1698 1615 1732 necessariarum
1626 1696 1679 1728 de-

935 1756 1067 1796 sectum,
1089 1760 1151 1788 tam
1168 1753 1342 1787 venerabili
1355 1752 1442 1785 fratri
1465 1756 1585 1791 nostro,
1606 1755 1682 1782 tunc

936 1819 1005 1851 suo,
1026 1808 1196 1842 Francisco
1215 1807 1309 1840 etiam
1331 1812 1407 1839 tunc
1425 1805 1576 1849 episcopo
1587 1804 1680 1836 Fere-

935 1868 1040 1903 trano,
1065 1872 1162 1906 quam
1192 1860 1314 1894 dilectis
1346 1859 1419 1892 filiis
1444 1857 1626 1902 praeposito
1653 1862 1684 1889 et

937 1916 1100 1950 canonicis
1117 1915 1216 1959 ipsius
1233 1913 1385 1948 ecclesiae
1406 1912 1444 1945 ad
1471 1911 1570 1951 illam,
1600 1919 1681 1952 quo-

937 1970 995 2004 ties
1020 1974 1240 2014 opportunum
1263 1968 1311 2001 vel
1328 1966 1405 1999 alias
1422 1965 1467 1998 eis
1483 1965 1564 1997 bene
1580 1963 1680 1996 risum

938 2023 1101 2063 existebat,
1124 2022 1205 2055 liber
1224 2031 1289 2054 non
1306 2023 1427 2064 pateret
1444 2027 1601 2056 accessus,
1621 2026 1684 2059 quo

938 2076 1034 2110 fiebat
1054 2081 1088 2109 ut
1108 2082 1172 2108 tam
1192 2073 1380 2108 Franciscus
1401 2071 1570 2116 episcopus
1589 2079 1685 2113 quam

938 2129 1140 2174 praepositus
1157 2134 1187 2162 et
1205 2126 1349 2161 canonici
1368 2123 1523 2169 praedicti
1548 2122 1579 2155 in
1601 2122 1686 2155 dicta

940 2183 1076 2218 ecclesia
1099 2181 1305 2215 residentiam
1333 2178 1473 2212 debitam
1502 2187 1566 2209 non
1593 2175 1688 2208 sacie-

940 2238 1030 2277 bant,
1050 2236 1221 2279 minusque
1234 2235 1265 2266 in
1283 2244 1319 2267 ea
1336 2233 1440 2265 divina
1457 2230 1573 2271 officia,
1593 2239 1687 2273 prae-

941 2296 1087 2334 terquam
1114 2289 1146 2322 in
1163 2287 1327 2321 festivitate
1345 2285 1486 2319 eiusdem
1504 2283 1536 2317 S.
1561 2282 1685 2322 Leonis,

942 2344 1196 2383 celebrabantur,
1213 2342 1246 2374 in
1270 2339 1368 2374 divini
1390 2339 1493 2372 cultus
1505 2335 1690 2370 diminutio-

941 2404 1029 2427 nem.

985 2442 1000 2485 g
1024 2441 1055 2474 ΕΖ.
1083 2440 1227 2482 Cumque
1253 2438 1286 2471 in
1314 2437 1400 2470 dicta
1428 2434 1567 2469 dioecesi
1593 2433 1687 2478 oppi-

943 2491 1019 2523 dum
1038 2490 1138 2522 Pinna
1160 2488 1315 2521 Billorum
1339 2490 1577 2529 nuncupatum,
1591 2482 1688 2516 situa-

942 2539 1028 2572 tione
1046 2544 1072 2571 et
1095 2536 1157 2570 loci
1175 2534 1401 2569 commoditate
1421 2531 1689 2578 pulcherrimum,

943 2600 979 2622 ac
990 2587 1102 2632 populi
1116 2585 1321 2619 multitudine
1332 2584 1496 2624 refertum,
1518 2581 1689 2624 minusque

1695 628 1771 648 Leonis
1788 633 1827 648 non
1843 634 1869 654 pu

1695 662 1770 680 [eraut.

1757 2444 1886 2464 Commium:

1704 2480 1754 2496 vero
1770 2475 1844 2495 fieb-ini
1867 2481 1885 2492 ιιι

1705 2508 1796 2528 ccclesia
1808 2506 1821 2525 S
1842 2505 1888 2525 Bar-

1706 2538 1826 2559 tholomaei.
